{"host":"1c52r9kaxdyo25eq","time":1610451782,"event":{"mods":["AchievementEnabler","BaseMod","Minty Spire (QoL Compilation)","Rare Cards Sparkle","SuperFastMode","everything is the same but u backflip on backflip"],"gold_per_floor":[113,126,126,137,137,137,62,91,114,132,152,179,189,201,201,306,306,322,322,342,242,261,274,274,274,327,327,202,202,217,217,217,314,314,331,331,344,194,211,240,240,65,90,90,90,90],"floor_reached":45,"playtime":976,"items_purged":["Strike_P","SandsOfTime","Strike_P","Ragnarok","Strike_P"],"score":495,"play_id":"86d16514-6e2a-4f05-8737-1c2ed315b301","local_time":"20210112204302","is_ascension_mode":false,"campfire_choices":[{"data":"Tantrum","floor":6.0,"key":"SMITH"},{"data":"CrushJoints","floor":15.0,"key":"SMITH"},{"data":"Adaptation","floor":24.0,"key":"SMITH"},{"data":"MentalFortress","floor":29.0,"key":"SMITH"},{"data":"Adaptation","floor":32.0,"key":"SMITH"},{"floor":41.0,"key":"REST"}],"circlet_count":0,"master_deck":["Strike_P","Defend_P","Defend_P","Defend_P","Eruption+1","Vigilance","FollowUp","ClearTheMind","Tantrum+1","MentalFortress+1","Vault+1","WheelKick","EmptyMind","CrushJoints+1","Adaptation+1","Adaptation+1"],"relics":["PureWater"],"acts_visited":["Exordium","TheCity","TheBeyond"],"potions_floor_usage":[45],"damage_taken":[{"damage":0.0,"enemies":"Small Slimes","floor":1.0,"turns":2.0},{"damage":0.0,"enemies":"Cultist","floor":2.0,"turns":1.0},{"damage":14.0,"enemies":"2 Louse","floor":4.0,"turns":2.0},{"damage":10.0,"enemies":"Lagavulin","floor":8.0,"turns":4.0},{"damage":17.0,"enemies":"Exordium Wildlife","floor":10.0,"turns":3.0},{"damage":4.0,"enemies":"2 Fungi Beasts","floor":11.0,"turns":3.0},{"damage":0.0,"enemies":"The Mushroom Lair","floor":12.0,"turns":3.0},{"damage":0.0,"enemies":"3 Louse","floor":13.0,"turns":2.0},{"damage":3.0,"enemies":"Gremlin Gang","floor":14.0,"turns":4.0},{"damage":0.0,"enemies":"Slime Boss","floor":16.0,"turns":3.0},{"damage":0.0,"enemies":"Spheric Guardian","floor":18.0,"turns":1.0},{"damage":5.0,"enemies":"Chosen","floor":20.0,"turns":3.0},{"damage":11.0,"enemies":"Centurion and Healer","floor":22.0,"turns":6.0},{"damage":15.0,"enemies":"Cultist and Chosen","floor":23.0,"turns":4.0},{"damage":6.0,"enemies":"3 Cultists","floor":30.0,"turns":4.0},{"damage":36.0,"enemies":"Collector","floor":33.0,"turns":8.0},{"damage":31.0,"enemies":"3 Darklings","floor":35.0,"turns":8.0},{"damage":0.0,"enemies":"Orb Walker","floor":37.0,"turns":2.0},{"damage":15.0,"enemies":"3 Darklings","floor":39.0,"turns":5.0},{"damage":23.0,"enemies":"Nemesis","floor":40.0,"turns":8.0},{"damage":26,"enemies":"4 Shapes","floor":45,"turns":3}],"seed_played":"-1514873937031006439","potions_obtained":[{"floor":4.0,"key":"SteroidPotion"},{"floor":10.0,"key":"Ancient Potion"},{"floor":12.0,"key":"Explosive Potion"},{"floor":13.0,"key":"Energy Potion"},{"floor":14.0,"key":"Strength Potion"},{"floor":35.0,"key":"Dexterity Potion"},{"floor":37.0,"key":"Explosive Potion"}],"is_trial":false,"path_per_floor":["M","M","?","M","?","R","$","E","T","M","M","?","M","M","R","B",null,"M","?","M","$","M","M","R","?","T","?","$","R","M","?","R","B",null,"M","?","M","$","M","E","R","$","T","$","M"],"character_chosen":"WATCHER","items_purchased":[],"campfire_rested":1,"item_purchase_floors":[],"current_hp_per_floor":[72,72,72,58,58,58,58,48,48,31,27,27,27,24,24,24,72,72,72,67,67,56,41,41,28,28,53,53,53,47,47,47,11,77,46,46,46,46,31,8,31,31,31,31,5,5],"gold":90,"neow_bonus":"UPGRADE_CARD","is_daily":false,"chose_seed":false,"campfire_upgraded":5,"win_rate":0.0,"timestamp":1610451782,"path_taken":["M","M","?","?","?","R","?","E","T","M","M","?","M","M","R","BOSS","M","?","?","$","M","M","R","?","T","?","?","R","M","?","R","BOSS","M","?","M","$","M","E","R","$","T","?","M"],"items_purchased_type":[],"build_version":"2020-12-22","purchased_purges":5,"victory":false,"max_hp_per_floor":[72,72,72,72,72,72,72,72,72,72,72,72,72,72,72,72,72,72,72,72,72,72,72,72,77,77,77,77,77,77,77,77,77,77,77,77,77,77,77,77,77,77,77,77,77,77],"card_choices":[{"not_picked":["ReachHeaven","SignatureMove"],"picked":"FollowUp","floor":1.0},{"not_picked":["Crescendo","CutThroughFate","ClearTheMind"],"picked":"SKIP","floor":2.0},{"not_picked":["Crescendo","CutThroughFate"],"picked":"ClearTheMind","floor":2.0},{"not_picked":["Prostrate","Collect"],"picked":"Tantrum","floor":4.0},{"not_picked":["Conclude","FlyingSleeves"],"picked":"MentalFortress","floor":8.0},{"not_picked":["EmptyBody","Fasting2"],"picked":"Vault","floor":10.0},{"not_picked":["Meditate","Crescendo"],"picked":"WheelKick","floor":11.0},{"not_picked":["PathToVictory","EmptyFist"],"picked":"EmptyMind","floor":12.0},{"not_picked":["Conclude","ClearTheMind"],"picked":"SandsOfTime","floor":13.0},{"not_picked":["Evaluate","ThirdEye"],"picked":"CrushJoints","floor":14.0},{"not_picked":["Wish","SpiritShield"],"picked":"Ragnarok","floor":16.0},{"not_picked":["FlurryOfBlows","JustLucky"],"picked":"Adaptation","floor":18.0},{"not_picked":["BowlingBash","Prostrate","Fasting2"],"picked":"SKIP","floor":20.0},{"not_picked":["Halt","EmptyBody","DeceiveReality"],"picked":"SKIP","floor":22.0},{"not_picked":["CrushJoints","ThirdEye+1","WheelKick+1"],"picked":"SKIP","floor":23.0},{"not_picked":["SignatureMove","ThirdEye+1","Nirvana"],"picked":"SKIP","floor":30.0},{"not_picked":["Conclude","ThirdEye","CutThroughFate+1"],"picked":"SKIP","floor":35.0},{"not_picked":["FlurryOfBlows+1","CutThroughFate+1","FollowUp+1"],"picked":"SKIP","floor":37.0},{"not_picked":["Swivel+1","MentalFortress","Crescendo"],"picked":"SKIP","floor":39.0},{"not_picked":["ClearTheMind+1","WaveOfTheHand","JustLucky"],"picked":"SKIP","floor":40.0}],"player_experience":581008,"relics_obtained":[],"event_choices":[{"cards_removed":["Defend_P"],"damage_healed":0.0,"max_hp_gain":0.0,"max_hp_loss":0.0,"gold_gain":0.0,"event_name":"Wheel of Change","player_choice":"Card Removal","floor":3.0,"gold_loss":0.0,"damage_taken":0.0},{"damage_healed":0.0,"max_hp_gain":0.0,"max_hp_loss":0.0,"gold_gain":0.0,"event_name":"Scrap Ooze","player_choice":"Fled","floor":5.0,"gold_loss":0.0,"damage_taken":0.0},{"damage_healed":0.0,"max_hp_gain":0.0,"max_hp_loss":0.0,"gold_gain":0.0,"event_name":"Mushrooms","player_choice":"Fought Mushrooms","floor":12.0,"gold_loss":0.0,"damage_taken":0.0},{"damage_healed":0.0,"max_hp_gain":0.0,"max_hp_loss":0.0,"gold_gain":0.0,"event_name":"Duplicator","player_choice":"Copied","floor":19.0,"gold_loss":0.0,"damage_taken":0.0,"cards_obtained":["Adaptation"]},{"damage_healed":0.0,"max_hp_gain":5.0,"max_hp_loss":0.0,"gold_gain":0.0,"event_name":"Forgotten Altar","player_choice":"Shed Blood","floor":25.0,"gold_loss":0.0,"damage_taken":18.0},{"damage_healed":25.0,"max_hp_gain":0.0,"max_hp_loss":0.0,"gold_gain":0.0,"event_name":"The Library","player_choice":"Heal","floor":27.0,"gold_loss":0.0,"damage_taken":0.0},{"damage_healed":0.0,"max_hp_gain":0.0,"max_hp_loss":0.0,"gold_gain":0.0,"event_name":"Vampires","player_choice":"Ignored","floor":31.0,"gold_loss":0.0,"damage_taken":0.0},{"damage_healed":0.0,"max_hp_gain":0.0,"max_hp_loss":0.0,"gold_gain":0.0,"event_name":"Upgrade Shrine","player_choice":"Upgraded","floor":36.0,"gold_loss":0.0,"damage_taken":0.0,"cards_upgraded":["Vault"]}],"is_beta":false,"boss_relics":[{"not_picked":["SlaversCollar","Cursed Key","Philosopher\u0027s Stone"]},{"not_picked":["SlaversCollar","Cursed Key","Philosopher\u0027s Stone"]}],"items_purged_floors":[7,21,28,38,42],"is_endless":false,"potions_floor_spawned":[4,10,12,13,14,18,20,23,35,37],"killed_by":"4 Shapes","ascension_level":0}}