{"host":"kh6fvhxn285ncg0o","time":1610419036,"event":{"mods":["Act Like it!","BaseMod","Colored Map","Friendly Minions","Keyboard Shortcuts","Minty Spire (QoL Compilation)","Quick Restart","Relic Stats","StSLib","SuperFastMode"],"gold_per_floor":[110,110,35,85,102,102,129,147,147,147,147,147,188,211,211,304,304,319,319,244,282,39,39,75,125,152,152,186,2,43,58,58,147,147,171,171,393,407,324,324,367,386,386,419,442,442,442,466,466,466,466,466,466,27,67,67],"floor_reached":57,"playtime":2385,"items_purged":["Strike_R","Strike_R","Dropkick"],"score":3219,"play_id":"4b85897b-c931-42f1-b117-af585c8ea761","local_time":"20210112113716","is_ascension_mode":true,"campfire_choices":[{"data":"Carnage","floor":6.0,"key":"SMITH"},{"data":"Armaments","floor":12.0,"key":"SMITH"},{"data":"Disarm","floor":15,"key":"SMITH"},{"data":"Evolve","floor":23,"key":"SMITH"},{"data":"Feel No Pain","floor":27,"key":"SMITH"},{"data":"Rage","floor":32,"key":"SMITH"},{"data":"Power Through","floor":40,"key":"SMITH"},{"floor":46,"key":"RECALL"},{"data":"Entrench","floor":49,"key":"SMITH"},{"data":"Barricade","floor":53,"key":"SMITH"}],"circlet_count":0,"master_deck":["AscendersBane","Defend_R","Defend_R","Defend_R","Defend_R","Bash","Carnage+1","Power Through+1","Armaments+1","Barricade+1","Disarm+1","Rage+1","Feel No Pain+1","Ghostly","Ghostly","Ghostly","Evolve+1","Infernal Blade","Dropkick","Fiend Fire","Battle Trance+1","Reckless Charge","Warcry+1","Entrench+1","Shrug It Off+1","Body Slam+1","Burning Pact","True Grit+1"],"relics":["SacredBark","Mercury Hourglass","Question Card","Golden Idol","Lantern","SlaversCollar","Red Mask","Nunchaku","Potion Belt","Boot","Charon\u0027s Ashes","Mark of Pain","Anchor","Toy Ornithopter","Bag of Marbles","Frozen Eye","Bronze Scales"],"acts_visited":["Exordium","TheCity","TheBeyond","TheEnding"],"potions_floor_usage":[16,18,22,24,28,33,38,41,44,45,45,45,50,56,56,56,56],"damage_taken":[{"damage":0.0,"enemies":"2 Louse","floor":1.0,"turns":3.0},{"damage":1.0,"enemies":"Small Slimes","floor":5.0,"turns":3.0},{"damage":20.0,"enemies":"Lagavulin","floor":7.0,"turns":6.0},{"damage":0.0,"enemies":"Cultist","floor":8.0,"turns":2.0},{"damage":20.0,"enemies":"3 Sentries","floor":13.0,"turns":9.0},{"damage":1,"enemies":"Looter","floor":14,"turns":2},{"damage":0,"enemies":"The Guardian","floor":16,"turns":9},{"damage":16,"enemies":"Chosen","floor":18,"turns":9},{"damage":13,"enemies":"Masked Bandits","floor":21,"turns":6},{"damage":10,"enemies":"Slavers","floor":24,"turns":7},{"damage":2,"enemies":"Gremlin Leader","floor":28,"turns":8},{"damage":22,"enemies":"Slavers","floor":30,"turns":9},{"damage":4,"enemies":"Shell Parasite","floor":31,"turns":5},{"damage":0,"enemies":"Collector","floor":33,"turns":9},{"damage":46,"enemies":"3 Darklings","floor":35,"turns":10},{"damage":0,"enemies":"3 Shapes","floor":38,"turns":4},{"damage":34,"enemies":"Nemesis","floor":41,"turns":9},{"damage":0,"enemies":"Transient","floor":42,"turns":6},{"damage":11,"enemies":"Reptomancer","floor":44,"turns":7},{"damage":1,"enemies":"Spire Growth","floor":45,"turns":8},{"damage":0,"enemies":"4 Shapes","floor":48,"turns":4},{"damage":8,"enemies":"Time Eater","floor":50,"turns":10},{"damage":0,"enemies":"Donu and Deca","floor":51,"turns":9},{"damage":3,"enemies":"Shield and Spear","floor":55,"turns":7},{"damage":43,"enemies":"The Heart","floor":56,"turns":8}],"seed_played":"-8217897807302931529","potions_obtained":[{"floor":7.0,"key":"SkillPotion"},{"floor":13,"key":"AttackPotion"},{"floor":16,"key":"PowerPotion"},{"floor":21,"key":"Swift Potion"},{"floor":24,"key":"Ancient Potion"},{"floor":28,"key":"ElixirPotion"},{"floor":35,"key":"EssenceOfSteel"},{"floor":41,"key":"EntropicBrew"},{"floor":42,"key":"ColorlessPotion"},{"floor":48,"key":"BloodPotion"}],"is_trial":false,"path_per_floor":["M","?","$","?","M","R","E","M","T","?","?","R","E","M","R","B",null,"M","?","?","?","$","R","E","?","T","R","E","$","E","M","R","B",null,"M","?","?","M","$","R","E","M","T","E","M","R","T","M","R","B","B",null,"R","$","E","B",null],"character_chosen":"IRONCLAD","items_purchased":["Evolve","Fruit Juice","AttackPotion","Dropkick","Regen Potion","Burning Pact","Frozen Eye","Strength Potion"],"campfire_rested":0,"item_purchase_floors":[22,22,22,29,39,54,54,54],"current_hp_per_floor":[68,61,61,54,53,53,33,33,33,33,33,33,13,12,12,12,54,38,34,34,24,34,34,28,28,28,28,26,26,7,6,6,10,48,5,5,5,5,5,5,23,23,23,12,26,26,26,26,26,23,23,54,54,54,51,53],"gold":67,"neow_bonus":"BOSS_RELIC","is_daily":false,"chose_seed":false,"campfire_upgraded":9,"win_rate":0.0,"timestamp":1610419036,"path_taken":["M","?","$","?","M","R","E","?","T","?","?","R","E","M","R","BOSS","M","?","?","?","$","R","E","?","T","R","E","$","E","M","R","BOSS","M","?","?","M","$","R","E","M","T","E","M","R","?","M","R","BOSS","BOSS","R","$","E","BOSS"],"items_purchased_type":["Card","Potion","Potion","Card","Potion","Card","Relic","Potion"],"build_version":"2020-12-22","purchased_purges":3,"victory":true,"max_hp_per_floor":[75,75,75,75,75,75,75,75,75,75,68,68,68,68,68,68,68,68,34,34,37,47,47,51,51,51,51,51,51,54,57,57,61,61,64,64,64,64,64,64,64,64,64,64,64,64,64,64,64,64,64,64,64,64,64,64],"relic_stats":{"Nunchaku":[15],"counters":[25,168],"Golden Idol":197,"Bronze Scales":[96],"Charon\u0027s Ashes":[660],"Question Card":19,"Boot":[22],"obtain_stats":[{"Potion Belt":26,"Lantern":13,"Golden Idol":11,"SacredBark":0,"Charon\u0027s Ashes":30,"Question Card":9,"Boot":28,"Burning Blood":0,"Mercury Hourglass":7,"SlaversCollar":17,"Frozen Eye":54,"Nunchaku":24,"Anchor":41,"Bronze Scales":55,"Mark of Pain":34,"Red Mask":21,"Bag of Marbles":47,"Toy Ornithopter":44},{"Potion Belt":10,"Lantern":5,"Golden Idol":4,"SacredBark":0,"Charon\u0027s Ashes":12,"Question Card":4,"Boot":11,"Burning Blood":0,"Mercury Hourglass":3,"SlaversCollar":7,"Frozen Eye":23,"Nunchaku":10,"Anchor":17,"Bronze Scales":24,"Mark of Pain":14,"Red Mask":9,"Bag of Marbles":20,"Toy Ornithopter":19},{"Potion Belt":55,"Lantern":22,"Golden Idol":14,"SacredBark":0,"Charon\u0027s Ashes":72,"Question Card":14,"Boot":63,"Burning Blood":0,"Mercury Hourglass":12,"SlaversCollar":33,"Frozen Eye":153,"Nunchaku":55,"Anchor":109,"Bronze Scales":160,"Mark of Pain":86,"Red Mask":48,"Bag of Marbles":130,"Toy Ornithopter":122}],"Toy Ornithopter":40,"Mercury Hourglass":[686]},"card_choices":[{"not_picked":["Headbutt","Wild Strike"],"picked":"Carnage","floor":1.0},{"not_picked":["Thunderclap","Heavy Blade"],"picked":"Power Through","floor":5.0},{"not_picked":["Pommel Strike","Dropkick"],"picked":"Armaments","floor":7.0},{"not_picked":["Heavy Blade","Havoc"],"picked":"Barricade","floor":8.0},{"not_picked":["Sword Boomerang","Twin Strike","Heavy Blade"],"picked":"Disarm","floor":13},{"not_picked":["Bloodletting","Dropkick","True Grit"],"picked":"Rage","floor":14},{"not_picked":["Demon Form","Bludgeon","Impervious"],"picked":"Feed","floor":16},{"not_picked":["Wild Strike+1","Cleave","Warcry"],"picked":"Feel No Pain","floor":18},{"not_picked":["Wild Strike","Spot Weakness","Heavy Blade","Pommel Strike"],"picked":"SKIP","floor":24},{"not_picked":["Bloodletting","Armaments","Thunderclap"],"picked":"Infernal Blade","floor":28},{"not_picked":["Cleave","Sever Soul","Clothesline","Twin Strike"],"picked":"SKIP","floor":30},{"not_picked":["Whirlwind","Rampage+1","Iron Wave"],"picked":"Dropkick","floor":31},{"not_picked":["Impervious","Demon Form","Immolate"],"picked":"Fiend Fire","floor":33},{"not_picked":["Inflame","Fire Breathing","Wild Strike"],"picked":"Battle Trance+1","floor":35},{"not_picked":["Twin Strike","Flame Barrier+1","Pommel Strike","Heavy Blade"],"picked":"SKIP","floor":38},{"not_picked":["Blood for Blood","Combust","Sever Soul"],"picked":"Reckless Charge","floor":41},{"not_picked":["True Grit+1","Wild Strike+1","Sword Boomerang+1"],"picked":"Warcry+1","floor":42},{"not_picked":["Havoc","Thunderclap","Rage+1"],"picked":"Entrench","floor":44},{"not_picked":["Sword Boomerang","Headbutt","Fire Breathing"],"picked":"Shrug It Off+1","floor":45},{"not_picked":["Shrug It Off+1","Anger+1","Heavy Blade"],"picked":"Body Slam+1","floor":48},{"not_picked":["Infernal Blade+1","Corruption","Clash+1"],"picked":"True Grit+1","floor":55}],"player_experience":3426479,"relics_obtained":[{"floor":7.0,"key":"Mercury Hourglass"},{"floor":9.0,"key":"Question Card"},{"floor":13,"key":"Lantern"},{"floor":21,"key":"Red Mask"},{"floor":24,"key":"Nunchaku"},{"floor":26,"key":"Potion Belt"},{"floor":28,"key":"Boot"},{"floor":30,"key":"Charon\u0027s Ashes"},{"floor":41,"key":"Anchor"},{"floor":44,"key":"Toy Ornithopter"},{"floor":47,"key":"Bag of Marbles"},{"floor":55,"key":"Bronze Scales"}],"event_choices":[{"cards_removed":["Strike_R"],"damage_healed":0.0,"max_hp_gain":0.0,"max_hp_loss":0.0,"gold_gain":0.0,"event_name":"Golden Wing","player_choice":"Card Removal","floor":2.0,"gold_loss":0.0,"damage_taken":7.0},{"damage_healed":0.0,"max_hp_gain":0.0,"max_hp_loss":0.0,"gold_gain":50.0,"event_name":"FaceTrader","player_choice":"Touch","floor":4.0,"gold_loss":0.0,"damage_taken":7.0},{"cards_removed":["Strike_R"],"damage_healed":0.0,"max_hp_gain":0.0,"max_hp_loss":0.0,"gold_gain":0.0,"event_name":"Living Wall","player_choice":"Forget","floor":10.0,"gold_loss":0.0,"damage_taken":0.0},{"damage_healed":0.0,"max_hp_gain":0.0,"max_hp_loss":7.0,"gold_gain":0.0,"event_name":"Golden Idol","player_choice":"Lose Max HP","floor":11.0,"gold_loss":0.0,"damage_taken":0.0,"relics_obtained":["Golden Idol"]},{"damage_healed":0,"gold_gain":0,"player_choice":"Became a Ghost","damage_taken":0,"max_hp_gain":0,"max_hp_loss":34,"event_name":"Ghosts","floor":19,"gold_loss":0,"cards_obtained":["Ghostly","Ghostly","Ghostly"]},{"cards_removed":["Strike_R"],"damage_healed":0,"gold_gain":0,"player_choice":"Gave Gold","damage_taken":0,"max_hp_gain":0,"max_hp_loss":0,"event_name":"Beggar","floor":20,"gold_loss":75},{"damage_healed":0,"gold_gain":0,"player_choice":"Fought Bandits","damage_taken":0,"max_hp_gain":0,"max_hp_loss":0,"event_name":"Masked Bandits","floor":21,"gold_loss":0},{"damage_healed":0,"gold_gain":50,"player_choice":"Stole From Cult","damage_taken":0,"max_hp_gain":0,"max_hp_loss":0,"event_name":"Nest","floor":25,"gold_loss":0},{"cards_removed":["Feed"],"damage_healed":0,"gold_gain":0,"player_choice":"Removed Attack","damage_taken":0,"max_hp_gain":0,"max_hp_loss":0,"event_name":"Falling","floor":36,"gold_loss":0},{"damage_healed":0,"gold_gain":222,"player_choice":"Wore Mask","damage_taken":0,"max_hp_gain":0,"max_hp_loss":0,"event_name":"Tomb of Lord Red Mask","floor":37,"gold_loss":0}],"is_beta":false,"boss_relics":[{"not_picked":["Astrolabe","Tiny House"],"picked":"SlaversCollar"},{"not_picked":["Runic Cube","Cursed Key"],"picked":"Mark of Pain"}],"items_purged_floors":[3,29,54],"is_endless":false,"potions_floor_spawned":[7,13,16,21,24,28,35,41,42,48],"ascension_level":20}}