{"host":"khm4we1ijduz33xh","time":1610413436,"event":{"mods":["AchievementEnabler","BaseMod","Colored Map","Minty Spire (QoL Compilation)","Rare Cards Sparkle","StSLib","SuperFastMode"],"gold_per_floor":[111,111,124,74,149,149,181,181,181,181,25,52,52,81,81,180,180,191,207,234,234,253,253,287,287,287,307,232,259,259,259,259,363,363,379,391,404,404,421,451,51,68,117,117,127,127,152,165,165,165,165,165,60,87,87],"floor_reached":56,"playtime":3741,"items_purged":["Strike_R"],"score":1417,"play_id":"511a0b72-f9c3-41f9-8907-87d7d901470b","local_time":"20210112100356","is_ascension_mode":true,"campfire_choices":[{"data":"Power Through","floor":6,"key":"SMITH"},{"data":"Offering","floor":8,"key":"SMITH"},{"floor":10,"key":"RECALL"},{"data":"Infernal Blade","floor":13,"key":"SMITH"},{"data":"Seeing Red","floor":15,"key":"SMITH"},{"data":"Shrug It Off","floor":23,"key":"SMITH"},{"data":"Inflame","floor":25,"key":"SMITH"},{"data":"True Grit","floor":30,"key":"SMITH"},{"data":"Blood for Blood","floor":32,"key":"SMITH"},{"data":"Barricade","floor":44,"key":"SMITH"},{"floor":49,"key":"REST"},{"data":"Seeing Red","floor":52,"key":"SMITH"}],"circlet_count":0,"master_deck":["Defend_R+1","Defend_R+1","Defend_R","Bash","Power Through+1","Offering+1","Infernal Blade+1","Evolve","Inflame+1","Seeing Red+1","Reaper","Clothesline+1","Burning Pact","Shrug It Off+1","Feel No Pain+1","Blood for Blood+1","True Grit+1","Barricade+1","Entrench+1","Seeing Red+1","Havoc","Second Wind","Rage+1","Double Tap","Fire Breathing","Armaments","Intimidate","Burning Pact+1","Perfected Strike+1","Reckless Charge+1"],"relics":["Burning Blood","NeowsBlessing","War Paint","StoneCalendar","Dead Branch","Lizard Tail","Letter Opener","Empty Cage","Red Mask","Anchor","Ornamental Fan","StrikeDummy","CultistMask","Mark of Pain","Dream Catcher","Pocketwatch","Calipers","Bag of Preparation"],"acts_visited":["Exordium","TheCity","TheBeyond","TheEnding"],"potions_floor_usage":[12,27,33,33,33,40,40,45,54],"damage_taken":[{"damage":0,"enemies":"Cultist","floor":1,"turns":1},{"damage":0,"enemies":"Small Slimes","floor":3,"turns":1},{"damage":0,"enemies":"3 Sentries","floor":7,"turns":1},{"damage":8,"enemies":"Lagavulin","floor":12,"turns":5},{"damage":20,"enemies":"Gremlin Nob","floor":14,"turns":3},{"damage":18,"enemies":"The Guardian","floor":16,"turns":7},{"damage":12,"enemies":"3 Byrds","floor":18,"turns":4},{"damage":0,"enemies":"Chosen","floor":19,"turns":3},{"damage":6,"enemies":"Masked Bandits","floor":20,"turns":3},{"damage":21,"enemies":"Shelled Parasite and Fungi","floor":22,"turns":6},{"damage":13,"enemies":"Book of Stabbing","floor":24,"turns":6},{"damage":10,"enemies":"3 Cultists","floor":27,"turns":5},{"damage":52,"enemies":"Slavers","floor":29,"turns":5},{"damage":97,"enemies":"Champ","floor":33,"turns":14},{"damage":12,"enemies":"Orb Walker","floor":35,"turns":4},{"damage":21,"enemies":"3 Darklings","floor":36,"turns":4},{"damage":13,"enemies":"4 Shapes","floor":37,"turns":3},{"damage":12,"enemies":"Writhing Mass","floor":39,"turns":7},{"damage":6,"enemies":"Reptomancer","floor":40,"turns":5},{"damage":14,"enemies":"Maw","floor":42,"turns":3},{"damage":14,"enemies":"Sphere and 2 Shapes","floor":45,"turns":3},{"damage":24,"enemies":"Nemesis","floor":47,"turns":8},{"damage":18,"enemies":"Jaw Worm Horde","floor":48,"turns":4},{"damage":17,"enemies":"Donu and Deca","floor":50,"turns":4},{"damage":54,"enemies":"Shield and Spear","floor":54,"turns":6},{"damage":65,"enemies":"The Heart","floor":55,"turns":10}],"seed_played":"-7842498352587525168","potions_obtained":[{"floor":1,"key":"Weak Potion"},{"floor":3,"key":"AttackPotion"},{"floor":19,"key":"BloodPotion"},{"floor":24,"key":"PowerPotion"},{"floor":27,"key":"Dexterity Potion"},{"floor":36,"key":"ElixirPotion"},{"floor":37,"key":"DistilledChaos"},{"floor":39,"key":"DistilledChaos"},{"floor":47,"key":"BloodPotion"}],"is_trial":false,"path_per_floor":["M","T","M","?","?","R","E","R","T","R","$","E","R","E","R","B",null,"M","M","?","?","M","R","E","R","T","M","?","E","R","?","R","B",null,"M","M","M","?","M","E","$","M","T","R","M","?","E","M","R","B",null,"R","$","E","B",null],"character_chosen":"IRONCLAD","items_purchased":["Infernal Blade","Evolve","Fire Breathing","Pocketwatch","FairyPotion"],"campfire_rested":1,"item_purchase_floors":[11,11,41,41,53],"current_hp_per_floor":[80,80,80,80,69,69,75,75,75,75,75,73,73,59,59,47,80,80,80,80,80,71,71,64,64,64,80,80,44,44,44,44,13,80,80,65,80,80,74,74,74,73,73,73,69,69,51,39,63,60,80,80,80,48,27],"gold":87,"neow_bonus":"THREE_ENEMY_KILL","is_daily":false,"chose_seed":false,"campfire_upgraded":10,"win_rate":0.0,"timestamp":1610413436,"path_taken":["M","?","M","?","?","R","E","R","T","R","$","E","R","E","R","BOSS","M","M","?","?","?","R","E","R","T","M","?","E","R","?","R","BOSS","M","?","M","?","?","E","$","M","T","R","M","?","E","M","R","BOSS","R","$","E","BOSS"],"items_purchased_type":["Card","Card","Card","Relic","Potion"],"build_version":"2020-12-22","purchased_purges":1,"victory":true,"max_hp_per_floor":[80,80,80,80,80,80,80,80,80,80,80,80,80,80,80,80,80,80,80,80,80,80,80,80,80,80,80,80,80,80,80,80,80,80,80,80,80,80,80,80,80,80,80,80,80,80,80,80,80,80,80,80,80,80,80],"card_choices":[{"not_picked":["Flex","Headbutt"],"picked":"Power Through","floor":1},{"not_picked":["Warcry","Heavy Blade"],"picked":"Sword Boomerang","floor":3},{"not_picked":["Rage","Twin Strike"],"picked":"Offering","floor":7},{"not_picked":["Juggernaut","Sword Boomerang"],"picked":"Inflame","floor":12},{"not_picked":["Reckless Charge","Pommel Strike"],"picked":"Seeing Red","floor":14},{"not_picked":["Fiend Fire","Berserk"],"picked":"Reaper","floor":16},{"not_picked":["Uppercut","Whirlwind"],"picked":"Clothesline+1","floor":18},{"not_picked":["Iron Wave","Clothesline","Power Through"],"picked":"SKIP","floor":19},{"not_picked":["Pommel Strike","Anger"],"picked":"Burning Pact","floor":20},{"not_picked":["Heavy Blade","Pommel Strike+1"],"picked":"Shrug It Off","floor":22},{"not_picked":["Bludgeon","Juggernaut"],"picked":"Feel No Pain+1","floor":24},{"not_picked":["True Grit","Battle Trance"],"picked":"Blood for Blood","floor":27},{"not_picked":["Whirlwind+1","Dropkick"],"picked":"True Grit","floor":29},{"not_picked":["Feed","Reaper"],"picked":"Barricade","floor":33},{"not_picked":["Pommel Strike+1","Sever Soul"],"picked":"Entrench+1","floor":35},{"not_picked":["Sword Boomerang+1","Evolve+1"],"picked":"Seeing Red","floor":36},{"not_picked":["Inflame","Dropkick"],"picked":"Havoc","floor":37},{"not_picked":["Shrug It Off","Uppercut"],"picked":"Rage+1","floor":39},{"not_picked":["Clash","Sword Boomerang"],"picked":"Double Tap","floor":40},{"not_picked":["Rage+1","Twin Strike"],"picked":"Armaments","floor":42},{"not_picked":["Headbutt","Twin Strike+1","Sword Boomerang"],"picked":"SKIP","floor":45},{"not_picked":["Warcry+1","Reckless Charge+1"],"picked":"Intimidate","floor":47},{"not_picked":["Anger","Flex"],"picked":"Burning Pact+1","floor":48},{"not_picked":["Ghostly Armor+1","Iron Wave"],"picked":"Perfected Strike+1","floor":49},{"not_picked":["Clothesline","Combust+1"],"picked":"Reckless Charge+1","floor":54}],"player_experience":204484,"relics_obtained":[{"floor":2,"key":"War Paint"},{"floor":7,"key":"StoneCalendar"},{"floor":9,"key":"Dead Branch"},{"floor":12,"key":"Lizard Tail"},{"floor":14,"key":"Letter Opener"},{"floor":20,"key":"Red Mask"},{"floor":24,"key":"Anchor"},{"floor":26,"key":"Ornamental Fan"},{"floor":29,"key":"StrikeDummy"},{"floor":40,"key":"Dream Catcher"},{"floor":47,"key":"Calipers"},{"floor":54,"key":"Bag of Preparation"}],"event_choices":[{"cards_removed":["Defend_R"],"damage_healed":0,"gold_gain":0,"player_choice":"Card Removal","damage_taken":0,"max_hp_gain":0,"max_hp_loss":0,"event_name":"The Cleric","floor":4,"gold_loss":50},{"damage_healed":0,"gold_gain":75,"player_choice":"Gather Gold","damage_taken":11,"max_hp_gain":0,"max_hp_loss":0,"event_name":"World of Goop","floor":5,"gold_loss":0},{"damage_healed":0,"gold_gain":0,"player_choice":"Fought Bandits","damage_taken":0,"max_hp_gain":0,"max_hp_loss":0,"event_name":"Masked Bandits","floor":20,"gold_loss":0},{"cards_removed":["Strike_R"],"damage_healed":0,"gold_gain":0,"player_choice":"Purged","damage_taken":0,"max_hp_gain":0,"max_hp_loss":0,"event_name":"Purifier","floor":21,"gold_loss":0},{"cards_removed":["Strike_R"],"damage_healed":0,"gold_gain":0,"player_choice":"Gave Gold","damage_taken":0,"max_hp_gain":0,"max_hp_loss":0,"event_name":"Beggar","floor":28,"gold_loss":75},{"damage_healed":0,"gold_gain":0,"player_choice":"Trade","damage_taken":0,"relics_obtained":["CultistMask"],"max_hp_gain":0,"max_hp_loss":0,"event_name":"FaceTrader","floor":31,"gold_loss":0},{"damage_healed":0,"gold_gain":0,"player_choice":"1 cards matched","damage_taken":0,"max_hp_gain":0,"max_hp_loss":0,"event_name":"Match and Keep!","floor":38,"gold_loss":0,"cards_obtained":["Second Wind"]},{"cards_removed":["Sword Boomerang"],"damage_healed":0,"gold_gain":0,"player_choice":"Removed Attack","damage_taken":0,"max_hp_gain":0,"max_hp_loss":0,"event_name":"Falling","floor":46,"gold_loss":0}],"is_beta":false,"boss_relics":[{"not_picked":["Runic Cube","Coffee Dripper"],"picked":"Empty Cage"},{"not_picked":["Sozu","Black Blood"],"picked":"Mark of Pain"}],"items_purged_floors":[41],"is_endless":false,"potions_floor_spawned":[1,3,19,24,27,36,37,39,47],"ascension_level":2}}