{"host":"udsj4lb8h4i3mw66","time":1610448812,"event":{"mods":["100% Spire Juice","BaseMod","Marisa（F雨　魔理沙）","Minty Spire (QoL Compilation)","RumiaBox-露米娅的神秘盒子","StSLib","TestMod","Waifu the Spire","【功能Mod】混沌之环修复补丁"],"gold_per_floor":[115,95,95,95,113,113,4,41,41,56,81,81,107,127,127,230,110,123,123,123,140,55,55,88,106,130,144,144,24,24,54,54,54,54],"floor_reached":33,"playtime":1323,"items_purged":[],"score":299,"play_id":"65e68ebd-e0e7-4672-ba9f-d3e2d87d18dc","local_time":"20210112185332","is_ascension_mode":true,"campfire_choices":[{"data":"Moonworks:LulusLuckyEgg","floor":6.0,"key":"SMITH"},{"floor":12.0,"key":"REST"},{"floor":15.0,"key":"REST"},{"floor":23.0,"key":"RECALL"},{"data":"Moonworks:x16BigRocket+1","floor":30,"key":"SMITH"},{"data":"Moonworks:LulusLuckyEgg","floor":32,"key":"SMITH"}],"circlet_count":0,"master_deck":["Moonworks:Strike+1","Moonworks:Strike+1","Moonworks:Strike+1","Moonworks:Defend+1","Moonworks:Defend+1","Moonworks:Defend+1","Moonworks:Defend+1","Moonworks:Ambush","Moonworks:LongDistanceShot","Moonworks:LulusLuckyEgg+1","Moonworks:RedAndBlue","Moonworks:RagingMadness","Moonworks:BigMagnum","Moonworks:ExtendedPhotonRifle","Moonworks:EvilSpyWorkPreparation","Moonworks:Dash","Moonworks:Strike+1","Moonworks:NicePresent","Moonworks:ReflectiveShell+1","Moonworks:CloudOfSeagulls","Moonworks:ImOnFire","Moonworks:LulusLuckyEgg+1","Moonworks:x16BigRocket+2","Moonworks:SinkOrSwim+1","Moonworks:EvilSpyWorkPreparation+1","Moonworks:LulusLuckyEgg","Moonworks:DeployBits","Moonworks:Heat300Percent"],"relics":["Moonworks:BrokenBomb","Moonworks:Homemark","testmod-TestBox","Baka","Frozen Egg 2","TungstenRod","testmod-CyclicPeriapt","Anchor","AddBug","TungstenRod","Bag of Preparation","Centennial Puzzle","Bag of Marbles","Bag of Preparation","Red Mask"],"acts_visited":["Exordium","TheCity"],"potions_floor_usage":[33,33,33],"damage_taken":[{"damage":1.0,"enemies":"Cultist","floor":1.0,"turns":4.0},{"damage":3.0,"enemies":"2 Louse","floor":2.0,"turns":3.0},{"damage":1.0,"enemies":"Small Slimes","floor":5.0,"turns":3.0},{"damage":0.0,"enemies":"3 Louse","floor":7.0,"turns":1.0},{"damage":19.0,"enemies":"3 Sentries","floor":8.0,"turns":5.0},{"damage":5.0,"enemies":"Large Slime","floor":10.0,"turns":5.0},{"damage":8.0,"enemies":"Gremlin Nob","floor":11.0,"turns":3.0},{"damage":25.0,"enemies":"3 Sentries","floor":13.0,"turns":5.0},{"damage":12.0,"enemies":"2 Fungi Beasts","floor":14.0,"turns":3.0},{"damage":14.0,"enemies":"The Guardian","floor":16.0,"turns":7.0},{"damage":4.0,"enemies":"Shell Parasite","floor":18.0,"turns":2.0},{"damage":3.0,"enemies":"Spheric Guardian","floor":21.0,"turns":4.0},{"damage":14.0,"enemies":"Slavers","floor":24.0,"turns":2.0},{"damage":4,"enemies":"Shelled Parasite and Fungi","floor":25,"turns":5},{"damage":4,"enemies":"Sentry and Sphere","floor":27,"turns":4},{"damage":3,"enemies":"Masked Bandits","floor":31,"turns":2},{"damage":50,"enemies":"Automaton","floor":33,"turns":6}],"seed_played":"-3839828008847749898","potions_obtained":[{"floor":5.0,"key":"testmod-TestPotion"},{"floor":10.0,"key":"testmod-SpacePotion"},{"floor":13.0,"key":"FearPotion"},{"floor":18.0,"key":"LiquidMemories"},{"floor":21.0,"key":"BlessingOfTheForge"},{"floor":31,"key":"AttackPotion"}],"is_trial":false,"path_per_floor":["M","M","?","?","M","R","M","E","T","M","E","R","E","M","R","B",null,"M","?","?","M","?","R","E","M","T","M","?","$","R","?","R","B"],"character_chosen":"THE_STARBREAKER","items_purchased":[],"campfire_rested":2,"item_purchase_floors":[],"current_hp_per_floor":[65,62,62,62,61,61,61,42,42,40,24,46,21,14,36,22,75,71,71,71,68,68,68,59,55,55,51,51,51,51,48,48,0,0],"gold":54,"neow_bonus":"TEN_PERCENT_HP_BONUS","is_daily":false,"chose_seed":false,"campfire_upgraded":3,"win_rate":0.0,"timestamp":1610448812,"path_taken":["M","?","?","?","M","R","M","E","T","M","E","R","E","M","R","BOSS","M","?","?","M","?","R","E","M","T","M","?","$","R","?","R","BOSS"],"items_purchased_type":[],"build_version":"2020-12-22","purchased_purges":0,"victory":false,"max_hp_per_floor":[66,66,66,66,66,66,66,66,66,69,76,76,76,75,75,75,75,75,75,75,75,75,75,74,74,74,74,74,74,74,74,74,74,74],"card_choices":[{"not_picked":["Moonworks:CloudOfSeagulls","Moonworks:SealedMemories"],"picked":"Moonworks:LulusLuckyEgg","floor":1.0},{"not_picked":["Moonworks:TacticalRetreat","Moonworks:NicePresent"],"picked":"Moonworks:RedAndBlue","floor":2.0},{"not_picked":["Moonworks:StiffCrystal","Moonworks:RedAndBlue"],"picked":"Moonworks:RagingMadness","floor":5.0},{"not_picked":["Moonworks:DeployBits","Moonworks:AngelHand"],"picked":"Moonworks:BigMagnum","floor":7.0},{"not_picked":["Moonworks:ReproductionOfRecords","Moonworks:LulusLuckyEgg"],"picked":"Moonworks:ExtendedPhotonRifle","floor":8.0},{"not_picked":["Moonworks:IndiscriminateFireSupport","Moonworks:IntelligenceOfficer"],"picked":"Moonworks:EvilSpyWorkPreparation","floor":10.0},{"not_picked":["Moonworks:IndiscriminateFireSupport","Moonworks:ScrambledEve"],"picked":"Moonworks:Dash","floor":11.0},{"not_picked":["Moonworks:CloudOfSeagulls","Moonworks:Assault","Moonworks:LeapThroughSpace+1"],"picked":"SKIP","floor":13.0},{"not_picked":["Moonworks:BigMagnum","Moonworks:SakisCookie"],"picked":"Moonworks:NicePresent","floor":14.0},{"not_picked":["Moonworks:HolyNight+1","Moonworks:RocketCannon"],"picked":"Moonworks:ReflectiveShell+1","floor":16.0},{"not_picked":["Moonworks:BigMagnum","Moonworks:TacticalRetreat"],"picked":"Moonworks:CloudOfSeagulls","floor":18.0},{"not_picked":["Moonworks:Assault","Moonworks:LulusLuckyEgg+1"],"picked":"Moonworks:ImOnFire","floor":21.0},{"not_picked":["Moonworks:Flamethrower","Moonworks:NicePresent"],"picked":"Moonworks:LulusLuckyEgg","floor":24.0},{"not_picked":["Moonworks:StiffCrystal","Moonworks:Assault"],"picked":"Moonworks:x16BigRocket+1","floor":25},{"not_picked":["Moonworks:CloudOfSeagulls+1","Moonworks:DeployBits"],"picked":"Moonworks:SinkOrSwim+1","floor":25},{"not_picked":["Moonworks:ImOnFire","Moonworks:NicePresent"],"picked":"Moonworks:EvilSpyWorkPreparation+1","floor":25},{"not_picked":["Moonworks:EvilSpyWorkPreparation+1","Moonworks:IndiscriminateFireSupport"],"picked":"Moonworks:LulusLuckyEgg","floor":25},{"not_picked":["Moonworks:NicePresent","Moonworks:LulusLuckyEgg"],"picked":"Moonworks:DeployBits","floor":27},{"not_picked":["Moonworks:JonathanRush","Moonworks:BigMagnum"],"picked":"Moonworks:Heat300Percent","floor":31}],"player_experience":290672,"relics_obtained":[{"floor":1.0,"key":"Baka"},{"floor":8.0,"key":"Frozen Egg 2"},{"floor":9.0,"key":"TungstenRod"},{"floor":11.0,"key":"testmod-CyclicPeriapt"},{"floor":13.0,"key":"Anchor"},{"floor":18.0,"key":"TungstenRod"},{"floor":24.0,"key":"Centennial Puzzle"},{"floor":26,"key":"Bag of Marbles"},{"floor":27,"key":"Bag of Preparation"},{"floor":31,"key":"Red Mask"}],"event_choices":[{"damage_healed":0.0,"max_hp_gain":0.0,"max_hp_loss":0.0,"gold_gain":0.0,"event_name":"The Cleric","player_choice":"Leave","floor":3.0,"gold_loss":0.0,"damage_taken":0.0},{"cards_removed":["Moonworks:Strike"],"damage_healed":0.0,"max_hp_gain":0.0,"max_hp_loss":0.0,"gold_gain":0.0,"event_name":"Bonfire Elementals","player_choice":"Offered Basic","floor":4.0,"gold_loss":0.0,"damage_taken":0.0},{"damage_healed":0.0,"max_hp_gain":0.0,"max_hp_loss":0.0,"gold_gain":0.0,"event_name":"给自己的盒子","player_choice":"Ignored","floor":19.0,"gold_loss":0.0,"damage_taken":0.0},{"damage_healed":0.0,"max_hp_gain":0.0,"max_hp_loss":0.0,"gold_gain":0.0,"event_name":"Vampires","player_choice":"Ignored","floor":20.0,"gold_loss":0.0,"damage_taken":0.0},{"damage_healed":0.0,"max_hp_gain":0.0,"max_hp_loss":0.0,"gold_gain":0.0,"event_name":"Addict","player_choice":"Obtained Relic","floor":22.0,"gold_loss":85.0,"damage_taken":0.0,"relics_obtained":["Bag of Preparation"]},{"damage_healed":0,"gold_gain":0,"player_choice":"Simplicity","damage_taken":0,"max_hp_gain":0,"max_hp_loss":0,"event_name":"Back to Basics","floor":28,"gold_loss":0,"cards_upgraded":["Moonworks:Strike","Moonworks:Strike","Moonworks:Strike","Moonworks:Defend","Moonworks:Defend","Moonworks:Defend","Moonworks:Defend","Moonworks:Strike"]},{"damage_healed":0,"gold_gain":0,"player_choice":"Fought Bandits","damage_taken":0,"max_hp_gain":0,"max_hp_loss":0,"event_name":"Masked Bandits","floor":31,"gold_loss":0}],"is_beta":false,"boss_relics":[{"not_picked":["Cursed Key","testmod-BloodSacrificeSpiritualization"],"picked":"AddBug"}],"items_purged_floors":[],"is_endless":false,"potions_floor_spawned":[5,7,10,13,18,21,31],"killed_by":"Automaton","ascension_level":1}}