{"host":"anox4050deqdcqoh","time":1610490483,"event":{"mods":["BaseMod","Colored Map","Highlight Path","Minty Spire (QoL Compilation)","Quick Restart","Rare Cards Sparkle","everything is the same but u backflip on backflip"],"gold_per_floor":[109,129,204,218,218,230,270,282,346,372,401,45,45,45,45,148,148,162,178,144,163,163,193,193,41,41,51,71,71,71,90,90,187,187,202,127,138,156,176,176,205,216,216,216,216,1,17,35,35,35,35],"floor_reached":50,"language":"ENG","playtime":3418,"items_purged":["BowlingBash"],"score":546,"play_id":"8db57adb-493d-4fee-88bb-97c8d80f5694","local_time":"20210112172803","is_ascension_mode":false,"campfire_choices":[{"data":"WheelKick","floor":6.0,"key":"SMITH"},{"data":"Evaluate","floor":13.0,"key":"SMITH"},{"data":"Vigilance","floor":15.0,"key":"SMITH"},{"data":"RitualDagger","floor":29,"key":"SMITH"},{"floor":32,"key":"REST"},{"floor":40,"key":"RECALL"},{"data":"Establishment","floor":45,"key":"SMITH"},{"floor":49,"key":"REST"}],"circlet_count":0,"master_deck":["Strike_P","Strike_P","Strike_P","Strike_P+1","Defend_P+1","Defend_P","Defend_P","Defend_P+1","Eruption+1","Vigilance+1","WheelKick+1","Crescendo","ClearTheMind","Evaluate+1","Protect","LessonLearned","SandsOfTime","ConjureBlade","SashWhip+1","Protect+1","LikeWater","Sanctity+1","Devotion","RitualDagger+1","Prostrate+1","Wallop","Establishment+1","LikeWater","WindmillStrike+1","ReachHeaven+1","Prostrate+1","Consecrate","Devotion","ThirdEye"],"relics":["PureWater","MawBank","Boot","Blood Vial","Anchor","SlaversCollar","Damaru","Lee\u0027s Waffle","Kunai","Busted Crown","MealTicket"],"acts_visited":["Exordium","TheCity","TheBeyond"],"potions_floor_usage":[46,50],"damage_taken":[{"damage":1.0,"enemies":"Jaw Worm","floor":1.0,"turns":3.0},{"damage":1.0,"enemies":"2 Louse","floor":2.0,"turns":2.0},{"damage":0.0,"enemies":"Cultist","floor":4.0,"turns":3.0},{"damage":21.0,"enemies":"Lagavulin","floor":7.0,"turns":6.0},{"damage":7.0,"enemies":"Exordium Thugs","floor":10.0,"turns":3.0},{"damage":3.0,"enemies":"Exordium Wildlife","floor":11.0,"turns":3.0},{"damage":27.0,"enemies":"The Guardian","floor":16.0,"turns":15.0},{"damage":4.0,"enemies":"Chosen","floor":18.0,"turns":6.0},{"damage":8.0,"enemies":"Spheric Guardian","floor":19.0,"turns":4.0},{"damage":30.0,"enemies":"Cultist and Chosen","floor":21.0,"turns":8.0},{"damage":12.0,"enemies":"Slavers","floor":23.0,"turns":5.0},{"damage":25,"enemies":"Snake Plant","floor":27,"turns":6},{"damage":4,"enemies":"Snecko","floor":28,"turns":6},{"damage":5,"enemies":"Chosen and Byrds","floor":31,"turns":7},{"damage":26,"enemies":"Automaton","floor":33,"turns":12},{"damage":6,"enemies":"3 Shapes","floor":35,"turns":5},{"damage":5,"enemies":"3 Darklings","floor":37,"turns":6},{"damage":11,"enemies":"Spire Growth","floor":38,"turns":7},{"damage":13,"enemies":"Maw","floor":39,"turns":8},{"damage":0,"enemies":"Giant Head","floor":41,"turns":7},{"damage":17,"enemies":"4 Shapes","floor":42,"turns":7},{"damage":6,"enemies":"Spire Growth","floor":47,"turns":5},{"damage":38,"enemies":"Sphere and 2 Shapes","floor":48,"turns":8},{"damage":93,"enemies":"Awakened One","floor":50,"turns":10}],"seed_played":"3324615220493685200","potions_obtained":[{"floor":2.0,"key":"Block Potion"},{"floor":7.0,"key":"ColorlessPotion"},{"floor":10.0,"key":"Explosive Potion"},{"floor":11.0,"key":"Ambrosia"},{"floor":23.0,"key":"Dexterity Potion"},{"floor":27,"key":"Energy Potion"},{"floor":28,"key":"LiquidBronze"},{"floor":37,"key":"DuplicationPotion"},{"floor":38,"key":"FairyPotion"},{"floor":48,"key":"Swift Potion"}],"is_trial":false,"path_per_floor":["M","M","?","M","?","R","E","?","T","M","M","$","R","$","R","B",null,"M","M","$","M","?","E","?","$","T","M","M","R","$","M","R","B",null,"M","$","M","M","M","R","E","M","T","?","R","$","M","M","R","B"],"character_chosen":"WATCHER","items_purchased":["Anchor","LessonLearned","SandsOfTime","LikeWater","Lee\u0027s Waffle","Devotion","ThirdEye","Fruit Juice"],"campfire_rested":2,"item_purchase_floors":[12,12,12,20,25,46,46,46],"current_hp_per_floor":[71,70,59,59,41,41,20,72,72,65,64,64,64,64,64,39,72,68,62,62,34,34,24,18,79,79,54,52,52,52,49,72,48,79,73,73,70,61,50,50,52,37,37,37,37,57,53,17,42,0,0],"gold":35,"neow_bonus":"THREE_CARDS","is_daily":false,"chose_seed":false,"campfire_upgraded":5,"win_rate":0.0,"timestamp":1610490483,"path_taken":["M","M","?","M","?","R","E","?","T","M","?","$","R","?","R","BOSS","M","M","$","M","?","E","?","?","T","M","M","R","?","M","R","BOSS","M","?","M","M","?","R","E","M","T","?","R","$","M","M","R","BOSS"],"items_purchased_type":["Relic","Card","Card","Card","Relic","Card","Card","Potion"],"build_version":"2020-12-22","purchased_purges":1,"victory":false,"max_hp_per_floor":[72,72,72,72,72,72,72,72,72,72,72,72,72,72,72,72,72,72,72,72,72,72,72,72,79,79,79,79,79,79,79,79,79,79,79,79,79,79,79,79,79,79,79,79,79,84,84,84,84,84,84],"card_choices":[{"not_picked":["MentalFortress","ReachHeaven"],"picked":"WheelKick","floor":0.0},{"not_picked":["PathToVictory","Worship"],"picked":"Crescendo","floor":1.0},{"not_picked":["MentalFortress","Perseverance"],"picked":"BowlingBash","floor":2.0},{"not_picked":["Protect","PathToVictory"],"picked":"ClearTheMind","floor":4.0},{"not_picked":["Halt","WreathOfFlame"],"picked":"BattleHymn","floor":7.0},{"not_picked":["Consecrate","Conclude"],"picked":"Evaluate","floor":10.0},{"not_picked":["BowlingBash","EmptyBody"],"picked":"Protect","floor":11.0},{"not_picked":["LessonLearned","Blasphemy"],"picked":"ConjureBlade","floor":16.0},{"not_picked":["ClearTheMind","Protect"],"picked":"SashWhip+1","floor":18.0},{"not_picked":["ClearTheMind","FlyingSleeves"],"picked":"Protect","floor":19.0},{"not_picked":["EmptyFist","JustLucky"],"picked":"Sanctity+1","floor":21.0},{"not_picked":["SandsOfTime","CrushJoints+1"],"picked":"Devotion","floor":23.0},{"not_picked":["BattleHymn+1","Evaluate","Conclude"],"picked":"SKIP","floor":27},{"not_picked":["Protect","Meditate"],"picked":"Prostrate","floor":28},{"not_picked":["EmptyBody","Meditate"],"picked":"Wallop","floor":31},{"not_picked":["Brilliance","Wish"],"picked":"Establishment","floor":33},{"not_picked":[],"picked":"LikeWater","floor":35},{"not_picked":["Prostrate"],"picked":"SKIP","floor":37},{"not_picked":[],"picked":"WindmillStrike+1","floor":38},{"not_picked":[],"picked":"ReachHeaven+1","floor":39},{"not_picked":[],"picked":"Prostrate+1","floor":41},{"not_picked":[],"picked":"Consecrate","floor":42},{"not_picked":["Consecrate+1"],"picked":"SKIP","floor":47},{"not_picked":["Worship+1"],"picked":"SKIP","floor":48}],"player_experience":323591,"relics_obtained":[{"floor":7.0,"key":"Boot"},{"floor":9.0,"key":"Blood Vial"},{"floor":23.0,"key":"Damaru"},{"floor":26.0,"key":"Kunai"},{"floor":41,"key":"MealTicket"}],"event_choices":[{"damage_healed":0.0,"max_hp_gain":0.0,"max_hp_loss":0.0,"gold_gain":75.0,"event_name":"World of Goop","player_choice":"Gather Gold","floor":3.0,"gold_loss":0.0,"damage_taken":11.0},{"damage_healed":0.0,"max_hp_gain":0.0,"max_hp_loss":0.0,"gold_gain":0.0,"event_name":"Scrap Ooze","player_choice":"Success","floor":5.0,"gold_loss":0.0,"damage_taken":18.0,"relics_obtained":["MawBank"]},{"cards_removed":["BattleHymn"],"damage_healed":52.0,"max_hp_gain":0.0,"max_hp_loss":0.0,"gold_gain":0.0,"event_name":"Bonfire Elementals","player_choice":"Offered Uncommon","floor":8.0,"gold_loss":0.0,"damage_taken":0.0},{"damage_healed":0.0,"max_hp_gain":0.0,"max_hp_loss":0.0,"gold_gain":0.0,"event_name":"Ghosts","player_choice":"Ignored","floor":22.0,"gold_loss":0.0,"damage_taken":0.0},{"damage_healed":0.0,"max_hp_gain":0.0,"max_hp_loss":0.0,"gold_gain":0.0,"event_name":"Nest","player_choice":"Joined the Cult","floor":24.0,"gold_loss":0.0,"damage_taken":6.0,"cards_obtained":["RitualDagger"]},{"damage_healed":0,"gold_gain":0,"player_choice":"Memory 1","damage_taken":0,"max_hp_gain":0,"max_hp_loss":0,"event_name":"SensoryStone","floor":44,"gold_loss":0}],"is_beta":false,"boss_relics":[{"not_picked":["Tiny House","Snecko Eye"],"picked":"SlaversCollar"},{"not_picked":["Sozu","Black Star"],"picked":"Busted Crown"}],"items_purged_floors":[36],"is_endless":false,"potions_floor_spawned":[2,7,10,11,16,23,27,28,31,37,38,48],"killed_by":"Awakened One","ascension_level":0}}