{"host":"c97twqu0op5dg8i4","time":1610472734,"event":{"mods":["AchievementEnabler","BaseMod","Colored Map","Minty Spire (QoL Compilation)","Permanent Neow"],"gold_per_floor":[109,120,120,133,133,168,184,184,184,215,215,242,272,286,286,383,383,396,396,33,49,49,49,77,88,88,88,88,117,117,137,137,234,234,248,46,60,109,124,155,155,205,205,205,238,238,256,290,290,290],"floor_reached":51,"playtime":3017,"items_purged":["Strike_R"],"score":1033,"play_id":"0200bc5d-0c93-4c4f-832f-656fbfd67c8f","local_time":"20210112123214","is_ascension_mode":true,"campfire_choices":[{"data":"Uppercut","floor":8,"key":"SMITH"},{"data":"Iron Wave","floor":11,"key":"SMITH"},{"floor":15,"key":"REST"},{"data":"Rampage","floor":23,"key":"SMITH"},{"data":"Rampage","floor":27,"key":"SMITH"},{"data":"Bash","floor":30,"key":"SMITH"},{"data":"Shockwave","floor":32,"key":"SMITH"},{"data":"Strike_R","floor":46,"key":"PURGE"},{"data":"Clothesline","floor":49,"key":"SMITH"}],"circlet_count":0,"master_deck":["Strike_R","Strike_R","Defend_R","Defend_R","Defend_R","Defend_R","Bash+1","Pummel","Clothesline+1","Battle Trance","Uppercut+1","Iron Wave+1","Anger","Offering","Rampage+1","Ghostly Armor","Rampage+1","Shockwave+1","Spot Weakness+1","Ghostly Armor+1"],"relics":["Burning Blood","Anchor","Sundial","Eternal Feather","Pantograph","Omamori","Bottled Flame","Busted Crown","MutagenicStrength","Mercury Hourglass","Frozen Egg 2","Mummified Hand","Necronomicon","Champion Belt","Black Star","ClockworkSouvenir","Peace Pipe","Paper Frog","Darkstone Periapt","FossilizedHelix","Toxic Egg 2","InkBottle","Singing Bowl","Blue Candle","Unceasing Top"],"acts_visited":["Exordium","TheCity","TheBeyond"],"potions_floor_usage":[6,16,33,33,38,50],"damage_taken":[{"damage":6,"enemies":"Cultist","floor":1,"turns":3},{"damage":4,"enemies":"Jaw Worm","floor":2,"turns":4},{"damage":0,"enemies":"2 Louse","floor":4,"turns":2},{"damage":28,"enemies":"Lagavulin","floor":6,"turns":7},{"damage":6,"enemies":"Exordium Wildlife","floor":7,"turns":4},{"damage":40,"enemies":"3 Sentries","floor":10,"turns":11},{"damage":18,"enemies":"Gremlin Nob","floor":12,"turns":4},{"damage":13,"enemies":"Large Slime","floor":14,"turns":4},{"damage":65,"enemies":"Hexaghost","floor":16,"turns":11},{"damage":13,"enemies":"Shell Parasite","floor":18,"turns":6},{"damage":0,"enemies":"Chosen","floor":21,"turns":3},{"damage":18,"enemies":"Slavers","floor":24,"turns":6},{"damage":2,"enemies":"Snecko","floor":25,"turns":3},{"damage":8,"enemies":"Book of Stabbing","floor":29,"turns":4},{"damage":0,"enemies":"Cultist and Chosen","floor":31,"turns":3},{"damage":35,"enemies":"Collector","floor":33,"turns":7},{"damage":15,"enemies":"3 Darklings","floor":35,"turns":4},{"damage":1,"enemies":"3 Shapes","floor":37,"turns":2},{"damage":11,"enemies":"2 Orb Walkers","floor":38,"turns":5},{"damage":3,"enemies":"Writhing Mass","floor":39,"turns":4},{"damage":22,"enemies":"Giant Head","floor":40,"turns":6},{"damage":9,"enemies":"Mind Bloom Boss Battle","floor":42,"turns":5},{"damage":16,"enemies":"Reptomancer","floor":45,"turns":5},{"damage":0,"enemies":"Spire Growth","floor":47,"turns":2},{"damage":0,"enemies":"Giant Head","floor":48,"turns":6},{"damage":53,"enemies":"Donu and Deca","floor":50,"turns":6}],"seed_played":"-4192522068682397366","potions_obtained":[{"floor":1,"key":"PowerPotion"},{"floor":4,"key":"PowerPotion"},{"floor":14,"key":"Weak Potion"},{"floor":16,"key":"Energy Potion"},{"floor":21,"key":"Swift Potion"},{"floor":31,"key":"BloodPotion"},{"floor":40,"key":"PowerPotion"},{"floor":42,"key":"GamblersBrew"},{"floor":47,"key":"DuplicationPotion"}],"is_trial":false,"path_per_floor":["M","M","T","M","?","E","M","R","T","E","R","E","?","M","R","B",null,"M","?","$","M","?","R","E","M","T","R","?","E","R","M","R","B",null,"M","$","M","?","M","E","?","?","T","?","E","R","M","E","R","B",null],"character_chosen":"IRONCLAD","items_purchased":["Mercury Hourglass","Rampage","ClockworkSouvenir","Block Potion"],"campfire_rested":1,"item_purchase_floors":[20,20,36,36],"current_hp_per_floor":[80,80,80,80,80,58,58,67,67,33,42,30,30,23,56,21,65,58,58,58,64,64,73,61,65,65,74,58,56,65,71,80,51,73,64,64,69,64,67,51,51,73,73,73,63,75,78,80,80,49],"gold":290,"neow_bonus":"RANDOM_COMMON_RELIC","is_daily":false,"chose_seed":false,"campfire_upgraded":7,"win_rate":0.0,"timestamp":1610472734,"path_taken":["M","M","?","?","?","E","M","R","T","E","R","E","?","M","R","BOSS","M","?","$","M","?","R","E","?","T","R","?","E","R","M","R","BOSS","M","$","M","?","M","E","?","?","T","?","E","R","?","E","R","BOSS"],"items_purchased_type":["Relic","Card","Relic","Potion"],"build_version":"2020-12-22","purchased_purges":1,"victory":true,"max_hp_per_floor":[80,80,80,80,80,80,80,80,80,80,80,80,80,80,80,80,80,80,80,80,80,80,80,80,80,80,80,80,80,80,80,80,80,80,80,80,80,80,80,80,76,76,76,76,76,76,78,80,80,80],"card_choices":[{"not_picked":["Reckless Charge","Iron Wave"],"picked":"Pummel","floor":1},{"not_picked":["Havoc","Cleave"],"picked":"Clothesline","floor":2},{"not_picked":["Pummel","Wild Strike"],"picked":"Battle Trance","floor":4},{"not_picked":["Pommel Strike","Combust"],"picked":"Uppercut","floor":6},{"not_picked":["Wild Strike","Perfected Strike"],"picked":"Iron Wave","floor":7},{"not_picked":["Havoc","Pommel Strike","Sever Soul"],"picked":"SKIP","floor":10},{"not_picked":["Juggernaut","Dropkick","Warcry"],"picked":"SKIP","floor":12},{"not_picked":["Battle Trance","Disarm"],"picked":"Anger","floor":14},{"not_picked":["Bludgeon","Immolate"],"picked":"Offering","floor":16},{"not_picked":["Bloodletting+1"],"picked":"SKIP","floor":18},{"not_picked":[],"picked":"Ghostly Armor","floor":21},{"not_picked":["Feel No Pain+1"],"picked":"SKIP","floor":24},{"not_picked":["Fire Breathing+1"],"picked":"SKIP","floor":25},{"not_picked":["Headbutt"],"picked":"SKIP","floor":29},{"not_picked":[],"picked":"Shockwave","floor":31},{"not_picked":["Clash"],"picked":"SKIP","floor":35},{"not_picked":["Body Slam+1"],"picked":"SKIP","floor":37},{"not_picked":[],"picked":"Spot Weakness+1","floor":38},{"not_picked":["Evolve+1"],"picked":"SKIP","floor":39},{"not_picked":["Heavy Blade"],"picked":"SKIP","floor":40},{"not_picked":[],"picked":"Ghostly Armor+1","floor":45},{"not_picked":["Heavy Blade"],"picked":"Singing Bowl","floor":47},{"not_picked":["Havoc+1"],"picked":"Singing Bowl","floor":48}],"player_experience":234848,"relics_obtained":[{"floor":3,"key":"Sundial"},{"floor":6,"key":"Eternal Feather"},{"floor":9,"key":"Pantograph"},{"floor":10,"key":"Omamori"},{"floor":12,"key":"Bottled Flame"},{"floor":24,"key":"Frozen Egg 2"},{"floor":26,"key":"Mummified Hand"},{"floor":28,"key":"Necronomicon"},{"floor":29,"key":"Champion Belt"},{"floor":38,"key":"Peace Pipe"},{"floor":40,"key":"Paper Frog"},{"floor":40,"key":"Darkstone Periapt"},{"floor":42,"key":"FossilizedHelix"},{"floor":43,"key":"Toxic Egg 2"},{"floor":45,"key":"InkBottle"},{"floor":45,"key":"Singing Bowl"},{"floor":48,"key":"Blue Candle"},{"floor":48,"key":"Unceasing Top"}],"event_choices":[{"damage_healed":0,"gold_gain":0,"player_choice":"Ignored","damage_taken":0,"max_hp_gain":0,"max_hp_loss":0,"event_name":"Liars Game","floor":5,"gold_loss":0},{"damage_healed":0,"gold_gain":30,"player_choice":"Searched \u00271\u0027 times","damage_taken":0,"max_hp_gain":0,"max_hp_loss":0,"event_name":"Dead Adventurer","floor":13,"gold_loss":0},{"damage_healed":0,"gold_gain":0,"player_choice":"Inject Mutagens","damage_taken":0,"relics_obtained":["MutagenicStrength"],"max_hp_gain":0,"max_hp_loss":0,"event_name":"Drug Dealer","floor":19,"gold_loss":0},{"damage_healed":0,"gold_gain":0,"player_choice":"Copied","damage_taken":0,"max_hp_gain":0,"max_hp_loss":0,"event_name":"Duplicator","floor":22,"gold_loss":0,"cards_obtained":["Rampage"]},{"damage_healed":0,"gold_gain":0,"player_choice":"Obtained Book","damage_taken":16,"max_hp_gain":0,"max_hp_loss":0,"event_name":"Cursed Tome","floor":28,"gold_loss":0},{"damage_healed":0,"gold_gain":0,"player_choice":"Fight","damage_taken":0,"max_hp_gain":0,"max_hp_loss":0,"event_name":"Mysterious Sphere","floor":38,"gold_loss":0},{"damage_healed":0,"gold_gain":0,"player_choice":"Max HP","damage_taken":0,"max_hp_gain":0,"max_hp_loss":4,"event_name":"Winding Halls","floor":41,"gold_loss":0},{"damage_healed":0,"gold_gain":0,"player_choice":"Fight","damage_taken":0,"max_hp_gain":0,"max_hp_loss":0,"event_name":"MindBloom","floor":42,"gold_loss":0},{"cards_removed":["Strike_R"],"damage_healed":0,"gold_gain":0,"player_choice":"Purged","damage_taken":0,"max_hp_gain":0,"max_hp_loss":0,"event_name":"Purifier","floor":44,"gold_loss":0}],"is_beta":false,"boss_relics":[{"not_picked":["Ectoplasm","Cursed Key"],"picked":"Busted Crown"},{"not_picked":["Black Blood","Tiny House"],"picked":"Black Star"}],"items_purged_floors":[20],"is_endless":false,"potions_floor_spawned":[1,4,14,16,21,29,31,40,42,47],"ascension_level":5}}