{"host":"91blwi3hgehj6ch9","time":1610465632,"event":{"mods":["2.2 Compatiblity","AchievementEnabler","BaseMod","Colored Map","DeckTracker","Keyboard Shortcuts","Minty Spire (QoL Compilation)","Permanent Neow","Quick Restart","StSLib","SuperFastMode"],"gold_per_floor":[118,130,130,55,55,68,95,113,140,153,153,179,192,208,208,279,279,291,106,118,118,137,170,45,0,48,62,93,93,127,154,166,178,178],"floor_reached":33,"playtime":7292,"items_purged":["Strike_G","Strike_G","Strike_G"],"score":628,"play_id":"263b2c47-e92d-44d8-953b-9a848d1921b2","local_time":"20210113003352","is_ascension_mode":true,"campfire_choices":[{"data":"Riddle With Holes","floor":11.0,"key":"SMITH"},{"floor":15.0,"key":"REST"},{"floor":29.0,"key":"REST"},{"floor":32.0,"key":"REST"}],"circlet_count":0,"master_deck":["AscendersBane","Defend_G","Defend_G","Defend_G","Survivor","Neutralize","After Image","Prepared","Riddle With Holes+1","Backstab","Dash","Grand Finale","Calculated Gamble","Blade Dance","Wraith Form v2+1","Heel Hook+1","Prepared+1","Quick Slash","Flash of Steel","Endless Agony+1","Backflip","Blade Dance"],"relics":["Ring of the Snake","Bag of Marbles","Regal Pillow","PreservedInsect","Astrolabe","Bag of Preparation","Omamori","Akabeko","MawBank"],"acts_visited":["Exordium","TheCity"],"potions_floor_usage":[],"damage_taken":[{"damage":5.0,"enemies":"Small Slimes","floor":1.0,"turns":6.0},{"damage":9.0,"enemies":"Jaw Worm","floor":2.0,"turns":6.0},{"damage":2.0,"enemies":"Cultist","floor":6.0,"turns":5.0},{"damage":3.0,"enemies":"Blue Slaver","floor":8.0,"turns":3.0},{"damage":0.0,"enemies":"2 Fungi Beasts","floor":10.0,"turns":2.0},{"damage":27.0,"enemies":"Gremlin Nob","floor":12.0,"turns":5.0},{"damage":0.0,"enemies":"3 Louse","floor":13.0,"turns":3.0},{"damage":1.0,"enemies":"Looter","floor":14.0,"turns":3.0},{"damage":2.0,"enemies":"Slime Boss","floor":16.0,"turns":10.0},{"damage":3.0,"enemies":"3 Byrds","floor":18.0,"turns":5.0},{"damage":1.0,"enemies":"Shell Parasite","floor":20.0,"turns":5.0},{"damage":11.0,"enemies":"Snake Plant","floor":22.0,"turns":8.0},{"damage":16.0,"enemies":"Gremlin Leader","floor":23.0,"turns":9.0},{"damage":4.0,"enemies":"3 Cultists","floor":27.0,"turns":6.0},{"damage":0.0,"enemies":"Slavers","floor":28.0,"turns":2.0},{"damage":0.0,"enemies":"Gremlin Leader","floor":30.0,"turns":1.0},{"damage":2.0,"enemies":"Shelled Parasite and Fungi","floor":31.0,"turns":5.0},{"damage":114,"enemies":"Automaton","floor":33,"turns":12}],"seed_played":"652610874627208547","potions_obtained":[{"floor":2.0,"key":"DistilledChaos"},{"floor":10.0,"key":"ColorlessPotion"},{"floor":12.0,"key":"SteroidPotion"},{"floor":16.0,"key":"Explosive Potion"},{"floor":20.0,"key":"Fire Potion"},{"floor":28.0,"key":"DistilledChaos"}],"is_trial":false,"path_per_floor":["M","M","?","$","?","M","T","M","T","M","R","E","M","M","R","B",null,"M","$","M","?","M","E","$","?","T","M","E","R","E","M","R","B"],"character_chosen":"THE_SILENT","items_purchased":["Flash of Steel"],"campfire_rested":3,"item_purchase_floors":[19],"current_hp_per_floor":[54,45,45,45,45,43,43,40,40,40,40,13,13,12,45,43,56,53,53,52,36,25,9,9,9,9,5,5,39,39,37,65,0,0],"gold":178,"neow_bonus":"THREE_RARE_CARDS","is_daily":false,"chose_seed":false,"campfire_upgraded":1,"win_rate":0.0,"timestamp":1610465632,"path_taken":["M","M","?","$","?","M","?","M","T","?","R","E","M","M","R","BOSS","M","$","M","?","M","E","$","?","T","M","E","R","E","M","R","BOSS"],"items_purchased_type":["Card"],"build_version":"2020-12-22","purchased_purges":3,"victory":false,"max_hp_per_floor":[60,60,60,60,60,60,60,60,60,60,60,60,60,60,60,60,60,60,60,60,65,65,65,65,65,65,65,65,65,65,65,65,65,65],"card_choices":[{"not_picked":["Corpse Explosion","Bullet Time"],"picked":"After Image","floor":0.0},{"not_picked":["Bane","Setup"],"picked":"Prepared","floor":1.0},{"not_picked":["Dodge and Roll","Accuracy","Backflip"],"picked":"SKIP","floor":2.0},{"not_picked":["Predator","Acrobatics"],"picked":"Backstab","floor":6.0},{"not_picked":["Crippling Poison","Expertise","Distraction"],"picked":"SKIP","floor":8.0},{"not_picked":["Bane","Blur"],"picked":"Dash","floor":10.0},{"not_picked":["Dagger Spray","Backflip"],"picked":"Grand Finale","floor":12.0},{"not_picked":["Concentrate","Backflip"],"picked":"Calculated Gamble","floor":13.0},{"not_picked":["Flying Knee","Backflip"],"picked":"Blade Dance","floor":14.0},{"not_picked":["Flechettes","Deadly Poison"],"picked":"Quick Slash","floor":18.0},{"not_picked":["Prepared","Terror","Bane"],"picked":"SKIP","floor":20.0},{"not_picked":["Accuracy","Dagger Throw+1"],"picked":"Endless Agony+1","floor":22.0},{"not_picked":["Infinite Blades","All Out Attack+1","Flying Knee+1"],"picked":"SKIP","floor":23.0},{"not_picked":["Choke","Backflip","Dodge and Roll"],"picked":"SKIP","floor":27.0},{"not_picked":["Underhanded Strike","Deflect"],"picked":"Backflip","floor":28.0},{"not_picked":["Bouncing Flask","Quick Slash"],"picked":"Blade Dance","floor":30.0},{"not_picked":["Predator","Deadly Poison","Masterful Stab"],"picked":"SKIP","floor":31.0}],"player_experience":160456,"relics_obtained":[{"floor":7.0,"key":"Bag of Marbles"},{"floor":9.0,"key":"Regal Pillow"},{"floor":12.0,"key":"PreservedInsect"},{"floor":23.0,"key":"Bag of Preparation"},{"floor":26.0,"key":"Omamori"},{"floor":28.0,"key":"Akabeko"},{"floor":30.0,"key":"MawBank"}],"event_choices":[{"damage_healed":0.0,"max_hp_gain":0.0,"max_hp_loss":0.0,"gold_gain":0.0,"cards_transformed":["Defend_G"],"event_name":"Living Wall","player_choice":"Change","floor":3.0,"gold_loss":0.0,"damage_taken":0.0,"cards_obtained":["Riddle With Holes"]},{"damage_healed":0.0,"max_hp_gain":0.0,"max_hp_loss":0.0,"gold_gain":0.0,"event_name":"Liars Game","player_choice":"Ignored","floor":5.0,"gold_loss":0.0,"damage_taken":0.0},{"damage_healed":0.0,"max_hp_gain":5.0,"max_hp_loss":0.0,"gold_gain":0.0,"event_name":"Forgotten Altar","player_choice":"Shed Blood","floor":21.0,"gold_loss":0.0,"damage_taken":21.0},{"damage_healed":0.0,"max_hp_gain":0.0,"max_hp_loss":0.0,"gold_gain":0.0,"event_name":"Masked Bandits","player_choice":"Paid Fearfully","floor":25.0,"gold_loss":45.0,"damage_taken":0.0}],"is_beta":false,"boss_relics":[{"not_picked":["HoveringKite","SlaversCollar"],"picked":"Astrolabe"}],"items_purged_floors":[4,19,24],"is_endless":false,"potions_floor_spawned":[2,10,12,14,16,20,22,27,28],"killed_by":"Automaton","ascension_level":15}}