{"host":"on8kfoejf6vp3cg3","time":1610483675,"event":{"mods":["AchievementEnabler","BaseMod","Better Match","Better Third Choice","Block Reminder","Colored Map","Colored Powertips","Disable Question Mark Monsters","Googly Eyes","Hermit","Highlight Path","Minty Spire (QoL Compilation)","Permanent Neow","Poor People Problems","Rare Cards Sparkle","Replay The Spire","StSLib","The Blackbeard","The Bladedancer","The Cursed"],"gold_per_floor":[115,127,127,127,147,179,118,150,177,177,196,213,245,300,300,399,399,410,115,115,30,30,30,30,30,56,75,75,75,75,75,75,247,247,295,295,48,48,48,48,87,156,231,327,327,100,124,192,204,306],"floor_reached":51,"language":"ENG","playtime":3096,"items_purged":[],"score":1295,"play_id":"336a7c8d-d40d-4991-a8eb-71560a5a5f05","local_time":"20210112153435","daily_mods":["Insanity","Vintage","ControlledChaos","Heirloom","Time Dilation","Flight"],"is_ascension_mode":true,"campfire_choices":[{"floor":10,"key":"REST"},{"data":"blademaster:Cut","floor":15,"key":"SMITH"},{"data":"blademaster:Cut","floor":23,"key":"SMITH"},{"data":"blademaster:EnchantedCuirass","floor":23,"key":"SMITH"},{"data":"blademaster:Safeguard","floor":28,"key":"SMITH"},{"data":"blademaster:Havoc","floor":28,"key":"SMITH"},{"floor":30,"key":"REST"},{"floor":32,"key":"REST"},{"data":"blademaster:Blockade","floor":40,"key":"SMITH"},{"data":"blademaster:KiBarrier","floor":40,"key":"SMITH"},{"floor":49,"key":"REST"}],"circlet_count":0,"master_deck":["AscendersBane","blademaster:Rupture","blademaster:Blockade+1","blademaster:DaggerAndCloak","blademaster:BloodyBlow","blademaster:Bloodbath","blademaster:Bloodbath","blademaster:AspectOfWind","blademaster:DragonStrike","blademaster:Stability","blademaster:ChargingUp","blademaster:Bloodbath","blademaster:Stormstrike","blademaster:Stability","blademaster:ChargingUp","blademaster:TraverseCut","blademaster:CullingStrike","blademaster:ChargingUp","blademaster:Safeguard+1","blademaster:SlyStabs","blademaster:KiBarrier+1","blademaster:Flurry","blademaster:FuriousStrike","blademaster:DancingEdge","blademaster:DaggerAndCloak","blademaster:BrainBloom","blademaster:Bloodbath","blademaster:AirSlash","blademaster:Momentum","blademaster:Quickness","blademaster:CombatPrep","blademaster:Momentum","blademaster:Havoc+1","blademaster:Discharge","blademaster:FuriousStrike","blademaster:AspectOfWind","blademaster:TraverseCut","blademaster:ChargingUp","blademaster:Cut+1","blademaster:AirSlash","blademaster:Thrust","blademaster:FuriousStrike","blademaster:ThunderSlash","blademaster:CombatPrep","blademaster:Safeguard","blademaster:Cut+1","blademaster:Sharpen","blademaster:CullingStrike","blademaster:LightningCrash","blademaster:DragonStrike","blademaster:Discharge","blademaster:AwakeningDefend","blademaster:Overcharge+1","blademaster:Stability","blademaster:AwakeningStrike","blademaster:EnchantedCuirass+1","CurseOfTheBell","Pot Of Greed","Pot Of Greed","Pot Of Greed","Pot Of Greed","Madness","Madness"],"relics":["blademaster:DancersAmulet","Frozen Eye","Bird Faced Urn","Toy Ornithopter","Strawberry","Singing Bowl","Replay:Baseball","Art of War","Centennial Puzzle","Tiny Chest","Gremlin Horn","Calling Bell","Matryoshka","Nunchaku","Ice Cream","Grinning Jar","ReplayFunnel","Replay:Arrowhead","Replay:Bottled Snecko","Vajra","Orichalcum","Replay:Bandana","SacredBark","Replay:Multitool","Question Card","Bottled Flame","Pen Nib","Torii","Darkstone Periapt","ReplayTheSpireMod:TigerMarble","ReplayTheSpireMod:Lightbulb","MawBank"],"acts_visited":["Exordium","TheCity","TheBeyond"],"potions_floor_usage":[11,13,16,33,35,50],"damage_taken":[{"damage":0.0,"enemies":"Cultist","floor":1.0,"turns":3.0},{"damage":12.0,"enemies":"Jaw Worm","floor":2.0,"turns":2.0},{"damage":3.0,"enemies":"2 Louse","floor":5.0,"turns":3.0},{"damage":6,"enemies":"Gremlin Nob","floor":6,"turns":4},{"damage":27,"enemies":"Lagavulin","floor":8,"turns":5},{"damage":1,"enemies":"2 Fungi Beasts","floor":11,"turns":3},{"damage":9,"enemies":"Looter","floor":12,"turns":3},{"damage":16,"enemies":"3 Sentries","floor":13,"turns":5},{"damage":24,"enemies":"Slime Boss","floor":16,"turns":7},{"damage":26,"enemies":"2 Thieves","floor":18,"turns":4},{"damage":15,"enemies":"Shell Parasite","floor":27,"turns":4},{"damage":10,"enemies":"Champ","floor":33,"turns":4},{"damage":13,"enemies":"3 Darklings","floor":35,"turns":3},{"damage":0,"enemies":"Orb Walker","floor":41,"turns":3},{"damage":4,"enemies":"Nemesis","floor":42,"turns":3},{"damage":48,"enemies":"Giant Head","floor":44,"turns":7},{"damage":7,"enemies":"Spire Growth","floor":48,"turns":2},{"damage":92,"enemies":"Awakened One","floor":50,"turns":8}],"seed_played":"-37924257786020772","potions_obtained":[{"floor":1.0,"key":"Weak Potion"},{"floor":2.0,"key":"Weak Potion"},{"floor":13,"key":"LiquidBronze"},{"floor":18,"key":"Fire Potion"},{"floor":33,"key":"FairyPotion"},{"floor":48,"key":"SteroidPotion"}],"is_trial":true,"path_per_floor":["M","M","$","$","M","E","$","E","T","R","M","M","E","?","R","B",null,"M","$","?","?","T","R","$","?","T","M","R","$","R","?","R","B",null,"M","T","$","?","$","R","M","E","T","E","?","$","T","M","R","B",null],"character_chosen":"THE_BLADEMASTER","items_purchased":["blademaster:Overcharge+1","Ice Cream","Bottled Flame","ReplayTheSpireMod:TigerMarble","Toxic Potion"],"campfire_rested":4,"item_purchase_floors":[7,19,37,46,46],"current_hp_per_floor":[74,72,72,72,73,77,77,57,57,81,81,77,79,79,79,66,78,65,65,65,65,65,65,65,65,65,52,52,52,76,57,81,79,83,76,76,76,76,76,76,80,84,84,54,43,43,43,50,75,56],"gold":318,"neow_bonus":"","is_daily":false,"chose_seed":false,"campfire_upgraded":7,"win_rate":0.0,"timestamp":1610483675,"path_taken":["M","M","$","$","M","E","$","E","T","R","?","M","E","?","R","BOSS","M","$","?","?","?","R","$","?","T","?","R","$","R","?","R","BOSS","M","?","$","?","?","R","M","E","T","E","?","$","?","?","R","BOSS"],"items_purchased_type":["Card","Relic","Relic","Relic","Potion"],"build_version":"2020-12-22","purchased_purges":0,"victory":true,"max_hp_per_floor":[75,82,82,82,82,82,82,82,82,82,82,82,82,82,82,82,82,82,82,82,82,82,82,82,82,82,82,82,82,82,82,82,84,84,84,84,84,84,84,84,84,84,84,84,84,84,84,84,84,84],"card_choices":[{"not_picked":["blademaster:LeechingStrike","blademaster:AspectOfLightning"],"picked":"blademaster:AwakeningDefend","floor":6},{"not_picked":["blademaster:Flash","blademaster:AspectOfWind"],"picked":"blademaster:Stability","floor":8},{"not_picked":["blademaster:BladeCross","blademaster:Blockade"],"picked":"blademaster:AwakeningStrike","floor":13},{"not_picked":["blademaster:StanceMastery","blademaster:ColdBlood"],"picked":"blademaster:EnchantedCuirass","floor":16},{"not_picked":["blademaster:BladeDance","blademaster:EnchantedCuirass","blademaster:StanceMastery"],"picked":"Singing Bowl","floor":33},{"not_picked":["blademaster:Hailwind","blademaster:AspectOfLightning+1","blademaster:Slice+1","blademaster:Bloodbath"],"picked":"SKIP","floor":42},{"not_picked":["blademaster:ThunderSlash","blademaster:AirSlash","blademaster:DragonStrike","blademaster:LightningCrash+1"],"picked":"SKIP","floor":44}],"player_experience":449676,"relics_obtained":[{"floor":1.0,"key":"Toy Ornithopter"},{"floor":1.0,"key":"blademaster:BleedingMoreDamagePerk"},{"floor":2.0,"key":"Strawberry"},{"floor":2.0,"key":"blademaster:OnAttackedChargePerk"},{"floor":5.0,"key":"Singing Bowl"},{"floor":5.0,"key":"blademaster:RandomBladePerk"},{"floor":6,"key":"Replay:Baseball"},{"floor":6,"key":"blademaster:LightningChargePerk"},{"floor":8,"key":"blademaster:BleedingLaceratePerk"},{"floor":9,"key":"Art of War"},{"floor":11,"key":"Centennial Puzzle"},{"floor":11,"key":"blademaster:FuryEveryTurnPerk"},{"floor":12,"key":"Tiny Chest"},{"floor":12,"key":"blademaster:BonusFuryPerk"},{"floor":13,"key":"Gremlin Horn"},{"floor":13,"key":"blademaster:StrongPerk"},{"floor":17,"key":"Matryoshka"},{"floor":18,"key":"Nunchaku"},{"floor":18,"key":"blademaster:RandomStancePerk"},{"floor":22,"key":"ReplayFunnel"},{"floor":22,"key":"Replay:Arrowhead"},{"floor":26,"key":"Vajra"},{"floor":26,"key":"Orichalcum"},{"floor":27,"key":"Replay:Bandana"},{"floor":27,"key":"blademaster:DextrousPerk"},{"floor":35,"key":"Replay:Multitool"},{"floor":35,"key":"blademaster:ComboEveryTurnPerk"},{"floor":36,"key":"Question Card"},{"floor":41,"key":"Pen Nib"},{"floor":41,"key":"blademaster:StanceHealPerk"},{"floor":42,"key":"Torii"},{"floor":42,"key":"blademaster:WindChargePerk"},{"floor":43,"key":"Darkstone Periapt"},{"floor":44,"key":"blademaster:BonusComboPerk"},{"floor":47,"key":"ReplayTheSpireMod:Lightbulb"},{"floor":48,"key":"MawBank"},{"floor":48,"key":"blademaster:FinisherDrawCardPerk"}],"event_choices":[{"damage_healed":0,"gold_gain":55,"player_choice":"Gained Gold","damage_taken":0,"max_hp_gain":0,"max_hp_loss":0,"event_name":"Golden Wing","floor":14,"gold_loss":0},{"damage_healed":0,"gold_gain":0,"player_choice":"Ignored","damage_taken":0,"max_hp_gain":0,"max_hp_loss":0,"event_name":"Cursed Tome","floor":20,"gold_loss":0},{"damage_healed":0,"gold_gain":0,"player_choice":"Obtained Relic","damage_taken":0,"relics_obtained":["Grinning Jar"],"max_hp_gain":0,"max_hp_loss":0,"event_name":"Addict","floor":21,"gold_loss":85},{"damage_healed":0,"gold_gain":0,"player_choice":"Gave Potion","damage_taken":0,"relics_obtained":["Replay:Bottled Snecko"],"max_hp_gain":0,"max_hp_loss":0,"event_name":"WeMeetAgain","floor":25,"gold_loss":0},{"damage_healed":0,"gold_gain":0,"player_choice":"POTION POTION ","damage_taken":19,"max_hp_gain":0,"max_hp_loss":0,"event_name":"Knowing Skull","floor":31,"potions_obtained":["Strength Potion","Explosive Potion"],"gold_loss":0,"cards_obtained":[]},{"cards_removed":["Pot Of Greed"],"damage_healed":0,"gold_gain":0,"player_choice":"Removed Skill","damage_taken":0,"max_hp_gain":0,"max_hp_loss":0,"event_name":"Falling","floor":38,"gold_loss":0},{"damage_healed":0,"gold_gain":0,"player_choice":"Embrace Madness","damage_taken":11,"max_hp_gain":0,"max_hp_loss":0,"event_name":"Winding Halls","floor":45,"gold_loss":0,"cards_obtained":["Madness","Madness"]}],"is_beta":false,"boss_relics":[{"not_picked":["Abe\u0027s Treasure","Cursed Key"],"picked":"Calling Bell"},{"not_picked":["Runic Dome","Empty Cage"],"picked":"SacredBark"}],"items_purged_floors":[],"is_endless":false,"potions_floor_spawned":[1,2,13,18,33,48],"ascension_level":11}}