{"host":"fm9e0lfunjlbhzxv","time":1610423743,"event":{"mods":["BaseMod","Bestiary","Better Match","Better Skull","Better Third Choice","Colored Map","Colored Powertips","Downfall","Key Reminder","Minty Spire (QoL Compilation)","Permanent Neow","Rare Cards Sparkle","Relic Stats","StSLib","slay the spire mod where everything is the same but ironclad has a cowboy hat"],"gold_per_floor":[99,114,131,32,47,47,47,60,45,157,7,17,34,63,82,182,182,107,117,137,154,173,183,183,193,193,204,15,25,25,10,25,122,122,122,140,160,86,86,86,113,159,159,185,202,202,202,202],"floor_reached":46,"playtime":4301,"items_purged":["Guardian:Defend_Guardian","Guardian:Strike_Guardian"],"score":480,"play_id":"7602fd2a-3a48-419d-b039-3c1fbcf91889","local_time":"20210111195543","is_ascension_mode":false,"campfire_choices":[{"floor":1,"key":"RECALL"},{"data":"Guardian:CurlUp","floor":6,"key":"SMITH"},{"data":"expansioncontent:Chronoboost","floor":11,"key":"SMITH"},{"floor":18,"key":"REST"},{"floor":26,"key":"REST"},{"floor":30,"key":"REST"},{"floor":35,"key":"REST"},{"floor":40,"key":"REST"}],"circlet_count":0,"master_deck":["Guardian:Strike_Guardian","Guardian:Defend_Guardian","Guardian:Defend_Guardian","Guardian:CurlUp+1","Guardian:TwinSlam","Guardian:ShieldSpikes","expansioncontent:Chronoboost+1","Guardian:Preprogram","Guardian:SpikerProtocol","Guardian:PrismaticBeam","Guardian:ShieldSpikes","Guardian:AncientConstruct","Guardian:GuardianWhirl","Guardian:CrystalBeam+1","Guardian:EvasiveProtocol","Guardian:Orbwalk","Guardian:GatlingBeam","Guardian:DecasProtection+1","Guardian:TimeSifter+1","Guardian:DecasProtection+1","Guardian:Emergency+1","Guardian:ArmoredProtocol","Guardian:Recover+1","Guardian:BronzeOrb","Guardian:PrismaticBeam+1","Guardian:Harden","Guardian:Recover+1"],"relics":["Velvet Choker","Tiny Chest","downfall:HeartBlessingRed","downfall:HeartBlessingBlue","Strawberry","Fusion Hammer","downfall:HeartBlessingGreen","The Courier","Astrolabe","Bag of Preparation","Orrery","Boot","CeramicFish"],"acts_visited":["Exordium","TheCity","TheBeyond"],"potions_floor_usage":[25,27,28,33],"damage_taken":[{"damage":1,"enemies":"Jaw Worm","floor":2,"turns":5},{"damage":0,"enemies":"Cultist","floor":3,"turns":4},{"damage":5,"enemies":"downfall:FleeingMerchant","floor":4,"turns":4},{"damage":2,"enemies":"Small Slimes","floor":5,"turns":3},{"damage":7,"enemies":"Blue Slaver","floor":8,"turns":4},{"damage":2,"enemies":"downfall:FleeingMerchant","floor":9,"turns":4},{"damage":0,"enemies":"Exordium Wildlife","floor":12,"turns":6},{"damage":2,"enemies":"2 Fungi Beasts","floor":13,"turns":2},{"damage":22,"enemies":"Gremlin Nob","floor":14,"turns":5},{"damage":0,"enemies":"Red Slaver","floor":15,"turns":3},{"damage":6,"enemies":"downfall:Watcher","floor":16,"turns":11},{"damage":0,"enemies":"Spheric Guardian","floor":19,"turns":5},{"damage":2,"enemies":"Shell Parasite","floor":20,"turns":5},{"damage":22,"enemies":"3 Cultists","floor":21,"turns":6},{"damage":24,"enemies":"Snecko","floor":22,"turns":7},{"damage":16,"enemies":"Chosen and Byrds","floor":23,"turns":8},{"damage":12,"enemies":"Sentry and Sphere","floor":25,"turns":7},{"damage":0,"enemies":"Shelled Parasite and Fungi","floor":27,"turns":3},{"damage":4,"enemies":"downfall:FleeingMerchant","floor":28,"turns":4},{"damage":4,"enemies":"Cultist and Chosen","floor":29,"turns":6},{"damage":9,"enemies":"downfall:FleeingMerchant","floor":31,"turns":4},{"damage":0,"enemies":"Centurion and Healer","floor":32,"turns":6},{"damage":16,"enemies":"downfall:Silent","floor":33,"turns":6},{"damage":23,"enemies":"3 Darklings","floor":36,"turns":8},{"damage":44,"enemies":"3 Shapes","floor":37,"turns":7},{"damage":6,"enemies":"downfall:FleeingMerchant","floor":38,"turns":4},{"damage":17,"enemies":"Jaw Worm Horde","floor":44,"turns":5},{"damage":9,"enemies":"3 Darklings","floor":45,"turns":5},{"damage":33,"enemies":"Transient","floor":46,"turns":4}],"seed_played":"-5534848273788639353","potions_obtained":[{"floor":8,"key":"Fire Potion"},{"floor":12,"key":"Ancient Potion"},{"floor":13,"key":"Explosive Potion"},{"floor":15,"key":"PowerPotion"},{"floor":19,"key":"Swift Potion"},{"floor":25,"key":"Guardian:DefensiveModePotion"},{"floor":27,"key":"BlessingOfTheForge"},{"floor":29,"key":"Guardian:StasisDiscoveryPotion"},{"floor":36,"key":"Ancient Potion"}],"is_trial":false,"path_per_floor":["R","M","M","$","M","R","T","M","$","?","R","M","M","E","M","B",null,"R","M","M","M","M","M","T","M","R","M","$","M","R","$","M","B",null,"R","M","M","$","?","R","T","T","$","M","M","M"],"character_chosen":"GUARDIAN","items_purchased":["expansioncontent:Chronoboost","Guardian:Gem_Crimson","Guardian:EvasiveProtocol","Bag of Preparation","Guardian:ArmoredProtocol","Orrery","Guardian:Harden"],"campfire_rested":5,"item_purchase_floors":[4,28,28,38,38,38,38],"current_hp_per_floor":[80,79,79,74,72,72,72,65,63,36,46,46,44,29,29,23,97,97,97,95,73,49,33,33,21,50,50,46,42,71,62,62,46,97,97,74,30,24,24,53,53,53,53,36,27,0,0,0],"gold":202,"neow_bonus":"BOSS_RELIC","is_daily":false,"chose_seed":false,"campfire_upgraded":2,"win_rate":0.0,"timestamp":1610423743,"path_taken":["R","M","M","$","M","R","T","M","$","?","R","M","M","E","M","BOSS","R","M","M","M","M","?","T","?","R","M","$","M","R","$","M","BOSS","R","M","M","$","?","R","T","?","?","?","M","M"],"items_purchased_type":["Card","Card","Card","Relic","Card","Relic","Card"],"build_version":"2020-12-22","purchased_purges":2,"victory":false,"max_hp_per_floor":[80,80,80,80,80,80,80,80,80,80,90,90,90,97,97,97,97,97,97,97,97,97,97,97,97,97,97,97,97,97,97,97,97,97,97,97,97,97,97,97,97,97,97,97,97,97,97,97],"relic_stats":{"counters":[29,151],"Astrolabe":["Guardian:DecasProtection","Guardian:TimeSifter","Guardian:DecasProtection"],"CeramicFish":9,"Tiny Chest":1,"Bag of Preparation":[6],"Boot":[18],"obtain_stats":[{"downfall:HeartBlessingRed":11,"Astrolabe":34,"CeramicFish":42,"Guardian:ModeShifter":0,"Velvet Choker":0,"downfall:HeartBlessingGreen":18,"The Courier":24,"Bag of Preparation":38,"Boot":41,"keyreminder:keyreminder":1,"downfall:HeartBlessingBlue":11,"Strawberry":14,"Orrery":38,"Tiny Chest":10,"Fusion Hammer":17},{"downfall:HeartBlessingRed":6,"Astrolabe":23,"CeramicFish":26,"Guardian:ModeShifter":0,"Velvet Choker":0,"downfall:HeartBlessingGreen":11,"The Courier":16,"Bag of Preparation":26,"Boot":26,"keyreminder:keyreminder":0,"downfall:HeartBlessingBlue":6,"Strawberry":9,"Orrery":26,"Tiny Chest":6,"Fusion Hammer":11},{"downfall:HeartBlessingRed":24,"Astrolabe":118,"CeramicFish":137,"Guardian:ModeShifter":0,"Velvet Choker":0,"downfall:HeartBlessingGreen":51,"The Courier":82,"Bag of Preparation":137,"Boot":137,"keyreminder:keyreminder":0,"downfall:HeartBlessingBlue":24,"Strawberry":37,"Orrery":137,"Tiny Chest":24,"Fusion Hammer":51}]},"card_choices":[{"not_picked":["Guardian:WalkerClaw","Guardian:VentSteam"],"picked":"Guardian:Gem_Lightblue","floor":2},{"not_picked":["Guardian:BronzeArmor","Guardian:Gem_Green"],"picked":"Guardian:ChargeCore","floor":3},{"not_picked":["Guardian:Gem_Lightblue","Guardian:Incinerate"],"picked":"Guardian:ShieldSpikes","floor":4},{"not_picked":["Guardian:PrimingBeam","Guardian:Gem_Green"],"picked":"Guardian:Preprogram","floor":5},{"not_picked":["Guardian:Gem_Red","Guardian:Incinerate"],"picked":"Guardian:SpikerProtocol","floor":8},{"not_picked":["Guardian:ChargeUp","Guardian:BronzeOrb"],"picked":"Guardian:Gem_Blue","floor":9},{"not_picked":["Guardian:PiercingHide","Guardian:ShieldCharger","Guardian:Clone"],"picked":"SKIP","floor":12},{"not_picked":["Guardian:RollAttack","Guardian:TimeBomb"],"picked":"Guardian:PrismaticBeam","floor":13},{"not_picked":["Guardian:Recover","Guardian:DonusPower"],"picked":"Guardian:ShieldSpikes","floor":14},{"not_picked":["Guardian:RefractedBeam","Guardian:Gem_Green"],"picked":"Guardian:Gem_Blue","floor":15},{"not_picked":["Guardian:FastForward","Guardian:HyperBeam_Guardian"],"picked":"Guardian:AncientConstruct","floor":16},{"not_picked":["Guardian:TemporalShield","Guardian:RollAttack"],"picked":"Guardian:Gem_Blue","floor":19},{"not_picked":["Guardian:ShieldSpikes","Guardian:TemporalShield"],"picked":"Guardian:Gem_Green","floor":20},{"not_picked":["Guardian:RollAttack","Guardian:PrismaticBarrier","Guardian:Planning"],"picked":"SKIP","floor":21},{"not_picked":["Guardian:ShieldCharger","Guardian:TemporalShield","Guardian:ConstructionForm"],"picked":"SKIP","floor":22},{"not_picked":["Guardian:Incinerate","Guardian:VentSteam"],"picked":"Guardian:GuardianWhirl","floor":23},{"not_picked":["Guardian:RefractedBeam","Guardian:PiercingHide","Guardian:ShieldCharger"],"picked":"SKIP","floor":25},{"not_picked":["Guardian:Gem_Cyan","Guardian:AncientConstruct"],"picked":"Guardian:CrystalBeam+1","floor":27},{"not_picked":["Guardian:Gem_Fragmented","Guardian:VentSteam","Guardian:Planning"],"picked":"SKIP","floor":28},{"not_picked":["Guardian:VentSteam","Guardian:TemporalShield+1"],"picked":"Guardian:Gem_Red","floor":29},{"not_picked":["Guardian:Gem_Red","Guardian:PrismaticBeam"],"picked":"Guardian:Orbwalk","floor":31},{"not_picked":["Guardian:Gem_Red","Guardian:Planning+1","Guardian:HyperBeam_Guardian"],"picked":"SKIP","floor":32},{"not_picked":["Guardian:SphericShield","Guardian:StasisField"],"picked":"Guardian:GatlingBeam","floor":33},{"not_picked":["Guardian:TimeCapacitor","Guardian:Incinerate","Guardian:Gem_Red"],"picked":"SKIP","floor":36},{"not_picked":["Guardian:Reroute","Guardian:PrismaticBarrier+1"],"picked":"Guardian:Emergency+1","floor":37},{"not_picked":["Guardian:GuardianWhirl","Guardian:Gem_Cyan","Guardian:FierceBash"],"picked":"SKIP","floor":38},{"not_picked":["Guardian:Preprogram","Guardian:ChargeCore+1"],"picked":"Guardian:Recover+1","floor":38},{"not_picked":["Guardian:GuardianWhirl+1","Guardian:ChargeUp"],"picked":"Guardian:Gem_Yellow","floor":38},{"not_picked":["Guardian:TemporalStrike+1","Guardian:FloatingOrbs"],"picked":"Guardian:BronzeOrb","floor":38},{"not_picked":["Guardian:Gem_Green","Guardian:PiercingHide"],"picked":"Guardian:Gem_Purple","floor":38},{"not_picked":["Guardian:PrismaticBarrier","Guardian:MultiBeam"],"picked":"Guardian:PrismaticBeam+1","floor":38},{"not_picked":["Guardian:Incinerate","Guardian:DonusPower"],"picked":"Guardian:Recover+1","floor":44},{"not_picked":["Guardian:Preprogram","Guardian:Gem_White","Guardian:StasisStrike"],"picked":"SKIP","floor":45}],"player_experience":449172,"relics_obtained":[{"floor":14,"key":"Strawberry"},{"floor":24,"key":"The Courier"},{"floor":41,"key":"Boot"},{"floor":42,"key":"CeramicFish"}],"event_choices":[{"damage_healed":0,"gold_gain":112,"player_choice":"GO RE ","damage_taken":30,"relics_obtained":["Tiny Chest"],"max_hp_gain":0,"max_hp_loss":0,"event_name":"betterSkull:BetterSkull","floor":10,"gold_loss":0,"cards_upgraded":[]},{"cards_removed":["Guardian:ChargeCore"],"damage_healed":0,"gold_gain":0,"player_choice":"Removed Attack","damage_taken":0,"max_hp_gain":0,"max_hp_loss":0,"event_name":"Falling","floor":39,"gold_loss":0}],"is_beta":false,"boss_relics":[{"not_picked":["Empty Cage","Runic Pyramid"],"picked":"Fusion Hammer"},{"not_picked":["Calling Bell","Busted Crown"],"picked":"Astrolabe"}],"items_purged_floors":[28,38],"is_endless":false,"potions_floor_spawned":[8,12,13,15,16,19,20,25,27,29,36,45],"killed_by":"Transient","ascension_level":0}}