{"host":"oehe2dxjvdgux73m","time":1610459164,"event":{"mods":["AchievementEnabler","BaseMod","Colored Map","Colored Powertips","DeckTracker","Keyboard Shortcuts","Minty Spire (QoL Compilation)","Permanent Neow","Quick Restart","StSLib","SuperFastMode"],"gold_per_floor":[117,129,149,149,165,200,200,231,231,258,272,284,295,310,310,412,412,426,398,415,434,449,449,463,474,474,474,474],"floor_reached":27,"playtime":852,"items_purged":[],"score":319,"play_id":"16c90589-30e0-47f9-b676-48361ac2d8fb","local_time":"20210112224604","is_ascension_mode":true,"campfire_choices":[{"data":"Perfected Strike","floor":7.0,"key":"SMITH"},{"data":"Bash","floor":15.0,"key":"SMITH"},{"data":"Berserk","floor":23.0,"key":"SMITH"}],"circlet_count":0,"master_deck":["Strike_R","Strike_R","Strike_R","Strike_R","Strike_R","Defend_R","Defend_R","Defend_R","Defend_R","Bash+1","Finesse","Body Slam","Wild Strike","Cleave","Perfected Strike+1","Impervious","Impervious","Pommel Strike","Perfected Strike","Berserk+1","CurseOfTheBell","Shrug It Off"],"relics":["Burning Blood","Red Skull","Blood Vial","Art of War","Bottled Lightning","Calling Bell","Potion Belt","Eternal Feather","CaptainsWheel","Blue Candle"],"acts_visited":["Exordium","TheCity"],"potions_floor_usage":[25,27],"damage_taken":[{"damage":9.0,"enemies":"Cultist","floor":1.0,"turns":4.0},{"damage":0.0,"enemies":"Small Slimes","floor":2.0,"turns":3.0},{"damage":16.0,"enemies":"Jaw Worm","floor":3.0,"turns":4.0},{"damage":11.0,"enemies":"Red Slaver","floor":5.0,"turns":3.0},{"damage":23.0,"enemies":"3 Sentries","floor":6.0,"turns":7.0},{"damage":8.0,"enemies":"Gremlin Nob","floor":8.0,"turns":3.0},{"damage":20.0,"enemies":"3 Sentries","floor":10.0,"turns":8.0},{"damage":4.0,"enemies":"Looter","floor":11.0,"turns":2.0},{"damage":0.0,"enemies":"Large Slime","floor":12.0,"turns":5.0},{"damage":6.0,"enemies":"Blue Slaver","floor":13.0,"turns":4.0},{"damage":4.0,"enemies":"Gremlin Gang","floor":14.0,"turns":3.0},{"damage":24.0,"enemies":"Slime Boss","floor":16.0,"turns":9.0},{"damage":12.0,"enemies":"Shell Parasite","floor":18.0,"turns":4.0},{"damage":10.0,"enemies":"2 Thieves","floor":19.0,"turns":5.0},{"damage":24.0,"enemies":"Snake Plant","floor":20.0,"turns":4.0},{"damage":17.0,"enemies":"Shelled Parasite and Fungi","floor":21.0,"turns":4.0},{"damage":17.0,"enemies":"Centurion and Healer","floor":22.0,"turns":6.0},{"damage":26,"enemies":"Cultist and Chosen","floor":24,"turns":6},{"damage":11,"enemies":"Chosen and Byrds","floor":25,"turns":3},{"damage":28,"enemies":"Gremlin Leader","floor":27,"turns":4}],"seed_played":"-544253813741350705","potions_obtained":[{"floor":2.0,"key":"SpeedPotion"},{"floor":4.0,"key":"Explosive Potion"},{"floor":4.0,"key":"Block Potion"},{"floor":8.0,"key":"Energy Potion"},{"floor":16.0,"key":"LiquidMemories"},{"floor":18.0,"key":"Swift Potion"},{"floor":19.0,"key":"Fruit Juice"},{"floor":22.0,"key":"AttackPotion"},{"floor":24,"key":"Energy Potion"}],"is_trial":false,"path_per_floor":["M","M","M","?","M","E","R","E","T","E","M","M","M","M","R","B",null,"M","M","M","M","M","R","M","M","T","E"],"character_chosen":"IRONCLAD","items_purchased":[],"campfire_rested":0,"item_purchase_floors":[],"current_hp_per_floor":[69,75,65,65,60,43,43,41,41,29,33,41,43,47,47,31,68,64,62,51,42,33,45,27,24,24,0,0],"gold":474,"neow_bonus":"RANDOM_COLORLESS","is_daily":false,"chose_seed":false,"campfire_upgraded":3,"win_rate":0.0,"timestamp":1610459164,"path_taken":["M","M","M","?","M","E","R","E","T","E","M","M","M","?","R","BOSS","M","M","M","M","M","R","M","M","T","E"],"items_purchased_type":[],"build_version":"2020-12-22","purchased_purges":0,"victory":false,"max_hp_per_floor":[80,80,80,80,80,80,80,80,80,80,80,80,80,80,80,80,80,80,80,85,85,85,85,85,85,85,85,85],"card_choices":[{"not_picked":["Deep Breath","Madness"],"picked":"Finesse","floor":0.0},{"not_picked":["Sword Boomerang","Inflame"],"picked":"Body Slam","floor":1.0},{"not_picked":["Inflame","Body Slam","Rupture"],"picked":"SKIP","floor":2.0},{"not_picked":["Flex","Feed"],"picked":"Wild Strike","floor":3.0},{"not_picked":["Warcry","Pommel Strike"],"picked":"Cleave","floor":5.0},{"not_picked":["Whirlwind","Reckless Charge"],"picked":"Perfected Strike","floor":6.0},{"not_picked":["Warcry","Metallicize"],"picked":"Impervious","floor":8.0},{"not_picked":["Infernal Blade","Inflame"],"picked":"Impervious","floor":10.0},{"not_picked":["Headbutt","Sword Boomerang","Rupture"],"picked":"SKIP","floor":11.0},{"not_picked":["Sword Boomerang","Warcry","Thunderclap"],"picked":"SKIP","floor":12.0},{"not_picked":["Dropkick","Hemokinesis"],"picked":"Pommel Strike","floor":13.0},{"not_picked":["Havoc","Pummel"],"picked":"Perfected Strike","floor":14.0},{"not_picked":["Corruption","Bludgeon"],"picked":"Berserk","floor":16.0},{"not_picked":["Heavy Blade","Wild Strike","Carnage"],"picked":"SKIP","floor":18.0},{"not_picked":["Entrench","Metallicize","Second Wind"],"picked":"SKIP","floor":19.0},{"not_picked":["Iron Wave","Warcry"],"picked":"Shrug It Off","floor":20.0},{"not_picked":["Sword Boomerang","Spot Weakness+1","Cleave"],"picked":"SKIP","floor":21.0},{"not_picked":["Sentinel","Reckless Charge+1","True Grit"],"picked":"SKIP","floor":22.0},{"not_picked":["Whirlwind","Reckless Charge","Juggernaut"],"picked":"SKIP","floor":24},{"not_picked":["Anger","Cleave","Sentinel"],"picked":"SKIP","floor":25}],"player_experience":135964,"relics_obtained":[{"floor":6.0,"key":"Red Skull"},{"floor":8.0,"key":"Blood Vial"},{"floor":9.0,"key":"Art of War"},{"floor":10.0,"key":"Bottled Lightning"},{"floor":17.0,"key":"Potion Belt"},{"floor":17.0,"key":"Eternal Feather"},{"floor":17.0,"key":"CaptainsWheel"},{"floor":26,"key":"Blue Candle"}],"event_choices":[{"damage_healed":0.0,"max_hp_gain":0.0,"max_hp_loss":0.0,"gold_gain":0.0,"event_name":"Lab","player_choice":"Got Potions","floor":4.0,"gold_loss":0.0,"damage_taken":0.0}],"is_beta":false,"boss_relics":[{"not_picked":["Runic Pyramid","Runic Dome"],"picked":"Calling Bell"}],"items_purged_floors":[],"is_endless":false,"potions_floor_spawned":[2,8,10,13,16,18,19,22,24],"killed_by":"Gremlin Leader","ascension_level":6}}