{"host":"6azrrw3tf7wb0f4b","time":1610432376,"event":{"mods":["BaseMod","DeckTracker","Minty Spire (QoL Compilation)","SuperFastMode"],"gold_per_floor":[109,109,109,124,141,141,151,151,178,67,80,80,93,125,125,125,125],"floor_reached":16,"playtime":314,"items_purged":[],"score":189,"play_id":"ff3cf638-1ed1-498f-a4d3-38054c626eeb","local_time":"20210112151936","is_ascension_mode":true,"campfire_choices":[{"data":"Entrench","floor":6,"key":"SMITH"},{"data":"Seeing Red","floor":8,"key":"SMITH"},{"data":"Armaments","floor":12,"key":"SMITH"},{"floor":15,"key":"REST"}],"circlet_count":0,"master_deck":["AscendersBane","Strike_R+1","Strike_R","Strike_R","Defend_R+1","Defend_R","Defend_R+1","Bash","Pummel","Entrench+1","Flame Barrier+1","Ghostly Armor","Seeing Red+1","Body Slam","Armaments+1","Blood for Blood","Bludgeon","Pommel Strike","Inflame"],"relics":["Burning Blood","Dream Catcher","War Paint"],"acts_visited":["Exordium"],"potions_floor_usage":[5,16],"damage_taken":[{"damage":11,"enemies":"Small Slimes","floor":1,"turns":5},{"damage":6,"enemies":"2 Louse","floor":4,"turns":3},{"damage":0,"enemies":"Jaw Worm","floor":5,"turns":4},{"damage":3,"enemies":"Looter","floor":7,"turns":4},{"damage":9,"enemies":"3 Louse","floor":11,"turns":3},{"damage":0,"enemies":"2 Fungi Beasts","floor":13,"turns":5},{"damage":26,"enemies":"Lagavulin","floor":14,"turns":8},{"damage":55,"enemies":"Hexaghost","floor":16,"turns":11}],"seed_played":"-6235231715697441954","potions_obtained":[{"floor":1,"key":"DistilledChaos"},{"floor":13,"key":"SpeedPotion"}],"is_trial":false,"path_per_floor":["M","?","?","M","M","R","M","R","T","$","M","R","M","E","R","B"],"character_chosen":"IRONCLAD","items_purchased":["Body Slam","Armaments"],"campfire_rested":1,"item_purchase_floors":[10,10],"current_hp_per_floor":[63,43,36,36,42,42,45,45,45,45,42,42,48,28,48,0,0],"gold":125,"neow_bonus":"TRANSFORM_TWO_CARDS","is_daily":false,"chose_seed":false,"campfire_upgraded":3,"win_rate":0.0,"timestamp":1610432376,"path_taken":["M","?","?","M","M","R","M","R","T","?","M","R","M","E","R","BOSS"],"items_purchased_type":["Card","Card"],"build_version":"2020-12-22","purchased_purges":0,"victory":false,"max_hp_per_floor":[68,68,68,68,68,68,68,68,68,68,68,68,68,68,68,68,68],"card_choices":[{"not_picked":["Feel No Pain","Flex"],"picked":"Flame Barrier","floor":1},{"not_picked":["Warcry","Heavy Blade","Clash"],"picked":"SKIP","floor":4},{"not_picked":["Heavy Blade","Sentinel"],"picked":"Ghostly Armor","floor":5},{"not_picked":["Entrench","Shrug It Off"],"picked":"Seeing Red","floor":7},{"not_picked":["Armaments","Body Slam"],"picked":"Blood for Blood","floor":11},{"not_picked":["Twin Strike","Anger"],"picked":"Bludgeon","floor":13},{"not_picked":["Warcry","Perfected Strike"],"picked":"Pommel Strike","floor":14},{"not_picked":["Flex","Thunderclap"],"picked":"Inflame","floor":15}],"player_experience":696629,"relics_obtained":[{"floor":9,"key":"Dream Catcher"},{"floor":14,"key":"War Paint"}],"event_choices":[{"damage_healed":0,"gold_gain":0,"player_choice":"Entered Light","damage_taken":20,"max_hp_gain":0,"max_hp_loss":0,"event_name":"Shining Light","floor":2,"gold_loss":0,"cards_upgraded":["Defend_R","Strike_R"]},{"cards_removed":["Defend_R"],"damage_healed":0,"gold_gain":0,"player_choice":"Card Removal","damage_taken":7,"max_hp_gain":0,"max_hp_loss":0,"event_name":"Golden Wing","floor":3,"gold_loss":0}],"is_beta":false,"boss_relics":[],"items_purged_floors":[],"is_endless":false,"potions_floor_spawned":[1,13],"killed_by":"Hexaghost","ascension_level":17}}