{"host":"oje6be5eir840l9r","time":1610480441,"event":{"mods":["2.2 Compatiblity","AchievementEnabler","Alarm Clock","BaseMod","Colored Map","DeckTracker","Highlight Path","Minty Spire (QoL Compilation)","Random Character Button","Rare Cards Sparkle"],"gold_per_floor":[115,127,146,163,163,163,193,193,220,234,234,234,248,213,213,315,315,332,332,346,346,346,346,346],"floor_reached":23,"language":"POL","playtime":1692,"items_purged":[],"score":291,"play_id":"b3a09abe-9383-4f78-8c53-317b463ac332","local_time":"20210112204041","is_ascension_mode":false,"campfire_choices":[{"data":"Darkness","floor":6,"key":"SMITH"},{"data":"Redo","floor":11,"key":"SMITH"},{"data":"Dualcast","floor":15,"key":"SMITH"}],"circlet_count":0,"master_deck":["Strike_B+1","Strike_B+1","Strike_B+1","Strike_B+1","Defend_B+1","Defend_B+1","Defend_B+1","Defend_B+1","Zap","Dualcast+1","Darkness+1","Conserve Battery","Redo+1","Stack","Double Energy","Multi-Cast","Hologram+1","Self Repair","Decay","Decay"],"relics":["Cracked Core","CultistMask","Oddly Smooth Stone","Lantern","Black Star"],"acts_visited":["Exordium","TheCity"],"potions_floor_usage":[18,20],"damage_taken":[{"damage":0,"enemies":"Cultist","floor":1,"turns":3},{"damage":0,"enemies":"Small Slimes","floor":2,"turns":3},{"damage":0,"enemies":"2 Louse","floor":3,"turns":4},{"damage":3,"enemies":"Exordium Wildlife","floor":4,"turns":4},{"damage":14,"enemies":"Lagavulin","floor":7,"turns":6},{"damage":4,"enemies":"Looter","floor":10,"turns":3},{"damage":2,"enemies":"Large Slime","floor":13,"turns":4},{"damage":55,"enemies":"Hexaghost","floor":16,"turns":12},{"damage":16,"enemies":"2 Thieves","floor":18,"turns":5},{"damage":16,"enemies":"3 Byrds","floor":20,"turns":6},{"damage":49,"enemies":"Book of Stabbing","floor":23,"turns":8}],"seed_played":"-1024749603500401562","potions_obtained":[{"floor":1,"key":"LiquidMemories"},{"floor":4,"key":"Regen Potion"},{"floor":7,"key":"Block Potion"},{"floor":13,"key":"CultistPotion"}],"is_trial":false,"path_per_floor":["M","M","M","M","?","R","E","$","T","M","R","?","M","?","R","B",null,"M","?","M","?","?","E"],"character_chosen":"DEFECT","items_purchased":[],"campfire_rested":0,"item_purchase_floors":[],"current_hp_per_floor":[68,68,68,65,65,65,51,51,51,47,47,47,45,62,62,7,68,52,52,48,48,48,0,0],"gold":346,"neow_bonus":"RANDOM_COLORLESS_2","is_daily":false,"chose_seed":false,"campfire_upgraded":3,"win_rate":0.0,"timestamp":1610480441,"path_taken":["M","M","?","M","?","R","E","?","T","M","R","?","?","?","R","BOSS","M","?","M","?","?","E"],"items_purchased_type":[],"build_version":"2020-12-22","purchased_purges":0,"victory":false,"max_hp_per_floor":[68,68,68,68,68,68,68,68,68,68,68,68,68,68,68,68,68,68,68,68,68,68,68,68],"card_choices":[{"not_picked":["Sadistic Nature","Metamorphosis"],"picked":"Chrysalis","floor":0.0},{"not_picked":["Beam Cell","Hologram"],"picked":"Darkness","floor":1},{"not_picked":["Reprogram","Rebound"],"picked":"Conserve Battery","floor":2},{"not_picked":["Melter","Streamline","Reinforced Body"],"picked":"SKIP","floor":3},{"not_picked":["Creative AI","Cold Snap","Barrage"],"picked":"SKIP","floor":4},{"not_picked":["Leap","Aggregate"],"picked":"Redo","floor":7},{"not_picked":["Sweeping Beam","Hologram"],"picked":"Stack","floor":10},{"not_picked":["Coolheaded","Aggregate"],"picked":"Double Energy","floor":13},{"not_picked":["Amplify","All For One"],"picked":"Multi-Cast","floor":16},{"not_picked":["Rebound+1","Stack"],"picked":"Hologram+1","floor":18},{"not_picked":["Go for the Eyes","BootSequence"],"picked":"Self Repair","floor":20}],"player_experience":22395,"relics_obtained":[{"floor":7,"key":"Oddly Smooth Stone"},{"floor":9,"key":"Lantern"}],"event_choices":[{"damage_healed":0,"gold_gain":0,"player_choice":"Trade","damage_taken":0,"relics_obtained":["CultistMask"],"max_hp_gain":0,"max_hp_loss":0,"event_name":"FaceTrader","floor":5,"gold_loss":0},{"damage_healed":0,"gold_gain":0,"player_choice":"Ignored","damage_taken":0,"max_hp_gain":0,"max_hp_loss":0,"event_name":"Golden Wing","floor":12,"gold_loss":0},{"damage_healed":17,"gold_gain":0,"player_choice":"Healed","damage_taken":0,"max_hp_gain":0,"max_hp_loss":0,"event_name":"The Cleric","floor":14,"gold_loss":35},{"damage_healed":0,"gold_gain":0,"player_choice":"Simplicity","damage_taken":0,"max_hp_gain":0,"max_hp_loss":0,"event_name":"Back to Basics","floor":19,"gold_loss":0,"cards_upgraded":["Strike_B","Strike_B","Strike_B","Strike_B","Defend_B","Defend_B","Defend_B","Defend_B"]},{"damage_healed":0,"gold_gain":0,"player_choice":"Smashed Altar","damage_taken":0,"max_hp_gain":0,"max_hp_loss":0,"event_name":"Forgotten Altar","floor":21,"gold_loss":0,"cards_obtained":["Decay"]},{"damage_healed":0,"gold_gain":0,"player_choice":"Cursed","damage_taken":0,"max_hp_gain":0,"max_hp_loss":0,"event_name":"Wheel of Change","floor":22,"gold_loss":0,"cards_obtained":["Decay"]}],"is_beta":false,"boss_relics":[{"not_picked":["Snecko Eye","Fusion Hammer"],"picked":"Black Star"}],"items_purged_floors":[],"is_endless":false,"potions_floor_spawned":[1,4,7,13,16],"killed_by":"Book of Stabbing","ascension_level":0}}