{"host":"dt66m9hiqmdltoz4","time":1610421386,"event":{"mods":["BaseMod","Gremlin Skip","Minty Spire (QoL Compilation)","Shop Mod","StSLib","The Alterego"],"gold_per_floor":[120,131,148,323,343,343,372,372,372,387,387,415,415,432,432,432,432],"floor_reached":16,"playtime":704,"items_purged":[],"score":137,"play_id":"dc26c83f-65ad-4312-8b4b-78d25df731ff","local_time":"20210112161626","is_ascension_mode":false,"campfire_choices":[{"floor":8,"key":"REST"},{"floor":11,"key":"REST"},{"data":"alterego_mod:SideboobHour","floor":13,"key":"SMITH"},{"floor":15,"key":"REST"}],"circlet_count":0,"master_deck":["alterego_mod:Strike","alterego_mod:Strike+1","alterego_mod:Strike","alterego_mod:Strike","alterego_mod:Defend","alterego_mod:Defend","alterego_mod:Defend","alterego_mod:Defend+1","alterego_mod:Impale","alterego_mod:BigMeatyClaws","alterego_mod:BrynhildrsRune","alterego_mod:Clap","alterego_mod:1TonWallop","alterego_mod:BiFurious","Doubt","alterego_mod:Swimsuit","alterego_mod:Maid","alterego_mod:Mirror","alterego_mod:SideboobHour+1","alterego_mod:Bounce"],"relics":["alterego_mod:MasochisticConstitution","Darkstone Periapt","Pear","Matryoshka"],"acts_visited":["Exordium"],"potions_floor_usage":[7,16],"damage_taken":[{"damage":0,"enemies":"2 Louse","floor":1,"turns":3},{"damage":22,"enemies":"Jaw Worm","floor":2,"turns":5},{"damage":4,"enemies":"Small Slimes","floor":3,"turns":3},{"damage":13,"enemies":"3 Louse","floor":5,"turns":3},{"damage":14,"enemies":"3 Sentries","floor":7,"turns":4},{"damage":11,"enemies":"Exordium Wildlife","floor":10,"turns":5},{"damage":45,"enemies":"Lagavulin","floor":12,"turns":7},{"damage":36,"enemies":"Large Slime","floor":14,"turns":6},{"damage":65,"enemies":"The Guardian","floor":16,"turns":6}],"seed_played":"-815114126540753547","potions_obtained":[{"floor":1,"key":"Strength Potion"},{"floor":3,"key":"Dexterity Potion"},{"floor":12,"key":"FairyPotion"}],"is_trial":false,"path_per_floor":["M","M","M","?","M","?","E","R","T","M","R","E","R","M","R","B"],"character_chosen":"The_Alterego","items_purchased":[],"campfire_rested":3,"item_purchase_floors":[],"current_hp_per_floor":[77,56,53,53,41,25,12,36,46,43,70,26,26,22,50,0,0],"gold":432,"neow_bonus":"TEN_PERCENT_HP_BONUS","is_daily":false,"chose_seed":false,"campfire_upgraded":1,"win_rate":0.0,"timestamp":1610421386,"path_taken":["M","M","M","?","M","?","E","R","T","M","R","E","R","M","R","BOSS"],"items_purchased_type":[],"build_version":"2020-12-22","purchased_purges":0,"victory":false,"max_hp_per_floor":[77,78,79,79,80,80,81,81,91,92,92,93,93,94,94,94,94],"card_choices":[{"not_picked":["alterego_mod:Maid","alterego_mod:BeGentle"],"picked":"alterego_mod:Clap","floor":1},{"not_picked":["alterego_mod:GoddessCore","alterego_mod:DiscoLights"],"picked":"alterego_mod:1TonWallop","floor":2},{"not_picked":["alterego_mod:DiscoLights","alterego_mod:Exercise"],"picked":"alterego_mod:BiFurious","floor":3},{"not_picked":["alterego_mod:DeftHands","alterego_mod:Nekomimi"],"picked":"alterego_mod:Swimsuit","floor":5},{"not_picked":["alterego_mod:Pet","alterego_mod:Crossover"],"picked":"alterego_mod:Maid","floor":7},{"not_picked":["alterego_mod:Jiggle","alterego_mod:PerceptionDisorder"],"picked":"alterego_mod:Mirror","floor":10},{"not_picked":["alterego_mod:Cycle","alterego_mod:Cushion"],"picked":"alterego_mod:SideboobHour","floor":12},{"not_picked":["alterego_mod:Maid","alterego_mod:BustOut"],"picked":"alterego_mod:Bounce","floor":14}],"player_experience":310841,"relics_obtained":[{"floor":7,"key":"Darkstone Periapt"},{"floor":9,"key":"Pear"},{"floor":12,"key":"Matryoshka"}],"event_choices":[{"damage_healed":0,"gold_gain":175,"player_choice":"AGREE","damage_taken":0,"max_hp_gain":0,"max_hp_loss":0,"event_name":"Liars Game","floor":4,"gold_loss":0,"cards_obtained":["Doubt"]},{"damage_healed":0,"gold_gain":0,"player_choice":"Entered Light","damage_taken":16,"max_hp_gain":0,"max_hp_loss":0,"event_name":"Shining Light","floor":6,"gold_loss":0,"cards_upgraded":["alterego_mod:Strike","alterego_mod:Defend"]}],"is_beta":false,"boss_relics":[],"items_purged_floors":[],"is_endless":false,"potions_floor_spawned":[1,3,12],"killed_by":"The Guardian","ascension_level":0}}