{"host":"ctlqibkg0sskiu65","time":1610436135,"event":{"mods":["2.2 Compatiblity","AchievementEnabler","Aspiration","BaseMod","BetterRewards","Colored Map","Colored Powertips","Conspire","Downfall","Fiend Mod","Infinite Spire","Minty Spire (QoL Compilation)","Quick Restart","Replay The Spire","Shop Mod","StSLib","The Bladedancer","The Cursed","The Hierophant","The Jungle","The Kombatant","The Poker Player","The Servant 0.9.4","TheBandit"],"gold_per_floor":[118,68,68,82,97,97,125,125,125,125,135,200,200,250,250,250,250],"floor_reached":16,"playtime":694,"items_purged":[],"score":240,"play_id":"b64e0021-014b-4094-b983-effaf3f79ce4","local_time":"20210112012215","is_ascension_mode":true,"campfire_choices":[{"data":"Neutralize","floor":6,"key":"SMITH"},{"data":"Poisoned Stab","floor":8,"key":"SMITH"},{"data":"Bandage Up","floor":13,"key":"SMITH"},{"floor":15,"key":"REST"}],"circlet_count":0,"master_deck":["AscendersBane","Strike_G","Strike_G","Strike_G","Strike_G","Defend_G","Defend_G","Defend_G","Defend_G","Defend_G","Survivor","Neutralize","Dodge and Roll","Bandage Up+1","Cloak And Dagger","Neutralize+1","Poisoned Stab+1"],"relics":["Ring of the Snake","Lantern","Oddly Smooth Stone","Replay:Ringing Soul","SsserpentHead"],"acts_visited":["Exordium"],"potions_floor_usage":[7,16],"damage_taken":[{"damage":2,"enemies":"2 Louse","floor":1,"turns":4},{"damage":0,"enemies":"Small Slimes","floor":4,"turns":4},{"damage":0,"enemies":"Cultist","floor":5,"turns":5},{"damage":42,"enemies":"3 Sentries","floor":7,"turns":18},{"damage":12,"enemies":"Large Slime","floor":11,"turns":8},{"damage":0,"enemies":"Red Slaver","floor":12,"turns":4},{"damage":58,"enemies":"Hexaghost","floor":16,"turns":17}],"seed_played":"9069159166251939835","potions_obtained":[{"floor":4,"key":"Weak Potion"},{"floor":5,"key":"SteroidPotion"},{"floor":12,"key":"DuplicationPotion"}],"is_trial":false,"path_per_floor":["M","?","?","M","M","R","E","R","T","?","M","M","R","?","R","B"],"character_chosen":"THE_SILENT","items_purchased":["Lantern","Dodge and Roll","Bandage Up"],"campfire_rested":1,"item_purchase_floors":[0,0,0],"current_hp_per_floor":[65,65,65,69,70,70,32,32,32,32,24,28,28,28,49,0,0],"gold":250,"neow_bonus":"","is_daily":false,"chose_seed":false,"campfire_upgraded":3,"win_rate":0.0,"timestamp":1610436135,"path_taken":["M","?","?","M","?","R","E","R","T","?","M","?","R","?","R","BOSS"],"items_purchased_type":["Relic","Card","Card"],"build_version":"2020-12-22","purchased_purges":0,"victory":false,"max_hp_per_floor":[70,70,70,70,70,70,70,70,70,70,70,70,70,70,70,70,70],"card_choices":[{"not_picked":["Calculated Gamble","Prepared"],"picked":"Cloak And Dagger","floor":1},{"not_picked":["Draining Mist","Underhanded Strike","Choke"],"picked":"SKIP","floor":4},{"not_picked":["Dagger Throw","Dodge and Roll","ReplayTheSpireMod:Tripwire"],"picked":"SKIP","floor":5},{"not_picked":["Dagger Spray","Deadly Poison"],"picked":"Poisoned Stab","floor":7},{"not_picked":["Backflip","Well Laid Plans","Deflect"],"picked":"SKIP","floor":11},{"not_picked":["Backflip","Deflect","Dodge and Roll"],"picked":"SKIP","floor":12}],"player_experience":199155,"relics_obtained":[{"floor":7,"key":"Oddly Smooth Stone"},{"floor":9,"key":"Replay:Ringing Soul"}],"event_choices":[{"cards_removed":["Strike_G"],"damage_healed":0,"gold_gain":0,"player_choice":"Card Removal","damage_taken":0,"max_hp_gain":0,"max_hp_loss":0,"event_name":"The Cleric","floor":2,"gold_loss":50},{"damage_healed":0,"gold_gain":0,"player_choice":"1 cards matched","damage_taken":0,"max_hp_gain":0,"max_hp_loss":0,"event_name":"Match and Keep!","floor":3,"gold_loss":0,"cards_obtained":["Neutralize"]},{"damage_healed":0,"gold_gain":0,"player_choice":"Trade","damage_taken":0,"relics_obtained":["SsserpentHead"],"max_hp_gain":0,"max_hp_loss":0,"event_name":"FaceTrader","floor":10,"gold_loss":0},{"damage_healed":0,"gold_gain":0,"player_choice":"Ignored","damage_taken":0,"max_hp_gain":0,"max_hp_loss":0,"event_name":"Transmorgrifier","floor":14,"gold_loss":0}],"is_beta":false,"boss_relics":[],"items_purged_floors":[],"is_endless":false,"potions_floor_spawned":[4,5,12],"killed_by":"Hexaghost","ascension_level":12}}