{"host":"7l2t4psy44vpcd9q","time":1610453611,"event":{"mods":["AchievementEnabler","BaseMod","DeckTracker","Minty Spire (QoL Compilation)","SuperFastMode"],"gold_per_floor":[119,136,149,149,149,149,179,190,214,214,51,61,61,94,94,173,173,191,191,106,146,46,46,61,7,7,57,57,85,98,110,110,188,188,207,207,225,113,130,130,130,149,149,24,37,90,90,118,118,118,118,118],"floor_reached":51,"playtime":2652,"items_purged":["Strike_R","Strike_R","Parasite"],"score":1370,"play_id":"7a2cd2e0-d1ad-4e7a-8e4d-3276cd431d34","local_time":"20210112211331","is_ascension_mode":true,"campfire_choices":[{"data":"Bash","floor":6.0,"key":"SMITH"},{"floor":10.0,"key":"REST"},{"data":"Fire Breathing","floor":15.0,"key":"SMITH"},{"data":"Perfected Strike","floor":23.0,"key":"SMITH"},{"data":"Offering","floor":32.0,"key":"SMITH"},{"data":"Shrug It Off","floor":40.0,"key":"SMITH"},{"data":"Pommel Strike","floor":47.0,"key":"SMITH"},{"data":"Hemokinesis","floor":49.0,"key":"SMITH"}],"circlet_count":0,"master_deck":["AscendersBane","Strike_R","Strike_R","Defend_R","Defend_R+1","Defend_R+1","Bash+1","Clothesline+1","Wild Strike","Cleave+1","Perfected Strike+1","Fire Breathing+1","Reaper","Hemokinesis+1","Perfected Strike","Perfected Strike","Offering+1","Entrench+1","Shrug It Off+1","Iron Wave+1","Intimidate","Wild Strike","Pommel Strike+1","Power Through+1","Twin Strike","Entrench"],"relics":["Burning Blood","Orichalcum","Ancient Tea Set","Whetstone","Snecko Eye","Bag of Preparation","Toy Ornithopter","Bag of Marbles","Cursed Key","StrikeDummy","Lizard Tail","Happy Flower"],"acts_visited":["Exordium","TheCity","TheBeyond"],"potions_floor_usage":[],"damage_taken":[{"damage":1.0,"enemies":"Cultist","floor":1.0,"turns":3.0},{"damage":12.0,"enemies":"Jaw Worm","floor":2.0,"turns":3.0},{"damage":5.0,"enemies":"2 Louse","floor":3.0,"turns":4.0},{"damage":26.0,"enemies":"Gremlin Nob","floor":7.0,"turns":4.0},{"damage":3.0,"enemies":"Blue Slaver","floor":8.0,"turns":3.0},{"damage":0.0,"enemies":"3 Louse","floor":12.0,"turns":3.0},{"damage":28.0,"enemies":"Lagavulin","floor":14.0,"turns":6.0},{"damage":39.0,"enemies":"Hexaghost","floor":16.0,"turns":9.0},{"damage":0.0,"enemies":"Shell Parasite","floor":18.0,"turns":1.0},{"damage":5.0,"enemies":"Chosen","floor":21.0,"turns":3.0},{"damage":6.0,"enemies":"3 Cultists","floor":24.0,"turns":4.0},{"damage":27.0,"enemies":"Gremlin Leader","floor":29.0,"turns":4.0},{"damage":22.0,"enemies":"Shelled Parasite and Fungi","floor":30.0,"turns":4.0},{"damage":12.0,"enemies":"Centurion and Healer","floor":31.0,"turns":3.0},{"damage":73.0,"enemies":"Champ","floor":33.0,"turns":10.0},{"damage":0.0,"enemies":"Orb Walker","floor":35.0,"turns":2.0},{"damage":20.0,"enemies":"3 Shapes","floor":37.0,"turns":3.0},{"damage":26.0,"enemies":"Maw","floor":39.0,"turns":5.0},{"damage":0.0,"enemies":"Giant Head","floor":41.0,"turns":4.0},{"damage":8.0,"enemies":"Jaw Worm Horde","floor":42.0,"turns":3.0},{"damage":21.0,"enemies":"Writhing Mass","floor":45.0,"turns":5.0},{"damage":8.0,"enemies":"2 Orb Walkers","floor":46.0,"turns":2.0},{"damage":40.0,"enemies":"Nemesis","floor":48.0,"turns":5.0},{"damage":99.0,"enemies":"Donu and Deca","floor":50.0,"turns":10.0},{"damage":0,"enemies":"Time Eater","floor":51,"turns":1}],"seed_played":"-4056952478934851812","potions_obtained":[{"floor":8.0,"key":"Explosive Potion"},{"floor":12.0,"key":"Strength Potion"},{"floor":16.0,"key":"ColorlessPotion"},{"floor":21.0,"key":"Regen Potion"},{"floor":29.0,"key":"SneckoOil"},{"floor":33.0,"key":"AttackPotion"},{"floor":36.0,"key":"SneckoOil"},{"floor":42.0,"key":"SpeedPotion"}],"is_trial":false,"path_per_floor":["M","M","M","?","?","R","E","M","T","R","$","M","?","E","R","B",null,"M","?","?","M","$","R","M","$","T","?","?","E","M","M","R","B",null,"M","?","M","$","M","R","E","M","T","$","M","?","R","E","R","B","B"],"character_chosen":"IRONCLAD","items_purchased":["Fire Breathing","PowerPotion","SmokeBomb"],"campfire_rested":1,"item_purchase_floors":[11,25,38],"current_hp_per_floor":[73,67,68,68,45,45,25,28,28,50,50,56,56,43,43,16,60,72,51,51,56,56,56,70,70,70,70,70,74,70,80,80,24,66,78,78,78,78,58,58,69,75,75,75,63,73,73,44,44,8,8,8],"gold":118,"neow_bonus":"REMOVE_CARD","is_daily":false,"chose_seed":false,"campfire_upgraded":7,"win_rate":0.0,"timestamp":1610453611,"path_taken":["M","M","?","?","?","R","E","M","T","R","?","M","?","E","R","BOSS","M","?","?","?","$","R","M","$","T","?","?","E","M","M","R","BOSS","M","?","M","$","M","R","E","?","T","$","M","?","R","E","R","BOSS","BOSS"],"items_purchased_type":["Card","Potion","Potion"],"build_version":"2020-12-22","purchased_purges":3,"victory":false,"max_hp_per_floor":[75,75,75,75,75,75,75,75,75,75,75,75,75,75,75,75,75,75,80,80,80,80,80,80,80,80,80,80,80,80,80,80,80,80,80,80,80,80,80,80,80,80,80,77,77,77,77,77,77,77,77,77],"card_choices":[{"not_picked":["Pommel Strike","Anger"],"picked":"Clothesline","floor":1.0},{"not_picked":["Anger","Disarm"],"picked":"Wild Strike","floor":2.0},{"not_picked":["Sword Boomerang","Wild Strike"],"picked":"Cleave","floor":3.0},{"not_picked":["Cleave","Body Slam","Heavy Blade"],"picked":"SKIP","floor":7.0},{"not_picked":["Havoc","Metallicize"],"picked":"Perfected Strike","floor":8.0},{"not_picked":["Flex","Wild Strike","Clothesline"],"picked":"SKIP","floor":12.0},{"not_picked":["Juggernaut","Clothesline"],"picked":"Hemokinesis","floor":14.0},{"not_picked":["Twin Strike","Dropkick+1","Flex"],"picked":"SKIP","floor":18.0},{"not_picked":["Spot Weakness","Second Wind"],"picked":"Perfected Strike","floor":21.0},{"not_picked":["Rupture","Hemokinesis+1"],"picked":"Perfected Strike","floor":24.0},{"not_picked":["Hemokinesis","Body Slam"],"picked":"Offering","floor":29.0},{"not_picked":["Pommel Strike","Headbutt"],"picked":"Entrench+1","floor":30.0},{"not_picked":["Infernal Blade","True Grit"],"picked":"Shrug It Off","floor":31.0},{"not_picked":["Warcry","Sentinel"],"picked":"Iron Wave+1","floor":35.0},{"not_picked":["Perfected Strike","Wild Strike"],"picked":"Intimidate","floor":37.0},{"not_picked":["Iron Wave","Seeing Red"],"picked":"Wild Strike","floor":39.0},{"not_picked":["Warcry","Cleave"],"picked":"Pommel Strike","floor":42.0},{"not_picked":["Wild Strike","Havoc+1"],"picked":"Power Through+1","floor":45.0},{"not_picked":["Warcry","Flex"],"picked":"Twin Strike","floor":46.0},{"not_picked":["Dual Wield","Flex"],"picked":"Entrench","floor":48.0}],"player_experience":1217761,"relics_obtained":[{"floor":7.0,"key":"Orichalcum"},{"floor":9.0,"key":"Ancient Tea Set"},{"floor":14.0,"key":"Whetstone"},{"floor":26.0,"key":"Toy Ornithopter"},{"floor":29.0,"key":"Bag of Marbles"},{"floor":43.0,"key":"StrikeDummy"},{"floor":46.0,"key":"Lizard Tail"},{"floor":48.0,"key":"Happy Flower"}],"event_choices":[{"cards_removed":["Strike_R"],"damage_healed":0.0,"max_hp_gain":0.0,"max_hp_loss":0.0,"gold_gain":0.0,"event_name":"Living Wall","player_choice":"Forget","floor":4.0,"gold_loss":0.0,"damage_taken":0.0},{"damage_healed":0.0,"max_hp_gain":0.0,"max_hp_loss":0.0,"gold_gain":0.0,"event_name":"Shining Light","player_choice":"Entered Light","floor":5.0,"gold_loss":0.0,"damage_taken":23.0,"cards_upgraded":["Defend_R","Defend_R"]},{"damage_healed":0.0,"max_hp_gain":0.0,"max_hp_loss":0.0,"gold_gain":0.0,"event_name":"Match and Keep!","player_choice":"1 cards matched","floor":13.0,"gold_loss":0.0,"damage_taken":0.0,"cards_obtained":["Reaper"]},{"damage_healed":0.0,"max_hp_gain":5.0,"max_hp_loss":0.0,"gold_gain":0.0,"event_name":"Forgotten Altar","player_choice":"Shed Blood","floor":19.0,"gold_loss":0.0,"damage_taken":26.0},{"damage_healed":0.0,"max_hp_gain":0.0,"max_hp_loss":0.0,"gold_gain":0.0,"event_name":"Addict","player_choice":"Obtained Relic","floor":20.0,"gold_loss":85.0,"damage_taken":0.0,"relics_obtained":["Bag of Preparation"]},{"damage_healed":0.0,"max_hp_gain":0.0,"max_hp_loss":0.0,"gold_gain":50.0,"event_name":"Nest","player_choice":"Stole From Cult","floor":27.0,"gold_loss":0.0,"damage_taken":0.0},{"damage_healed":0.0,"max_hp_gain":0.0,"max_hp_loss":0.0,"gold_gain":0.0,"event_name":"Vampires","player_choice":"Ignored","floor":28.0,"gold_loss":0.0,"damage_taken":0.0},{"damage_healed":0.0,"max_hp_gain":0.0,"max_hp_loss":0.0,"gold_gain":0.0,"event_name":"Lab","player_choice":"Got Potions","floor":36.0,"gold_loss":0.0,"damage_taken":0.0},{"damage_healed":0.0,"max_hp_gain":0.0,"max_hp_loss":0.0,"gold_gain":0.0,"event_name":"Mysterious Sphere","player_choice":"Fight","floor":46.0,"gold_loss":0.0,"damage_taken":0.0}],"is_beta":false,"boss_relics":[{"not_picked":["Velvet Choker","SlaversCollar"],"picked":"Snecko Eye"},{"not_picked":["Runic Pyramid","Busted Crown"],"picked":"Cursed Key"}],"items_purged_floors":[11,22,44],"is_endless":false,"potions_floor_spawned":[8,12,16,21,29,33,39,42,46],"killed_by":"Time Eater","ascension_level":20}}