{"host":"dhr6iszse2qz12e2","time":1610436504,"event":{"mods":["A Magickal Journey","Act Like it!","BaseMod","BetterRewards","Colored Map","Downfall","Gensokyo","Hubris","Infinite Spire","Marisa????????","Minty Spire (QoL Compilation)","Permanent Neow","Quick Restart","Replay The Spire","Shop Mod","StSLib","The Animator","The Cursed","The Hierophant","The IronCluck","The Jungle","everything is the same but u backflip on backflip","slay the spire mod where everything is the same but ironclad has a cowboy hat"],"gold_per_floor":[117,117,128,128,128,128,156,156,228,228,261,276,309,336,336,431,481,495,495,513,283,283,314,314,314,365,365,365,384,403,418,418,517,517,534,534,534,434,479,479,494,494,521,541,541,560,579,596,596,596],"floor_reached":51,"playtime":2030,"items_purged":["Strike_R","Defend_R"],"score":833,"play_id":"a4a33860-0b4c-4f6d-b4e7-e15009934bef","local_time":"20210112092824","is_ascension_mode":false,"campfire_choices":[{"floor":6,"key":"RECALL"},{"floor":10,"key":"REST"},{"data":"Defend_R","floor":15,"key":"PURGE"},{"data":"infinitespire:Oblivion","floor":27,"key":"SMITH"},{"floor":32,"key":"REST"},{"data":"Flex","floor":40,"key":"SMITH"},{"data":"Dropkick","floor":42,"key":"SMITH"},{"floor":49,"key":"REST"}],"circlet_count":0,"master_deck":["Strike_R+1","Strike_R+1","Strike_R+2","Bash","Offering","Dropkick+1","Offering+1","infinitespire:Oblivion+1","J.A.X.","Flex+1","Panacea","ReplayTheSpireMod:Corrosion Curse"],"relics":["Burning Blood","ReplayFunnel","Torii","infinitespire:Satchel","PreservedInsect","Replay:Mystery Machine","Tiny House","Vajra","ReplayTheSpireMod:Lightbulb","infinitespire:Joker Card","Simple Rune","Enchiridion","hubris:CrackedHourglass","hubris:Icosahedron","Replay:PocketPolymizer","Whetstone"],"acts_visited":["Exordium","TheCity","TheBeyond"],"potions_floor_usage":[7,11,16,16,18,23,23,46,46,50,50,50],"damage_taken":[{"damage":7,"enemies":"Small Slimes","floor":1,"turns":4},{"damage":9,"enemies":"2 Louse","floor":3,"turns":2},{"damage":30,"enemies":"Lagavulin","floor":7,"turns":5},{"damage":18,"enemies":"3 Sentries","floor":11,"turns":10},{"damage":6,"enemies":"Cultist","floor":12,"turns":2},{"damage":19,"enemies":"Gremlin Nob","floor":13,"turns":4},{"damage":14,"enemies":"Slime Boss","floor":16,"turns":7},{"damage":17,"enemies":"Spheric Guardian","floor":18,"turns":4},{"damage":12,"enemies":"Chosen","floor":20,"turns":2},{"damage":12,"enemies":"Book of Stabbing","floor":23,"turns":1},{"damage":15,"enemies":"3 Cultists","floor":29,"turns":2},{"damage":21,"enemies":"Shelled Parasite and Fungi","floor":30,"turns":2},{"damage":12,"enemies":"Cultist and Chosen","floor":31,"turns":2},{"damage":21,"enemies":"Champ","floor":33,"turns":2},{"damage":11,"enemies":"3 Shapes","floor":35,"turns":3},{"damage":18,"enemies":"2 Orb Walkers","floor":39,"turns":2},{"damage":15,"enemies":"3 Darklings","floor":41,"turns":2},{"damage":18,"enemies":"Sphere and 2 Shapes","floor":44,"turns":2},{"damage":21,"enemies":"Transient","floor":46,"turns":5},{"damage":12,"enemies":"Maw","floor":47,"turns":2},{"damage":6,"enemies":"4 Shapes","floor":48,"turns":5},{"damage":36,"enemies":"Donu and Deca","floor":50,"turns":2}],"seed_played":"2076525017095204425","potions_obtained":[{"floor":3,"key":"ColorlessPotion"},{"floor":7,"key":"Block Potion"},{"floor":11,"key":"BloodPotion"},{"floor":12,"key":"BlessingOfTheForge"},{"floor":16,"key":"SteroidPotion"},{"floor":17,"key":"LiquidBronze"},{"floor":18,"key":"SteroidPotion"},{"floor":29,"key":"Death Potion"},{"floor":33,"key":"Weak Potion"},{"floor":35,"key":"SpeedPotion"},{"floor":41,"key":"Guardian:BlockOnCardUsePotion"},{"floor":46,"key":"Adrenaline Potion"},{"floor":48,"key":"Adrenaline Potion"}],"is_trial":false,"path_per_floor":["M","?","M","?","?","R","E","?","T","R","E","M","E","T","R_BF","B",null,"M","?","M","$","?","E","AVR","?","T","R","?","M","M","M","R","B",null,"M","?","?","$","?","R","M","R","T","M","?","M","M","M","R","B",null],"character_chosen":"IRONCLAD","items_purchased":["Vajra"],"campfire_rested":3,"item_purchase_floors":[21],"current_hp_per_floor":[79,61,58,58,58,58,34,34,34,58,46,46,33,33,33,41,85,74,74,68,68,68,62,62,62,62,62,46,37,22,16,41,26,85,80,80,80,80,68,68,59,59,59,47,47,32,26,26,51,21],"gold":596,"neow_bonus":"REMOVE_CARD","is_daily":false,"chose_seed":false,"campfire_upgraded":3,"win_rate":0.0,"timestamp":1610436504,"path_taken":["M","?","M","?","?","R","E","?","T","R","E","?","E","?","R_BF","BOSS","M","?","M","$","?","E","AVR","?","T","R","?","M","M","M","R","BOSS","M","?","?","$","?","R","M","R","T","M","?","M","M","M","R","BOSS"],"items_purchased_type":["Relic"],"build_version":"2020-12-22","purchased_purges":2,"victory":true,"max_hp_per_floor":[80,80,80,80,80,80,80,80,80,80,80,80,80,80,80,80,85,85,85,85,85,85,85,85,85,85,85,85,85,85,85,85,85,85,85,85,85,85,85,85,85,85,85,85,85,85,85,85,85,85],"card_choices":[{"not_picked":["Cleave","ReplayReversal","ReplayTheSpireMod:Corrosion Curse"],"picked":"SKIP","floor":1},{"not_picked":["Dropkick","Clash","ReplayTheSpireMod:Limb From Limb"],"picked":"SKIP","floor":3},{"not_picked":["Run Through","Feel No Pain"],"picked":"Offering","floor":7},{"not_picked":["Sever Soul","Thunderclap"],"picked":"Dropkick","floor":11},{"not_picked":["Thunderclap","Run Through","Iron Wave"],"picked":"SKIP","floor":12},{"not_picked":["Warcry","Anger","Sword Boomerang"],"picked":"SKIP","floor":13},{"not_picked":["Barricade","Impervious"],"picked":"Offering","floor":16},{"not_picked":["Havoc","Bloodletting","Heavy Blade"],"picked":"SKIP","floor":18},{"not_picked":["Twin Strike+1","Flame Barrier","Run Through"],"picked":"SKIP","floor":20},{"not_picked":["Armaments","Havoc","Replay:Many Hands"],"picked":"SKIP","floor":23},{"not_picked":["Armaments","Havoc","Replay:Many Hands"],"picked":"SKIP","floor":23},{"not_picked":["Wild Strike","hubris:CleavingFinish+1","Shrug It Off+1"],"picked":"SKIP","floor":29},{"not_picked":["Flex","Sword Boomerang","Body Slam"],"picked":"SKIP","floor":30},{"not_picked":["Armaments","Life Link","Anger"],"picked":"SKIP","floor":31},{"not_picked":["Replay:Undeath\u0027s Touch+1","Warcry"],"picked":"Flex","floor":35},{"not_picked":["Second Wind+1","Clash","Fire Breathing"],"picked":"SKIP","floor":41},{"not_picked":["True Grit","Uppercut+1","Cleave"],"picked":"SKIP","floor":44},{"not_picked":["Headbutt+1","Warcry+1","Sword Boomerang+1"],"picked":"SKIP","floor":46},{"not_picked":["Intimidate","Wild Strike+1","Thunderclap+1"],"picked":"SKIP","floor":47},{"not_picked":["Feel No Pain","Iron Wave","ReplayTheSpireMod:Muscle Training"],"picked":"SKIP","floor":48}],"player_experience":434996,"relics_obtained":[{"floor":7,"key":"Torii"},{"floor":11,"key":"infinitespire:Satchel"},{"floor":13,"key":"PreservedInsect"},{"floor":14,"key":"Replay:Mystery Machine"},{"floor":23,"key":"ReplayTheSpireMod:Lightbulb"},{"floor":26,"key":"Simple Rune"},{"floor":28,"key":"Enchiridion"},{"floor":39,"key":"Replay:PocketPolymizer"},{"floor":43,"key":"Whetstone"}],"event_choices":[{"damage_healed":0,"gold_gain":0,"player_choice":"Success","damage_taken":18,"relics_obtained":["ReplayFunnel"],"max_hp_gain":0,"max_hp_loss":0,"event_name":"Scrap Ooze","floor":2,"gold_loss":0},{"damage_healed":0,"gold_gain":0,"cards_transformed":["Defend_R"],"player_choice":"Transformed","damage_taken":0,"max_hp_gain":0,"max_hp_loss":0,"event_name":"Transmorgrifier","floor":8,"gold_loss":0,"cards_obtained":["ReplayTheSpireMod:Stacked"]},{"damage_healed":0,"gold_gain":0,"player_choice":"Ignored","damage_taken":0,"max_hp_gain":0,"max_hp_loss":0,"event_name":"The Mausoleum","floor":19,"gold_loss":0},{"damage_healed":0,"gold_gain":0,"player_choice":"Obtain J.A.X.","damage_taken":0,"max_hp_gain":0,"max_hp_loss":0,"event_name":"Drug Dealer","floor":25,"gold_loss":0,"cards_obtained":["J.A.X."]},{"damage_healed":0,"gold_gain":0,"player_choice":"Obtained Book","damage_taken":16,"max_hp_gain":0,"max_hp_loss":0,"event_name":"Cursed Tome","floor":28,"gold_loss":0},{"damage_healed":0,"gold_gain":0,"player_choice":"Fight","damage_taken":0,"max_hp_gain":0,"max_hp_loss":0,"event_name":"Mysterious Sphere","floor":39,"gold_loss":0},{"damage_healed":0,"gold_gain":0,"player_choice":"1 cards matched","damage_taken":0,"max_hp_gain":0,"max_hp_loss":0,"event_name":"Match and Keep!","floor":45,"gold_loss":0,"cards_obtained":["Panacea"]}],"is_beta":false,"boss_relics":[{"not_picked":["Replay:Grab Bag","Replay:Fungal Core"],"picked":"Tiny House"},{"not_picked":["hubris:RunicObelisk","Runic Dome"],"picked":"hubris:CrackedHourglass"}],"items_purged_floors":[21,38],"is_endless":false,"potions_floor_spawned":[3,7,11,12,16,18,29,33,35,41,46,48],"ascension_level":0}}