{"host":"6azrrw3tf7wb0f4b","time":1610431842,"event":{"mods":["BaseMod","DeckTracker","Minty Spire (QoL Compilation)","SuperFastMode"],"gold_per_floor":[116,127,127,139,150,150,150,150,175,188,146,164,177,43,43,43,43],"floor_reached":16,"playtime":567,"items_purged":[],"score":174,"play_id":"5a081051-4ebf-45b0-9e3a-f3ce57f1270b","local_time":"20210112151042","is_ascension_mode":true,"campfire_choices":[{"data":"True Grit","floor":6,"key":"SMITH"},{"data":"Entrench","floor":8,"key":"SMITH"},{"data":"Body Slam","floor":15,"key":"SMITH"}],"circlet_count":0,"master_deck":["AscendersBane","Strike_R","Strike_R","Strike_R","Strike_R","Strike_R","Defend_R","Defend_R","Defend_R","Defend_R","Bash","Offering","Entrench+1","True Grit+1","Uppercut+1","Feel No Pain","Body Slam+1","Wild Strike","Feel No Pain"],"relics":["Burning Blood","Potion Belt"],"acts_visited":["Exordium"],"potions_floor_usage":[5,16],"damage_taken":[{"damage":10,"enemies":"2 Louse","floor":1,"turns":3},{"damage":13,"enemies":"Jaw Worm","floor":2,"turns":3},{"damage":6,"enemies":"Cultist","floor":4,"turns":3},{"damage":5,"enemies":"Exordium Wildlife","floor":5,"turns":5},{"damage":20,"enemies":"Large Slime","floor":10,"turns":7},{"damage":26,"enemies":"2 Fungi Beasts","floor":12,"turns":5},{"damage":9,"enemies":"Looter","floor":13,"turns":4},{"damage":28,"enemies":"Hexaghost","floor":16,"turns":10}],"seed_played":"-1120817586765002770","potions_obtained":[{"floor":1,"key":"DuplicationPotion"},{"floor":2,"key":"Block Potion"},{"floor":12,"key":"CultistPotion"}],"is_trial":false,"path_per_floor":["M","M","?","M","M","R","?","R","T","M","$","M","M","$","R","B"],"character_chosen":"IRONCLAD","items_purchased":["Feel No Pain","Wild Strike","Feel No Pain"],"campfire_rested":0,"item_purchase_floors":[11,14,14],"current_hp_per_floor":[64,57,62,62,63,63,63,63,63,49,49,29,26,26,26,0,0],"gold":43,"neow_bonus":"ONE_RANDOM_RARE_CARD","is_daily":false,"chose_seed":false,"campfire_upgraded":3,"win_rate":0.0,"timestamp":1610431842,"path_taken":["M","M","?","M","M","R","?","R","T","M","$","M","M","$","R","BOSS"],"items_purchased_type":["Card","Card","Card"],"build_version":"2020-12-22","purchased_purges":0,"victory":false,"max_hp_per_floor":[75,75,80,80,80,80,80,80,80,80,80,80,80,80,80,80,80],"card_choices":[{"not_picked":["Iron Wave","Bloodletting"],"picked":"Entrench","floor":1},{"not_picked":["Twin Strike","Searing Blow"],"picked":"True Grit","floor":2},{"not_picked":["Havoc","Rupture"],"picked":"Uppercut","floor":4},{"not_picked":["Clash","Twin Strike","Headbutt"],"picked":"SKIP","floor":5},{"not_picked":["Rupture","Anger","Clash"],"picked":"SKIP","floor":10},{"not_picked":["Dual Wield","Spot Weakness"],"picked":"Body Slam","floor":12},{"not_picked":["Exhume","Inflame","Reckless Charge"],"picked":"SKIP","floor":13}],"player_experience":695857,"relics_obtained":[{"floor":9,"key":"Potion Belt"}],"event_choices":[{"damage_healed":0,"gold_gain":0,"player_choice":"Donut","damage_taken":0,"max_hp_gain":5,"max_hp_loss":0,"event_name":"Big Fish","floor":3,"gold_loss":0},{"damage_healed":0,"gold_gain":0,"player_choice":"Upgraded","damage_taken":0,"max_hp_gain":0,"max_hp_loss":0,"event_name":"Upgrade Shrine","floor":7,"gold_loss":0,"cards_upgraded":["Uppercut"]}],"is_beta":false,"boss_relics":[],"items_purged_floors":[],"is_endless":false,"potions_floor_spawned":[1,2,4,12],"killed_by":"Hexaghost","ascension_level":17}}