{"host":"f0gpob8hq9vgebej","time":1610434055,"event":{"mods":["AchievementEnabler","BaseMod","Minty Spire (QoL Compilation)","Quick Restart","SuperFastMode"],"gold_per_floor":[109,124,134,148,148,148,148,183,183,183,201,218,293,25,25,122,122,137,156,169,169,18,18,33,53,53,64,84,84,94,108,108,211,211,225,242,242,256,139,172,122,122,122,147,45,95,95,109,109,109],"floor_reached":51,"playtime":992,"items_purged":["Strike_B","Strike_B","Strike_B","Defend_B"],"score":859,"play_id":"36405fc6-65d9-4d59-99c3-02f70f6af513","local_time":"20210112154735","is_ascension_mode":true,"campfire_choices":[{"data":"Zap","floor":6,"key":"SMITH"},{"data":"Static Discharge","floor":10,"key":"SMITH"},{"data":"Loop","floor":15,"key":"SMITH"},{"data":"Amplify","floor":23,"key":"SMITH"},{"data":"Loop","floor":32,"key":"SMITH"},{"data":"Storm","floor":47,"key":"SMITH"},{"data":"Fission","floor":49,"key":"SMITH"}],"circlet_count":0,"master_deck":["Defend_B","Defend_B","Defend_B","Zap+1","Dualcast","Self Repair","Chill","Static Discharge+1","Ball Lightning","Loop+1","Biased Cognition","CurseOfTheBell","Biased Cognition","Amplify+1","Ball Lightning","Loop+1","Conserve Battery+1","Fission+1","Storm+1","Tempest","Flash of Steel","Reboot"],"relics":["Cracked Core","Bird Faced Urn","Mango","DataDisk","Calling Bell","Juzu Bracelet","Gambling Chip","Calipers","Girya","Nloth\u0027s Gift","Nuclear Battery","Smiling Mask","Bag of Preparation","Bronze Scales","Thread and Needle","TungstenRod"],"acts_visited":["Exordium","TheCity","TheBeyond"],"potions_floor_usage":[8,16,33,50],"damage_taken":[{"damage":1,"enemies":"Cultist","floor":1,"turns":3},{"damage":13,"enemies":"Jaw Worm","floor":2,"turns":4},{"damage":13,"enemies":"Small Slimes","floor":3,"turns":4},{"damage":9,"enemies":"Blue Slaver","floor":4,"turns":6},{"damage":38,"enemies":"Gremlin Nob","floor":8,"turns":5},{"damage":13,"enemies":"Red Slaver","floor":11,"turns":4},{"damage":6,"enemies":"Exordium Thugs","floor":12,"turns":4},{"damage":32,"enemies":"Slime Boss","floor":16,"turns":7},{"damage":0,"enemies":"Spheric Guardian","floor":18,"turns":3},{"damage":22,"enemies":"2 Thieves","floor":19,"turns":2},{"damage":14,"enemies":"Chosen and Byrds","floor":20,"turns":6},{"damage":27,"enemies":"Shelled Parasite and Fungi","floor":24,"turns":3},{"damage":26,"enemies":"Sentry and Sphere","floor":25,"turns":3},{"damage":13,"enemies":"Cultist and Chosen","floor":27,"turns":3},{"damage":11,"enemies":"Snecko","floor":28,"turns":4},{"damage":8,"enemies":"Chosen and Byrds","floor":30,"turns":4},{"damage":17,"enemies":"Shelled Parasite and Fungi","floor":31,"turns":3},{"damage":51,"enemies":"Automaton","floor":33,"turns":8},{"damage":33,"enemies":"3 Shapes","floor":35,"turns":2},{"damage":1,"enemies":"Orb Walker","floor":36,"turns":3},{"damage":21,"enemies":"3 Darklings","floor":38,"turns":6},{"damage":33,"enemies":"Giant Head","floor":40,"turns":6},{"damage":4,"enemies":"Nemesis","floor":44,"turns":3},{"damage":5,"enemies":"Mind Bloom Boss Battle","floor":46,"turns":3},{"damage":0,"enemies":"Maw","floor":48,"turns":2},{"damage":0,"enemies":"Donu and Deca","floor":50,"turns":2}],"seed_played":"1603979251355588290","potions_obtained":[{"floor":1,"key":"FearPotion"},{"floor":11,"key":"LiquidMemories"},{"floor":18,"key":"FocusPotion"},{"floor":20,"key":"FairyPotion"},{"floor":31,"key":"Dexterity Potion"},{"floor":33,"key":"Regen Potion"},{"floor":38,"key":"PowerPotion"}],"is_trial":false,"path_per_floor":["M","M","M","M","?","R","?","E","T","R","M","M","?","$","R","B",null,"M","M","M","?","$","R","M","M","T","M","M","?","M","M","R","B",null,"M","M","T","M","$","E","$","?","T","E","$","?","R","M","R","B",null],"character_chosen":"DEFECT","items_purchased":["DataDisk","Loop","Amplify","Storm","FocusPotion"],"campfire_rested":0,"item_purchase_floors":[14,14,22,39,45],"current_hp_per_floor":[81,75,69,67,67,67,67,36,50,50,48,53,42,42,42,23,96,96,76,77,77,77,77,62,62,62,61,69,69,78,78,78,48,96,67,96,96,88,88,72,72,72,72,89,89,96,96,96,96,96],"gold":109,"neow_bonus":"TEN_PERCENT_HP_BONUS","is_daily":false,"chose_seed":false,"campfire_upgraded":7,"win_rate":0.0,"timestamp":1610434055,"path_taken":["M","M","M","M","?","R","?","E","T","R","M","M","?","$","R","BOSS","M","M","M","?","$","R","M","M","T","M","M","?","M","M","R","BOSS","M","M","?","M","$","E","?","?","T","E","$","?","R","M","R","BOSS"],"items_purchased_type":["Relic","Card","Card","Card","Potion"],"build_version":"2020-12-22","purchased_purges":4,"victory":true,"max_hp_per_floor":[82,82,82,82,82,82,82,82,96,96,96,96,96,96,96,96,96,96,96,96,96,96,96,96,96,96,96,96,96,96,96,96,96,96,96,96,96,96,96,96,96,96,96,96,96,96,96,96,96,96],"card_choices":[{"not_picked":["Conserve Battery","Cold Snap"],"picked":"Self Repair","floor":1},{"not_picked":["Recycle","Cold Snap","Compile Driver"],"picked":"SKIP","floor":2},{"not_picked":["Rebound","Darkness","Chaos"],"picked":"SKIP","floor":3},{"not_picked":["Compile Driver","Aggregate"],"picked":"Chill","floor":4},{"not_picked":["Fission","Self Repair"],"picked":"Static Discharge","floor":8},{"not_picked":["Recycle","Redo","Stack"],"picked":"SKIP","floor":11},{"not_picked":["Sweeping Beam","Compile Driver"],"picked":"Ball Lightning","floor":12},{"not_picked":["Echo Form","Reboot"],"picked":"Biased Cognition","floor":16},{"not_picked":["Gash","Hologram+1","Doom and Gloom"],"picked":"SKIP","floor":18},{"not_picked":["Barrage","Leap","Cold Snap"],"picked":"SKIP","floor":19},{"not_picked":["Ball Lightning","Beam Cell"],"picked":"Biased Cognition","floor":20},{"not_picked":["Sunder","Recycle"],"picked":"Ball Lightning","floor":24},{"not_picked":["Cold Snap+1","Steam","Beam Cell+1"],"picked":"SKIP","floor":25},{"not_picked":["Coolheaded","Double Energy"],"picked":"Loop","floor":27},{"not_picked":["Reinforced Body","Rebound+1","Lockon+1"],"picked":"SKIP","floor":28},{"not_picked":["Compile Driver","Cold Snap","Ball Lightning+1"],"picked":"SKIP","floor":30},{"not_picked":["Sweeping Beam","Cold Snap","Conserve Battery+1"],"picked":"SKIP","floor":31},{"not_picked":["Sweeping Beam","Cold Snap"],"picked":"Conserve Battery+1","floor":31},{"not_picked":["Meteor Strike","Amplify"],"picked":"Fission","floor":33},{"not_picked":["Compile Driver+1","FTL+1","Cold Snap"],"picked":"SKIP","floor":35},{"not_picked":["Stack","Hologram","Ball Lightning"],"picked":"SKIP","floor":36},{"not_picked":["Chill","Go for the Eyes+1","Sunder+1"],"picked":"SKIP","floor":38},{"not_picked":["Hyperbeam","Reprogram+1"],"picked":"Tempest","floor":40},{"not_picked":["Madness","Deep Breath"],"picked":"Flash of Steel","floor":42},{"not_picked":["Lockon+1","Stack"],"picked":"Reboot","floor":44},{"not_picked":["Turbo+1","Lockon+1","Conserve Battery"],"picked":"SKIP","floor":48}],"player_experience":142182,"relics_obtained":[{"floor":8,"key":"Bird Faced Urn"},{"floor":9,"key":"Mango"},{"floor":17,"key":"Juzu Bracelet"},{"floor":17,"key":"Blue Candle"},{"floor":17,"key":"Gambling Chip"},{"floor":26,"key":"Girya"},{"floor":37,"key":"Smiling Mask"},{"floor":40,"key":"Bag of Preparation"},{"floor":43,"key":"Bronze Scales"},{"floor":44,"key":"Thread and Needle"},{"floor":46,"key":"TungstenRod"}],"event_choices":[{"damage_healed":0,"gold_gain":0,"player_choice":"Ignored","damage_taken":0,"max_hp_gain":0,"max_hp_loss":0,"event_name":"Liars Game","floor":5,"gold_loss":0},{"cards_removed":["Strike_B"],"damage_healed":0,"gold_gain":0,"player_choice":"Forget","damage_taken":0,"max_hp_gain":0,"max_hp_loss":0,"event_name":"Living Wall","floor":7,"gold_loss":0},{"damage_healed":0,"gold_gain":75,"player_choice":"Gather Gold","damage_taken":11,"max_hp_gain":0,"max_hp_loss":0,"event_name":"World of Goop","floor":13,"gold_loss":0},{"damage_healed":0,"gold_gain":0,"player_choice":"Opened","damage_taken":0,"relics_obtained":["Calipers"],"max_hp_gain":0,"max_hp_loss":0,"event_name":"The Mausoleum","floor":21,"gold_loss":0},{"damage_healed":0,"gold_gain":0,"player_choice":"Traded Relic","damage_taken":0,"relics_obtained":["Nloth\u0027s Gift"],"max_hp_gain":0,"max_hp_loss":0,"event_name":"N\u0027loth","floor":29,"relics_lost":["Blue Candle"],"gold_loss":0},{"damage_healed":0,"gold_gain":0,"player_choice":"Memory 1","damage_taken":0,"max_hp_gain":0,"max_hp_loss":0,"event_name":"SensoryStone","floor":42,"gold_loss":0},{"damage_healed":0,"gold_gain":0,"player_choice":"Fight","damage_taken":0,"max_hp_gain":0,"max_hp_loss":0,"event_name":"MindBloom","floor":46,"gold_loss":0}],"is_beta":false,"boss_relics":[{"not_picked":["Tiny House","Runic Pyramid"],"picked":"Calling Bell"},{"not_picked":["Fusion Hammer","Busted Crown"],"picked":"Nuclear Battery"}],"items_purged_floors":[14,39,41,45],"is_endless":false,"potions_floor_spawned":[1,11,18,20,31,33,35,38,40,46,48],"ascension_level":2}}