{"host":"eu5wvbbtjeiar27l","time":1610423611,"event":{"mods":["BaseMod","Colored Powertips","Conspire","Hubris","Infinite Spire","Minty Spire (QoL Compilation)","Rare Cards Sparkle","StSLib","vexMod"],"gold_per_floor":[117,117,117,137,212,237,248,248,248,259,279,293,307,58,58,154,154,174,174,174,199,199,199,199],"floor_reached":23,"playtime":1372,"items_purged":[],"score":216,"play_id":"6b69d93e-90ce-4620-944c-31e11760566a","local_time":"20210112035331","is_ascension_mode":false,"campfire_choices":[{"data":"Rage","floor":8,"key":"SMITH"},{"data":"Body Slam","floor":15,"key":"SMITH"}],"circlet_count":0,"master_deck":["Machine Learning+1","Strike_R","Strike_R","Strike_R","Defend_R","Defend_R","Defend_R","Defend_R","Bash","Body Slam+1","Rage+1","Rage","Flex","Double Tap","Body Slam+1","Flame Barrier","Inflame","Feed","Entrench","Necronomicurse","Uppercut"],"relics":["Burning Blood","NeowsBlessing","Pocketwatch","Magic Flower","hubris:PeanutButter","hubris:Backtick","hubris:MysteriousPyramids","Necronomicon","Red Mask"],"acts_visited":["Exordium","TheCity"],"potions_floor_usage":[],"damage_taken":[{"damage":0,"enemies":"Jaw Worm","floor":1,"turns":1},{"damage":0,"enemies":"2 Louse","floor":4,"turns":2},{"damage":0,"enemies":"Lagavulin","floor":6,"turns":1},{"damage":0,"enemies":"Small Slimes","floor":7,"turns":3},{"damage":1,"enemies":"Exordium Wildlife","floor":10,"turns":3},{"damage":0,"enemies":"3 Louse","floor":11,"turns":4},{"damage":1,"enemies":"2 Fungi Beasts","floor":12,"turns":4},{"damage":10,"enemies":"Red Slaver","floor":13,"turns":4},{"damage":42,"enemies":"The Guardian","floor":16,"turns":11},{"damage":9,"enemies":"Chosen","floor":18,"turns":6},{"damage":39,"enemies":"Masked Bandits","floor":21,"turns":6},{"damage":28,"enemies":"Gremlin Leader","floor":23,"turns":2}],"seed_played":"7436420751471387911","potions_obtained":[{"floor":4,"key":"SmokeBomb"},{"floor":11,"key":"LiquidBronze"},{"floor":12,"key":"ColorlessPotion"},{"floor":13,"key":"SteroidPotion"}],"is_trial":false,"path_per_floor":["M","?","?","M","?","E","M","R","T","M","M","M","M","$","R","B",null,"M","?","?","?","?","E"],"character_chosen":"IRONCLAD","items_purchased":["hubris:PeanutButter"],"campfire_rested":0,"item_purchase_floors":[14],"current_hp_per_floor":[80,80,73,79,68,74,80,80,80,80,80,80,79,79,79,46,80,83,67,51,26,26,0,0],"gold":199,"neow_bonus":"THREE_ENEMY_KILL","is_daily":false,"chose_seed":false,"campfire_upgraded":2,"win_rate":0.0,"timestamp":1610423611,"path_taken":["M","?","?","M","?","E","M","R","T","M","M","M","M","$","R","BOSS","M","?","?","?","?","E"],"items_purchased_type":["Relic"],"build_version":"2020-12-22","purchased_purges":0,"victory":false,"max_hp_per_floor":[80,80,80,80,80,80,80,80,80,80,80,80,80,80,80,80,80,83,83,88,91,91,91,91],"card_choices":[{"not_picked":["Sword Boomerang","Burning Pact"],"picked":"Body Slam","floor":1},{"not_picked":["Cleave","Headbutt"],"picked":"Rage","floor":4},{"not_picked":["Heavy Blade","Twin Strike"],"picked":"Rage","floor":6},{"not_picked":["Pommel Strike","Heavy Blade"],"picked":"Flex","floor":7},{"not_picked":["Searing Blow","Blood for Blood"],"picked":"Double Tap","floor":10},{"not_picked":["Anger","Cleave"],"picked":"Body Slam","floor":11},{"not_picked":["Clash","Ghostly Armor"],"picked":"Flame Barrier","floor":12},{"not_picked":["Cleave","hubris:CleavingFinish"],"picked":"Inflame","floor":13},{"not_picked":["Berserk","Corruption"],"picked":"Feed","floor":16},{"not_picked":["Pommel Strike+1","hubris:SharpeningStone"],"picked":"Entrench","floor":18},{"not_picked":["Twin Strike","hubris:CleavingFinish"],"picked":"Uppercut","floor":21}],"player_experience":99661,"relics_obtained":[{"floor":6,"key":"Pocketwatch"},{"floor":9,"key":"Magic Flower"},{"floor":19,"key":"Necronomicon"},{"floor":21,"key":"Red Mask"}],"event_choices":[{"damage_healed":0,"gold_gain":0,"player_choice":"Grow","damage_taken":0,"max_hp_gain":0,"max_hp_loss":0,"event_name":"Living Wall","floor":2,"gold_loss":0,"cards_upgraded":["Body Slam"]},{"cards_removed":["Strike_R"],"damage_healed":0,"gold_gain":0,"player_choice":"Card Removal","damage_taken":7,"max_hp_gain":0,"max_hp_loss":0,"event_name":"Golden Wing","floor":3,"gold_loss":0},{"damage_healed":0,"gold_gain":75,"player_choice":"Gather Gold","damage_taken":11,"max_hp_gain":0,"max_hp_loss":0,"event_name":"World of Goop","floor":5,"gold_loss":0},{"damage_healed":0,"gold_gain":0,"player_choice":"Obtained Book","damage_taken":16,"max_hp_gain":0,"max_hp_loss":0,"event_name":"Cursed Tome","floor":19,"gold_loss":0},{"damage_healed":0,"gold_gain":0,"player_choice":"Shed Blood","damage_taken":21,"max_hp_gain":5,"max_hp_loss":0,"event_name":"Forgotten Altar","floor":20,"gold_loss":0},{"damage_healed":0,"gold_gain":0,"player_choice":"Fought Bandits","damage_taken":0,"max_hp_gain":0,"max_hp_loss":0,"event_name":"Masked Bandits","floor":21,"gold_loss":0},{"cards_removed":["Strike_R"],"damage_healed":0,"gold_gain":0,"player_choice":"Purged","damage_taken":0,"max_hp_gain":0,"max_hp_loss":0,"event_name":"Purifier","floor":22,"gold_loss":0}],"is_beta":false,"boss_relics":[{"not_picked":["infinitespire:Cupcake","infinitespire:Burning Sword"],"picked":"hubris:Backtick"}],"items_purged_floors":[],"is_endless":false,"potions_floor_spawned":[4,11,12,13,21],"killed_by":"Gremlin Leader","ascension_level":0}}