{"host":"ypphcgdomtfqpc2w","time":1610454742,"event":{"mods":["BaseMod","Minty Spire (QoL Compilation)","StSLib"],"gold_per_floor":[113,129,34,48,67,67,94,94,94,94,105,105,105,134,134,211,211,225,225,245,256,171,202,202,237,261,261,261,289,289,4,4,81,81,101,101,1,26,26,53,72,105,150,182,182,215,229,241,241,241,241,241],"floor_reached":51,"playtime":3362,"items_purged":["Bash","Bite+1"],"score":1858,"play_id":"f51cfc8d-991f-415f-a277-cf16f31fb7f4","local_time":"20210112213222","is_ascension_mode":true,"campfire_choices":[{"data":"Uppercut","floor":6.0,"key":"SMITH"},{"data":"Whirlwind","floor":8.0,"key":"SMITH"},{"data":"Inflame","floor":12.0,"key":"SMITH"},{"data":"Pommel Strike","floor":15.0,"key":"SMITH"},{"data":"Shrug It Off","floor":27.0,"key":"SMITH"},{"data":"Flame Barrier","floor":30.0,"key":"SMITH"},{"data":"Shrug It Off","floor":32.0,"key":"SMITH"},{"data":"Madness","floor":45.0,"key":"SMITH"},{"floor":49.0,"key":"RECALL"}],"circlet_count":0,"master_deck":["AscendersBane","Defend_R","Defend_R+1","Defend_R","Defend_R+1","Uppercut+1","Feel No Pain","Pommel Strike+1","Whirlwind+1","Inflame+1","Immolate+1","Feed+1","Headbutt+1","Shrug It Off+1","Thunderclap+1","Bite+1","Bite+1","Bite+1","Ghostly Armor","Flame Barrier+1","Shrug It Off+1","Demon Form","Dark Shackles","Pommel Strike+1","Madness+1","Madness","Disarm","Burning Pact","Sword Boomerang+1"],"relics":["Burning Blood","Toy Ornithopter","Incense Burner","Mango","Molten Egg 2","Pantograph","FossilizedHelix","Coffee Dripper","Singing Bowl","White Beast Statue","War Paint","Lantern","Meat on the Bone","TheAbacus","Empty Cage","Unceasing Top","Blue Candle","PreservedInsect","Prayer Wheel","Art of War"],"acts_visited":["Exordium","TheCity","TheBeyond"],"potions_floor_usage":[51,51],"damage_taken":[{"damage":7.0,"enemies":"Cultist","floor":1.0,"turns":4.0},{"damage":4.0,"enemies":"Small Slimes","floor":2.0,"turns":3.0},{"damage":9.0,"enemies":"Jaw Worm","floor":4.0,"turns":4.0},{"damage":36.0,"enemies":"Exordium Thugs","floor":5.0,"turns":5.0},{"damage":6.0,"enemies":"Gremlin Nob","floor":7.0,"turns":3.0},{"damage":9.0,"enemies":"Looter","floor":11.0,"turns":3.0},{"damage":21.0,"enemies":"Lagavulin","floor":14.0,"turns":6.0},{"damage":0.0,"enemies":"Slime Boss","floor":16.0,"turns":11.0},{"damage":20.0,"enemies":"Spheric Guardian","floor":18.0,"turns":5.0},{"damage":22.0,"enemies":"2 Thieves","floor":20.0,"turns":3.0},{"damage":4.0,"enemies":"Centurion and Healer","floor":21.0,"turns":5.0},{"damage":0.0,"enemies":"Gremlin Leader","floor":23.0,"turns":3.0},{"damage":58.0,"enemies":"Book of Stabbing","floor":25.0,"turns":5.0},{"damage":0.0,"enemies":"Slavers","floor":29.0,"turns":4.0},{"damage":90.0,"enemies":"Automaton","floor":33.0,"turns":10.0},{"damage":0.0,"enemies":"3 Shapes","floor":35.0,"turns":6.0},{"damage":40.0,"enemies":"Mind Bloom Boss Battle","floor":38.0,"turns":7.0},{"damage":63.0,"enemies":"Nemesis","floor":40.0,"turns":7.0},{"damage":3.0,"enemies":"3 Darklings","floor":41.0,"turns":12.0},{"damage":15.0,"enemies":"Reptomancer","floor":42.0,"turns":7.0},{"damage":43.0,"enemies":"Giant Head","floor":44.0,"turns":9.0},{"damage":0.0,"enemies":"Reptomancer","floor":46.0,"turns":6.0},{"damage":0.0,"enemies":"Maw","floor":47.0,"turns":9.0},{"damage":0.0,"enemies":"Sphere and 2 Shapes","floor":48.0,"turns":3.0},{"damage":116.0,"enemies":"Donu and Deca","floor":50.0,"turns":10.0},{"damage":85,"enemies":"Time Eater","floor":51,"turns":11}],"seed_played":"5435502817254214536","potions_obtained":[{"floor":5.0,"key":"BloodPotion"},{"floor":11.0,"key":"SkillPotion"},{"floor":16.0,"key":"CultistPotion"},{"floor":25.0,"key":"Fruit Juice"},{"floor":29.0,"key":"Block Potion"},{"floor":33.0,"key":"PowerPotion"},{"floor":40.0,"key":"Fire Potion"},{"floor":41.0,"key":"BlessingOfTheForge"},{"floor":42.0,"key":"Dexterity Potion"},{"floor":44.0,"key":"SkillPotion"},{"floor":46.0,"key":"Fire Potion"},{"floor":47.0,"key":"Strength Potion"},{"floor":48.0,"key":"SpeedPotion"}],"is_trial":false,"path_per_floor":["M","M","$","M","M","R","E","R","T","?","M","R","T","E","R","B",null,"M","?","M","M","?","E","?","E","T","R","?","E","R","$","R","B",null,"M","?","$","?","?","E","M","E","T","E","R","E","M","M","R","B","B"],"character_chosen":"IRONCLAD","items_purchased":["FearPotion","Feel No Pain","Shrug It Off","TheAbacus"],"campfire_rested":0,"item_purchase_floors":[3,3,31,31],"current_hp_per_floor":[67,69,69,66,36,36,41,41,55,44,41,41,41,26,26,57,81,67,67,56,62,62,74,69,27,27,27,27,55,55,55,55,53,72,84,78,78,64,47,29,59,64,64,62,62,86,110,112,112,29,0,0],"gold":241,"neow_bonus":"RANDOM_COMMON_RELIC","is_daily":false,"chose_seed":false,"campfire_upgraded":8,"win_rate":0.0,"timestamp":1610454742,"path_taken":["M","M","$","M","?","R","E","R","T","?","M","R","?","E","R","BOSS","M","?","M","M","?","E","?","E","T","R","?","E","R","$","R","BOSS","M","?","$","?","?","E","M","E","T","E","R","E","M","M","R","BOSS","BOSS"],"items_purchased_type":["Potion","Card","Card","Relic"],"build_version":"2020-12-22","purchased_purges":2,"victory":false,"max_hp_per_floor":[75,75,75,75,75,75,75,75,89,89,89,89,89,89,89,89,89,89,89,89,93,93,99,69,73,73,73,73,78,78,78,78,78,78,84,88,88,92,92,94,100,102,102,102,102,106,110,112,112,112,112,112],"card_choices":[{"not_picked":["True Grit","Thunderclap"],"picked":"Uppercut","floor":1.0},{"not_picked":["Flex","Power Through"],"picked":"Cleave","floor":2.0},{"not_picked":["Uppercut","Power Through"],"picked":"Pommel Strike","floor":4.0},{"not_picked":["Heavy Blade","Body Slam"],"picked":"Whirlwind","floor":5.0},{"not_picked":["Wild Strike","Uppercut","Flex"],"picked":"SKIP","floor":7.0},{"not_picked":["Whirlwind+1","Power Through"],"picked":"Inflame","floor":11.0},{"not_picked":["Shrug It Off","Anger+1"],"picked":"Immolate+1","floor":14.0},{"not_picked":["Fiend Fire+1","Limit Break"],"picked":"Feed+1","floor":16.0},{"not_picked":["Twin Strike+1","True Grit"],"picked":"Headbutt+1","floor":18.0},{"not_picked":["Sword Boomerang+1","Anger+1"],"picked":"Shrug It Off","floor":20.0},{"not_picked":["Sword Boomerang+1","Headbutt+1"],"picked":"Thunderclap+1","floor":21.0},{"not_picked":["Intimidate","Thunderclap+1","Uppercut+1"],"picked":"Singing Bowl","floor":23.0},{"not_picked":["Sever Soul+1","Immolate+1"],"picked":"Ghostly Armor","floor":25.0},{"not_picked":["Thunderclap+1","Clothesline+1"],"picked":"Flame Barrier","floor":29.0},{"not_picked":["Limit Break","Berserk"],"picked":"Demon Form","floor":33.0},{"not_picked":["Searing Blow+1","Uppercut+1","Perfected Strike+1"],"picked":"Singing Bowl","floor":35.0},{"not_picked":["Apotheosis","Dramatic Entrance+1","Trip"],"picked":"Singing Bowl","floor":36.0},{"not_picked":["Enlightenment","Purity"],"picked":"Dark Shackles","floor":36.0},{"not_picked":["Panacea","Blind","Forethought"],"picked":"Singing Bowl","floor":36.0},{"not_picked":["Headbutt+1","Armaments"],"picked":"Pommel Strike+1","floor":38.0},{"not_picked":["Hemokinesis+1","Blood for Blood+1","Pommel Strike+1"],"picked":"Singing Bowl","floor":40.0},{"not_picked":["Combust","Feel No Pain+1","Body Slam+1"],"picked":"Singing Bowl","floor":41.0},{"not_picked":["Dual Wield","Whirlwind+1","Metallicize"],"picked":"Singing Bowl","floor":42.0},{"not_picked":["Dark Embrace","Sword Boomerang+1"],"picked":"Disarm","floor":44.0},{"not_picked":["Disarm","Fiend Fire+1"],"picked":"Burning Pact","floor":46.0},{"not_picked":["Headbutt+1","Infernal Blade","Iron Wave+1"],"picked":"Singing Bowl","floor":47.0},{"not_picked":["Armaments","Cleave+1","Shrug It Off"],"picked":"Singing Bowl","floor":47.0},{"not_picked":["Anger+1","Heavy Blade+1"],"picked":"Sword Boomerang+1","floor":48.0},{"not_picked":["Cleave+1","Flame Barrier+1","Inflame"],"picked":"Singing Bowl","floor":48.0}],"player_experience":2027625,"relics_obtained":[{"floor":7.0,"key":"Incense Burner"},{"floor":9.0,"key":"Mango"},{"floor":13.0,"key":"Pantograph"},{"floor":14.0,"key":"FossilizedHelix"},{"floor":23.0,"key":"White Beast Statue"},{"floor":25.0,"key":"War Paint"},{"floor":26.0,"key":"Lantern"},{"floor":29.0,"key":"Meat on the Bone"},{"floor":38.0,"key":"Unceasing Top"},{"floor":40.0,"key":"Blue Candle"},{"floor":42.0,"key":"PreservedInsect"},{"floor":44.0,"key":"Prayer Wheel"},{"floor":46.0,"key":"Art of War"}],"event_choices":[{"damage_healed":0.0,"max_hp_gain":0.0,"max_hp_loss":0.0,"gold_gain":0.0,"event_name":"Scrap Ooze","player_choice":"Success","floor":10.0,"gold_loss":0.0,"damage_taken":11.0,"relics_obtained":["Molten Egg 2"]},{"damage_healed":0.0,"max_hp_gain":0.0,"max_hp_loss":0.0,"gold_gain":0.0,"event_name":"The Mausoleum","player_choice":"Ignored","floor":19.0,"gold_loss":0.0,"damage_taken":0.0},{"damage_healed":0.0,"max_hp_gain":0.0,"max_hp_loss":0.0,"gold_gain":0.0,"event_name":"Addict","player_choice":"Obtained Relic","floor":22.0,"gold_loss":85.0,"damage_taken":0.0,"relics_obtained":["Singing Bowl"]},{"damage_healed":0.0,"max_hp_gain":0.0,"max_hp_loss":30.0,"gold_gain":0.0,"event_name":"Vampires","player_choice":"Became a vampire","floor":24.0,"gold_loss":0.0,"damage_taken":0.0,"cards_obtained":["Bite","Bite","Bite","Bite","Bite"]},{"damage_healed":0.0,"max_hp_gain":0.0,"max_hp_loss":0.0,"gold_gain":0.0,"event_name":"Ghosts","player_choice":"Ignored","floor":28.0,"gold_loss":0.0,"damage_taken":0.0},{"damage_healed":0.0,"max_hp_gain":0.0,"max_hp_loss":0.0,"gold_gain":0.0,"event_name":"SensoryStone","player_choice":"Memory 3","floor":36.0,"gold_loss":0.0,"damage_taken":10.0},{"damage_healed":0.0,"max_hp_gain":0.0,"max_hp_loss":0.0,"gold_gain":0.0,"event_name":"MindBloom","player_choice":"Fight","floor":38.0,"gold_loss":0.0,"damage_taken":0.0},{"damage_healed":0.0,"max_hp_gain":0.0,"max_hp_loss":0.0,"gold_gain":0.0,"event_name":"Winding Halls","player_choice":"Embrace Madness","floor":39.0,"gold_loss":0.0,"damage_taken":17.0,"cards_obtained":["Madness","Madness"]}],"is_beta":false,"boss_relics":[{"not_picked":["Mark of Pain","Velvet Choker"],"picked":"Coffee Dripper"},{"not_picked":["Fusion Hammer","Runic Dome"],"picked":"Empty Cage"}],"items_purged_floors":[31,37],"is_endless":false,"potions_floor_spawned":[5,11,16,18,25,29,33,35,38,40,41,42,44,46,47,48],"killed_by":"Time Eater","ascension_level":20}}