{"host":"dzit4ljil6490tuf","time":1610415606,"event":{"mods":["BaseMod","Downfall","Hermit","Hubris","Minty Spire (QoL Compilation)","StSLib","The Cursed","The Runesmith","The Servant 0.9.4"],"gold_per_floor":[99,118,293,304,316,316,363,383,403,420,176,203,217,26,38,38,38,38],"floor_reached":16,"playtime":1321,"items_purged":["champ:Strike","champ:Defend"],"score":111,"play_id":"843cce5d-6f92-44ac-9d62-3ad41e0efa5f","local_time":"20210112024006","is_ascension_mode":true,"campfire_choices":[{"data":"champ:Taunt","floor":1,"key":"SMITH"}],"circlet_count":0,"master_deck":["champ:Strike","champ:Strike","champ:Strike","champ:Defend","champ:Defend","champ:Defend","champ:Execute","champ:Taunt+1","champ:ArenaPreparation","champ:EndlessRage","champ:GladiatorsShout","champ:Aggression","champ:LastStand","champ:Balance","champ:DefensiveStyle","champ:TornadoPunch","champ:CrookedStrike","champ:FocusedDefense","champ:Haymaker","champ:Circumvent","champ:RisingSlash","champ:ShieldSigil","champ:FlashCut"],"relics":["champ:ChampionCrown","Smiling Mask","Du-Vu Doll"],"acts_visited":["Exordium"],"potions_floor_usage":[10,12,16],"damage_taken":[{"damage":14,"enemies":"Jaw Worm","floor":2,"turns":4},{"damage":15,"enemies":"Small Slimes","floor":4,"turns":4},{"damage":31,"enemies":"Cultist","floor":5,"turns":4},{"damage":61,"enemies":"Exordium Wildlife","floor":8,"turns":10},{"damage":5,"enemies":"3 Louse","floor":9,"turns":3},{"damage":10,"enemies":"Exordium Thugs","floor":10,"turns":3},{"damage":10,"enemies":"downfall:FleeingMerchant","floor":11,"turns":4},{"damage":24,"enemies":"Lagavulin","floor":12,"turns":8},{"damage":15,"enemies":"2 Fungi Beasts","floor":13,"turns":3},{"damage":10,"enemies":"downfall:FleeingMerchant","floor":14,"turns":4},{"damage":5,"enemies":"Lots of Slimes","floor":15,"turns":3},{"damage":55,"enemies":"downfall:Silent","floor":16,"turns":8}],"seed_played":"-8400991877250385790","potions_obtained":[{"floor":2,"key":"sneckomod:MuddlingPotion"},{"floor":4,"key":"Dexterity Potion"},{"floor":9,"key":"Explosive Potion"},{"floor":10,"key":"Energy Potion"},{"floor":13,"key":"FairyPotion"}],"is_trial":false,"path_per_floor":["R","M","?","M","M","?","T","M","M","M","$","E","M","$","M","B"],"character_chosen":"THE_CHAMP","items_purchased":["champ:TornadoPunch","champ:CrookedStrike","champ:FocusedDefense","champ:RisingSlash","champ:ShieldSigil"],"campfire_rested":0,"item_purchase_floors":[11,11,11,14,14],"current_hp_per_floor":[99,95,95,95,91,91,91,54,54,49,44,25,25,20,20,0,0,0],"gold":38,"neow_bonus":"TEN_PERCENT_HP_BONUS","is_daily":false,"chose_seed":false,"campfire_upgraded":1,"win_rate":0.0,"timestamp":1610415606,"path_taken":["R","M","?","M","M","?","T","M","M","?","$","E","M","$","M","BOSS"],"items_purchased_type":["Card","Card","Card","Card","Card"],"build_version":"2020-12-22","purchased_purges":2,"victory":false,"max_hp_per_floor":[99,99,99,99,99,99,99,99,99,99,99,99,99,99,99,99,99,99],"card_choices":[{"not_picked":["champ:BringItOn","champ:Haymaker"],"picked":"champ:ArenaPreparation","floor":2},{"not_picked":["champ:RecklessLeap","champ:BerserkerStyle"],"picked":"champ:EndlessRage","floor":4},{"not_picked":["champ:EndlessRage","champ:BerserkersShout"],"picked":"champ:GladiatorsShout","floor":5},{"not_picked":["champ:BringItOn","champ:Shatter"],"picked":"champ:Aggression","floor":8},{"not_picked":["champ:FocusedBerserking","champ:GutPunch"],"picked":"champ:LastStand","floor":9},{"not_picked":["champ:GladiatorStyle","champ:FalseCounter"],"picked":"champ:Balance","floor":10},{"not_picked":["champ:DefensiveShout","champ:AdrenalArmor"],"picked":"champ:DefensiveStyle","floor":11},{"not_picked":["champ:DefensiveStyle","champ:SwordSigil","champ:PerfectedStrike"],"picked":"SKIP","floor":12},{"not_picked":["champ:GladiatorsShout","champ:Riposte"],"picked":"champ:Haymaker","floor":13},{"not_picked":["champ:StanceDance","champ:HeavySlash"],"picked":"champ:Circumvent","floor":14},{"not_picked":["champ:HeartStrike","champ:Lariat"],"picked":"champ:FlashCut","floor":15}],"player_experience":568898,"relics_obtained":[{"floor":7,"key":"Smiling Mask"},{"floor":12,"key":"Du-Vu Doll"}],"event_choices":[{"cards_removed":["Doubt"],"damage_healed":0,"gold_gain":0,"player_choice":"Purged","damage_taken":0,"max_hp_gain":0,"max_hp_loss":0,"event_name":"Purifier","floor":6,"gold_loss":0}],"is_beta":false,"boss_relics":[],"items_purged_floors":[11,14],"is_endless":false,"potions_floor_spawned":[2,4,9,10,13],"killed_by":"downfall:Silent","ascension_level":1}}