{"host":"newqdrzxfhh2im9e","time":1610443559,"event":{"mods":["AchievementEnabler","BaseMod","BetterRewards","Block Reminder","Colored Map","Jorbs\u0027s Wanderer Trilogy","Minty Spire (QoL Compilation)","Rare Cards Sparkle","Shop Mod","StSLib"],"gold_per_floor":[117,117,41,41,66,66,66,66,92,92,115,115,115,131,131,259,559,573,42,42,42,66,66,66],"floor_reached":23,"playtime":621,"items_purged":[],"score":225,"play_id":"a610fd0e-eabe-48f4-9564-b3898306bc79","local_time":"20210112012559","is_ascension_mode":false,"campfire_choices":[{"data":"Eruption","floor":6,"key":"SMITH"},{"data":"Tantrum","floor":8,"key":"SMITH"},{"data":"FearNoEvil","floor":10,"key":"SMITH"},{"floor":12,"key":"REST"},{"floor":15,"key":"REST"}],"circlet_count":0,"master_deck":["Strike_P","Strike_P","Strike_P","Strike_P","Defend_P","Defend_P","Defend_P+1","Defend_P","Eruption+1","Vigilance+1","DevaForm+1","FearNoEvil+1","Tantrum+1","Establishment","CurseOfTheBell","EmptyMind+1","MentalFortress","Dark Shackles+1","SignatureMove","Perseverance+1","Study"],"relics":["PureWater","Golden Idol","Regal Pillow","Orichalcum","Calling Bell","Omamori","Toxic Egg 2","Old Coin","Gremlin Horn","MutagenicStrength"],"acts_visited":["Exordium","TheCity"],"potions_floor_usage":[18,18,18,23],"damage_taken":[{"damage":0,"enemies":"2 Louse","floor":1,"turns":2},{"damage":5,"enemies":"Jaw Worm","floor":11,"turns":2},{"damage":6,"enemies":"Cultist","floor":14,"turns":3},{"damage":0,"enemies":"Slime Boss","floor":16,"turns":6},{"damage":22,"enemies":"Chosen","floor":18,"turns":4},{"damage":25,"enemies":"3 Byrds","floor":22,"turns":4},{"damage":26,"enemies":"Slavers","floor":23,"turns":2}],"seed_played":"-6760931867989721411","potions_obtained":[{"floor":11,"key":"Energy Potion"},{"floor":14,"key":"StancePotion"},{"floor":16,"key":"PowerPotion"},{"floor":22,"key":"Ancient Potion"}],"is_trial":false,"path_per_floor":["M","?","$","?","T","R","$","R","T","R","M","R","?","M","R","B",null,"M","$","?","?","M","E"],"character_chosen":"WATCHER","items_purchased":["Tantrum","Gremlin Horn","MentalFortress","Dark Shackles+1","SignatureMove","Perseverance+1"],"campfire_rested":2,"item_purchase_floors":[3,19,19,19,19,19],"current_hp_per_floor":[72,54,54,54,54,54,54,54,54,54,49,72,58,52,72,72,72,50,50,50,50,25,0,0],"gold":66,"neow_bonus":"ONE_RANDOM_RARE_CARD","is_daily":false,"chose_seed":false,"campfire_upgraded":3,"win_rate":0.0,"timestamp":1610443559,"path_taken":["M","?","$","?","?","R","?","R","T","R","?","R","?","M","R","BOSS","M","$","?","?","M","E"],"items_purchased_type":["Card","Relic","Card","Card","Card","Card"],"build_version":"2020-12-22","purchased_purges":0,"victory":false,"max_hp_per_floor":[72,72,72,72,72,72,72,72,72,72,72,72,72,72,72,72,72,72,72,72,72,72,72,72],"card_choices":[{"not_picked":["Prostrate","Collect"],"picked":"FearNoEvil","floor":1},{"not_picked":["Halt","EmptyFist","Crescendo"],"picked":"SKIP","floor":11},{"not_picked":["FlurryOfBlows","Crescendo","Prostrate"],"picked":"SKIP","floor":14},{"not_picked":["Vault","SpiritShield"],"picked":"Establishment","floor":16},{"not_picked":["Crescendo+1","CrushJoints"],"picked":"EmptyMind+1","floor":18},{"not_picked":["Prostrate+1","WindmillStrike"],"picked":"Study","floor":22}],"player_experience":724233,"relics_obtained":[{"floor":5,"key":"Regal Pillow"},{"floor":9,"key":"Orichalcum"},{"floor":17,"key":"Omamori"},{"floor":17,"key":"Toxic Egg 2"},{"floor":17,"key":"Old Coin"}],"event_choices":[{"damage_healed":0,"gold_gain":0,"player_choice":"Take Damage","damage_taken":18,"relics_obtained":["Golden Idol"],"max_hp_gain":0,"max_hp_loss":0,"event_name":"Golden Idol","floor":2,"gold_loss":0},{"damage_healed":0,"gold_gain":0,"player_choice":"Grow","damage_taken":0,"max_hp_gain":0,"max_hp_loss":0,"event_name":"Living Wall","floor":4,"gold_loss":0,"cards_upgraded":["DevaForm"]},{"damage_healed":0,"gold_gain":0,"player_choice":"Entered Light","damage_taken":14,"max_hp_gain":0,"max_hp_loss":0,"event_name":"Shining Light","floor":13,"gold_loss":0,"cards_upgraded":["Defend_P","Vigilance"]},{"damage_healed":0,"gold_gain":0,"player_choice":"Inject Mutagens","damage_taken":0,"relics_obtained":["MutagenicStrength"],"max_hp_gain":0,"max_hp_loss":0,"event_name":"Drug Dealer","floor":20,"gold_loss":0},{"damage_healed":0,"gold_gain":0,"player_choice":"Ignored","damage_taken":0,"max_hp_gain":0,"max_hp_loss":0,"event_name":"The Mausoleum","floor":21,"gold_loss":0}],"is_beta":false,"boss_relics":[{"not_picked":["Coffee Dripper","SlaversCollar"],"picked":"Calling Bell"}],"items_purged_floors":[],"is_endless":false,"potions_floor_spawned":[11,14,16,22],"killed_by":"Slavers","ascension_level":0}}