{"host":"ls5099hiyr1tgb8d","time":1610490273,"event":{"mods":["AchievementEnabler","BaseMod","Minty Spire (QoL Compilation)","Shop Mod","StSLib","The Necromancer"],"gold_per_floor":[111,129,129,129,139,159,171,218,294,323,323,9,36,36,36,159,159,173,196,209,230,249,249,249,249,249,268,281,281,301,301,301,421,421,436,450,465,465,12,12,75,75,129,129,150,163,0,43,55,67,79,91,63,98,98,98],"floor_reached":55,"language":"ENG","playtime":5308,"items_purged":[],"score":751,"play_id":"9fdf1a4a-fe71-4e7f-9f43-8d391d251eb1","local_time":"20210112172433","is_ascension_mode":false,"campfire_choices":[{"floor":11.0,"key":"REST"},{"floor":15.0,"key":"REST"},{"floor":23.0,"key":"REST"},{"floor":25.0,"key":"RECALL"},{"data":"Echo Form","floor":29.0,"key":"SMITH"},{"data":"Storm","floor":32.0,"key":"SMITH"},{"data":"Electrodynamics","floor":40.0,"key":"SMITH"},{"data":"Zap","floor":42.0,"key":"SMITH"},{"data":"Mayhem","floor":44.0,"key":"SMITH"},{"floor":49.0,"key":"REST"},{"data":"Capacitor","floor":52.0,"key":"SMITH"}],"circlet_count":0,"master_deck":["Strike_B","Strike_B","Strike_B","Strike_B","Defend_B","Defend_B","Defend_B","Defend_B","Zap+1","Go for the Eyes","Capacitor+1","Leap","Ball Lightning","Skim","Rip and Tear","Go for the Eyes","Reboot","CurseOfTheBell","Rebound","BootSequence","Gash","Defragment+1","Sweeping Beam+1","Beam Cell+1","Gash","Go for the Eyes","Hologram+1","Conserve Battery+1","Ball Lightning","Streamline","Echo Form+1","Static Discharge","Auto Shields","Redo","Storm+1","Electrodynamics+1","Gash","Storm+1","Hello World","Hello World","Barrage+1","Go for the Eyes","Mayhem+1","Capacitor+1","Self Repair","Conserve Battery","Reinforced Body+1","Stack","Compile Driver","Leap+1","Redo+1","Heatsinks+1","Conserve Battery+1","Static Discharge","Electrodynamics"],"relics":["Velvet Choker","Matryoshka","Regal Pillow","Strawberry","HornCleat","Odd Mushroom","Prayer Wheel","Peace Pipe","Golden Idol","Toy Ornithopter","Meat on the Bone","Gambling Chip","Nloth\u0027s Gift","Bottled Flame","Inserter","Oddly Smooth Stone","Bag of Marbles","Orrery","FossilizedHelix","Vajra","Red Mask","MawBank","Anchor"],"acts_visited":["Exordium","TheCity","TheBeyond","TheEnding"],"potions_floor_usage":[55,55],"damage_taken":[{"damage":0.0,"enemies":"Cultist","floor":1.0,"turns":4.0},{"damage":7.0,"enemies":"Small Slimes","floor":2.0,"turns":3.0},{"damage":0.0,"enemies":"Jaw Worm","floor":5.0,"turns":4.0},{"damage":0.0,"enemies":"Blue Slaver","floor":6.0,"turns":4.0},{"damage":2.0,"enemies":"Looter","floor":7.0,"turns":4.0},{"damage":7.0,"enemies":"The Mushroom Lair","floor":10.0,"turns":5.0},{"damage":29.0,"enemies":"3 Sentries","floor":13.0,"turns":9.0},{"damage":35.0,"enemies":"The Guardian","floor":16.0,"turns":11.0},{"damage":22.0,"enemies":"Shell Parasite","floor":18.0,"turns":6.0},{"damage":0.0,"enemies":"3 Byrds","floor":19.0,"turns":5.0},{"damage":31.0,"enemies":"Centurion and Healer","floor":20.0,"turns":7.0},{"damage":30.0,"enemies":"Shelled Parasite and Fungi","floor":21.0,"turns":5.0},{"damage":10.0,"enemies":"Snecko","floor":22.0,"turns":6.0},{"damage":11.0,"enemies":"Snake Plant","floor":27.0,"turns":5.0},{"damage":14.0,"enemies":"Centurion and Healer","floor":28.0,"turns":4.0},{"damage":17.0,"enemies":"3 Cultists","floor":30.0,"turns":4.0},{"damage":44.0,"enemies":"Collector","floor":33.0,"turns":8.0},{"damage":0.0,"enemies":"Orb Walker","floor":35.0,"turns":3.0},{"damage":6.0,"enemies":"3 Shapes","floor":36.0,"turns":5.0},{"damage":14.0,"enemies":"Transient","floor":37.0,"turns":5.0},{"damage":0.0,"enemies":"Mind Bloom Boss Battle","floor":41.0,"turns":4.0},{"damage":0.0,"enemies":"4 Shapes","floor":45.0,"turns":4.0},{"damage":1.0,"enemies":"Jaw Worm Horde","floor":46.0,"turns":4.0},{"damage":8.0,"enemies":"Nemesis","floor":48.0,"turns":7.0},{"damage":33.0,"enemies":"Donu and Deca","floor":50.0,"turns":6.0},{"damage":0.0,"enemies":"Shield and Spear","floor":54.0,"turns":5.0},{"damage":97,"enemies":"The Heart","floor":55,"turns":7}],"seed_played":"8877555902385945990","potions_obtained":[{"floor":2.0,"key":"Swift Potion"},{"floor":5.0,"key":"PotionOfCapacity"},{"floor":6.0,"key":"SteroidPotion"},{"floor":13.0,"key":"Fruit Juice"},{"floor":19.0,"key":"Swift Potion"},{"floor":22.0,"key":"ColorlessPotion"},{"floor":27.0,"key":"ColorlessPotion"},{"floor":30.0,"key":"SteroidPotion"},{"floor":33.0,"key":"SkillPotion"},{"floor":41.0,"key":"Explosive Potion"}],"is_trial":false,"path_per_floor":["M","M","?","?","M","M","M","T","T","?","R","$","E","?","R","B",null,"M","M","M","M","M","R","?","R","T","M","M","R","M","?","R","B",null,"M","M","M","?","$","R","?","R","T","R","M","M","?","E","R","B",null,"R","$","E","B"],"character_chosen":"DEFECT","items_purchased":["Prayer Wheel","Oddly Smooth Stone","Bag of Marbles","Orrery","Static Discharge"],"campfire_rested":4,"item_purchase_floors":[12,39,39,39,53],"current_hp_per_floor":[75,68,43,43,43,43,41,41,48,41,80,80,56,35,76,41,87,65,65,46,28,30,71,71,71,71,60,51,51,46,46,46,14,87,87,81,72,72,72,72,72,72,72,72,72,71,71,70,87,54,87,87,87,87,0,0],"gold":98,"neow_bonus":"BOSS_RELIC","is_daily":false,"chose_seed":false,"campfire_upgraded":6,"win_rate":0.0,"timestamp":1610490273,"path_taken":["M","M","?","?","?","M","M","?","T","?","R","$","E","?","R","BOSS","M","M","M","M","M","R","?","R","T","?","M","R","M","?","R","BOSS","M","M","M","?","$","R","?","R","T","R","M","M","?","E","R","BOSS","R","$","E","BOSS"],"items_purchased_type":["Relic","Relic","Relic","Relic","Card"],"build_version":"2020-12-22","purchased_purges":0,"victory":false,"max_hp_per_floor":[75,75,75,75,75,75,75,75,82,82,82,82,87,87,87,87,87,87,87,87,87,87,87,87,87,87,87,87,87,87,87,87,87,87,87,87,87,87,87,87,87,87,87,87,87,87,87,87,87,87,87,87,87,87,87,87],"card_choices":[{"not_picked":["Melter","Blizzard"],"picked":"Go for the Eyes","floor":1.0},{"not_picked":["Lockon","Stack"],"picked":"Capacitor","floor":2.0},{"not_picked":["Turbo","Cold Snap"],"picked":"Leap","floor":5.0},{"not_picked":["Compile Driver","Melter"],"picked":"Ball Lightning","floor":6.0},{"not_picked":["Steam","Gash"],"picked":"Skim","floor":7.0},{"not_picked":["Go for the Eyes","Capacitor"],"picked":"Rip and Tear","floor":10.0},{"not_picked":["Melter","Glacier"],"picked":"Go for the Eyes","floor":13.0},{"not_picked":["Meteor Strike","Hyperbeam"],"picked":"Reboot","floor":16.0},{"not_picked":["Steam+1","Compile Driver"],"picked":"Rebound","floor":18.0},{"not_picked":["Rebound","Leap"],"picked":"BootSequence","floor":18.0},{"not_picked":["Hologram+1","Go for the Eyes+1"],"picked":"Gash","floor":19.0},{"not_picked":["FTL+1","Ball Lightning+1"],"picked":"Defragment+1","floor":19.0},{"not_picked":["Chaos","Conserve Battery"],"picked":"Sweeping Beam+1","floor":20.0},{"not_picked":["Fission","Hologram+1"],"picked":"Beam Cell+1","floor":20.0},{"not_picked":["BootSequence","Leap"],"picked":"Gash","floor":21.0},{"not_picked":["Coolheaded","All For One"],"picked":"Go for the Eyes","floor":21.0},{"not_picked":["Turbo","Rebound"],"picked":"Hologram+1","floor":22.0},{"not_picked":["Compile Driver+1","Auto Shields"],"picked":"Conserve Battery+1","floor":22.0},{"not_picked":["Compile Driver","Beam Cell"],"picked":"Ball Lightning","floor":27.0},{"not_picked":["Rip and Tear","Stack"],"picked":"Streamline","floor":27.0},{"not_picked":["Coolheaded+1","Steam Power"],"picked":"Echo Form","floor":28.0},{"not_picked":["Barrage","Heatsinks"],"picked":"Static Discharge","floor":28.0},{"not_picked":["Reprogram","Genetic Algorithm+1"],"picked":"Auto Shields","floor":30.0},{"not_picked":["Hyperbeam","Steam Power"],"picked":"Redo","floor":30.0},{"not_picked":["Amplify","Creative AI"],"picked":"Electrodynamics","floor":33.0},{"not_picked":["Beam Cell","Turbo"],"picked":"Gash","floor":35.0},{"not_picked":["Leap","Doom and Gloom"],"picked":"Storm+1","floor":35.0},{"not_picked":["Blizzard+1","Coolheaded"],"picked":"Hello World","floor":36.0},{"not_picked":["Rebound","Darkness"],"picked":"Hello World","floor":36.0},{"not_picked":["White Noise+1","Go for the Eyes"],"picked":"Barrage+1","floor":37.0},{"not_picked":["Steam","Turbo+1"],"picked":"Go for the Eyes","floor":37.0},{"not_picked":["Bandage Up","Impatience"],"picked":"Mayhem","floor":38.0},{"not_picked":["Redo","Steam Power"],"picked":"Capacitor+1","floor":39.0},{"not_picked":["Darkness+1","Redo"],"picked":"Self Repair","floor":39.0},{"not_picked":["Genetic Algorithm","Darkness"],"picked":"Conserve Battery","floor":39.0},{"not_picked":["Reprogram","Conserve Battery"],"picked":"Reinforced Body+1","floor":39.0},{"not_picked":["Steam Power+1","Scrape"],"picked":"Stack","floor":41.0},{"not_picked":["Turbo","Force Field+1"],"picked":"Compile Driver","floor":45.0},{"not_picked":["Echo Form","Go for the Eyes+1"],"picked":"Leap+1","floor":45.0},{"not_picked":["Stack","Seek"],"picked":"Redo+1","floor":46.0},{"not_picked":["BootSequence+1","Compile Driver"],"picked":"Heatsinks+1","floor":46.0},{"not_picked":["Rip and Tear+1","Steam Power"],"picked":"Conserve Battery+1","floor":48.0},{"not_picked":["Reboot","Tempest"],"picked":"Electrodynamics","floor":54.0}],"player_experience":92196,"relics_obtained":[{"floor":8.0,"key":"Regal Pillow"},{"floor":9.0,"key":"Strawberry"},{"floor":9.0,"key":"HornCleat"},{"floor":10.0,"key":"Odd Mushroom"},{"floor":13.0,"key":"Peace Pipe"},{"floor":17.0,"key":"Toy Ornithopter"},{"floor":17.0,"key":"Meat on the Bone"},{"floor":17.0,"key":"Gambling Chip"},{"floor":26.0,"key":"Bottled Flame"},{"floor":41.0,"key":"FossilizedHelix"},{"floor":43.0,"key":"Vajra"},{"floor":48.0,"key":"MawBank"},{"floor":54.0,"key":"Anchor"}],"event_choices":[{"damage_healed":0.0,"max_hp_gain":0.0,"max_hp_loss":0.0,"gold_gain":0.0,"event_name":"Scrap Ooze","player_choice":"Success","floor":3.0,"gold_loss":0.0,"damage_taken":25.0,"relics_obtained":["Matryoshka"]},{"cards_removed":["Dualcast"],"damage_healed":0.0,"max_hp_gain":0.0,"max_hp_loss":0.0,"gold_gain":0.0,"event_name":"Purifier","player_choice":"Purged","floor":4.0,"gold_loss":0.0,"damage_taken":0.0},{"damage_healed":0.0,"max_hp_gain":0.0,"max_hp_loss":0.0,"gold_gain":0.0,"event_name":"Mushrooms","player_choice":"Fought Mushrooms","floor":10.0,"gold_loss":0.0,"damage_taken":0.0},{"damage_healed":0.0,"max_hp_gain":0.0,"max_hp_loss":0.0,"gold_gain":0.0,"event_name":"Golden Idol","player_choice":"Take Damage","floor":14.0,"gold_loss":0.0,"damage_taken":21.0,"relics_obtained":["Golden Idol"]},{"damage_healed":0.0,"max_hp_gain":0.0,"max_hp_loss":0.0,"gold_gain":0.0,"event_name":"N\u0027loth","player_choice":"Traded Relic","floor":24.0,"relics_lost":["Calling Bell"],"gold_loss":0.0,"damage_taken":0.0,"relics_obtained":["Nloth\u0027s Gift"]},{"damage_healed":0.0,"max_hp_gain":0.0,"max_hp_loss":0.0,"gold_gain":0.0,"event_name":"The Library","player_choice":"Read","floor":31.0,"gold_loss":0.0,"damage_taken":0.0,"cards_obtained":["Storm"]},{"damage_healed":0.0,"max_hp_gain":0.0,"max_hp_loss":0.0,"gold_gain":0.0,"event_name":"SensoryStone","player_choice":"Memory 1","floor":38.0,"gold_loss":0.0,"damage_taken":0.0},{"damage_healed":0.0,"max_hp_gain":0.0,"max_hp_loss":0.0,"gold_gain":0.0,"event_name":"MindBloom","player_choice":"Fight","floor":41.0,"gold_loss":0.0,"damage_taken":0.0},{"damage_healed":0.0,"max_hp_gain":0.0,"max_hp_loss":0.0,"gold_gain":0.0,"event_name":"Tomb of Lord Red Mask","player_choice":"Paid","floor":47.0,"gold_loss":163.0,"damage_taken":0.0,"relics_obtained":["Red Mask"]}],"is_beta":false,"boss_relics":[{"not_picked":["Black Star","Nuclear Battery"],"picked":"Calling Bell"},{"not_picked":["SlaversCollar","SacredBark"],"picked":"Inserter"}],"items_purged_floors":[],"is_endless":false,"potions_floor_spawned":[2,5,6,13,19,22,27,30,33,35,36,41,45,54],"killed_by":"The Heart","ascension_level":0}}