{"host":"jfbo3eu2ui08ej1u","time":1610454275,"event":{"mods":["2.2 Compatiblity","AchievementEnabler","Act Like it!","Aspiration","BaseMod","Better Altar","Better Match","Better Note","Better Sensory Stone","Better Skull","Better Third Choice","Block Reminder","Colored Map","Colored Powertips","Conspire","DeckTracker","Displayed Cursed Tome","Downfall","Energized Spire","Fox Events","GifTheSpireLib","Hermit","Hubris","Infinite Spire","Marked Mod","Minty Spire (QoL Compilation)","Pale of the Ancients","Quick Restart","RRrroohrrRGHHhhh!!","Relic Filter","Reorder Act Four","Replay The Spire","Shop Mod","Spicy Shops","StSLib","Stuff the Spire","The Blue Laboratory","The Disciple","The Forsaken","The Hierophant","The Marked","Uncapped","Unceasing Turn Reminder","Wandering Minibosses"],"gold_per_floor":[99,109,123,141,151,165,219,219,219,244,23,22,38,38,51,149,149,149,149,155,175,175,175,198,198,205,226,226,175,175,177,182,264,264,264,1075,1091,481,494,494,494,494,504,537,10,21,21,40,60,60],"floor_reached":51,"playtime":3362,"items_purged":["Guardian:Strike_Guardian","Guardian:TimeSifter","Guardian:TemporalShield","Guardian:StasisStrike+1"],"score":807,"play_id":"7c2190a2-a358-47b0-bd87-72c888a29ff5","local_time":"20210112072435","is_ascension_mode":false,"campfire_choices":[{"data":"Guardian:CurlUp","floor":1.0,"key":"SMITH"},{"data":"Guardian:SpikerProtocol","floor":8.0,"key":"SMITH"},{"data":"Injury","floor":18.0,"key":"PURGE"},{"data":"infinitespire:Menacing","floor":23.0,"key":"SMITH"},{"data":"Guardian:BronzeArmor","floor":25.0,"key":"SMITH"},{"data":"Guardian:AncientConstruct","floor":30.0,"key":"SMITH"},{"data":"Guardian:ConstructionForm","floor":35.0,"key":"SMITH"},{"floor":40.0,"key":"REST"},{"floor":47.0,"key":"REST"}],"circlet_count":0,"master_deck":["Guardian:CurlUp+1","Guardian:TwinSlam","Guardian:PolyBeam","Guardian:SpikerProtocol+1","Guardian:BronzeArmor+1","Guardian:RollAttack","Guardian:ShieldCharger","Guardian:AncientConstruct+1","Guardian:SpikerProtocol","Guardian:PiercingHide","Guardian:ChargeUp","Guardian:RevengeProtocol+1","Guardian:RefractedBeam+1","Guardian:SphericShield","Guardian:ChargeUp","Guardian:PiercingHide","Guardian:PiercingHide+1","infinitespire:Menacing+1","Guardian:GuardianWhirl+1","Guardian:AncientConstruct+1","Guardian:EvasiveProtocol+1","Guardian:RefractedBeam+1","Guardian:ConstructionForm+1","Guardian:BronzeArmor+1","Replay:SS_hec_4+1","Guardian:ChargeUp","Guardian:Planning+1","expansioncontent:Collect","Guardian:ChargeUp+1","Apotheosis+1","Dark Shackles","Guardian:DecasProtection+1","Guardian:GuardianWhirl+1"],"relics":["Guardian:ModeShifter","Bronze Scales","Molten Egg 2","Bag of Marbles","Potion Belt","Pen Nib","StuffTheSpire:Expresso","FaceOfCleric","conspire:SlowCooker","wanderingMiniBosses:MasterThiefsPresence","OrangePellets","Regal Pillow","MerchantsRug","StuffTheSpire:Mouthbags","StuffTheSpire:ForceGauntlet","conspire:TopHat","Guide Book"],"acts_visited":["Exordium","TheCity","TheBeyond"],"potions_floor_usage":[49],"damage_taken":[{"damage":0.0,"enemies":"Small Slimes","floor":2.0,"turns":3.0},{"damage":0.0,"enemies":"Jaw Worm","floor":3.0,"turns":5.0},{"damage":0.0,"enemies":"conspire:RoseBush","floor":4.0,"turns":5.0},{"damage":6.0,"enemies":"3 Louse","floor":5.0,"turns":5.0},{"damage":4.0,"enemies":"Blue Slaver","floor":6.0,"turns":4.0},{"damage":13.0,"enemies":"3 Sentries","floor":10.0,"turns":8.0},{"damage":0.0,"enemies":"downfall:FleeingMerchant","floor":11.0,"turns":4.0},{"damage":4.0,"enemies":"2 Fungi Beasts","floor":12.0,"turns":6.0},{"damage":7.0,"enemies":"Exordium Wildlife","floor":13.0,"turns":3.0},{"damage":8.0,"enemies":"Lots of Slimes","floor":15.0,"turns":2.0},{"damage":29.0,"enemies":"downfall:Silent","floor":16.0,"turns":6.0},{"damage":17.0,"enemies":"Chosen","floor":20.0,"turns":5.0},{"damage":0.0,"enemies":"Snecko","floor":21.0,"turns":5.0},{"damage":4.0,"enemies":"Shelled Parasite and Fungi","floor":26.0,"turns":6.0},{"damage":5.0,"enemies":"Book of Stabbing","floor":27.0,"turns":6.0},{"damage":0.0,"enemies":"Cultist and Chosen","floor":29.0,"turns":6.0},{"damage":11.0,"enemies":"Snecko","floor":31.0,"turns":5.0},{"damage":21.0,"enemies":"conspire:HollyBat","floor":32.0,"turns":8.0},{"damage":3.0,"enemies":"downfall:Defect","floor":33.0,"turns":8.0},{"damage":36.0,"enemies":"3 Darklings","floor":36.0,"turns":4.0},{"damage":7.0,"enemies":"Orb Walker","floor":37.0,"turns":5.0},{"damage":6.0,"enemies":"downfall:FleeingMerchant","floor":38.0,"turns":5.0},{"damage":11.0,"enemies":"Writhing Mass","floor":39.0,"turns":6.0},{"damage":0.0,"enemies":"3 Darklings","floor":43.0,"turns":3.0},{"damage":18.0,"enemies":"Nightmare","floor":44.0,"turns":7.0},{"damage":5.0,"enemies":"Maw","floor":46.0,"turns":7.0},{"damage":8,"enemies":"4 Shapes","floor":48,"turns":5},{"damage":19,"enemies":"Transient","floor":49,"turns":5},{"damage":0,"enemies":"downfall:Watcher","floor":50,"turns":8}],"seed_played":"2800722281733763531","potions_obtained":[{"floor":2.0,"key":"blueLaboratory:PolymorphPotion"},{"floor":4.0,"key":"Doom Potion"},{"floor":5.0,"key":"blueLaboratory:CorrosionFlask"},{"floor":6.0,"key":"Weak Potion"},{"floor":20.0,"key":"Dexterity Potion"},{"floor":27.0,"key":"SkillPotion"},{"floor":32.0,"key":"Adrenaline Potion"},{"floor":33.0,"key":"blueLaboratory:PhilterOfMotion"},{"floor":39.0,"key":"ColorlessPotion"},{"floor":43.0,"key":"Venom Potion"}],"is_trial":false,"path_per_floor":["R","M","M","M","M","M","T","R","?","E","$","M","M","?","M","B",null,"R_BF","?","M","M","AVR","R","T","R","M","E","?","M","R","M","M","B",null,"R","M","M","$","M","R","T","?","M","NM","$","M","R","M","M","B",null],"character_chosen":"GUARDIAN","items_purchased":["BargainBundle","Guardian:SpikerProtocol","EssenceOfSteel","DollysMirror","OrangePellets","Regal Pillow","Replay:SS_hec_4+1","Swift Potion","AttackPotion","MerchantsRug","Guardian:ChargeUp","StuffTheSpire:Mouthbags","Apotheosis","Dark Shackles","Guide Book"],"campfire_rested":2,"item_purchase_floors":[11,11,11,38,38,38,38,38,38,38,38,38,45,45,45],"current_hp_per_floor":[88,88,88,88,82,78,78,78,78,65,65,61,54,59,51,22,93,93,93,76,76,76,76,76,76,72,67,67,68,68,58,38,36,97,97,62,56,51,41,86,86,86,87,70,70,66,104,97,79,80],"gold":60,"neow_bonus":"TEN_PERCENT_HP_BONUS","is_daily":false,"chose_seed":false,"campfire_upgraded":6,"win_rate":0.0,"timestamp":1610454275,"path_taken":["R","M","M","M","M","M","T","R","?","E","$","M","M","?","M","BOSS","R_BF","?","M","M","AVR","R","T","R","M","E","?","M","R","M","M","BOSS","R","M","M","$","M","R","T","?","M","NM","$","M","R","M","M","BOSS"],"items_purchased_type":["Relic","Card","Potion","Relic","Relic","Relic","Card","Potion","Potion","Relic","Card","Relic","Card","Card","Relic"],"build_version":"2020-12-22","purchased_purges":4,"victory":true,"max_hp_per_floor":[88,88,88,88,88,88,88,88,88,88,88,88,88,93,93,93,93,93,93,93,93,93,93,93,93,93,93,93,94,94,95,96,97,97,97,98,99,100,101,101,101,101,102,103,103,104,104,105,106,107],"card_choices":[{"not_picked":["Guardian:Gem_Cyan","Guardian:TemporalStrike"],"picked":"Guardian:PolyBeam","floor":2.0},{"not_picked":["Guardian:VentSteam","Guardian:TemporalShield"],"picked":"Guardian:SpikerProtocol","floor":3.0},{"not_picked":["Guardian:VentSteam","Guardian:Gem_Red"],"picked":"Guardian:BronzeArmor","floor":4.0},{"not_picked":["Guardian:TemporalStrike","Guardian:Planning"],"picked":"Guardian:RollAttack","floor":5.0},{"not_picked":["Guardian:DonusPower","Guardian:Gem_Crimson"],"picked":"Guardian:ShieldCharger","floor":6.0},{"not_picked":["Guardian:RollAttack+1","Guardian:SentryBeam+1"],"picked":"Guardian:AncientConstruct","floor":10.0},{"not_picked":["Guardian:WalkerClaw+1","Guardian:Gem_Purple"],"picked":"Guardian:GuardianWhirl+1","floor":11.0},{"not_picked":["Guardian:Gem_Green","Guardian:CrystalBeam+1"],"picked":"Guardian:PiercingHide","floor":12.0},{"not_picked":["Guardian:BronzeArmor","Guardian:PiercingHide"],"picked":"Guardian:ChargeUp","floor":13.0},{"not_picked":["Guardian:MultiBeam+1","Guardian:TimeCapacitor","Guardian:TemporalShield"],"picked":"SKIP","floor":15.0},{"not_picked":["Guardian:ExploitGems","Guardian:StasisStrike+1"],"picked":"Guardian:RevengeProtocol","floor":16.0},{"not_picked":["Guardian:ShieldCharger","Guardian:Gem_Fragmented"],"picked":"Guardian:PiercingHide","floor":20.0},{"not_picked":["Guardian:ShieldCharger+1","Guardian:Clone"],"picked":"Guardian:PiercingHide+1","floor":21.0},{"not_picked":["Guardian:ChargeCore+1","Guardian:DonusPower"],"picked":"Guardian:GuardianWhirl+1","floor":26.0},{"not_picked":["Guardian:SentryBeam+1","Guardian:TemporalStrike+1","Guardian:ShieldCharger"],"picked":"SKIP","floor":27.0},{"not_picked":["Guardian:PiercingHide","Guardian:TemporalStrike+1"],"picked":"Guardian:AncientConstruct","floor":29.0},{"not_picked":["Guardian:Reroute+1","Guardian:Gem_Green"],"picked":"Guardian:EvasiveProtocol+1","floor":31.0},{"not_picked":["Guardian:ShieldCharger","Guardian:Gem_White"],"picked":"Guardian:RefractedBeam+1","floor":32.0},{"not_picked":["Guardian:Gem_Synthetic","Guardian:HyperBeam_Guardian+1"],"picked":"Guardian:ConstructionForm","floor":33.0},{"not_picked":["Guardian:Recover+1","Guardian:Suspension","Guardian:Gem_Cyan"],"picked":"SKIP","floor":36.0},{"not_picked":["Guardian:ShieldCharger+1","Guardian:PrimingBeam+1","Guardian:PolyBeam+1"],"picked":"SKIP","floor":37.0},{"not_picked":["Guardian:Suspension+1","Guardian:VentSteam+1","Guardian:Gem_Green"],"picked":"SKIP","floor":38.0},{"not_picked":["Guardian:RefractedBeam+1","Guardian:Gem_Crimson"],"picked":"Guardian:Planning+1","floor":39.0},{"not_picked":["expansioncontent:PolyBeam+1","Replay:SS_forest_2"],"picked":"expansioncontent:Collect","floor":42.0},{"not_picked":["Guardian:CrystalBeam+1","Guardian:Gem_Lightblue","Guardian:RefractedBeam+1"],"picked":"SKIP","floor":43.0},{"not_picked":["Guardian:TemporalShield","Guardian:PrismaticBarrier+1"],"picked":"Guardian:ChargeUp+1","floor":44.0},{"not_picked":["Guardian:Emergency+1","Guardian:PrismaticBeam+1"],"picked":"Guardian:DecasProtection+1","floor":46.0},{"not_picked":["Guardian:RefractedBeam+1","Guardian:MultiBeam+1","Guardian:Gem_Cyan"],"picked":"SKIP","floor":48},{"not_picked":["Guardian:Gem_Cyan","Guardian:PiercingHide","Guardian:DecasProtection"],"picked":"SKIP","floor":49}],"player_experience":1218105,"relics_obtained":[{"floor":7.0,"key":"Bronze Scales"},{"floor":10.0,"key":"Bag of Marbles"},{"floor":24.0,"key":"Pen Nib"},{"floor":27.0,"key":"StuffTheSpire:Expresso"},{"floor":36.0,"key":"wanderingMiniBosses:MasterThiefsPresence"},{"floor":41.0,"key":"StuffTheSpire:ForceGauntlet"},{"floor":44.0,"key":"conspire:TopHat"}],"event_choices":[{"damage_healed":0.0,"max_hp_gain":5.0,"max_hp_loss":0.0,"gold_gain":0.0,"event_name":"Big Fish","player_choice":"Donut","floor":14.0,"gold_loss":0.0,"damage_taken":0.0},{"damage_healed":0.0,"max_hp_gain":0.0,"max_hp_loss":0.0,"gold_gain":0.0,"event_name":"FaceTrader","player_choice":"Trade","floor":28.0,"gold_loss":0.0,"damage_taken":0.0,"relics_obtained":["FaceOfCleric"]}],"is_beta":false,"boss_relics":[{"not_picked":["aspiration:SilentSkillbook","Calling Bell"],"picked":"Pandora\u0027s Box"},{"not_picked":["rorgmod:Black Star","Replay:Drink Me"],"picked":"conspire:SlowCooker"}],"items_purged_floors":[11,22,38,45],"is_endless":false,"potions_floor_spawned":[2,4,5,6,13,20,27,32,33,39,43,46,48],"ascension_level":0}}