{"host":"4hkuu26ltn0le3bk","time":1610480701,"event":{"mods":["Astrologer","BaseMod","BetterRewards","Clockwork Mod","Colored Map","Colored Powertips","Friendly Minions","Gremlin Mod","Hermit","Marisa????????","Minty Spire (QoL Compilation)","Quick Restart","StSLib","Td1madao Mod","The Bug Knight","The Construct","The Cursed","The Disciple","The Factory","The Hierophant","The Jungle","The Servant 0.9.4"],"gold_per_floor":[111,124,140,65,83,110,110,110,110],"floor_reached":8,"language":"ENG","playtime":456,"items_purged":[],"score":58,"play_id":"8bb26edd-54ff-461c-8606-3d692f8d2cd8","local_time":"20210112144501","is_ascension_mode":false,"campfire_choices":[{"data":"astrologer:Novile","floor":7,"key":"SMITH"}],"circlet_count":0,"master_deck":["astrologer:Strike","astrologer:Strike","astrologer:Defend","astrologer:Defend","astrologer:Defend","astrologer:Defend","astrologer:NorthStar","astrologer:TheFool","astrologer:Opposition","astrologer:Prestidigitation","astrologer:Sunrise","astrologer:Novile+1"],"relics":["astrologer:SkyMirror","Bottled Lightning"],"acts_visited":["Exordium"],"potions_floor_usage":[6,8],"damage_taken":[{"damage":2,"enemies":"Cultist","floor":1,"turns":5},{"damage":1,"enemies":"2 Louse","floor":2,"turns":3},{"damage":0,"enemies":"Small Slimes","floor":3,"turns":3},{"damage":9,"enemies":"Blue Slaver","floor":5,"turns":4},{"damage":27,"enemies":"HollowMod:MossKnight","floor":6,"turns":11},{"damage":13,"enemies":"Gremlin Nob","floor":8,"turns":2}],"seed_played":"3902418644909904478","potions_obtained":[{"floor":1,"key":"Weak Potion"},{"floor":2,"key":"BlessingOfTheForge"},{"floor":6,"key":"Ancient Potion"}],"is_trial":false,"path_per_floor":["M","M","M","$","M","E","R","E"],"character_chosen":"ASTROLOGER","items_purchased":["astrologer:Prestidigitation"],"campfire_rested":0,"item_purchase_floors":[4],"current_hp_per_floor":[47,46,46,46,37,10,10,0,0],"gold":110,"neow_bonus":"REMOVE_TWO","is_daily":false,"chose_seed":false,"campfire_upgraded":1,"win_rate":0.0,"timestamp":1610480701,"path_taken":["M","M","M","$","?","E","R","E"],"items_purchased_type":["Card"],"build_version":"2020-12-22","purchased_purges":0,"victory":false,"max_hp_per_floor":[70,70,70,70,70,70,70,70,70],"card_choices":[{"not_picked":["astrologer:TheStar","astrologer:Still","astrologer:TheTower"],"picked":"SKIP","floor":1},{"not_picked":["astrologer:Eclipse","astrologer:Still"],"picked":"astrologer:Opposition","floor":2},{"not_picked":["astrologer:Eclipse","astrologer:ReadTheStars","astrologer:TheHangedMan"],"picked":"SKIP","floor":3},{"not_picked":["astrologer:TheDevil","astrologer:Eclipse"],"picked":"astrologer:Sunrise","floor":5},{"not_picked":["astrologer:Still","astrologer:CometStrike"],"picked":"astrologer:Novile","floor":6}],"player_experience":168928,"relics_obtained":[{"floor":6,"key":"Bottled Lightning"}],"event_choices":[],"is_beta":false,"boss_relics":[],"items_purged_floors":[],"is_endless":false,"potions_floor_spawned":[1,2,6],"killed_by":"Gremlin Nob","ascension_level":0}}