{"host":"0ueeacaatm8t6jyh","time":1610452332,"event":{"mods":["AchievementEnabler","BaseMod","Colored Powertips","Minty Spire (QoL Compilation)","Quick Restart","Rare Cards Sparkle","StSLib"],"gold_per_floor":[364,382,160,170,195,195,224,238,238,266,266,121,121,133,133,236,236,249,262,282,296,51,51,51,51,51,80,80,80,111,291,291,396,396,412,427,442,240,240,240,265,285,309,159,207,238,238,88,88,88,88,88,40,69,69,69],"floor_reached":55,"playtime":3633,"items_purged":["Strike_P","Devotion","Parasite","Vengeance"],"score":976,"play_id":"c15a3c85-0d18-4553-ad8f-2e2d69bbe0a9","local_time":"20210112195212","is_ascension_mode":true,"campfire_choices":[{"data":"Eruption","floor":6.0,"key":"SMITH"},{"data":"CrushJoints","floor":13.0,"key":"SMITH"},{"floor":15.0,"key":"RECALL"},{"floor":23.0,"key":"REST"},{"floor":25.0,"key":"REST"},{"data":"Evaluate","floor":28.0,"key":"SMITH"},{"floor":32.0,"key":"REST"},{"data":"1","floor":40.0,"key":"LIFT"},{"floor":49.0,"key":"REST"},{"data":"2","floor":52.0,"key":"LIFT"}],"circlet_count":0,"master_deck":["Eruption+1","Vigilance+1","Vengeance+1","Wireheading+1","Meditate+1","BowlingBash+1","CrushJoints+1","MentalFortress+1","DeusExMachina+1","BattleHymn+1","Establishment+1","LessonLearned+1","Evaluate+1","Wallop+1","Protect+1","FearNoEvil+1","MasterReality","Brilliance+1","Fasting2+1","Indignation+1"],"relics":["PureWater","Bag of Preparation","War Paint","PreservedInsect","Akabeko","Odd Mushroom","Ancient Tea Set","Pandora\u0027s Box","Lantern","Bottled Flame","Girya","Fusion Hammer","Regal Pillow","Happy Flower","Bag of Marbles","Gremlin Horn","Bottled Lightning","ClockworkSouvenir","Blood Vial"],"acts_visited":["Exordium","TheCity","TheBeyond","TheEnding"],"potions_floor_usage":[55,55],"damage_taken":[{"damage":0.0,"enemies":"Cultist","floor":1.0,"turns":2.0},{"damage":4.0,"enemies":"2 Louse","floor":2.0,"turns":2.0},{"damage":0.0,"enemies":"Jaw Worm","floor":4.0,"turns":3.0},{"damage":16.0,"enemies":"Gremlin Nob","floor":7.0,"turns":3.0},{"damage":6.0,"enemies":"Exordium Wildlife","floor":8.0,"turns":2.0},{"damage":0.0,"enemies":"The Mushroom Lair","floor":10.0,"turns":2.0},{"damage":0.0,"enemies":"Gremlin Gang","floor":14.0,"turns":2.0},{"damage":14.0,"enemies":"Hexaghost","floor":16.0,"turns":8.0},{"damage":17.0,"enemies":"3 Byrds","floor":18.0,"turns":4.0},{"damage":15.0,"enemies":"Shell Parasite","floor":19.0,"turns":5.0},{"damage":14.0,"enemies":"Sentry and Sphere","floor":20.0,"turns":5.0},{"damage":7.0,"enemies":"3 Cultists","floor":21.0,"turns":4.0},{"damage":0.0,"enemies":"Slavers","floor":27.0,"turns":2.0},{"damage":0.0,"enemies":"Gremlin Leader","floor":30.0,"turns":2.0},{"damage":4.0,"enemies":"Collector","floor":33.0,"turns":3.0},{"damage":3.0,"enemies":"Orb Walker","floor":35.0,"turns":3.0},{"damage":12.0,"enemies":"3 Darklings","floor":36.0,"turns":4.0},{"damage":37.0,"enemies":"Writhing Mass","floor":37.0,"turns":5.0},{"damage":2.0,"enemies":"Nemesis","floor":41.0,"turns":3.0},{"damage":22.0,"enemies":"Sphere and 2 Shapes","floor":42.0,"turns":3.0},{"damage":1.0,"enemies":"Giant Head","floor":46.0,"turns":5.0},{"damage":55.0,"enemies":"Awakened One","floor":50.0,"turns":6.0},{"damage":7.0,"enemies":"Shield and Spear","floor":54.0,"turns":3.0},{"damage":149,"enemies":"The Heart","floor":55,"turns":6}],"seed_played":"-7880141658776102890","potions_obtained":[{"floor":2.0,"key":"Explosive Potion"},{"floor":7.0,"key":"Explosive Potion"},{"floor":10.0,"key":"LiquidMemories"},{"floor":11.0,"key":"FairyPotion"},{"floor":11.0,"key":"SneckoOil"},{"floor":21.0,"key":"ColorlessPotion"},{"floor":27.0,"key":"Swift Potion"},{"floor":35.0,"key":"LiquidMemories"},{"floor":37.0,"key":"BlessingOfTheForge"},{"floor":46.0,"key":"Dexterity Potion"}],"is_trial":false,"path_per_floor":["M","M","$","M","T","R","E","M","T","?","?","$","R","M","R","B",null,"M","M","M","M","$","R","?","R","T","E","R","?","E","?","R","B",null,"M","M","M","$","?","R","E","M","T","$","T","E","T","$","R","B",null,"R","$","E","B"],"character_chosen":"WATCHER","items_purchased":["Bag of Preparation","Ancient Tea Set","Lantern","Fasting2","ClockworkSouvenir","Dexterity Potion"],"campfire_rested":4,"item_purchase_floors":[3,12,22,38,48,53],"current_hp_per_floor":[51,47,47,47,47,47,31,25,25,25,25,25,25,25,25,11,57,40,25,11,4,4,25,12,35,35,35,35,35,35,16,39,35,67,64,52,15,15,65,65,63,41,41,41,41,40,40,40,65,10,51,51,51,44,0,0],"gold":69,"neow_bonus":"TWO_FIFTY_GOLD","is_daily":false,"chose_seed":false,"campfire_upgraded":3,"win_rate":0.0,"timestamp":1610452332,"path_taken":["M","M","$","M","?","R","E","M","T","?","?","$","R","M","R","BOSS","M","M","?","M","$","R","?","R","T","E","R","?","E","?","R","BOSS","M","?","M","$","?","R","E","M","T","?","?","E","?","$","R","BOSS","R","$","E","BOSS"],"items_purchased_type":["Relic","Relic","Relic","Card","Relic","Potion"],"build_version":"2020-12-22","purchased_purges":4,"victory":false,"max_hp_per_floor":[72,72,72,72,72,72,72,72,72,72,72,72,72,72,72,72,72,72,72,72,72,72,72,77,77,77,77,77,77,77,77,77,77,77,77,77,77,74,65,65,65,65,65,65,65,65,65,65,65,65,65,65,65,65,65,65],"card_choices":[{"not_picked":["FollowUp","Perseverance"],"picked":"Vengeance","floor":1.0},{"not_picked":["Crescendo","MentalFortress"],"picked":"Wireheading","floor":2.0},{"not_picked":["Evaluate","Halt","WreathOfFlame"],"picked":"SKIP","floor":4.0},{"not_picked":["FollowUp","Worship"],"picked":"Meditate","floor":7.0},{"not_picked":["FollowUp","PathToVictory"],"picked":"BowlingBash","floor":8.0},{"not_picked":["Establishment","WindmillStrike"],"picked":"CrushJoints","floor":10.0},{"not_picked":["CrushJoints","Vengeance"],"picked":"MentalFortress","floor":14.0},{"not_picked":["MasterReality","Devotion"],"picked":"DeusExMachina","floor":16.0},{"not_picked":["Consecrate","Evaluate+1"],"picked":"Protect+1","floor":18.0},{"not_picked":["ClearTheMind","CutThroughFate"],"picked":"FearNoEvil+1","floor":19.0},{"not_picked":["WindmillStrike","FlyingSleeves","BowlingBash"],"picked":"SKIP","floor":20.0},{"not_picked":["Evaluate+1","EmptyMind","Crescendo+1"],"picked":"SKIP","floor":21.0},{"not_picked":["Crescendo+1","Wireheading"],"picked":"MasterReality","floor":27.0},{"not_picked":["EmptyMind","Prostrate","Halt"],"picked":"SKIP","floor":30.0},{"not_picked":["Devotion","Wish"],"picked":"Brilliance","floor":33.0},{"not_picked":["Prostrate+1","CrushJoints","ThirdEye"],"picked":"SKIP","floor":35.0},{"not_picked":["PathToVictory+1","ClearTheMind+1","SignatureMove"],"picked":"SKIP","floor":36.0},{"not_picked":["CutThroughFate+1","ThirdEye+1","Crescendo+1"],"picked":"SKIP","floor":37.0},{"not_picked":["Prostrate+1","LikeWater+1"],"picked":"Indignation+1","floor":41.0},{"not_picked":["Conclude+1","Crescendo","MentalFortress"],"picked":"SKIP","floor":42.0},{"not_picked":["Consecrate","SashWhip","Ragnarok"],"picked":"SKIP","floor":46.0},{"not_picked":["PathToVictory+1","ClearTheMind","CarveReality"],"picked":"SKIP","floor":54.0}],"player_experience":347267,"relics_obtained":[{"floor":5.0,"key":"War Paint"},{"floor":7.0,"key":"PreservedInsect"},{"floor":9.0,"key":"Akabeko"},{"floor":10.0,"key":"Odd Mushroom"},{"floor":27.0,"key":"Bottled Flame"},{"floor":30.0,"key":"Girya"},{"floor":41.0,"key":"Regal Pillow"},{"floor":43.0,"key":"Happy Flower"},{"floor":45.0,"key":"Bag of Marbles"},{"floor":46.0,"key":"Gremlin Horn"},{"floor":47.0,"key":"Bottled Lightning"},{"floor":54.0,"key":"Blood Vial"}],"event_choices":[{"damage_healed":0.0,"max_hp_gain":0.0,"max_hp_loss":0.0,"gold_gain":0.0,"event_name":"Mushrooms","player_choice":"Fought Mushrooms","floor":10.0,"gold_loss":0.0,"damage_taken":0.0},{"damage_healed":0.0,"max_hp_gain":0.0,"max_hp_loss":0.0,"gold_gain":0.0,"event_name":"Lab","player_choice":"Got Potions","floor":11.0,"gold_loss":0.0,"damage_taken":0.0},{"damage_healed":0.0,"max_hp_gain":5.0,"max_hp_loss":0.0,"gold_gain":0.0,"event_name":"Forgotten Altar","player_choice":"Shed Blood","floor":24.0,"gold_loss":0.0,"damage_taken":18.0},{"damage_healed":0.0,"max_hp_gain":0.0,"max_hp_loss":0.0,"gold_gain":0.0,"event_name":"The Mausoleum","player_choice":"Ignored","floor":29.0,"gold_loss":0.0,"damage_taken":0.0},{"damage_healed":0.0,"max_hp_gain":0.0,"max_hp_loss":0.0,"gold_gain":180.0,"event_name":"Knowing Skull","player_choice":"GOLD GOLD ","floor":31.0,"potions_obtained":[],"gold_loss":0.0,"damage_taken":19.0,"cards_obtained":[]},{"damage_healed":65.0,"max_hp_gain":0.0,"max_hp_loss":9.0,"gold_gain":0.0,"event_name":"The Moai Head","player_choice":"Heal","floor":39.0,"gold_loss":0.0,"damage_taken":0.0}],"is_beta":false,"boss_relics":[{"not_picked":["Busted Crown","SacredBark"],"picked":"Pandora\u0027s Box"},{"not_picked":["Velvet Choker","Coffee Dripper"],"picked":"Fusion Hammer"}],"items_purged_floors":[3,22,38,44],"is_endless":false,"potions_floor_spawned":[2,7,10,21,27,30,35,37,46],"killed_by":"The Heart","ascension_level":5}}