{"host":"dn6kke80v5f7isus","time":1610411574,"event":{"mods":["AchievementEnabler","Act Like it!","BaseMod","Colored Powertips","Custom Start","Defuse TimeMaze Blight","Downfall","Duelist Mod","Gremlin Skip","Highlight Path","Hubris","Infinite Spire","Minty Spire (QoL Compilation)","Rare Cards Sparkle","Replay The Spire","StSLib","Uncapped"],"gold_per_floor":[136,166,166,7821,7845,7845,7885,7426,7453,7453,7496,7496,7596,7236,7236,7355,7355,7369,6946,6971,6971,6984,6984,7019,7038,7116,7116,7131,7154,7154,7197,7197,7318,7318,7333,7348,7371,7271,7292,7323,7348,6989,6989,6989,7023,7041,7064,7099,7099,7099,7099,7099,6559,6600,6600],"floor_reached":56,"playtime":2683,"items_purged":["theDuelist:Sparks","theDuelist:CastleWalls","theDuelist:ArchfiendSoldier","theDuelist:CastleWalls","theDuelist:ClownZombie","theDuelist:ArmoredZombie"],"score":2241,"play_id":"d69b89d7-5603-46aa-bff2-b912fca28227","local_time":"20210111193254","is_ascension_mode":true,"campfire_choices":[{"data":"theDuelist:ShallowGrave","floor":6,"key":"SMITH"},{"data":"theDuelist:SummonedSkull","floor":10,"key":"SMITH"},{"data":"theDuelist:GhostBelle","floor":15,"key":"SMITH"},{"data":"theDuelist:CallGrave","floor":23,"key":"SMITH"},{"data":"Madness","floor":27,"key":"SMITH"},{"data":"theDuelist:DespairFromDark","floor":32,"key":"SMITH"},{"floor":49,"key":"RECALL"},{"data":"theDuelist:Wiretap","floor":52,"key":"SMITH"}],"circlet_count":0,"master_deck":["theDuelist:PatricianDarkness","theDuelist:ShallowGrave+1","theDuelist:GhostBelle+1","theDuelist:CallGrave+1","Madness+1","theDuelist:Relinkuriboh","theDuelist:GhostBelle+1","theDuelist:Wiretap+1","theDuelist:Zombyra","theDuelist:Zombyra","theDuelist:GhostBelle+1","theDuelist:PutridPudding+1","theDuelist:CallGrave+1","theDuelist:Wiretap+1"],"relics":["theDuelist:MillenniumPuzzle","theDuelist:CardPoolRelic","theDuelist:CardPoolBasicRelic","theDuelist:BoosterPackPoolRelic","theDuelist:CardPoolAddRelic","theDuelist:CardPoolMinusRelic","theDuelist:CardPoolSaveRelic","theDuelist:CardPoolOptionsRelic","Golden Idol","theDuelist:SpellMaxHPRelic","BargainBundle","Snack Pack","Membership Card","hubris:CrystalStatue","Sundial","hubris:OldNail","Guardian:GemstoneGun","theDuelist:MillenniumCoin","Potion Belt","infinitespire:CheckeredPen","Toolbox","Black Star","Ancient Tea Set","hubris:TenFootPole","Strange Spoon","ReplayTheSpireMod:Ninjato","Replay:Wax Seal","theDuelist:MillenniumRod","hubris:TinFlute","Oddly Smooth Stone","Bronze Scales","SlaversCollar","Bag of Marbles","Byrd Skull","theDuelist:SolderToken","infinitespire:Lucky Rock","DollysMirror","theDuelist:MetronomeRelicD","theDuelist:MetronomeRelicB","hubris:PeanutButter","Replay:Accelerometer","Replay:Bottled Steam","Bottled Lightning","Tingsha","theDuelist:MerchantRugbox","infinitespire:BottledMercury","infinitespire:Eraser"],"acts_visited":[],"potions_floor_usage":[20,20,22,31,39,45,45,45,54,55,55,55,55,55],"damage_taken":[{"damage":0.0,"enemies":"Cultist","floor":1.0,"turns":3.0},{"damage":0,"enemies":"2 Louse","floor":5,"turns":2},{"damage":28,"enemies":"3 Sentries","floor":7,"turns":9},{"damage":28,"enemies":"Lagavulin","floor":11,"turns":4},{"damage":15,"enemies":"The Guardian","floor":16,"turns":6},{"damage":0,"enemies":"Spheric Guardian","floor":18,"turns":2},{"damage":7,"enemies":"3 Byrds","floor":20,"turns":3},{"damage":10,"enemies":"Snake Plant","floor":22,"turns":2},{"damage":0,"enemies":"Gremlin Leader","floor":24,"turns":3},{"damage":6,"enemies":"Shelled Parasite and Fungi","floor":25,"turns":3},{"damage":0,"enemies":"3 Cultists","floor":28,"turns":3},{"damage":0,"enemies":"Snecko","floor":29,"turns":3},{"damage":1,"enemies":"Slavers","floor":31,"turns":3},{"damage":0,"enemies":"Champ","floor":33,"turns":6},{"damage":0,"enemies":"Orb Walker","floor":35,"turns":2},{"damage":0,"enemies":"3 Shapes","floor":36,"turns":3},{"damage":0,"enemies":"Transient","floor":37,"turns":5},{"damage":0,"enemies":"Jaw Worm Horde","floor":39,"turns":3},{"damage":3,"enemies":"R_Hoarder","floor":40,"turns":6},{"damage":3,"enemies":"Sphere and 2 Shapes","floor":41,"turns":3},{"damage":0,"enemies":"Nemesis","floor":45,"turns":1},{"damage":0,"enemies":"Spire Growth","floor":46,"turns":3},{"damage":0,"enemies":"Writhing Mass","floor":47,"turns":1},{"damage":0,"enemies":"R_Hoarder","floor":48,"turns":3},{"damage":0,"enemies":"Awakened One","floor":50,"turns":5},{"damage":35,"enemies":"Shield and Spear","floor":54,"turns":4},{"damage":88,"enemies":"The Heart","floor":55,"turns":4}],"seed_played":"-3052121570484008230","potions_obtained":[{"floor":11,"key":"BlessingOfTheForge"},{"floor":16,"key":"theDuelist:DestructPotionPotB"},{"floor":18,"key":"theDuelist:WaterBottle"},{"floor":20,"key":"PowerPotion"},{"floor":24,"key":"theDuelist:SealedPackC"},{"floor":37,"key":"AttackPotion"},{"floor":40,"key":"Adrenaline Potion"},{"floor":44,"key":"Regen Potion"},{"floor":44,"key":"PowerPotion"},{"floor":44,"key":"theDuelist:OrbBottle"},{"floor":45,"key":"Weak Potion"},{"floor":46,"key":"theDuelist:BurningPotion"},{"floor":47,"key":"SteroidPotion"},{"floor":48,"key":"Energy Potion"}],"is_trial":false,"path_per_floor":["M","?","?","$","M","R","E","$","T","R","E","?","?","$","R","B",null,"M","$","M","?","M","R","E","M","T","R","M","M","T","E","R","B",null,"M","M","M","NS","M","E","M","$","T","?","E","M","M","E","R","B",null,"R","$","E","B",null],"character_chosen":"THE_DUELIST","items_purchased":["theDuelist:SpellMaxHPRelic","BargainBundle","Membership Card","hubris:CrystalStatue","Sundial","Potion Belt","infinitespire:CheckeredPen","Toolbox","theDuelist:GhostBelle","Ancient Tea Set","hubris:TenFootPole","Strange Spoon","theDuelist:CallGrave","Madness","theDuelist:SolderToken","infinitespire:Lucky Rock","DollysMirror","Bottled Lightning","Tingsha","theDuelist:MerchantRugbox"],"campfire_rested":0,"item_purchase_floors":[4,4,8,8,8,14,14,14,14,19,19,19,19,19,42,42,42,53,53,53],"current_hp_per_floor":[80,80,58,180,180,180,152,152,152,152,130,130,127,127,127,118,162,166,166,163,163,153,153,155,149,149,149,153,155,155,158,158,164,173,173,175,176,176,176,173,170,170,170,170,172,172,174,176,176,176,176,176,176,141,65],"gold":6600,"neow_bonus":"TEN_PERCENT_HP_BONUS","is_daily":false,"chose_seed":false,"campfire_upgraded":7,"win_rate":0.0,"timestamp":1610411574,"path_taken":["M","?","?","$","M","R","E","$","T","R","E","?","?","?","R","BOSS","M","$","M","?","?","R","E","M","T","R","?","M","?","E","R","BOSS","M","M","M","NS","M","E","M","$","T","?","E","?","M","E","R","BOSS","R","$","E","BOSS"],"items_purchased_type":["Relic","Relic","Relic","Relic","Relic","Relic","Relic","Relic","Card","Relic","Relic","Relic","Card","Card","Relic","Relic","Relic","Relic","Relic","Relic"],"build_version":"2020-12-22","purchased_purges":6,"victory":true,"max_hp_per_floor":[88,88,88,180,180,180,180,180,180,180,180,176,176,176,176,176,176,176,176,176,176,176,176,176,176,176,176,176,176,176,176,176,176,176,176,176,176,176,176,176,176,176,176,176,176,176,176,176,176,176,176,176,176,176,176],"card_choices":[{"not_picked":["theDuelist:VendreadStriges","theDuelist:VendreadRevenants","theDuelist:VendreadChimera","theDuelist:VendreadBattlelord","theDuelist:RevendreadExecutor"],"picked":"SKIP","floor":1.0},{"not_picked":["theDuelist:UmbralHorrorGhost","theDuelist:WightLady","theDuelist:VampireGrimson","theDuelist:Chewbone","theDuelist:MammothGraveyard"],"picked":"SKIP","floor":5},{"not_picked":["theDuelist:DarklordMarie","theDuelist:CheerfulCoffin","theDuelist:Wightprincess","theDuelist:Yasha","theDuelist:UmbralHorrorWilloWisp"],"picked":"SKIP","floor":7},{"not_picked":["theDuelist:DarklordMarie","theDuelist:Tengu","theDuelist:VampireDuke","theDuelist:VampireDomination","theDuelist:RevendreadSlayer"],"picked":"SKIP","floor":11},{"not_picked":["theDuelist:Miscellaneousaurus","theDuelist:MammothGraveyard","theDuelist:FossilSkullknight","theDuelist:FossilSkullKing+1","theDuelist:Chewbone"],"picked":"SKIP","floor":18},{"not_picked":["theDuelist:VendreadCore","theDuelist:FlyingSaucer+1","theDuelist:Mezuki","theDuelist:ParallelWorldFusion"],"picked":"theDuelist:Relinkuriboh","floor":20},{"not_picked":["theDuelist:RevendreadExecutor","theDuelist:Necroface+1","theDuelist:VampireGenesis","theDuelist:Pumprincess","theDuelist:YukiMusume"],"picked":"SKIP","floor":22},{"not_picked":["theDuelist:GhostrickSkeleton","theDuelist:VampireSorcerer","theDuelist:DesLacooda","theDuelist:Gozuki"],"picked":"theDuelist:DespairFromDark","floor":24},{"not_picked":["theDuelist:CallGrave","theDuelist:FabledGallabas","theDuelist:DarkMasterZorc","theDuelist:RobbinZombie","theDuelist:MonsterReborn"],"picked":"SKIP","floor":25},{"not_picked":["theDuelist:VampireSucker","theDuelist:VampireLady","theDuelist:VendreadRevenants","theDuelist:VendreadBattlelord","theDuelist:RevendreadSlayer"],"picked":"SKIP","floor":28},{"not_picked":["theDuelist:ClearKuriboh","theDuelist:WingedKuribohLv9","theDuelist:PurplePainOni+1","theDuelist:LightningVortex+1","theDuelist:DarkCreator"],"picked":"SKIP","floor":29},{"not_picked":["theDuelist:BlueBloodedOni","theDuelist:GreyGreedOni","theDuelist:RainbowKuriboh+1","theDuelist:RainbowOverdragon","theDuelist:RedHeadedOni+1"],"picked":"SKIP","floor":31},{"not_picked":["theDuelist:BerserkerCrush+1","theDuelist:DimensionBurial+1","theDuelist:FuryFire+1","theDuelist:SphereKuriboh","theDuelist:RedMedicine+1"],"picked":"SKIP","floor":35},{"not_picked":["theDuelist:DarkFusion+1","theDuelist:ClearKuriboh","theDuelist:MagicalStone+1","theDuelist:RedMedicine+1"],"picked":"theDuelist:Wiretap","floor":36},{"not_picked":["theDuelist:DarklordMarie+1","theDuelist:VampireFamiliar+1","theDuelist:IlBlud+1","theDuelist:DarkDustSpirit+1","theDuelist:GrossGhost+1"],"picked":"SKIP","floor":37},{"not_picked":["theDuelist:VendreadCore","theDuelist:VampireSorcerer","theDuelist:VampireFraulein","theDuelist:Dakki"],"picked":"theDuelist:Zombyra","floor":39},{"not_picked":["theDuelist:GhostrickMummy+1","theDuelist:NecroworldBanshee","theDuelist:Gernia","theDuelist:FusionWeapon"],"picked":"theDuelist:Zombyra","floor":40},{"not_picked":["theDuelist:TwinHeadedWolf+1","theDuelist:DoubleCoston","theDuelist:MoltenZombie+1","theDuelist:GhostrickAlucard","theDuelist:VendreadBattlelord"],"picked":"SKIP","floor":41},{"not_picked":["theDuelist:LightningVortex+1","theDuelist:GemElephant+1","theDuelist:CastleDarkIllusions","theDuelist:Polymerization","theDuelist:MudGolem"],"picked":"SKIP","floor":45},{"not_picked":["theDuelist:WanderingKing","theDuelist:BattleOx","theDuelist:GilfordLegend","theDuelist:PreventRat","theDuelist:DarklordMarie+1"],"picked":"SKIP","floor":46},{"not_picked":["theDuelist:DarkCubicLord+1","theDuelist:VendreadNightmare","theDuelist:FusionGuard","theDuelist:BookLife+1"],"picked":"theDuelist:PutridPudding+1","floor":47},{"not_picked":["theDuelist:FlyingSaucer","theDuelist:Wightprincess","theDuelist:VampireVamp+1","theDuelist:AbsorbFusion","theDuelist:DesLacooda"],"picked":"SKIP","floor":48},{"not_picked":["theDuelist:Lajinn+1","theDuelist:VampireDuke+1","theDuelist:GhostrickJackfrost+1","theDuelist:VendreadRevolution+1","theDuelist:PainPainter+1"],"picked":"SKIP","floor":54}],"player_experience":597376,"relics_obtained":[{"floor":7,"key":"Snack Pack"},{"floor":9,"key":"hubris:OldNail"},{"floor":11,"key":"Guardian:GemstoneGun"},{"floor":24,"key":"Replay:Wax Seal"},{"floor":24,"key":"theDuelist:MillenniumRod"},{"floor":30,"key":"hubris:TinFlute"},{"floor":31,"key":"Oddly Smooth Stone"},{"floor":31,"key":"Bronze Scales"},{"floor":40,"key":"Bag of Marbles"},{"floor":40,"key":"Byrd Skull"},{"floor":43,"key":"theDuelist:MetronomeRelicD"},{"floor":45,"key":"theDuelist:MetronomeRelicB"},{"floor":45,"key":"hubris:PeanutButter"},{"floor":48,"key":"Replay:Accelerometer"},{"floor":48,"key":"Replay:Bottled Steam"},{"floor":54,"key":"infinitespire:BottledMercury"},{"floor":54,"key":"infinitespire:Eraser"}],"event_choices":[{"damage_healed":0.0,"max_hp_gain":0.0,"max_hp_loss":0.0,"gold_gain":0.0,"event_name":"Card Trader","player_choice":"Sold Sparks for 30 Gold.","duelist":true,"floor":2.0,"gold_loss":0.0,"damage_taken":0.0},{"damage_healed":0.0,"max_hp_gain":0.0,"max_hp_loss":0.0,"gold_gain":0.0,"event_name":"Golden Idol","player_choice":"Take Damage","floor":3.0,"gold_loss":0.0,"damage_taken":22.0,"relics_obtained":["Golden Idol"]},{"damage_healed":0,"gold_gain":0,"player_choice":"Brew - 2x Potion Slots","duelist":true,"damage_taken":0,"max_hp_gain":0,"max_hp_loss":0,"event_name":"Aknamkanon\u0027s Tomb","floor":12,"gold_loss":0},{"damage_healed":0,"gold_gain":0,"player_choice":"Success","damage_taken":3,"relics_obtained":["theDuelist:MillenniumCoin"],"max_hp_gain":0,"max_hp_loss":0,"event_name":"Scrap Ooze","floor":13,"gold_loss":0},{"damage_healed":0,"gold_gain":0,"player_choice":"Copied","damage_taken":0,"max_hp_gain":0,"max_hp_loss":0,"event_name":"Duplicator","floor":21,"gold_loss":0,"cards_obtained":["theDuelist:GhostBelle"]},{"damage_healed":0,"gold_gain":0,"player_choice":"Got Potions","damage_taken":0,"max_hp_gain":0,"max_hp_loss":0,"event_name":"Lab","floor":44,"gold_loss":0}],"is_beta":false,"boss_relics":[{"not_picked":["Fusion Hammer","Runic Cube"],"picked":"Black Star"},{"not_picked":["Cursed Key","hubris:BlackHole"],"picked":"SlaversCollar"}],"items_purged_floors":[4,8,14,19,42,53],"is_endless":false,"potions_floor_spawned":[11,16,18,20,24,37,40,45,46,47,48],"ascension_level":12}}