{"host":"zksvs3x2ysy9npnz","time":1610465390,"event":{"mods":["Aspiration","BaseMod","Beaked The Cultist","BetterRewards","Clockwork Mod","Colored Map","Conspire","Downfall","Duelist Mod","Ekko","Energized Spire","Fiend Mod","Halation","Highlight Path","Hubris","Hunter ??","Infinite Spire","Jedi Mod","JesterMod","Magitek Elite","Minty Spire (QoL Compilation)","Permanent Neow","Quick Restart","Relic Stats","Replay The Spire","Retaliation","Shade Mod","Shop Mod","StSLib","The Construct","The Poker Player","The Runesmith","The Witch","thorton"],"gold_per_floor":[109,109,125,125,125,152,168,168,168,192,44,44,57,77,77,156,156,167,167,52,71,87,87,107,107,107,107,124,134,134,134,134,207,207,223,40,0,69,86,128,132,132],"floor_reached":41,"playtime":5046,"items_purged":["beaked:Strike_Y"],"score":695,"play_id":"a125076d-3c03-4eb1-9549-50f3c53bc808","local_time":"20210112162950","is_ascension_mode":true,"campfire_choices":[{"data":"beaked:BraceForImpact","floor":8,"key":"SMITH"},{"data":"beaked:Ceremony","floor":12,"key":"SMITH"},{"data":"beaked:MaddeningMurmurs","floor":23,"key":"SMITH"},{"data":"beaked:Foresight","floor":25,"key":"SMITH"},{"data":"beaked:Ceremony","floor":27,"key":"SMITH"},{"data":"beaked:Evade","floor":30,"key":"SMITH"},{"floor":32,"key":"REST"}],"circlet_count":0,"master_deck":["AscendersBane","beaked:Strike_Y","beaked:Strike_Y","beaked:Strike_Y","beaked:Strike_Y","beaked:Strike_Y","beaked:Defend_Y","beaked:Defend_Y","beaked:Defend_Y","beaked:Defend_Y","beaked:Ceremony+1","beaked:Ceremony+1","beaked:Ceremony","beaked:BraceForImpact+1","beaked:Insight+1","beaked:RitualOfBody+1","beaked:Windmill","beaked:FullHouse","ReplayTheSpireMod:Prepare the Ceremony","beaked:Brace","beaked:MaddeningMurmurs+1","beaked:Foresight+1","beaked:Evade+1","Bullet Time","Panache","Replay:Poison Smokescreen+1"],"relics":["beaked:MendingPlumage","aspiration:Nostalgia","m_DevilBlood","hubris:Towel","halation:PinkSoulGem","Nunchaku","halation:SelfBoilingWater","conspire:TopHat","conspire:TreasureMap","aspiration:MobileForge","PrismaticShard","energizedSpire:MagnifyingGlass","Red Mask","Replay:Bandana","Pet Ghost"],"acts_visited":["Exordium","TheCity","TheBeyond"],"potions_floor_usage":[6,13,14,29,39],"damage_taken":[{"damage":8,"enemies":"2 Louse","floor":1,"turns":4},{"damage":24,"enemies":"Small Slimes","floor":3,"turns":10},{"damage":47,"enemies":"Gremlin Nob","floor":6,"turns":5},{"damage":13,"enemies":"Jaw Worm","floor":7,"turns":5},{"damage":7,"enemies":"Looter","floor":13,"turns":3},{"damage":11,"enemies":"Exordium Thugs","floor":14,"turns":16},{"damage":17,"enemies":"Fading Forest","floor":16,"turns":11},{"damage":17,"enemies":"Spheric Guardian","floor":18,"turns":6},{"damage":44,"enemies":"Shell Parasite","floor":21,"turns":8},{"damage":16,"enemies":"conspire:HollyBat","floor":22,"turns":11},{"damage":19,"enemies":"Snecko","floor":24,"turns":7},{"damage":35,"enemies":"Snake Plant","floor":28,"turns":4},{"damage":37,"enemies":"Sentry and Sphere","floor":29,"turns":6},{"damage":13,"enemies":"Automaton","floor":33,"turns":8},{"damage":31,"enemies":"3 Shapes","floor":35,"turns":7},{"damage":29,"enemies":"3 Darklings","floor":39,"turns":5},{"damage":86,"enemies":"Nemesis","floor":40,"turns":9},{"damage":43,"enemies":"Transient","floor":41,"turns":2}],"seed_played":"8820820708272403083","potions_obtained":[{"floor":1,"key":"CultistPotion"},{"floor":7,"key":"Fire Potion"},{"floor":13,"key":"hexamod:EctoCoolerPotion"},{"floor":18,"key":"FairyPotion"},{"floor":28,"key":"DDmod:CleansePotion"},{"floor":38,"key":"Death Potion"},{"floor":38,"key":"Swift Potion"}],"is_trial":false,"path_per_floor":["M","?","M","?","?","E","M","R","T","T","$","R","M","M","R_BF","B",null,"M","?","$","M","M","R","M","R","T","R","M","M","R","?","R","B",null,"M","$","?","?","M","E","M"],"character_chosen":"BEAKED_THE_CULTIST","items_purchased":["conspire:TreasureMap","ReplayTheSpireMod:Prepare the Ceremony","Panache"],"campfire_rested":1,"item_purchase_floors":[11,20,36],"current_hp_per_floor":[48,48,49,49,49,12,14,14,14,14,14,14,17,50,50,50,50,50,50,50,46,50,50,50,50,50,50,29,24,24,16,31,50,50,50,50,50,38,42,8,0,0],"gold":132,"neow_bonus":"NOSTALGIA","is_daily":false,"chose_seed":false,"campfire_upgraded":6,"win_rate":0.0,"timestamp":1610465390,"path_taken":["M","?","M","?","?","E","M","R","T","?","?","R","M","?","R_BF","BOSS","M","?","?","M","M","R","M","R","T","R","M","?","R","?","R","BOSS","M","$","?","?","?","E","?"],"items_purchased_type":["Relic","Card","Card"],"build_version":"2020-12-22","purchased_purges":1,"victory":false,"max_hp_per_floor":[50,50,50,50,50,50,50,50,50,50,50,50,50,50,50,50,50,50,50,50,50,50,50,50,50,50,50,50,50,50,50,50,50,50,50,50,50,50,50,50,50,50],"relic_stats":{"Nunchaku":[12],"counters":[18,127],"obtain_stats":[{"conspire:TreasureMap":11,"aspiration:Nostalgia":0,"m_DevilBlood":0,"hubris:Towel":2,"halation:SelfBoilingWater":9,"PrismaticShard":31,"conspire:TopHat":10,"Pet Ghost":40,"Nunchaku":6,"Replay:Bandana":38,"aspiration:MobileForge":17,"energizedSpire:MagnifyingGlass":34,"Red Mask":37,"beaked:MendingPlumage":0,"halation:PinkSoulGem":4},{"conspire:TreasureMap":4,"aspiration:Nostalgia":0,"m_DevilBlood":0,"hubris:Towel":1,"halation:SelfBoilingWater":4,"PrismaticShard":13,"conspire:TopHat":4,"Pet Ghost":17,"Nunchaku":3,"Replay:Bandana":15,"aspiration:MobileForge":7,"energizedSpire:MagnifyingGlass":14,"Red Mask":15,"beaked:MendingPlumage":0,"halation:PinkSoulGem":2},{"conspire:TreasureMap":24,"aspiration:Nostalgia":0,"m_DevilBlood":0,"hubris:Towel":4,"halation:SelfBoilingWater":24,"PrismaticShard":96,"conspire:TopHat":24,"Pet Ghost":125,"Nunchaku":19,"Replay:Bandana":111,"aspiration:MobileForge":54,"energizedSpire:MagnifyingGlass":104,"Red Mask":111,"beaked:MendingPlumage":0,"halation:PinkSoulGem":14}]},"card_choices":[{"not_picked":["beaked:Hexing","hexamod:GhostShield"],"picked":"beaked:BraceForImpact","floor":1},{"not_picked":["ReplayTheSpireMod:Wings of Steel","beaked:Windmill"],"picked":"beaked:Insight","floor":3},{"not_picked":["beaked:VolatileMisfortune","hexamod:EtherealExpedition","beaked:TuckingFeathers"],"picked":"SKIP","floor":6},{"not_picked":["beaked:Tradeoff","ReplayTheSpireMod:Owlgaze"],"picked":"beaked:RitualOfBody","floor":7},{"not_picked":["hexamod:NightmareStrike","beaked:Resilience","hexamod:NecessarySacrifice"],"picked":"SKIP","floor":13},{"not_picked":["beaked:WarriorSpirit","Carnage"],"picked":"beaked:Windmill","floor":14},{"not_picked":["ReplayTheSpireMod:Owlgaze","beaked:WildInstinct"],"picked":"beaked:FullHouse","floor":16},{"not_picked":["beaked:TuckingFeathers","beaked:Overexert","beaked:FeelMyPain"],"picked":"SKIP","floor":18},{"not_picked":["beaked:Brainwash","beaked:WarriorEssence"],"picked":"beaked:Brace","floor":21},{"not_picked":["beaked:FeelMyPain","beaked:Tradeoff"],"picked":"beaked:MaddeningMurmurs","floor":22},{"not_picked":["beaked:Daydream","beaked:Poke"],"picked":"beaked:Foresight","floor":24},{"not_picked":["beaked:Flinch","beaked:Windmill","ReplayTheSpireMod:Owlgaze"],"picked":"SKIP","floor":28},{"not_picked":["beaked:Tweet","beaked:Recite"],"picked":"beaked:Evade","floor":29},{"not_picked":["theDuelist:CrystalTree","Guardian:GemFinder"],"picked":"Bullet Time","floor":33},{"not_picked":["theDuelist:Ojamassimilation","theDuelist:GenexAllyBirdman","Tantrum+1"],"picked":"SKIP","floor":35},{"not_picked":["thethorton:OddChange","theDuelist:DarkCrusader"],"picked":"Replay:Poison Smokescreen+1","floor":38},{"not_picked":["theDuelist:CyberDragonDrei","theDuelist:VampireBaby+1","jesterMod:DesperateStrike"],"picked":"SKIP","floor":39},{"not_picked":["theDuelist:BubbleBringer+1","Fiend:FiendMeditate","theDuelist:RainbowNeos"],"picked":"SKIP","floor":40}],"player_experience":2475571,"relics_obtained":[{"floor":6,"key":"Nunchaku"},{"floor":9,"key":"halation:SelfBoilingWater"},{"floor":10,"key":"conspire:TopHat"},{"floor":31,"key":"PrismaticShard"},{"floor":38,"key":"Replay:Bandana"},{"floor":40,"key":"Pet Ghost"}],"event_choices":[{"damage_healed":0,"gold_gain":0,"player_choice":"Grow","damage_taken":0,"max_hp_gain":0,"max_hp_loss":0,"event_name":"Living Wall","floor":5,"gold_loss":0,"cards_upgraded":["beaked:Insight"]},{"damage_healed":0,"gold_gain":0,"player_choice":"Ignored","damage_taken":0,"max_hp_gain":0,"max_hp_loss":0,"event_name":"Vampires","floor":19,"gold_loss":0},{"damage_healed":0,"gold_gain":0,"player_choice":"Paid","damage_taken":0,"relics_obtained":["Red Mask"],"max_hp_gain":0,"max_hp_loss":0,"event_name":"Tomb of Lord Red Mask","floor":37,"gold_loss":40}],"is_beta":false,"boss_relics":[{"not_picked":["conspire:SeveredTorchhead","jedi:hotpepper"],"picked":"aspiration:MobileForge"},{"not_picked":["Painkiller Herb","hubris:CrackedHourglass"],"picked":"energizedSpire:MagnifyingGlass"}],"items_purged_floors":[20],"is_endless":false,"potions_floor_spawned":[1,7,13,18,28],"killed_by":"Transient","ascension_level":13}}