{"host":"7r6bd5ce6zscnmwq","time":1610435047,"event":{"mods":["BaseMod","Better Altar","Better Match","Better Note","Better Sensory Stone","Better Skull","Better Third Choice","Better Vampires","Block Reminder","Colored Powertips","Displayed Cursed Tome","Minty Spire (QoL Compilation)","Permanent Neow","Quick Restart","Robot Space Explorer","Shop Mod","Spicy Shops","StSLib","The Disciple","The Hayseed"],"gold_per_floor":[116,47,59,73,73,73,90,90,90,90,155,165,186,208,208,318,318,350,30,30,30,68,68,99,154,154,154,179,230,33,64,64,179,179,209,237,269,269,10,10,58,58,58,58,90,143,143,178,178,198,198,198,5,55,75,75],"floor_reached":55,"playtime":4378,"items_purged":["TheSimpletonMod:Strike_TheSimpleton","TheSimpletonMod:Defend_TheSimpleton","TheSimpletonMod:Defend_TheSimpleton"],"score":769,"play_id":"e6215a2d-9e8f-4893-827a-215196926c20","local_time":"20210112160407","is_ascension_mode":true,"campfire_choices":[{"data":"TheSimpletonMod:Onions","floor":6,"key":"SMITH"},{"data":"TheSimpletonMod:ReapAndSow","floor":8,"key":"SMITH"},{"data":"TheSimpletonMod:OnionBloom","floor":10,"key":"SMITH"},{"data":"TheSimpletonMod:Swelter","floor":15,"key":"SMITH"},{"data":"TheSimpletonMod:SoilSample","floor":23,"key":"SMITH"},{"floor":27,"key":"REST"},{"data":"TheSimpletonMod:TakeHeart","floor":32,"key":"SMITH"},{"floor":40,"key":"RECALL"},{"data":"TheSimpletonMod:StockTheCellar","floor":42,"key":"SMITH"},{"data":"TheSimpletonMod:Sunchoke","floor":44,"key":"SMITH"},{"data":"TheSimpletonMod:Pruning","floor":49,"key":"SMITH"},{"data":"TheSimpletonMod:Defend_TheSimpleton","floor":52,"key":"SMITH"}],"circlet_count":0,"master_deck":["TheSimpletonMod:Strike_TheSimpleton","TheSimpletonMod:Defend_TheSimpleton+1","TheSimpletonMod:Haymaker","TheSimpletonMod:ReapAndSow+1","TheSimpletonMod:OnionBloom+1","TheSimpletonMod:Onions+1","TheSimpletonMod:Pruning+1","TheSimpletonMod:Sunchoke+1","TheSimpletonMod:TakeHeart+1","TheSimpletonMod:Swelter+1","TheSimpletonMod:CrackOfDawn+1","TheSimpletonMod:SoilSample+1","TheSimpletonMod:SpiceUp+1","TheSimpletonMod:StockTheCellar+1","TheSimpletonMod:DoubleBarrel+1","Trip"],"relics":["TheSimpletonMod:SpudOfTheInnocent","TheSimpletonMod:NightSoil","TheSimpletonMod:TheHarvester","Happy Flower","TheSimpletonMod:GasCan","TheSimpletonMod:CashCrop","Orichalcum","Empty Cage","Lee\u0027s Waffle","InkBottle","Lantern","Letter Opener","HandDrill","Busted Crown","TheSimpletonMod:PlanterBox","The Courier","Sundial","Singing Bowl","Mummified Hand","Medical Kit","Bronze Scales"],"acts_visited":["Exordium","TheCity","TheBeyond","TheEnding"],"potions_floor_usage":[16,16,25,50,50,50,55],"damage_taken":[{"damage":0,"enemies":"Small Slimes","floor":1,"turns":4},{"damage":3,"enemies":"Cultist","floor":3,"turns":5},{"damage":1,"enemies":"2 Louse","floor":4,"turns":3},{"damage":14,"enemies":"Blue Slaver","floor":7,"turns":5},{"damage":5,"enemies":"3 Sentries","floor":11,"turns":8},{"damage":7,"enemies":"Lots of Slimes","floor":12,"turns":2},{"damage":7,"enemies":"Exordium Wildlife","floor":13,"turns":4},{"damage":0,"enemies":"Exordium Thugs","floor":14,"turns":3},{"damage":29,"enemies":"Slime Boss","floor":16,"turns":8},{"damage":14,"enemies":"Chosen","floor":18,"turns":5},{"damage":27,"enemies":"3 Byrds","floor":22,"turns":3},{"damage":8,"enemies":"Snake Plant","floor":24,"turns":4},{"damage":20,"enemies":"Book of Stabbing","floor":25,"turns":5},{"damage":2,"enemies":"Centurion and Healer","floor":28,"turns":4},{"damage":32,"enemies":"Gremlin Leader","floor":29,"turns":6},{"damage":8,"enemies":"Shelled Parasite and Fungi","floor":31,"turns":3},{"damage":40,"enemies":"Automaton","floor":33,"turns":7},{"damage":3,"enemies":"3 Darklings","floor":35,"turns":3},{"damage":5,"enemies":"3 Shapes","floor":36,"turns":3},{"damage":10,"enemies":"Sphere and 2 Shapes","floor":37,"turns":4},{"damage":8,"enemies":"Nemesis","floor":41,"turns":5},{"damage":0,"enemies":"Transient","floor":45,"turns":5},{"damage":16,"enemies":"Giant Head","floor":46,"turns":6},{"damage":10,"enemies":"Jaw Worm Horde","floor":48,"turns":3},{"damage":50,"enemies":"Awakened One","floor":50,"turns":9},{"damage":13,"enemies":"Shield and Spear","floor":54,"turns":3},{"damage":96,"enemies":"The Heart","floor":55,"turns":5}],"seed_played":"-7557343154847128265","potions_obtained":[{"floor":7,"key":"TheSimpletonMod:KindlingPotion"},{"floor":11,"key":"PowerPotion"},{"floor":12,"key":"EntropicBrew"},{"floor":25,"key":"Weak Potion"},{"floor":28,"key":"Dexterity Potion"},{"floor":35,"key":"CultistPotion"},{"floor":45,"key":"DuplicationPotion"},{"floor":54,"key":"Dexterity Potion"}],"is_trial":false,"path_per_floor":["M","?","M","M","$","R","M","R","T","R","?","M","M","M","R","B",null,"M","$","?","?","M","R","M","E","T","R","M","E","$","M","R","B",null,"M","M","M","?","$","R","E","R","T","R","M","E","T","M","R","B",null,"R","$","E","B"],"character_chosen":"THE_SIMPLETON","items_purchased":["Lee\u0027s Waffle","HandDrill","TheSimpletonMod:PlanterBox","Trip","Medical Kit"],"campfire_rested":1,"item_purchase_floors":[19,30,39,53,53],"current_hp_per_floor":[75,75,72,71,71,71,61,61,61,61,60,53,50,54,54,29,75,66,82,82,82,55,55,52,41,41,65,67,44,44,50,50,19,82,79,77,72,72,72,72,73,73,73,73,82,68,68,69,69,33,86,86,86,75,0,0],"gold":75,"neow_bonus":"RANDOM_COMMON_RELIC","is_daily":false,"chose_seed":false,"campfire_upgraded":10,"win_rate":0.0,"timestamp":1610435047,"path_taken":["M","?","M","?","?","R","M","R","T","R","?","M","M","M","R","BOSS","M","$","?","?","?","R","M","E","T","R","M","E","$","M","R","BOSS","M","M","M","?","$","R","E","R","T","R","?","E","?","M","R","BOSS","R","$","E","BOSS"],"items_purchased_type":["Relic","Relic","Relic","Card","Relic"],"build_version":"2020-12-22","purchased_purges":3,"victory":false,"max_hp_per_floor":[75,75,75,75,75,75,75,75,75,75,75,75,75,75,75,75,75,75,82,82,82,82,82,82,82,82,82,82,82,82,82,82,82,82,82,82,82,82,82,82,82,82,82,82,82,84,84,86,86,86,86,86,86,88,88,88],"card_choices":[{"not_picked":["TheSimpletonMod:Aerate","TheSimpletonMod:Swelter"],"picked":"TheSimpletonMod:OnionBloom","floor":1},{"not_picked":["TheSimpletonMod:ToughenUp","TheSimpletonMod:CloseScrape","TheSimpletonMod:Innovate"],"picked":"SKIP","floor":3},{"not_picked":["TheSimpletonMod:Ferment","TheSimpletonMod:BumperCrop"],"picked":"TheSimpletonMod:Onions","floor":4},{"not_picked":["TheSimpletonMod:SeedCoat","TheSimpletonMod:OnionBloom"],"picked":"TheSimpletonMod:Pruning","floor":7},{"not_picked":["TheSimpletonMod:CloseScrape","TheSimpletonMod:CullingStrike"],"picked":"TheSimpletonMod:Sunchoke","floor":11},{"not_picked":["TheSimpletonMod:Corn","TheSimpletonMod:SeedCoat"],"picked":"TheSimpletonMod:TakeHeart","floor":12},{"not_picked":["TheSimpletonMod:KeenEdge","TheSimpletonMod:Aerate"],"picked":"TheSimpletonMod:Swelter","floor":13},{"not_picked":["TheSimpletonMod:Pruning","TheSimpletonMod:BumperCrop","TheSimpletonMod:CullingStrike"],"picked":"SKIP","floor":14},{"not_picked":["TheSimpletonMod:BuzzBomb","TheSimpletonMod:Surplus"],"picked":"TheSimpletonMod:CrackOfDawn","floor":16},{"not_picked":["TheSimpletonMod:Ferment+1","TheSimpletonMod:CullingStrike"],"picked":"TheSimpletonMod:SoilSample","floor":18},{"not_picked":["TheSimpletonMod:Onions+1","TheSimpletonMod:Innovate"],"picked":"TheSimpletonMod:SpiceUp+1","floor":22},{"not_picked":["TheSimpletonMod:Aerate+1","TheSimpletonMod:DigIn","TheSimpletonMod:SeedCoat"],"picked":"SKIP","floor":24},{"not_picked":["TheSimpletonMod:DoubleBarrel","TheSimpletonMod:Surplus","TheSimpletonMod:KeenEdge"],"picked":"SKIP","floor":25},{"not_picked":["TheSimpletonMod:Innovate","TheSimpletonMod:SoilSample","TheSimpletonMod:CullingStrike"],"picked":"SKIP","floor":28},{"not_picked":["TheSimpletonMod:Ferment","TheSimpletonMod:Germinate"],"picked":"TheSimpletonMod:StockTheCellar","floor":29},{"not_picked":["TheSimpletonMod:CullingStrike","TheSimpletonMod:SoilSample","TheSimpletonMod:Swelter"],"picked":"SKIP","floor":31},{"not_picked":["TheSimpletonMod:CullingStrike"],"picked":"SKIP","floor":35},{"not_picked":[],"picked":"TheSimpletonMod:DoubleBarrel+1","floor":36},{"not_picked":["TheSimpletonMod:Corn"],"picked":"SKIP","floor":37},{"not_picked":["TheSimpletonMod:SpiceUp"],"picked":"SKIP","floor":41},{"not_picked":["TheSimpletonMod:DigIn"],"picked":"SKIP","floor":45},{"not_picked":["TheSimpletonMod:SpiceUp+1"],"picked":"Singing Bowl","floor":46},{"not_picked":["TheSimpletonMod:Onions+1"],"picked":"Singing Bowl","floor":48},{"not_picked":["TheSimpletonMod:KeenEdge"],"picked":"Singing Bowl","floor":54}],"player_experience":618437,"relics_obtained":[{"floor":9,"key":"TheSimpletonMod:CashCrop"},{"floor":11,"key":"Orichalcum"},{"floor":25,"key":"Lantern"},{"floor":29,"key":"Letter Opener"},{"floor":41,"key":"The Courier"},{"floor":43,"key":"Sundial"},{"floor":46,"key":"Singing Bowl"},{"floor":47,"key":"Mummified Hand"},{"floor":54,"key":"Bronze Scales"}],"event_choices":[{"damage_healed":0,"gold_gain":0,"player_choice":"Paid Gold","damage_taken":0,"relics_obtained":["TheSimpletonMod:GasCan"],"max_hp_gain":0,"max_hp_loss":0,"event_name":"WeMeetAgain","floor":2,"gold_loss":69},{"damage_healed":0,"gold_gain":30,"player_choice":"Searched \u00272\u0027 times","damage_taken":0,"max_hp_gain":0,"max_hp_loss":0,"event_name":"Dead Adventurer","floor":11,"gold_loss":0},{"damage_healed":0,"gold_gain":0,"player_choice":"Opened","damage_taken":0,"relics_obtained":["InkBottle"],"max_hp_gain":0,"max_hp_loss":0,"event_name":"The Mausoleum","floor":20,"gold_loss":0},{"damage_healed":0,"gold_gain":0,"player_choice":"Forge","damage_taken":0,"max_hp_gain":0,"max_hp_loss":0,"event_name":"Accursed Blacksmith","floor":21,"gold_loss":0,"cards_upgraded":["TheSimpletonMod:CrackOfDawn"]},{"cards_removed":["TheSimpletonMod:Strike_TheSimpleton"],"damage_healed":0,"gold_gain":0,"player_choice":"Offered Basic","damage_taken":0,"max_hp_gain":0,"max_hp_loss":0,"event_name":"Bonfire Elementals","floor":38,"gold_loss":0}],"is_beta":false,"boss_relics":[{"not_picked":["Ectoplasm","Tiny House"],"picked":"Empty Cage"},{"not_picked":["Fusion Hammer","Coffee Dripper"],"picked":"Busted Crown"}],"items_purged_floors":[19,19,30],"is_endless":false,"potions_floor_spawned":[7,11,12,13,25,28,29,35,41,45,54],"killed_by":"The Heart","ascension_level":1}}