{"host":"iq6tbtp5mk4vf216","time":1610451297,"event":{"mods":["BaseMod","BetterRewards","Colored Map","Colored Powertips","Downfall","Duelist Mod","Minty Spire (QoL Compilation)","Rare Cards Sparkle","Replay The Spire","StSLib","The Hierophant","The Jungle","The Necromancer","The Poker Player"],"gold_per_floor":[109,109,284,359,373,373,404,404,404,416,266,266,294,308,308,412,462,475,22,35,46,46,46,46,46,46],"floor_reached":25,"playtime":1913,"items_purged":["Regret"],"score":259,"play_id":"12e574e2-f181-4f97-abfc-9e3606a33b22","local_time":"20210112043457","is_ascension_mode":false,"metric_token":914,"campfire_choices":[{"data":"PokerPlayerMod:Extraction","floor":6,"key":"SMITH"},{"data":"PokerPlayerMod:TrumpStrike","floor":8,"key":"SMITH"},{"data":"PokerPlayerMod:GamblerForm","floor":15,"key":"SMITH"},{"floor":23,"key":"REST"}],"circlet_count":0,"master_deck":["PokerPlayerMod:Diamond1","PokerPlayerMod:Diamond2","PokerPlayerMod:Diamond3","PokerPlayerMod:Diamond4","PokerPlayerMod:Diamond5","PokerPlayerMod:Spade1","PokerPlayerMod:Spade2","PokerPlayerMod:Spade3","PokerPlayerMod:Spade4","PokerPlayerMod:Club1","PokerPlayerMod:Club2","PokerPlayerMod:Heart3","PokerPlayerMod:TrumpStrike+1","PokerPlayerMod:BadJoker","PokerPlayerMod:Mulligan+1","PokerPlayerMod:DartThrow","Doubt","PokerPlayerMod:Extraction+1","PokerPlayerMod:Trickery","PokerPlayerMod:Spade1","PokerPlayerMod:GamblerForm+1","PokerPlayerMod:Promotion","PokerPlayerMod:Diamond6","PokerPlayerMod:Spade2","PokerPlayerMod:Spade3","PokerPlayerMod:Raise","PokerPlayerMod:Club8","PokerPlayerMod:VarietyAttack","PokerPlayerMod:PoorCopy","PokerPlayerMod:CardPrinter","PokerPlayerMod:SpadeStrike","PokerPlayerMod:Fold","PokerPlayerMod:Sharpen+1","PokerPlayerMod:Overdeal","Necronomicurse","PokerPlayerMod:Heart9"],"relics":["PokerPlayerMod:DeckCase","NeowsBlessing","MealTicket","Iron Hammer","Orrery","PokerPlayerMod:JackpotMachine","Strawberry","Tiny House","Torii","Necronomicon"],"acts_visited":["Exordium","TheCity"],"potions_floor_usage":[16,21,25,25],"damage_taken":[{"damage":0,"enemies":"2 Louse","floor":1,"turns":1},{"damage":0,"enemies":"Jaw Worm","floor":5,"turns":1},{"damage":0,"enemies":"Gremlin Nob","floor":7,"turns":1},{"damage":0,"enemies":"Small Slimes","floor":10,"turns":2},{"damage":18,"enemies":"3 Sentries","floor":13,"turns":6},{"damage":0,"enemies":"Looter","floor":14,"turns":2},{"damage":17,"enemies":"Slime Boss","floor":16,"turns":10},{"damage":32,"enemies":"3 Byrds","floor":18,"turns":4},{"damage":3,"enemies":"Shell Parasite","floor":20,"turns":4},{"damage":28,"enemies":"Shelled Parasite and Fungi","floor":21,"turns":7},{"damage":51,"enemies":"Gremlin Leader","floor":25,"turns":6}],"seed_played":"-391725683487770319","potions_obtained":[{"floor":7,"key":"Dexterity Potion"},{"floor":16,"key":"Adrenaline Potion"},{"floor":17,"key":"PowerPotion"},{"floor":18,"key":"Milkshake"}],"is_trial":false,"path_per_floor":["M","?","?","?","M","R","E","R","T","M","$","?","E","M","R","B",null,"M","$","M","M","?","R","?","E"],"character_chosen":"THE_POKER_PLAYER","items_purchased":["Orrery","Torii","PokerPlayerMod:SpadeStrike","PokerPlayerMod:Fold"],"campfire_rested":1,"item_purchase_floors":[11,19,19,19],"current_hp_per_floor":[52,52,52,52,52,52,52,52,52,52,52,52,41,41,41,27,64,32,47,52,30,14,33,33,0,0],"gold":46,"neow_bonus":"THREE_ENEMY_KILL","is_daily":false,"chose_seed":false,"campfire_upgraded":3,"win_rate":0.0,"timestamp":1610451297,"path_taken":["M","?","?","?","M","R","E","R","T","M","$","?","E","M","R","BOSS","M","$","M","M","?","R","?","E"],"items_purchased_type":["Relic","Relic","Card","Card"],"build_version":"2020-12-22","purchased_purges":1,"victory":false,"max_hp_per_floor":[52,52,52,52,52,52,52,52,52,52,52,52,59,59,59,59,64,64,64,64,64,64,64,64,64,64],"card_choices":[{"not_picked":["PokerPlayerMod:CloakAndDiamond","PokerPlayerMod:Club3"],"picked":"PokerPlayerMod:DartThrow","floor":1},{"not_picked":["PokerPlayerMod:HeartStrike","PokerPlayerMod:Configure"],"picked":"PokerPlayerMod:Extraction","floor":5},{"not_picked":["PokerPlayerMod:Spade2","PokerPlayerMod:Diamond2"],"picked":"PokerPlayerMod:Trickery","floor":7},{"not_picked":["PokerPlayerMod:Diamond2","PokerPlayerMod:Diamond1"],"picked":"PokerPlayerMod:Spade1","floor":10},{"not_picked":["PokerPlayerMod:Diamond5","PokerPlayerMod:MagicTrick"],"picked":"PokerPlayerMod:GamblerForm","floor":11},{"not_picked":["PokerPlayerMod:Club8","PokerPlayerMod:Heart2"],"picked":"PokerPlayerMod:Promotion","floor":11},{"not_picked":["PokerPlayerMod:Diamond8","PokerPlayerMod:Heart5"],"picked":"PokerPlayerMod:Diamond6","floor":11},{"not_picked":["PokerPlayerMod:Club4","PokerPlayerMod:ClubsClub"],"picked":"PokerPlayerMod:Spade2","floor":11},{"not_picked":["PokerPlayerMod:MagicTrick","PokerPlayerMod:Club3"],"picked":"PokerPlayerMod:Spade3","floor":11},{"not_picked":["PokerPlayerMod:Extraction","PokerPlayerMod:Spade5"],"picked":"PokerPlayerMod:Raise","floor":13},{"not_picked":["PokerPlayerMod:Diamond1","PokerPlayerMod:Club3"],"picked":"PokerPlayerMod:Club8","floor":14},{"not_picked":["PokerPlayerMod:Spade9","PokerPlayerMod:FakeSymbols"],"picked":"PokerPlayerMod:VarietyAttack","floor":16},{"not_picked":["PokerPlayerMod:Spade4","PokerPlayerMod:Spade6"],"picked":"PokerPlayerMod:PoorCopy","floor":17},{"not_picked":["PokerPlayerMod:Trickery","PokerPlayerMod:Spade2"],"picked":"PokerPlayerMod:CardPrinter","floor":18},{"not_picked":["PokerPlayerMod:CardBurn","PokerPlayerMod:Club4"],"picked":"PokerPlayerMod:Sharpen+1","floor":20},{"not_picked":["PokerPlayerMod:Diamond5","PokerPlayerMod:Heart2"],"picked":"PokerPlayerMod:Overdeal","floor":21}],"player_experience":653521,"relics_obtained":[{"floor":7,"key":"MealTicket"},{"floor":9,"key":"Iron Hammer"},{"floor":13,"key":"Strawberry"},{"floor":22,"key":"Necronomicon"}],"event_choices":[{"damage_healed":0,"gold_gain":0,"player_choice":"Grow","damage_taken":0,"max_hp_gain":0,"max_hp_loss":0,"event_name":"Living Wall","floor":2,"gold_loss":0,"cards_upgraded":["PokerPlayerMod:Mulligan"]},{"damage_healed":0,"gold_gain":175,"player_choice":"AGREE","damage_taken":0,"max_hp_gain":0,"max_hp_loss":0,"event_name":"Liars Game","floor":3,"gold_loss":0,"cards_obtained":["Doubt"]},{"damage_healed":0,"gold_gain":75,"player_choice":"Gained Gold","damage_taken":0,"max_hp_gain":0,"max_hp_loss":0,"event_name":"Golden Wing","floor":4,"gold_loss":0},{"damage_healed":0,"gold_gain":0,"player_choice":"Box","damage_taken":0,"relics_obtained":["PokerPlayerMod:JackpotMachine"],"max_hp_gain":0,"max_hp_loss":0,"event_name":"Big Fish","floor":12,"gold_loss":0,"cards_obtained":["Regret"]},{"damage_healed":0,"gold_gain":0,"player_choice":"Obtained Book","damage_taken":16,"max_hp_gain":0,"max_hp_loss":0,"event_name":"Cursed Tome","floor":22,"gold_loss":0},{"damage_healed":0,"gold_gain":0,"player_choice":"Read","damage_taken":0,"max_hp_gain":0,"max_hp_loss":0,"event_name":"The Library","floor":24,"gold_loss":0,"cards_obtained":["PokerPlayerMod:Heart9"]}],"is_beta":false,"boss_relics":[{"not_picked":["Replay:Wanted Poster","Snecko Eye"],"picked":"Tiny House"}],"items_purged_floors":[19],"is_endless":false,"potions_floor_spawned":[7,16,18],"killed_by":"Gremlin Leader","ascension_level":0}}