{"host":"zex3ujd3lwod1gma","time":1610444207,"event":{"mods":["BaseMod","Better Vampires","Custom Start","Minty Spire (QoL Compilation)","Quick Restart","Relic Stats","StSLib","[地精首领爬塔]The Maniac","【功能Mod】精心准备","老伊莉雅"],"gold_per_floor":[110,128,143,159,84,84,99,125,125,145,179,195,215,229,229,331,331,346,357,368,467,467,467,492,150,150,179,141,141,155,171,171,275,275,275,275],"floor_reached":35,"playtime":1530,"items_purged":["PrismaMod:ChloeCommonAttack","PrismaMod:ChloeCommonDefend+1","PrismaMod:ChloeCommonDefend+1"],"score":395,"play_id":"a75ab103-54e8-4a5b-852e-21519467aaf5","local_time":"20210112173647","is_ascension_mode":false,"campfire_choices":[{"floor":6.0,"key":"RECALL"},{"floor":15.0,"key":"REST"},{"floor":23.0,"key":"REST"},{"data":"1","floor":29.0,"key":"LIFT"},{"data":"2","floor":32.0,"key":"LIFT"}],"circlet_count":0,"master_deck":["PrismaMod:ChloeCommonAttack+1","PrismaMod:ChloeCommonAttack+1","PrismaMod:ChloeCommonAttack+1","PrismaMod:ChloeCommonAttack+1","PrismaMod:ChloeCommonDefend+1","PrismaMod:ChloeCommonDefend+1","PrismaMod:ChloeCommonDefend+1","PrismaMod:ChloeCheapAttack+1","PrismaMod:ChloeCheapDefend+1","PrismaMod:ChloeCaladbolg+1","PrismaMod:ChloeCarnivalAOEAttack+1","PrismaMod:ChloeCarnivalDefend+1","PrismaMod:ChloeMordred+1","PrismaMod:ChloeRuleBreaker+1","PrismaMod:ChloeCarnivalDefend+1","PrismaMod:ChloeChristmas+1","PrismaMod:ChloeAnySkillTrace"],"relics":["NeowsBlessing","maniac:EnchantedAnvil","Smiling Mask","Bronze Scales","SlaversCollar","Unceasing Top","Membership Card","Girya","MawBank","Philosopher\u0027s Stone"],"acts_visited":["Exordium","TheCity","TheBeyond"],"potions_floor_usage":[33],"damage_taken":[{"damage":0.0,"enemies":"Cultist","floor":1.0,"turns":1.0},{"damage":0.0,"enemies":"Small Slimes","floor":2.0,"turns":1.0},{"damage":0.0,"enemies":"Jaw Worm","floor":3.0,"turns":1.0},{"damage":1.0,"enemies":"Red Slaver","floor":4.0,"turns":2.0},{"damage":0.0,"enemies":"Exordium Wildlife","floor":7.0,"turns":4.0},{"damage":14.0,"enemies":"Gremlin Nob","floor":8.0,"turns":3.0},{"damage":0.0,"enemies":"2 Fungi Beasts","floor":10.0,"turns":1.0},{"damage":9.0,"enemies":"3 Sentries","floor":11.0,"turns":6.0},{"damage":0.0,"enemies":"Large Slime","floor":12.0,"turns":3.0},{"damage":0.0,"enemies":"Blue Slaver","floor":13.0,"turns":1.0},{"damage":0.0,"enemies":"Red Slaver","floor":14.0,"turns":2.0},{"damage":4.0,"enemies":"Slime Boss","floor":16.0,"turns":8.0},{"damage":0.0,"enemies":"3 Byrds","floor":18.0,"turns":2.0},{"damage":3.0,"enemies":"Spheric Guardian","floor":19.0,"turns":4.0},{"damage":14.0,"enemies":"Snake Plant","floor":20.0,"turns":4.0},{"damage":5.0,"enemies":"Book of Stabbing","floor":24.0,"turns":4.0},{"damage":0.0,"enemies":"Sentry and Sphere","floor":27.0,"turns":3.0},{"damage":16.0,"enemies":"Shelled Parasite and Fungi","floor":30.0,"turns":3.0},{"damage":4.0,"enemies":"Snake Plant","floor":31.0,"turns":3.0},{"damage":3,"enemies":"Automaton","floor":33,"turns":6},{"damage":0,"enemies":"3 Shapes","floor":35,"turns":1}],"seed_played":"2240859109895117695","potions_obtained":[{"floor":1.0,"key":"EssenceOfSteel"},{"floor":2.0,"key":"SpeedPotion"},{"floor":4.0,"key":"FearPotion"},{"floor":16.0,"key":"GamblersBrew"}],"is_trial":false,"path_per_floor":["M","M","M","M","$","R","M","E","T","M","E","M","M","M","R","B",null,"M","M","M","?","?","R","E","$","T","M","$","R","M","M","R","B",null,"M"],"character_chosen":"CHLOE","items_purchased":["Membership Card","Girya"],"campfire_rested":2,"item_purchase_floors":[25,25],"current_hp_per_floor":[75,75,75,74,74,74,74,60,60,60,51,51,51,51,73,69,75,75,72,58,58,58,75,70,70,70,70,70,70,54,50,50,47,75,75,75],"gold":275,"neow_bonus":"THREE_ENEMY_KILL","is_daily":false,"chose_seed":false,"campfire_upgraded":0,"win_rate":0.0,"timestamp":1610444207,"path_taken":["M","M","M","M","$","R","M","E","T","?","E","M","M","M","R","BOSS","M","M","M","?","?","R","E","$","T","?","$","R","M","M","R","BOSS","M"],"items_purchased_type":["Relic","Relic"],"build_version":"2020-12-22","purchased_purges":3,"victory":false,"max_hp_per_floor":[75,75,75,75,75,75,75,75,75,75,75,75,75,75,75,75,75,75,75,75,75,75,75,75,75,75,75,75,75,75,75,75,75,75,75,75],"relic_stats":{"counters":[21,63],"Bronze Scales":[99],"Smiling Mask":13,"MawBank":24,"obtain_stats":[{"SlaversCollar":17,"Girya":25,"maniac:EnchantedAnvil":0,"NeowsBlessing":0,"Bronze Scales":11,"Philosopher\u0027s Stone":34,"Membership Card":25,"Smiling Mask":8,"MawBank":26,"PrismaMod:PrismaTraceOn":0,"Unceasing Top":24},{"SlaversCollar":12,"Girya":16,"maniac:EnchantedAnvil":0,"NeowsBlessing":0,"Bronze Scales":8,"Philosopher\u0027s Stone":20,"Membership Card":16,"Smiling Mask":6,"MawBank":16,"PrismaMod:PrismaTraceOn":0,"Unceasing Top":16},{"SlaversCollar":33,"Girya":47,"maniac:EnchantedAnvil":0,"NeowsBlessing":0,"Bronze Scales":19,"Philosopher\u0027s Stone":62,"Membership Card":47,"Smiling Mask":12,"MawBank":47,"PrismaMod:PrismaTraceOn":0,"Unceasing Top":47}],"Unceasing Top":[6]},"card_choices":[{"not_picked":["PrismaMod:ChloeRhongomyniad","PrismaMod:ChloeExhaustTwo"],"picked":"PrismaMod:ChloeCaladbolg","floor":1.0},{"not_picked":["PrismaMod:ChloeBetterTracePools","PrismaMod:ChloeCheapDefendTwo","PrismaMod:ChloeRitsuka"],"picked":"SKIP","floor":2.0},{"not_picked":["PrismaMod:ChloeDiscardRecovery","PrismaMod:ChloeMaid","PrismaMod:ChloeCheapDefendTwo"],"picked":"SKIP","floor":3.0},{"not_picked":["PrismaMod:ChloeCaladbolg","PrismaMod:ChloeCheapDefend","PrismaMod:ChloeDiscardRecovery"],"picked":"SKIP","floor":4.0},{"not_picked":["PrismaMod:ChloeDiscardRecovery","PrismaMod:ChloeCheapAttack","PrismaMod:ChloeCheapAttackTwo"],"picked":"SKIP","floor":7.0},{"not_picked":["PrismaMod:ChloeExcalibur","PrismaMod:ChloeCaladbolg","PrismaMod:ChloeCheapAttack"],"picked":"SKIP","floor":8.0},{"not_picked":["PrismaMod:ChloeExhaustTwo","PrismaMod:ChloeGaeBolg","PrismaMod:ChloeUncommonAttack"],"picked":"SKIP","floor":10.0},{"not_picked":["PrismaMod:ChloeCommonAOEAttack","PrismaMod:ChloeExhaustTwo","PrismaMod:ChloeGaeBolg"],"picked":"SKIP","floor":11.0},{"not_picked":["PrismaMod:ChloeBetterTracePools","PrismaMod:ChloeDiscardRecovery"],"picked":"PrismaMod:ChloeCarnivalAOEAttack","floor":12.0},{"not_picked":["PrismaMod:ChloeCheapDefendTwo","PrismaMod:ChloeRitsuka","PrismaMod:ChloeCheapAttack"],"picked":"SKIP","floor":13.0},{"not_picked":["PrismaMod:ChloeExcalibur","PrismaMod:ChloeCheapAttackTwo","PrismaMod:ChloeBetterTracePools"],"picked":"SKIP","floor":14.0},{"not_picked":["PrismaMod:ChloeDoubleRelicSpeed","PrismaMod:ChloeAnyCommonTrace"],"picked":"PrismaMod:ChloeCarnivalDefend","floor":16.0},{"not_picked":["PrismaMod:ChloeExhaustOne","PrismaMod:ChloeCheapAttackTwo"],"picked":"PrismaMod:ChloeMordred+1","floor":18.0},{"not_picked":["PrismaMod:ChloeRitsuka","PrismaMod:ChloeGaeBolg"],"picked":"PrismaMod:ChloeRuleBreaker+1","floor":19.0},{"not_picked":["PrismaMod:ChloeCheapAttackTwo","PrismaMod:ChloeCheapDefend","PrismaMod:ChloeRuleBreaker"],"picked":"SKIP","floor":20.0},{"not_picked":["PrismaMod:ChloeCheapAttack","PrismaMod:ChloeChristmas"],"picked":"PrismaMod:ChloeCarnivalDefend","floor":24.0},{"not_picked":["PrismaMod:ChloeExhaustOne","PrismaMod:ChloeCheapAttack","PrismaMod:ChloeCommonAOEAttack"],"picked":"SKIP","floor":27.0},{"not_picked":["PrismaMod:ChloeCheapAttack","PrismaMod:ChloeBetterTracePools","PrismaMod:ChloeExcalibur"],"picked":"SKIP","floor":30.0},{"not_picked":["PrismaMod:ChloeCheapAttackTwo+1","PrismaMod:ChloeUncommonDefend"],"picked":"PrismaMod:ChloeChristmas+1","floor":31.0},{"not_picked":["PrismaMod:ChloeDevil","PrismaMod:ChloeExhaustThree"],"picked":"PrismaMod:ChloeAnySkillTrace","floor":33}],"player_experience":1015622,"relics_obtained":[{"floor":8.0,"key":"Smiling Mask"},{"floor":11.0,"key":"Bronze Scales"},{"floor":24.0,"key":"Unceasing Top"},{"floor":26.0,"key":"MawBank"}],"event_choices":[{"damage_healed":0.0,"max_hp_gain":0.0,"max_hp_loss":0.0,"gold_gain":99.0,"event_name":"Nest","player_choice":"Stole From Cult","floor":21.0,"gold_loss":0.0,"damage_taken":0.0},{"damage_healed":0.0,"max_hp_gain":0.0,"max_hp_loss":0.0,"gold_gain":0.0,"event_name":"Lab","player_choice":"Got Potions","floor":22.0,"gold_loss":0.0,"damage_taken":0.0}],"is_beta":false,"boss_relics":[{"not_picked":["Snecko Eye","Pandora\u0027s Box"],"picked":"SlaversCollar"},{"not_picked":["SacredBark","Velvet Choker"],"picked":"Philosopher\u0027s Stone"}],"items_purged_floors":[5,25,28],"is_endless":false,"potions_floor_spawned":[1,2,4,13,16,24,30,31],"killed_by":"3 Shapes","ascension_level":0}}