{"host":"newqdrzxfhh2im9e","time":1610481084,"event":{"mods":["AchievementEnabler","BaseMod","BetterRewards","Block Reminder","Colored Map","Jorbs\u0027s Wanderer Trilogy","Minty Spire (QoL Compilation)","Rare Cards Sparkle","Shop Mod","StSLib"],"gold_per_floor":[110,110,110,21,39,39,39,59,59,74,99,115,290,1,1,102,102,114,213,213,17,31,31,41,41,41],"floor_reached":25,"language":"ENG","playtime":566,"items_purged":["Doubt"],"score":201,"play_id":"cf460d79-530b-4548-b6da-0437e1ad0bb0","local_time":"20210112115124","is_ascension_mode":false,"campfire_choices":[{"data":"Tantrum","floor":6,"key":"SMITH"},{"floor":15,"key":"REST"},{"data":"Apotheosis","floor":23,"key":"SMITH"}],"circlet_count":0,"master_deck":["Strike_P","Strike_P","Strike_P","Strike_P","Defend_P","Defend_P","Defend_P","Eruption","Vigilance","FollowUp","Defend_P","LikeWater","Consecrate","Tantrum+1","Judgement","WindmillStrike","Worship","FearNoEvil","SandsOfTime","Establishment","Apotheosis+1","InnerPeace","Conclude"],"relics":["PureWater","Bag of Marbles","Mercury Hourglass","Matryoshka","Kunai","Anchor","SacredBark"],"acts_visited":["Exordium","TheCity"],"potions_floor_usage":[16,16,18,25],"damage_taken":[{"damage":0,"enemies":"Jaw Worm","floor":1,"turns":1},{"damage":0,"enemies":"Small Slimes","floor":5,"turns":3},{"damage":0,"enemies":"Cultist","floor":8,"turns":2},{"damage":1,"enemies":"Gremlin Gang","floor":10,"turns":3},{"damage":14,"enemies":"Gremlin Nob","floor":11,"turns":3},{"damage":16,"enemies":"Blue Slaver","floor":12,"turns":3},{"damage":43,"enemies":"Hexaghost","floor":16,"turns":6},{"damage":10,"enemies":"Chosen","floor":18,"turns":2},{"damage":10,"enemies":"Shell Parasite","floor":22,"turns":3},{"damage":24,"enemies":"3 Cultists","floor":24,"turns":3},{"damage":29,"enemies":"Book of Stabbing","floor":25,"turns":3}],"seed_played":"3703728169016958898","potions_obtained":[{"floor":11,"key":"SteroidPotion"},{"floor":12,"key":"Regen Potion"},{"floor":16,"key":"Energy Potion"},{"floor":24,"key":"DistilledChaos"}],"is_trial":false,"path_per_floor":["M","?","?","$","M","R","$","M","T","M","E","M","?","$","R","B",null,"M","?","?","$","M","R","M","E"],"character_chosen":"WATCHER","items_purchased":["LikeWater","Consecrate","Anchor","SandsOfTime","Apotheosis"],"campfire_rested":1,"item_purchase_floors":[4,4,14,14,21],"current_hp_per_floor":[72,69,69,69,69,69,69,69,69,68,54,38,38,38,59,31,72,62,62,62,62,52,52,28,0,0],"gold":41,"neow_bonus":"RANDOM_COMMON_RELIC","is_daily":false,"chose_seed":false,"campfire_upgraded":2,"win_rate":0.0,"timestamp":1610481084,"path_taken":["M","?","?","$","?","R","$","?","T","M","E","M","?","$","R","BOSS","M","?","?","$","M","R","M","E"],"items_purchased_type":["Card","Card","Relic","Card","Card"],"build_version":"2020-12-22","purchased_purges":1,"victory":false,"max_hp_per_floor":[72,72,72,72,72,72,72,72,72,72,72,72,72,72,72,72,72,72,72,72,72,72,72,72,72,72],"card_choices":[{"not_picked":["SashWhip","CrushJoints"],"picked":"FollowUp","floor":1},{"not_picked":["PathToVictory","BowlingBash"],"picked":"Tantrum","floor":5},{"not_picked":["Halt","Conclude"],"picked":"Judgement","floor":8},{"not_picked":["ClearTheMind","FollowUp"],"picked":"WindmillStrike","floor":10},{"not_picked":["Consecrate","ReachHeaven"],"picked":"Worship","floor":11},{"not_picked":["FlyingSleeves","PathToVictory"],"picked":"FearNoEvil","floor":12},{"not_picked":["Judgement","Omniscience"],"picked":"Establishment","floor":16},{"not_picked":["Prostrate","SashWhip","EmptyFist"],"picked":"SKIP","floor":18},{"not_picked":["WaveOfTheHand","FlurryOfBlows"],"picked":"InnerPeace","floor":22},{"not_picked":["Crescendo","SashWhip"],"picked":"Conclude","floor":24}],"player_experience":726722,"relics_obtained":[{"floor":9,"key":"Matryoshka"},{"floor":11,"key":"Kunai"}],"event_choices":[{"damage_healed":0,"gold_gain":0,"player_choice":"Success","damage_taken":3,"relics_obtained":["Mercury Hourglass"],"max_hp_gain":0,"max_hp_loss":0,"event_name":"Scrap Ooze","floor":2,"gold_loss":0},{"cards_removed":["Defend_P"],"damage_healed":0,"gold_gain":0,"player_choice":"Took Card","damage_taken":0,"max_hp_gain":0,"max_hp_loss":0,"event_name":"NoteForYourself","floor":3,"gold_loss":0,"cards_obtained":["Defend_P"]},{"damage_healed":0,"gold_gain":175,"player_choice":"AGREE","damage_taken":0,"max_hp_gain":0,"max_hp_loss":0,"event_name":"Liars Game","floor":13,"gold_loss":0,"cards_obtained":["Doubt"]},{"damage_healed":0,"gold_gain":99,"player_choice":"Stole From Cult","damage_taken":0,"max_hp_gain":0,"max_hp_loss":0,"event_name":"Nest","floor":19,"gold_loss":0},{"damage_healed":0,"gold_gain":0,"player_choice":"Ignored","damage_taken":0,"max_hp_gain":0,"max_hp_loss":0,"event_name":"Beggar","floor":20,"gold_loss":0}],"is_beta":false,"boss_relics":[{"not_picked":["Cursed Key","Runic Dome"],"picked":"SacredBark"}],"items_purged_floors":[14],"is_endless":false,"potions_floor_spawned":[11,12,16,24],"killed_by":"Book of Stabbing","ascension_level":0}}