{"host":"t4313i2190y6fz3q","time":1610494721,"event":{"mods":["2.2 Compatiblity","AchievementEnabler","Act Like it!","BaseMod","Colored Powertips","Downfall","Highlight Path","Minty Spire (QoL Compilation)","Permanent Neow","Quick Restart","Rare Cards Sparkle","StSLib"],"gold_per_floor":[110,90,102,113,129,129,157,157,236,248,283,303,303,303,303,303,303],"floor_reached":16,"language":"ENG","playtime":597,"items_purged":[],"score":168,"play_id":"9d9a6f4d-10f4-4833-846f-b6966d84cdba","local_time":"20210112153841","is_ascension_mode":true,"campfire_choices":[{"data":"Neutralize","floor":6,"key":"SMITH"},{"floor":8,"key":"REST"},{"floor":13,"key":"REST"},{"data":"Unload","floor":15,"key":"SMITH"}],"circlet_count":0,"master_deck":["AscendersBane","Strike_G","Strike_G","Strike_G","Strike_G","Strike_G","Defend_G","Defend_G","Defend_G","Defend_G","Defend_G","Survivor","Neutralize+1","Unload+1","Dagger Throw","Backflip","Blade Dance","Well Laid Plans","Eviscerate","Blur","Dagger Throw","Dagger Spray"],"relics":["Ring of the Snake","Ice Cream","Mercury Hourglass","Boot","Golden Idol"],"acts_visited":["Exordium"],"potions_floor_usage":[5,7,11],"damage_taken":[{"damage":0,"enemies":"Cultist","floor":1,"turns":4},{"damage":0,"enemies":"2 Louse","floor":3,"turns":3},{"damage":7,"enemies":"Small Slimes","floor":4,"turns":3},{"damage":8,"enemies":"3 Louse","floor":5,"turns":3},{"damage":19,"enemies":"Lagavulin","floor":7,"turns":8},{"damage":2,"enemies":"2 Fungi Beasts","floor":10,"turns":3},{"damage":12,"enemies":"Gremlin Nob","floor":11,"turns":3},{"damage":5,"enemies":"Large Slime","floor":12,"turns":4},{"damage":34,"enemies":"Slime Boss","floor":16,"turns":7}],"seed_played":"-916505747165436547","potions_obtained":[{"floor":1,"key":"GhostInAJar"},{"floor":2,"key":"PowerPotion"},{"floor":7,"key":"sneckomod:MuddlingPotion"},{"floor":10,"key":"Dexterity Potion"},{"floor":11,"key":"Strength Potion"}],"is_trial":false,"path_per_floor":["M","?","M","M","M","R","E","R","T","M","E","M","R","?","R","B"],"character_chosen":"THE_SILENT","items_purchased":[],"campfire_rested":2,"item_purchase_floors":[],"current_hp_per_floor":[45,45,45,38,30,30,11,32,32,30,18,13,34,34,34,0,0],"gold":303,"neow_bonus":"THREE_RARE_CARDS","is_daily":false,"chose_seed":false,"campfire_upgraded":2,"win_rate":0.0,"timestamp":1610494721,"path_taken":["M","?","M","M","?","R","E","R","T","M","E","M","R","?","R","BOSS"],"items_purchased_type":[],"build_version":"2020-12-22","purchased_purges":0,"victory":false,"max_hp_per_floor":[70,70,70,70,70,70,70,70,70,70,70,70,70,65,65,65,65],"card_choices":[{"not_picked":["Tools of the Trade","Malaise"],"picked":"Unload","floor":0},{"not_picked":["Backflip","Cloak And Dagger"],"picked":"Dagger Throw","floor":1},{"not_picked":["Cloak And Dagger","Prepared"],"picked":"Backflip","floor":3},{"not_picked":["Sucker Punch","Bane"],"picked":"Blade Dance","floor":4},{"not_picked":["Flechettes","Crippling Poison"],"picked":"Well Laid Plans","floor":5},{"not_picked":["Grand Finale","Deadly Poison"],"picked":"Eviscerate","floor":7},{"not_picked":["Flying Knee","Outmaneuver"],"picked":"Blur","floor":10},{"not_picked":["PiercingWail","Underhanded Strike"],"picked":"Dagger Throw","floor":11},{"not_picked":["Blade Dance","Finisher"],"picked":"Dagger Spray","floor":12}],"player_experience":205153,"relics_obtained":[{"floor":7,"key":"Ice Cream"},{"floor":9,"key":"Mercury Hourglass"},{"floor":11,"key":"Boot"}],"event_choices":[{"damage_healed":0,"gold_gain":0,"player_choice":"Bought 1 Potion","damage_taken":0,"max_hp_gain":0,"max_hp_loss":0,"event_name":"The Woman in Blue","floor":2,"gold_loss":0},{"damage_healed":0,"gold_gain":0,"player_choice":"Lose Max HP","damage_taken":0,"relics_obtained":["Golden Idol"],"max_hp_gain":0,"max_hp_loss":5,"event_name":"Golden Idol","floor":14,"gold_loss":0}],"is_beta":false,"boss_relics":[],"items_purged_floors":[],"is_endless":false,"potions_floor_spawned":[1,7,10,11],"killed_by":"Slime Boss","ascension_level":10}}