{"host":"6h0diz2ap0m56grs","time":1610417584,"event":{"mods":["2.2 Compatiblity","BaseMod","Colored Map","Marisa????????","Minty Spire (QoL Compilation)","Quick Restart","Replay The Spire","Shop Mod","StSLib","The Servant 0.9.4"],"gold_per_floor":[119,139,9,9,24,53,53,79,105,105,135,135,163,198,198,297,297,311,329,303,303,303,334,334,362,374,412,339,381,421,442,454,573,594,594],"floor_reached":34,"playtime":1163,"items_purged":[],"score":895,"play_id":"f3d83485-ec27-4f25-9586-62b4b1f5f743","local_time":"20210111201304","daily_mods":["SealedDeck","Heirloom","Time Dilation","Flight"],"is_ascension_mode":true,"campfire_choices":[{"data":"MilkyWay","floor":7,"key":"SMITH"},{"data":"MilkyWay","floor":10,"key":"SMITH"},{"data":"MilkyWay","floor":15,"key":"SMITH"},{"data":"TreasureHunter","floor":24,"key":"SMITH"},{"data":"ShootingEcho","floor":32,"key":"SMITH"}],"circlet_count":0,"master_deck":["6A","MilkyWay+1","MilkyWay+1","MilkyWay+1","SuperPerseids+1","WitchLeyline+1","ShootingEcho+1","WitchLeyline+1","GasGiant+1","MeteoricShower","SprinkleStarSeal+1","MeteoricShower","TreasureHunter+1","CollectingQuirk","6A"],"relics":["MiniHakkero","replay:Trail_Library","Torii","Lantern","TungstenRod","Boot","Akabeko","Pocketwatch","Divine Protection","Replay:Bronze Core","ReplayTheSpireMod:DimensionalGlitch","Black Star","MerchantsRug","Replay:WaspNest","Replay:Towering Pillar of Hats","MawBank","Replay:Bottled Eggs","Tiny Chest","Mirror","ReplayTheSpireMod:Ninjato","CeramicFish","Juzu Bracelet","HandmadeGrimoire","Bag of Preparation","Chameleon Ring","Replay:Wax Seal","Replay:Mystery Machine","Mercury Hourglass","Calipers","Ginger","Replay:Drink Me"],"acts_visited":["Exordium","TheCity"],"potions_floor_usage":[23],"damage_taken":[{"damage":0,"enemies":"2 Louse","floor":1,"turns":2},{"damage":0,"enemies":"Cultist","floor":2,"turns":1},{"damage":0,"enemies":"Jaw Worm","floor":5,"turns":2},{"damage":1,"enemies":"3 Sentries","floor":6,"turns":4},{"damage":0,"enemies":"Gremlin Nob","floor":8,"turns":2},{"damage":0,"enemies":"Lagavulin","floor":11,"turns":3},{"damage":0,"enemies":"Gremlin Nob","floor":13,"turns":2},{"damage":0,"enemies":"Lagavulin","floor":14,"turns":2},{"damage":0,"enemies":"Fading Forest","floor":16,"turns":9},{"damage":0,"enemies":"2 Thieves","floor":18,"turns":2},{"damage":0,"enemies":"3 Byrds","floor":19,"turns":2},{"damage":0,"enemies":"Slavers","floor":23,"turns":4},{"damage":0,"enemies":"Gremlin Leader","floor":25,"turns":5},{"damage":0,"enemies":"Book of Stabbing","floor":27,"turns":4},{"damage":0,"enemies":"Gremlin Leader","floor":29,"turns":4},{"damage":0,"enemies":"Book of Stabbing","floor":30,"turns":2},{"damage":0,"enemies":"Collector","floor":33,"turns":5}],"seed_played":"1338574306694003999","potions_obtained":[{"floor":6,"key":"GamblersBrew"},{"floor":8,"key":"BlessingOfTheForge"},{"floor":13,"key":"Adrenaline Potion"},{"floor":30,"key":"Languid Potion"},{"floor":33,"key":"Regen Potion"}],"is_trial":true,"path_per_floor":["M","M","$","?","M","E","R","E","T","R","E","?","E","E","R","B",null,"M","M","$","?","?","E","R","E","T","E","?","E","E","$","R","B",null],"character_chosen":"MARISA","items_purchased":["MeteoricShower","SprinkleStarSeal+1","MerchantsRug"],"campfire_rested":0,"item_purchase_floors":[3,3,20],"current_hp_per_floor":[75,75,75,75,75,74,74,74,74,74,74,68,68,68,68,75,75,75,75,75,75,75,75,75,75,75,75,75,75,75,75,75,75,57,57],"gold":594,"neow_bonus":"","is_daily":false,"chose_seed":false,"campfire_upgraded":5,"win_rate":0.0,"timestamp":1610417584,"path_taken":["M","M","$","?","?","E","R","E","T","R","E","?","E","E","R","BOSS","M","M","$","?","?","E","R","E","T","E","?","E","E","$","R","BOSS"],"items_purchased_type":["Card","Card","Relic"],"build_version":"2020-12-22","purchased_purges":0,"victory":false,"max_hp_per_floor":[75,75,75,75,75,75,75,75,75,75,75,75,75,75,75,75,75,75,75,75,75,75,75,75,75,75,75,75,75,75,75,75,75,57,57],"card_choices":[{"not_picked":["DC","PowerUp","NonDirectionalLaser"],"picked":"SKIP","floor":1},{"not_picked":["Acceleration","ChargingUp"],"picked":"SprinkleStarSeal","floor":2},{"not_picked":["WitchOfGreed","DC","NonDirectionalLaser"],"picked":"SKIP","floor":5},{"not_picked":["GrandCross","SatelliteIllusion","IllusionStar"],"picked":"SKIP","floor":6},{"not_picked":["GravityBeat","LuminesStrike","Acceleration"],"picked":"SKIP","floor":8},{"not_picked":["DC","EnergyRecoil","StarBarrage"],"picked":"SKIP","floor":11},{"not_picked":["MaximisePower","MilkyWay","RefractionSpark"],"picked":"SKIP","floor":13},{"not_picked":["GrandCross","WitchOfGreed","GalacticHalo"],"picked":"SKIP","floor":14},{"not_picked":["FinalSpark","CollectingQuirk"],"picked":"TreasureHunter","floor":16},{"not_picked":["AsteroidBelt+1","6A","EnergyFlow+1"],"picked":"SKIP","floor":18},{"not_picked":["Acceleration","MeteoricShower","ShootingEcho"],"picked":"SKIP","floor":19},{"not_picked":["UnstableBomb","SprinkleStarSeal","6A"],"picked":"SKIP","floor":23},{"not_picked":["DoubleSpark","WitchOfGreed+1","DC"],"picked":"SKIP","floor":25},{"not_picked":["UnstableBomb+1","IllusionStar+1","ChargeUpSpray+1"],"picked":"SKIP","floor":27},{"not_picked":["MagicAbsorber","EarthLightRay+1","AsteroidBelt"],"picked":"SKIP","floor":29},{"not_picked":["6A","BigCrunch","DoubleSpark+1"],"picked":"SKIP","floor":30},{"not_picked":["TreasureHunter","AbsoluteMagnitude"],"picked":"CollectingQuirk","floor":33}],"player_experience":177050,"relics_obtained":[{"floor":6,"key":"Lantern"},{"floor":8,"key":"TungstenRod"},{"floor":9,"key":"Boot"},{"floor":11,"key":"Akabeko"},{"floor":13,"key":"Pocketwatch"},{"floor":14,"key":"Divine Protection"},{"floor":23,"key":"Replay:WaspNest"},{"floor":23,"key":"Replay:Towering Pillar of Hats"},{"floor":23,"key":"War Paint"},{"floor":25,"key":"MawBank"},{"floor":25,"key":"Replay:Bottled Eggs"},{"floor":25,"key":"Tiny Chest"},{"floor":26,"key":"Mirror"},{"floor":27,"key":"ReplayTheSpireMod:Ninjato"},{"floor":27,"key":"CeramicFish"},{"floor":27,"key":"Juzu Bracelet"},{"floor":29,"key":"Bag of Preparation"},{"floor":29,"key":"Chameleon Ring"},{"floor":29,"key":"Replay:Wax Seal"},{"floor":30,"key":"Replay:Mystery Machine"},{"floor":30,"key":"Mercury Hourglass"},{"floor":30,"key":"Calipers"},{"floor":33,"key":"Ginger"}],"event_choices":[{"cards_removed":["SprinkleStarSeal"],"damage_healed":0,"gold_gain":0,"player_choice":"Card Removal","damage_taken":0,"max_hp_gain":0,"max_hp_loss":0,"event_name":"Wheel of Change","floor":4,"gold_loss":0},{"cards_removed":["ShootingEcho"],"damage_healed":0,"gold_gain":0,"player_choice":"Card Removal","damage_taken":7,"max_hp_gain":0,"max_hp_loss":0,"event_name":"Golden Wing","floor":12,"gold_loss":0},{"damage_healed":0,"gold_gain":0,"player_choice":"Ignored","damage_taken":0,"max_hp_gain":0,"max_hp_loss":0,"event_name":"Vampires","floor":22,"gold_loss":0},{"damage_healed":0,"gold_gain":0,"player_choice":"Obtained Relic","damage_taken":0,"relics_obtained":["HandmadeGrimoire"],"max_hp_gain":0,"max_hp_loss":0,"event_name":"Addict","floor":28,"gold_loss":85}],"is_beta":false,"boss_relics":[{"not_picked":["Astrolabe","Fusion Hammer"],"picked":"Replay:Grab Bag"},{"not_picked":["ChewingGum","Velvet Choker"],"picked":"Replay:Bronze Core"},{"not_picked":["Ectoplasm","Replay:Wanted Poster"],"picked":"ReplayTheSpireMod:DimensionalGlitch"},{"not_picked":["Snecko Heart","Kintsugi"],"picked":"Black Star"},{"not_picked":["ExperimentalFamiliar","Replay:Ancient Bell"],"picked":"Replay:Drink Me"}],"items_purged_floors":[],"is_endless":false,"potions_floor_spawned":[6,8,13,18,30,33],"ascension_level":1}}