{"host":"i19jjmeqmvseha12","time":1610428798,"event":{"mods":["Act Like it!","BaseMod","Colored Powertips","Dota2Spire","Gensokyo","Minty Spire (QoL Compilation)","Replay The Spire","StSLib","The Cursed"],"gold_per_floor":[114,114,84,84,97,128,128,343,395,408,57,57,57,4,4,4,4],"floor_reached":16,"playtime":582,"items_purged":[],"score":98,"play_id":"68c7fc58-6966-4855-a00e-b94366158eb6","local_time":"20210111211958","is_ascension_mode":false,"campfire_choices":[{"floor":7,"key":"REST"},{"data":"Gensokyo:CrescentMoonSlash","floor":12,"key":"SMITH"},{"floor":15,"key":"REST"}],"circlet_count":0,"master_deck":["Strike_R","Strike_R","Strike_R","Strike_R","Strike_R","Defend_R","Defend_R","Defend_R","Defend_R","Bash","ReplayTheSpireMod:Limb From Limb","True Grit","Gensokyo:CrescentMoonSlash+1","Disarm","Dark Embrace","Blood for Blood","Metallicize","ReplayTheSpireMod:Limb From Limb","Armaments"],"relics":["Burning Blood","Oddly Smooth Stone","Art of War","Mirror"],"acts_visited":["Exordium"],"potions_floor_usage":[16,16,16],"damage_taken":[{"damage":0,"enemies":"Gensokyo:3_Fairies","floor":1,"turns":5},{"damage":7,"enemies":"Gensokyo:Gryphon","floor":5,"turns":4},{"damage":60,"enemies":"Gensokyo:Mamizou","floor":6,"turns":11},{"damage":11,"enemies":"Gensokyo:Python","floor":8,"turns":3},{"damage":7,"enemies":"Gensokyo:2_Rabbits","floor":10,"turns":3},{"damage":73,"enemies":"Gensokyo:Yukari","floor":16,"turns":18}],"seed_played":"-2347440823774577622","potions_obtained":[{"floor":8,"key":"GamblersBrew"},{"floor":10,"key":"BloodPotion"}],"is_trial":false,"path_per_floor":["M","?","COS","?","M","E","R","M","T","M","$","R","?","$","R","B"],"character_chosen":"IRONCLAD","items_purchased":["Mirror","FearPotion","ReplayTheSpireMod:Limb From Limb","Armaments"],"campfire_rested":2,"item_purchase_floors":[11,11,11,14],"current_hp_per_floor":[80,80,80,68,67,13,37,32,32,31,31,31,31,31,55,0,0],"gold":4,"neow_bonus":"THREE_CARDS","is_daily":false,"chose_seed":false,"campfire_upgraded":1,"win_rate":0.0,"timestamp":1610428798,"path_taken":["M","?","COS","?","?","E","R","M","T","M","$","R","?","?","R","BOSS"],"items_purchased_type":["Relic","Potion","Card","Card"],"build_version":"2020-12-22","purchased_purges":0,"victory":false,"max_hp_per_floor":[80,80,80,80,80,80,80,80,80,80,80,80,80,80,80,80,80],"card_choices":[{"not_picked":["Havoc","Perfected Strike"],"picked":"ReplayTheSpireMod:Limb From Limb","floor":0},{"not_picked":["Clash","Havoc"],"picked":"True Grit","floor":1},{"not_picked":["Uppercut","Carnage"],"picked":"Disarm","floor":5},{"not_picked":["Inflame","Anger"],"picked":"Dark Embrace","floor":6},{"not_picked":["Iron Wave","Burning Pact"],"picked":"Blood for Blood","floor":8},{"not_picked":["Body Slam","Heavy Blade"],"picked":"Metallicize","floor":10}],"player_experience":164056,"relics_obtained":[{"floor":6,"key":"Oddly Smooth Stone"},{"floor":9,"key":"Art of War"}],"event_choices":[],"is_beta":false,"boss_relics":[],"items_purged_floors":[],"is_endless":false,"potions_floor_spawned":[8,10],"killed_by":"Gensokyo:Yukari","ascension_level":0}}