{"host":"ty2cix8xj6r3ad26","time":1610476272,"event":{"mods":["AchievementEnabler","BaseMod","BetterRewards","Minty Spire (QoL Compilation)","Replay The Spire","StSLib","SuperFastMode"],"gold_per_floor":[112,130,141,141,41,41,54,54,108,108,137,157,32,62,62],"floor_reached":14,"playtime":568,"items_purged":["Strike_P","Strike_P","Strike_P"],"score":156,"play_id":"54ea78c6-3d88-4d35-a57b-521f5ca05f09","local_time":"20210112203112","is_ascension_mode":true,"campfire_choices":[{"data":"Eruption","floor":6,"key":"SMITH"},{"data":"SignatureMove","floor":10,"key":"SMITH"}],"circlet_count":0,"master_deck":["Defend_P","Defend_P","Defend_P","Eruption+1","Vigilance","SignatureMove+1","Halt","LessonLearned"],"relics":["PureWater","Pear","TungstenRod","Boot","Lantern","Meat on the Bone"],"acts_visited":["Exordium"],"potions_floor_usage":[14],"damage_taken":[{"damage":0,"enemies":"Cultist","floor":1,"turns":2},{"damage":0,"enemies":"Jaw Worm","floor":2,"turns":2},{"damage":0,"enemies":"Small Slimes","floor":3,"turns":2},{"damage":6,"enemies":"Exordium Thugs","floor":7,"turns":4},{"damage":0,"enemies":"Lagavulin","floor":11,"turns":2},{"damage":13,"enemies":"Exordium Wildlife","floor":12,"turns":3},{"damage":20,"enemies":"3 Sentries","floor":14,"turns":5}],"seed_played":"-7777363762333911060","potions_obtained":[{"floor":7,"key":"DuplicationPotion"},{"floor":12,"key":"Weak Potion"},{"floor":14,"key":"CultistPotion"}],"is_trial":false,"path_per_floor":["M","M","M","?","$","R","M","?","T","R","E","M","$","E"],"character_chosen":"WATCHER","items_purchased":["Pear","SignatureMove","Halt"],"campfire_rested":0,"item_purchase_floors":[0,0,0],"current_hp_per_floor":[50,50,50,50,50,50,44,44,44,44,44,31,31,11,11],"gold":62,"neow_bonus":"","is_daily":false,"chose_seed":false,"campfire_upgraded":2,"win_rate":0.0,"timestamp":1610476272,"path_taken":["M","M","?","?","$","R","M","?","T","R","E","M","$","E"],"items_purchased_type":["Relic","Card","Card"],"build_version":"2020-12-22","purchased_purges":3,"victory":false,"max_hp_per_floor":[82,82,82,82,82,82,82,82,82,82,82,82,82,82,82],"card_choices":[{"not_picked":["Prostrate","TalkToTheHand","JustLucky"],"picked":"SKIP","floor":1},{"not_picked":["Halt","EmptyBody","PathToVictory"],"picked":"SKIP","floor":2},{"not_picked":["SashWhip","Replay:BluntJabs","Consecrate"],"picked":"SKIP","floor":3},{"not_picked":["SashWhip","EmptyFist","Sanctity"],"picked":"SKIP","floor":7},{"not_picked":["Crescendo","EmptyFist","WindmillStrike"],"picked":"SKIP","floor":11},{"not_picked":["CrushJoints","CutThroughFate"],"picked":"LessonLearned","floor":12}],"player_experience":484491,"relics_obtained":[{"floor":9,"key":"Boot"},{"floor":11,"key":"Lantern"},{"floor":14,"key":"Meat on the Bone"}],"event_choices":[{"cards_removed":["Defend_P"],"damage_healed":0,"gold_gain":0,"player_choice":"Forget","damage_taken":0,"max_hp_gain":0,"max_hp_loss":0,"event_name":"Living Wall","floor":8,"gold_loss":0}],"is_beta":false,"boss_relics":[],"items_purged_floors":[0,5,13],"is_endless":false,"potions_floor_spawned":[7,12,14],"killed_by":"3 Sentries","ascension_level":5}}