{"host":"19tvufa8xx4wr4o1","time":1610413631,"event":{"mods":["AchievementEnabler","BaseMod","Better Sensory Stone","Better Third Choice","Highlight Path","Minty Spire (QoL Compilation)","Relic Stats","StSLib"],"gold_per_floor":[109,119,119,119,84,118,118,144,169,219,219,246,21,40,40,112,112,132,32,32,34,48,48,48,48,103,134,134,134,168,218,218,296,296,312,312,332,343,35,35,35,35,60,60,60,95,41,41,41,41],"floor_reached":51,"playtime":2222,"items_purged":["Strike_G","Terror"],"score":1256,"play_id":"da0e3e9a-1cf9-4bcd-82ba-6634e0f4a243","local_time":"20210111190711","is_ascension_mode":true,"campfire_choices":[{"data":"Searing Blow","floor":7.0,"key":"SMITH"},{"floor":11.0,"key":"REST"},{"data":"Noxious Fumes","floor":15.0,"key":"SMITH"},{"floor":23.0,"key":"REST"},{"data":"Searing Blow+1","floor":25.0,"key":"SMITH"},{"data":"Apotheosis","floor":29.0,"key":"SMITH"},{"floor":32.0,"key":"REST"},{"data":"Searing Blow+3","floor":40,"key":"SMITH"},{"data":"Searing Blow+4","floor":42,"key":"SMITH"},{"data":"Searing Blow+5","floor":44,"key":"SMITH"},{"floor":49,"key":"REST"}],"circlet_count":0,"master_deck":["AscendersBane","Neutralize","Dash","Well Laid Plans","Searing Blow+6","Footwork","Riddle With Holes","Noxious Fumes+1","Adrenaline+1","Terror","Crippling Poison","Outmaneuver","Setup+1","Finisher","Skewer","Well Laid Plans","Bane","Storm of Steel","Backstab+1","PiercingWail","After Image","Apotheosis+1","Bandage Up","Blur","Adrenaline","CurseOfTheBell","Dodge and Roll+1","Dodge and Roll","Footwork","Backflip"],"relics":["Velvet Choker","Anchor","Kunai","Ancient Tea Set","MealTicket","Potion Belt","Pandora\u0027s Box","Smiling Mask","Bronze Scales","Darkstone Periapt","Calling Bell","Art of War","Sundial","Tough Bandages","Mango","Happy Flower","War Paint"],"acts_visited":["Exordium","TheCity","TheBeyond"],"potions_floor_usage":[48],"damage_taken":[{"damage":3.0,"enemies":"Jaw Worm","floor":1.0,"turns":6.0},{"damage":5.0,"enemies":"Small Slimes","floor":2.0,"turns":4.0},{"damage":24.0,"enemies":"Lagavulin","floor":6.0,"turns":8.0},{"damage":6.0,"enemies":"3 Sentries","floor":8.0,"turns":10.0},{"damage":1.0,"enemies":"Lagavulin","floor":12.0,"turns":9.0},{"damage":0.0,"enemies":"Cultist","floor":14.0,"turns":3.0},{"damage":18.0,"enemies":"Hexaghost","floor":16.0,"turns":9.0},{"damage":14.0,"enemies":"3 Byrds","floor":18.0,"turns":6.0},{"damage":12.0,"enemies":"2 Thieves","floor":21.0,"turns":4.0},{"damage":23.0,"enemies":"Chosen and Byrds","floor":22.0,"turns":7.0},{"damage":18.0,"enemies":"Gremlin Leader","floor":27.0,"turns":7.0},{"damage":17.0,"enemies":"Book of Stabbing","floor":30.0,"turns":4.0},{"damage":31.0,"enemies":"Collector","floor":33.0,"turns":9.0},{"damage":13,"enemies":"Orb Walker","floor":35,"turns":4},{"damage":6,"enemies":"3 Shapes","floor":37,"turns":5},{"damage":11,"enemies":"Sphere and 2 Shapes","floor":38,"turns":7},{"damage":26,"enemies":"Reptomancer","floor":46,"turns":6},{"damage":5,"enemies":"4 Shapes","floor":48,"turns":5},{"damage":82,"enemies":"Donu and Deca","floor":50,"turns":10}],"seed_played":"5587355001483381765","potions_obtained":[{"floor":1.0,"key":"CunningPotion"},{"floor":2.0,"key":"BlessingOfTheForge"},{"floor":6.0,"key":"Weak Potion"},{"floor":16.0,"key":"Dexterity Potion"},{"floor":18.0,"key":"LiquidBronze"},{"floor":21.0,"key":"SkillPotion"},{"floor":35,"key":"SmokeBomb"}],"is_trial":false,"path_per_floor":["M","M","?","?","?","E","R","E","T","?","R","E","$","M","R","B",null,"M","$","?","M","M","R","$","R","T","E","?","R","E","?","R","B",null,"M","?","M","M","$","R","$","R","T","R","?","E","$","M","R","B",null],"character_chosen":"THE_SILENT","items_purchased":["Potion Belt","Mango","Backflip"],"campfire_rested":4,"item_purchase_floors":[13,39,47],"current_hp_per_floor":[56,51,48,48,64,40,40,34,34,28,47,46,61,61,61,43,60,46,61,61,49,26,45,60,60,60,42,42,42,31,31,50,25,62,49,49,49,42,71,71,86,86,86,86,86,60,75,74,86,10],"gold":41,"neow_bonus":"BOSS_RELIC","is_daily":false,"chose_seed":false,"campfire_upgraded":7,"win_rate":0.0,"timestamp":1610413631,"path_taken":["M","M","?","?","?","E","R","E","T","?","R","E","$","M","R","BOSS","M","$","?","M","M","R","$","R","T","E","?","R","E","?","R","BOSS","M","?","M","?","?","R","$","R","T","R","?","E","$","M","R","BOSS"],"items_purchased_type":["Relic","Relic","Card"],"build_version":"2020-12-22","purchased_purges":2,"victory":true,"max_hp_per_floor":[66,66,66,66,66,66,66,66,66,66,66,66,66,66,66,66,66,66,66,66,66,66,66,66,66,66,66,66,66,66,66,66,66,72,72,72,72,72,86,86,86,86,86,86,86,86,86,86,86,86],"relic_stats":{"Darkstone Periapt":6,"Happy Flower":[7],"counters":[19,123],"War Paint":["Setup","Adrenaline"],"Smiling Mask":0,"Tough Bandages":[39],"Sundial":[2],"Bronze Scales":[120],"MealTicket":90,"Pandora\u0027s Box":["Terror","Terror","Crippling Poison","Outmaneuver","Setup","Finisher","Prepared","Skewer","Well Laid Plans"],"Art of War":[3],"Kunai":[22],"obtain_stats":[{"Potion Belt":13,"Darkstone Periapt":30,"Happy Flower":43,"Velvet Choker":0,"Mango":39,"War Paint":46,"Ancient Tea Set":9,"Smiling Mask":26,"Calling Bell":34,"Anchor":6,"Tough Bandages":34,"Sundial":34,"Bronze Scales":27,"MealTicket":12,"Pandora\u0027s Box":17,"Art of War":34,"Kunai":8,"Ring of the Snake":0},{"Potion Belt":5,"Darkstone Periapt":12,"Happy Flower":16,"Velvet Choker":0,"Mango":16,"War Paint":17,"Ancient Tea Set":4,"Smiling Mask":10,"Calling Bell":13,"Anchor":3,"Tough Bandages":13,"Sundial":13,"Bronze Scales":11,"MealTicket":5,"Pandora\u0027s Box":7,"Art of War":13,"Kunai":4,"Ring of the Snake":0},{"Potion Belt":37,"Darkstone Periapt":77,"Happy Flower":102,"Velvet Choker":0,"Mango":102,"War Paint":108,"Ancient Tea Set":28,"Smiling Mask":66,"Calling Bell":86,"Anchor":18,"Tough Bandages":86,"Sundial":86,"Bronze Scales":73,"MealTicket":37,"Pandora\u0027s Box":49,"Art of War":86,"Kunai":28,"Ring of the Snake":0}]},"card_choices":[{"not_picked":["Acrobatics","Choke"],"picked":"Dash","floor":1.0},{"not_picked":["Deflect","Tactician"],"picked":"Well Laid Plans","floor":2.0},{"not_picked":["Deadly Poison","Dodge and Roll"],"picked":"Footwork","floor":6.0},{"not_picked":["Well Laid Plans","Slice"],"picked":"Riddle With Holes","floor":8.0},{"not_picked":["Acrobatics","Dagger Throw"],"picked":"Terror","floor":12.0},{"not_picked":["Crippling Poison","Backflip"],"picked":"Noxious Fumes","floor":14.0},{"not_picked":["Malaise","Venomology"],"picked":"Adrenaline","floor":16.0},{"not_picked":["Deadly Poison","Reflex","Deflect"],"picked":"SKIP","floor":18.0},{"not_picked":["Tactician","Flying Knee"],"picked":"Backstab+1","floor":21.0},{"not_picked":["Slice","Dodge and Roll"],"picked":"PiercingWail","floor":22.0},{"not_picked":["Acrobatics","Masterful Stab"],"picked":"After Image","floor":27.0},{"not_picked":["Purity","Secret Weapon"],"picked":"Apotheosis","floor":28.0},{"not_picked":["Trip","Flash of Steel"],"picked":"Bandage Up","floor":28.0},{"not_picked":["Blade Dance","A Thousand Cuts"],"picked":"Blur","floor":30.0},{"not_picked":["Unload","Tools of the Trade"],"picked":"Adrenaline","floor":33.0},{"not_picked":["Bouncing Flask","Dagger Spray"],"picked":"Dodge and Roll+1","floor":35},{"not_picked":["Underhanded Strike","Dagger Spray"],"picked":"Dodge and Roll","floor":37},{"not_picked":["Blade Dance","Flying Knee+1"],"picked":"Footwork","floor":38},{"not_picked":["Sucker Punch+1","Unload","Bane"],"picked":"SKIP","floor":46}],"player_experience":574049,"relics_obtained":[{"floor":6.0,"key":"Anchor"},{"floor":8.0,"key":"Kunai"},{"floor":9.0,"key":"Ancient Tea Set"},{"floor":12.0,"key":"MealTicket"},{"floor":26.0,"key":"Smiling Mask"},{"floor":27.0,"key":"Bronze Scales"},{"floor":30.0,"key":"Darkstone Periapt"},{"floor":34.0,"key":"Art of War"},{"floor":34.0,"key":"Sundial"},{"floor":34.0,"key":"Tough Bandages"},{"floor":43,"key":"Happy Flower"},{"floor":46,"key":"War Paint"}],"event_choices":[{"damage_healed":0.0,"max_hp_gain":0.0,"max_hp_loss":0.0,"gold_gain":1.0,"event_name":"betterThird:BetterScrap","player_choice":"Card ","floor":3.0,"gold_loss":0.0,"damage_taken":3.0,"cards_obtained":["Searing Blow","Electrodynamics"]},{"damage_healed":48.0,"max_hp_gain":0.0,"max_hp_loss":66.0,"gold_gain":0.0,"event_name":"betterThird:BetterShining","player_choice":"Leave","floor":4.0,"gold_loss":0.0,"damage_taken":0.0},{"damage_healed":16.0,"max_hp_gain":0.0,"max_hp_loss":0.0,"gold_gain":0.0,"event_name":"The Cleric","player_choice":"Healed","floor":5.0,"gold_loss":35.0,"damage_taken":0.0},{"damage_healed":0.0,"max_hp_gain":0.0,"max_hp_loss":0.0,"gold_gain":50.0,"event_name":"FaceTrader","player_choice":"Touch","floor":10.0,"gold_loss":0.0,"damage_taken":6.0},{"damage_healed":0.0,"max_hp_gain":0.0,"max_hp_loss":0.0,"gold_gain":0.0,"cards_transformed":["Terror","Prepared"],"event_name":"Drug Dealer","player_choice":"Became Test Subject","floor":20.0,"gold_loss":0.0,"damage_taken":0.0,"cards_obtained":["Bane","Storm of Steel"]},{"damage_healed":0.0,"max_hp_gain":0.0,"max_hp_loss":0.0,"gold_gain":2.0,"event_name":"betterStone:BetterStone","player_choice":"1","floor":28.0,"gold_loss":0.0,"damage_taken":0.0},{"damage_healed":0.0,"max_hp_gain":0.0,"max_hp_loss":0.0,"gold_gain":50.0,"event_name":"betterThird:BetterNest","player_choice":"Steal","floor":31.0,"gold_loss":0.0,"damage_taken":0.0},{"damage_healed":0,"gold_gain":0,"player_choice":"Upgraded","damage_taken":0,"max_hp_gain":0,"max_hp_loss":0,"event_name":"Upgrade Shrine","floor":36,"gold_loss":0,"cards_upgraded":["Searing Blow"]},{"cards_removed":["Survivor"],"damage_healed":0,"gold_gain":0,"player_choice":"Removed Skill","damage_taken":0,"max_hp_gain":0,"max_hp_loss":0,"event_name":"Falling","floor":45,"gold_loss":0}],"is_beta":false,"boss_relics":[{"not_picked":["Black Star","Runic Dome"],"picked":"Pandora\u0027s Box"},{"not_picked":["HoveringKite","Coffee Dripper"],"picked":"Calling Bell"}],"items_purged_floors":[13,19],"is_endless":false,"potions_floor_spawned":[1,2,6,16,18,21,35,48],"ascension_level":15}}