{"host":"poshtwjux72eqzmy","time":1610427317,"event":{"mods":["BaseMod","Bestiary","Block Reminder","Downfall","Highlight Path","Minty Spire (QoL Compilation)","Relic Stats","StSLib","ojb\u0027s Info Mod"],"gold_per_floor":[99,45,58,58,158,23,104,137,62,101,120,144,50,70,90,199,199,124,124,117,144,167,167,219,556,171,214,214,139,155,194,218,320,320,320,346,370,370,420,434,460,514,541,554,573,573,584,599,617,617,617,649,12,12,12],"floor_reached":56,"playtime":6963,"items_purged":[],"score":1324,"play_id":"a3eb5c4e-2765-4447-b7ae-3031a4cad2cb","local_time":"20210112065517","is_ascension_mode":false,"campfire_choices":[{"floor":1,"key":"RECALL"},{"data":"Mayhem","floor":9,"key":"SMITH"},{"data":"hexamod:SpectersWail","floor":18,"key":"SMITH"},{"data":"hexamod:SearingWound","floor":23,"key":"SMITH"},{"data":"Secret Technique","floor":29,"key":"SMITH"},{"floor":46,"key":"DIG"},{"floor":54,"key":"DIG"}],"circlet_count":0,"master_deck":["hexamod:Strike+1","hexamod:Strike+1","hexamod:Strike+1","hexamod:Defend+1","hexamod:Defend+1","hexamod:Sear+1","hexamod:Float+1","Mayhem+1","hexamod:EmpoweredFlame+1","hexamod:SpectersWail+1","hexamod:WildfireWeapon+1","hexamod:ExtraCrispy+1","hexamod:HeatCrush+1","hexamod:CatchUp","hexamod:FastForward","hexamod:StepThrough+1","hexamod:SearingWound+1","hexamod:SkipABeat+1","hexamod:Firestarter+1","hexamod:EtherealExpedition+1","hexamod:ChargedBarrage+1","hexamod:RetreatToShadows+1","Secret Technique+1","hexamod:VolcanoVisage+1","hexamod:AdvancingGuard+1","hexamod:NightmareGuise+1","hexamod:SearingWound","hexamod:FourthSeal","hexamod:NecessarySacrifice+1","hexamod:Hexaguard","hexamod:VolcanoVisage+1"],"relics":["hexamod:SpiritBrand","downfall:ShatteredFragment","Frozen Egg 2","Dream Catcher","downfall:HeartBlessingRed","Toy Ornithopter","Coffee Dripper","downfall:HeartBlessingGreen","Old Coin","Lizard Tail","Oddly Smooth Stone","HandDrill","StrikeDummy","Meat on the Bone","downfall:HeartBlessingBlue","Bottled Lightning","Fusion Hammer","hexamod:TheBrokenSeal","StoneCalendar","Nunchaku","Shovel","Bronze Scales","hexamod:SoulConsumer","HornCleat","Lee\u0027s Waffle","Bottled Tornado","Blue Candle"],"acts_visited":["Exordium","TheCity","TheBeyond","TheEnding"],"potions_floor_usage":[12,15,16,20,21,22,25,26,27,27,30,30,32,32,33,36,39,40,42,43,43,45,45,48,52,52,55,55,55],"damage_taken":[{"damage":0,"enemies":"downfall:FleeingMerchant","floor":2,"turns":4},{"damage":0,"enemies":"2 Louse","floor":3,"turns":3},{"damage":1,"enemies":"downfall:Heads","floor":5,"turns":5},{"damage":4,"enemies":"downfall:FleeingMerchant","floor":6,"turns":4},{"damage":10,"enemies":"3 Sentries","floor":8,"turns":5},{"damage":21,"enemies":"Gremlin Nob","floor":10,"turns":4},{"damage":0,"enemies":"Small Slimes","floor":11,"turns":3},{"damage":5,"enemies":"Jaw Worm","floor":12,"turns":3},{"damage":20,"enemies":"downfall:FleeingMerchant","floor":13,"turns":4},{"damage":2,"enemies":"2 Fungi Beasts","floor":14,"turns":3},{"damage":4,"enemies":"Exordium Thugs","floor":15,"turns":5},{"damage":13,"enemies":"downfall:Ironclad","floor":16,"turns":5},{"damage":11,"enemies":"downfall:FleeingMerchant","floor":20,"turns":4},{"damage":4,"enemies":"Chosen","floor":21,"turns":3},{"damage":6,"enemies":"Shell Parasite","floor":22,"turns":5},{"damage":21,"enemies":"Slavers","floor":25,"turns":5},{"damage":24,"enemies":"downfall:FleeingMerchant","floor":26,"turns":4},{"damage":3,"enemies":"Gremlin Leader","floor":27,"turns":4},{"damage":0,"enemies":"Cultist and Chosen","floor":30,"turns":3},{"damage":5,"enemies":"Book of Stabbing","floor":31,"turns":3},{"damage":4,"enemies":"Chosen and Byrds","floor":32,"turns":4},{"damage":33,"enemies":"downfall:Silent","floor":33,"turns":5},{"damage":32,"enemies":"3 Darklings","floor":36,"turns":4},{"damage":23,"enemies":"3 Shapes","floor":37,"turns":8},{"damage":3,"enemies":"Mind Bloom Boss Battle","floor":39,"turns":3},{"damage":10,"enemies":"Spire Growth","floor":40,"turns":2},{"damage":21,"enemies":"2 Orb Walkers","floor":42,"turns":4},{"damage":27,"enemies":"Giant Head","floor":43,"turns":6},{"damage":0,"enemies":"Transient","floor":44,"turns":5},{"damage":0,"enemies":"Writhing Mass","floor":45,"turns":3},{"damage":0,"enemies":"Spire Growth","floor":47,"turns":3},{"damage":22,"enemies":"Jaw Worm Horde","floor":48,"turns":3},{"damage":0,"enemies":"4 Shapes","floor":49,"turns":3},{"damage":12,"enemies":"downfall:Watcher","floor":50,"turns":5},{"damage":27,"enemies":"downfall:CharBossMerchant","floor":52,"turns":6},{"damage":45,"enemies":"downfall:NeowBoss","floor":55,"turns":20}],"seed_played":"-8886337383948721828","potions_obtained":[{"floor":5,"key":"SteroidPotion"},{"floor":8,"key":"SteroidPotion"},{"floor":14,"key":"Explosive Potion"},{"floor":14,"key":"sneckomod:MuddlingPotion"},{"floor":15,"key":"PowerPotion"},{"floor":15,"key":"Weak Potion"},{"floor":16,"key":"Block Potion"},{"floor":16,"key":"AttackPotion"},{"floor":20,"key":"Dexterity Potion"},{"floor":21,"key":"Block Potion"},{"floor":22,"key":"hexamod:DoubleChargePotion"},{"floor":25,"key":"EssenceOfSteel"},{"floor":26,"key":"LiquidMemories"},{"floor":27,"key":"hexamod:EctoCoolerPotion"},{"floor":27,"key":"AttackPotion"},{"floor":30,"key":"Ancient Potion"},{"floor":30,"key":"EssenceOfSteel"},{"floor":31,"key":"Ancient Potion"},{"floor":31,"key":"sneckomod:MuddlingPotion"},{"floor":32,"key":"Fruit Juice"},{"floor":32,"key":"Block Potion"},{"floor":33,"key":"Dexterity Potion"},{"floor":33,"key":"Weak Potion"},{"floor":36,"key":"LiquidMemories"},{"floor":39,"key":"LiquidMemories"},{"floor":40,"key":"Regen Potion"},{"floor":42,"key":"champ:CounterPotion"},{"floor":43,"key":"Strength Potion"},{"floor":44,"key":"FearPotion"},{"floor":45,"key":"Strength Potion"},{"floor":47,"key":"BlessingOfTheForge"},{"floor":48,"key":"FearPotion"},{"floor":49,"key":"SkillPotion"},{"floor":52,"key":"AttackPotion"}],"is_trial":false,"path_per_floor":["R","$","M","?","?","$","T","E","R","E","M","M","$","M","M","B",null,"R","?","$","M","M","R","T","E","$","E","T","R","M","E","M","B",null,"R","M","M","?","?","M","T","?","E","M","M","R","M","M","M","B",null,"E","$","R","B",null],"character_chosen":"THE_SPIRIT","items_purchased":["hexamod:EmpoweredFlame","hexamod:FirstSeal","Energy Potion","hexamod:FourthSeal","Block Potion","Lizard Tail","Oddly Smooth Stone","HandDrill","Secret Technique","Lee\u0027s Waffle","hexamod:VolcanoVisage+1","Bottled Tornado","DistilledChaos"],"campfire_rested":0,"item_purchase_floors":[2,6,6,13,13,26,26,26,26,53,53,53,53],"current_hp_per_floor":[63,63,63,42,41,37,37,34,34,13,20,27,14,12,30,22,63,63,63,59,60,63,63,63,54,35,49,49,59,73,68,78,50,78,78,51,78,78,80,75,75,70,53,53,63,63,63,46,46,46,88,71,95,95,58],"gold":12,"neow_bonus":"RANDOM_COLORLESS_2","is_daily":false,"chose_seed":false,"campfire_upgraded":4,"win_rate":0.0,"timestamp":1610427317,"path_taken":["R","$","M","?","?","?","T","E","R","E","M","M","$","M","M","BOSS","R","?","?","?","M","R","T","E","?","E","?","R","M","E","M","BOSS","R","M","M","?","?","M","T","?","E","M","M","R","M","M","M","BOSS","E","$","R","BOSS"],"items_purchased_type":["Card","Card","Potion","Card","Potion","Relic","Relic","Relic","Card","Relic","Card","Relic","Potion"],"build_version":"2020-12-22","purchased_purges":0,"victory":true,"max_hp_per_floor":[63,63,63,63,63,63,63,63,63,63,63,63,63,63,63,63,63,63,63,63,63,63,63,63,63,63,63,63,73,73,73,78,78,78,78,78,88,88,88,88,88,88,88,88,88,88,88,88,88,88,88,88,95,95,95],"relic_stats":{"Lee\u0027s Waffle":24,"counters":[36,163],"Blue Candle":[3],"StoneCalendar":[0],"Dream Catcher":0,"Lizard Tail":0,"Nunchaku":[13],"Shovel":2,"Bronze Scales":[116],"HandDrill":[38],"obtain_stats":[{"downfall:HeartBlessingGreen":18,"StoneCalendar":39,"Bottled Tornado":53,"Old Coin":25,"Dream Catcher":8,"Lizard Tail":26,"Nunchaku":41,"Shovel":42,"HornCleat":52,"downfall:HeartBlessingBlue":29,"Fusion Hammer":34,"HandDrill":26,"hexamod:SpiritBrand":0,"Lee\u0027s Waffle":53,"downfall:ShatteredFragment":4,"downfall:HeartBlessingRed":9,"Blue Candle":54,"Oddly Smooth Stone":26,"hexamod:TheBrokenSeal":37,"Frozen Egg 2":7,"Bronze Scales":43,"Coffee Dripper":17,"Bottled Lightning":31,"hexamod:SoulConsumer":46,"StrikeDummy":27,"Toy Ornithopter":10,"Meat on the Bone":28},{"downfall:HeartBlessingGreen":12,"StoneCalendar":25,"Bottled Tornado":35,"Old Coin":16,"Dream Catcher":5,"Lizard Tail":17,"Nunchaku":26,"Shovel":27,"HornCleat":35,"downfall:HeartBlessingBlue":18,"Fusion Hammer":22,"HandDrill":17,"hexamod:SpiritBrand":0,"Lee\u0027s Waffle":35,"downfall:ShatteredFragment":2,"downfall:HeartBlessingRed":5,"Blue Candle":35,"Oddly Smooth Stone":17,"hexamod:TheBrokenSeal":24,"Frozen Egg 2":4,"Bronze Scales":28,"Coffee Dripper":12,"Bottled Lightning":20,"hexamod:SoulConsumer":30,"StrikeDummy":18,"Toy Ornithopter":6,"Meat on the Bone":18},{"downfall:HeartBlessingGreen":48,"StoneCalendar":103,"Bottled Tornado":143,"Old Coin":65,"Dream Catcher":21,"Lizard Tail":69,"Nunchaku":105,"Shovel":109,"HornCleat":143,"downfall:HeartBlessingBlue":73,"Fusion Hammer":88,"HandDrill":69,"hexamod:SpiritBrand":0,"Lee\u0027s Waffle":143,"downfall:ShatteredFragment":7,"downfall:HeartBlessingRed":21,"Blue Candle":143,"Oddly Smooth Stone":69,"hexamod:TheBrokenSeal":99,"Frozen Egg 2":16,"Bronze Scales":115,"Coffee Dripper":48,"Bottled Lightning":79,"hexamod:SoulConsumer":123,"StrikeDummy":73,"Toy Ornithopter":25,"Meat on the Bone":73}],"Toy Ornithopter":123,"Meat on the Bone":12},"card_choices":[{"not_picked":["The Bomb","Secret Technique"],"picked":"Mayhem","floor":0},{"not_picked":["hexamod:DynamicBlow","hexamod:ShieldOfDarkness","hexamod:InspiringFlames"],"picked":"SKIP","floor":2},{"not_picked":["hexamod:GhostLash","hexamod:HauntingEcho"],"picked":"hexamod:SecondSeal","floor":3},{"not_picked":["hexamod:HauntingEcho","hexamod:RainOfEmbers"],"picked":"hexamod:SpectersWail","floor":5},{"not_picked":["hexamod:RainOfEmbers","hexamod:RadiantFlame"],"picked":"hexamod:ExtraCrispy","floor":6},{"not_picked":["hexamod:BacktrackSmack","hexamod:GhostOfSpirePast+1"],"picked":"hexamod:SixthSeal","floor":8},{"not_picked":["hexamod:NightmareStrike","hexamod:GhostShield"],"picked":"hexamod:HeatCrush","floor":10},{"not_picked":["hexamod:RadiantFlame+1","hexamod:NightmareStrike"],"picked":"hexamod:CatchUp","floor":11},{"not_picked":["hexamod:FirstSeal","hexamod:SpectralAdrenaline"],"picked":"hexamod:FastForward","floor":12},{"not_picked":["hexamod:HauntingEcho","hexamod:SpectersWail"],"picked":"hexamod:StepThrough","floor":13},{"not_picked":["hexamod:NightmareGuise","hexamod:HeatCrush"],"picked":"hexamod:SearingWound","floor":14},{"not_picked":["hexamod:SwordOfDarkness","hexamod:GhostOfSpirePast+1"],"picked":"hexamod:SkipABeat","floor":15},{"not_picked":["hexamod:NightmareStrike","hexamod:RainOfEmbers+1","hexamod:SwordOfDarkness+1"],"picked":"SKIP","floor":20},{"not_picked":["hexamod:NightmareGuise+1","hexamod:SpectersWail"],"picked":"hexamod:Firestarter+1","floor":21},{"not_picked":["hexamod:Hexaguard","hexamod:BacktrackSmack"],"picked":"hexamod:EtherealExpedition+1","floor":22},{"not_picked":["hexamod:ThermalTransfer","hexamod:CatchUp"],"picked":"hexamod:ChargedBarrage+1","floor":25},{"not_picked":["hexamod:NightmareStrike","hexamod:SoulSteal"],"picked":"hexamod:RetreatToShadows+1","floor":26},{"not_picked":["hexamod:SpectralAdrenaline","hexamod:ShieldOfDarkness"],"picked":"hexamod:VolcanoVisage+1","floor":27},{"not_picked":["hexamod:ChargedBarrage","hexamod:FourthSeal","hexamod:GhostShield+1"],"picked":"SKIP","floor":30},{"not_picked":["hexamod:NecessarySacrifice","hexamod:NightmareStrike"],"picked":"hexamod:AdvancingGuard+1","floor":31},{"not_picked":["hexamod:RainOfEmbers","hexamod:CatchUp","hexamod:Rewind"],"picked":"SKIP","floor":32},{"not_picked":["hexamod:SixthSeal","hexamod:TimeOfNeed"],"picked":"hexamod:FifthSeal","floor":33},{"not_picked":["hexamod:FourthSeal","hexamod:SixthSeal"],"picked":"hexamod:ThirdSeal","floor":36},{"not_picked":["hexamod:ExtraCrispy+1","hexamod:InspiringFlames+1","hexamod:RainOfEmbers"],"picked":"SKIP","floor":36},{"not_picked":["hexamod:CatchUp+1","hexamod:NecessarySacrifice"],"picked":"hexamod:NightmareGuise+1","floor":37},{"not_picked":["hexamod:PhantomCloak+1","hexamod:ThermalTransfer"],"picked":"hexamod:SearingWound","floor":39},{"not_picked":["hexamod:Rewind+1","hexamod:ExtraCrispy+1"],"picked":"hexamod:FourthSeal","floor":40},{"not_picked":["hexamod:DynamicBlow+1","hexamod:FourthSeal","hexamod:HauntingEcho+1"],"picked":"SKIP","floor":43},{"not_picked":["hexamod:SecondSeal","hexamod:ThermalTransfer","hexamod:AdvancingGuard+1"],"picked":"SKIP","floor":44},{"not_picked":["hexamod:ThermalTransfer","hexamod:GhostLash+1","hexamod:SpectersWail"],"picked":"SKIP","floor":45},{"not_picked":["hexamod:ShieldOfDarkness+1","hexamod:AdvancingGuard"],"picked":"hexamod:NecessarySacrifice+1","floor":47},{"not_picked":["hexamod:GhostShield","hexamod:HauntingEcho+1"],"picked":"hexamod:Hexaguard","floor":48},{"not_picked":["hexamod:StepThrough","hexamod:Incineration","hexamod:BurningTouch+1"],"picked":"SKIP","floor":49},{"not_picked":["hexamod:SkipABeat","hexamod:NightmareGuise+1","hexamod:SoulSteal"],"picked":"SKIP","floor":52}],"player_experience":1078020,"relics_obtained":[{"floor":7,"key":"Frozen Egg 2"},{"floor":8,"key":"Dream Catcher"},{"floor":10,"key":"Toy Ornithopter"},{"floor":25,"key":"Old Coin"},{"floor":27,"key":"StrikeDummy"},{"floor":28,"key":"Meat on the Bone"},{"floor":31,"key":"Bottled Lightning"},{"floor":39,"key":"StoneCalendar"},{"floor":41,"key":"Nunchaku"},{"floor":42,"key":"Shovel"},{"floor":43,"key":"Bronze Scales"},{"floor":46,"key":"hexamod:SoulConsumer"},{"floor":52,"key":"HornCleat"},{"floor":54,"key":"Blue Candle"}],"event_choices":[{"cards_removed":["hexamod:Strike"],"damage_healed":0,"gold_gain":0,"player_choice":"Offered Basic","damage_taken":0,"max_hp_gain":0,"max_hp_loss":0,"event_name":"Bonfire Elementals","floor":19,"gold_loss":0},{"damage_healed":0,"gold_gain":0,"player_choice":"Fight","damage_taken":0,"max_hp_gain":0,"max_hp_loss":0,"event_name":"Mysterious Sphere","floor":42,"gold_loss":0}],"is_beta":false,"boss_relics":[{"not_picked":["Runic Pyramid","hexamod:IceCube"],"picked":"Coffee Dripper"},{"not_picked":["Runic Dome","Tiny House"],"picked":"Fusion Hammer"}],"items_purged_floors":[],"is_endless":false,"potions_floor_spawned":[5,8,11,14,15,16,27,30,31,32,33,36,39,40,45,48,49],"ascension_level":0}}