{"host":"3j2m8n0ywf988fwb","time":1610470695,"event":{"mods":["2.2 Compatiblity","Act Like it!","Aspiration","Astrologer","BaseMod","Beaked The Cultist","Better Altar","Better Match","Better Note","Better Sensory Stone","Better Skull","Better Third Choice","CCEM","Colored Map","Colored Powertips","Conspire","Dark Map","Energized Spire","Evolution","Fireblade Mod","GifTheSpireLib","Googly Eyes","Halation","Hallownest","Highlight Path","Hubris","Infinite Spire","Jedi Mod","Jorbs\u0027s Wanderer Trilogy","Marisa????????","Marked Mod","Mimic Mod","Minty Spire (QoL Compilation)","Random Character Button","Relic Stats","Replay The Spire","Robot Space Explorer","Shop Mod","Somnambulant","StSLib","Stuff the Spire","The Bug Knight","The Hierophant","The Marked","The Runesmith","TheFirefly","Unceasing Turn Reminder","everything is the same but u backflip on backflip"],"gold_per_floor":[118,133,133,133,147,147,147,147],"floor_reached":7,"playtime":424,"items_purged":[],"score":49,"play_id":"41adc07d-bf60-4621-badc-f19c8035d570","local_time":"20210112105815","is_ascension_mode":true,"campfire_choices":[{"data":"RobotSpaceExplorer:ShockMissile","floor":6,"key":"SMITH"}],"circlet_count":0,"master_deck":["RobotSpaceExplorer:Strike","RobotSpaceExplorer:Strike","RobotSpaceExplorer:Strike","RobotSpaceExplorer:Strike","RobotSpaceExplorer:Defend","RobotSpaceExplorer:Defend","RobotSpaceExplorer:Defend","RobotSpaceExplorer:Defend","RobotSpaceExplorer:Scan","RobotSpaceExplorer:MiniLasers","RobotSpaceExplorer:FrostMissile","RobotSpaceExplorer:ShockMissile+1","Injury","Injury","RobotSpaceExplorer:StunGrenade+1"],"relics":["RobotSpaceExplorer:RoboCore","EVO:Axolotl","NeowsBlessing","Molten Egg 2","Golden Idol"],"acts_visited":["Exordium"],"potions_floor_usage":[7,7],"damage_taken":[{"damage":0,"enemies":"Small Slimes","floor":1,"turns":1},{"damage":0,"enemies":"2 Louse","floor":2,"turns":1},{"damage":0,"enemies":"Cultist","floor":5,"turns":1},{"damage":76,"enemies":"HollowMod:MossKnight","floor":7,"turns":31}],"seed_played":"185457869610580228","potions_obtained":[{"floor":1,"key":"BlessingOfTheForge"},{"floor":5,"key":"Languid Potion"}],"is_trial":false,"path_per_floor":["M","M","?","?","M","R","E"],"character_chosen":"RobotSpaceExplorer","items_purchased":[],"campfire_rested":0,"item_purchase_floors":[],"current_hp_per_floor":[75,75,75,75,75,75,0,0],"gold":147,"neow_bonus":"THREE_ENEMY_KILL","is_daily":false,"chose_seed":false,"campfire_upgraded":1,"win_rate":0.0,"timestamp":1610470695,"path_taken":["M","M","?","?","M","R","E"],"items_purchased_type":[],"build_version":"2020-12-22","purchased_purges":0,"victory":false,"max_hp_per_floor":[75,75,75,75,75,75,75,75],"relic_stats":{"counters":[4,34],"Golden Idol":3,"obtain_stats":[{"NeowsBlessing":0,"Golden Idol":4,"RobotSpaceExplorer:RoboCore":0,"Molten Egg 2":3,"EVO:Axolotl":0},{"NeowsBlessing":0,"Golden Idol":2,"RobotSpaceExplorer:RoboCore":0,"Molten Egg 2":2,"EVO:Axolotl":0},{"NeowsBlessing":0,"Golden Idol":2,"RobotSpaceExplorer:RoboCore":0,"Molten Egg 2":2,"EVO:Axolotl":0}]},"card_choices":[{"not_picked":["RobotSpaceExplorer:GlueShot","RobotSpaceExplorer:StunGrenade"],"picked":"RobotSpaceExplorer:FrostMissile","floor":1},{"not_picked":["RobotSpaceExplorer:ScrapMissile","RobotSpaceExplorer:Ammunition"],"picked":"RobotSpaceExplorer:ShockMissile","floor":2},{"not_picked":["RobotSpaceExplorer:Counterblock","RobotSpaceExplorer:Probe+1"],"picked":"RobotSpaceExplorer:StunGrenade+1","floor":5}],"player_experience":1114700,"relics_obtained":[],"event_choices":[{"damage_healed":0,"gold_gain":0,"player_choice":"Take Wound","damage_taken":0,"relics_obtained":["Golden Idol"],"max_hp_gain":0,"max_hp_loss":0,"event_name":"Golden Idol","floor":4,"gold_loss":0,"cards_obtained":["Injury"]}],"is_beta":false,"boss_relics":[],"items_purged_floors":[],"is_endless":false,"potions_floor_spawned":[1,5],"killed_by":"HollowMod:MossKnight","ascension_level":4}}