{"host":"8gp6t7ud4bifk0zs","time":1610440780,"event":{"mods":["AchievementEnabler","BaseMod","Minty Spire (QoL Compilation)","StSLib","everything is the same but u backflip on backflip"],"gold_per_floor":[115,134,134,134,151,151,180,180,180,212,228,239,259,59,59,164,164,181,181,191,191,13,40,40,67,67,67,84,109,109,128,128,224,224,236,255,130,150,6,6,55,0,0,0,0,19,39,51,51,51,51,51,4,36,36],"floor_reached":56,"playtime":2833,"items_purged":["Strike_G","Strike_G","Acrobatics+1"],"score":1495,"play_id":"388d517c-3783-4fbe-939a-cd19cdd6041c","local_time":"20210112173940","is_ascension_mode":true,"campfire_choices":[{"data":"Accuracy","floor":6.0,"key":"SMITH"},{"data":"Blade Dance","floor":8.0,"key":"SMITH"},{"data":"Acrobatics","floor":15.0,"key":"SMITH"},{"floor":27.0,"key":"REST"},{"floor":30.0,"key":"REST"},{"data":"Terror","floor":32.0,"key":"SMITH"},{"data":"Adrenaline","floor":40.0,"key":"SMITH"},{"floor":45.0,"key":"RECALL"},{"data":"Blade Dance","floor":49,"key":"SMITH"},{"data":"Blade Dance","floor":52,"key":"SMITH"}],"circlet_count":0,"master_deck":["Defend_G","Defend_G","Defend_G","Defend_G","Defend_G","Survivor","Neutralize","Envenom+1","Blade Dance+1","Accuracy+1","Cloak And Dagger","Backflip","Backflip","Blade Dance+1","Terror+1","Cloak And Dagger","Infinite Blades+1","PiercingWail","Footwork+1","Adrenaline+1","Footwork+1","After Image+1","Cloak And Dagger+1","Tools of the Trade+1","Blade Dance+1"],"relics":["WristBlade","Ninja Scroll","Bottled Tornado","Frozen Egg 2","Bag of Preparation","Juzu Bracelet","Black Star","MutagenicStrength","Shuriken","Mango","Dream Catcher","Ornamental Fan","Sundial","Potion Belt","Singing Bowl","Empty Cage","CaptainsWheel","Red Mask","Medical Kit","Vajra","Turnip"],"acts_visited":["TheEnding"],"potions_floor_usage":[50,50,55,55,55,55,55,55,55],"damage_taken":[{"damage":0.0,"enemies":"Cultist","floor":1.0,"turns":1.0},{"damage":0.0,"enemies":"Small Slimes","floor":2.0,"turns":1.0},{"damage":0.0,"enemies":"Jaw Worm","floor":5.0,"turns":1.0},{"damage":3.0,"enemies":"3 Sentries","floor":7.0,"turns":3.0},{"damage":0.0,"enemies":"Lagavulin","floor":10.0,"turns":2.0},{"damage":0.0,"enemies":"Blue Slaver","floor":11.0,"turns":1.0},{"damage":0.0,"enemies":"Looter","floor":12.0,"turns":1.0},{"damage":1.0,"enemies":"3 Louse","floor":13.0,"turns":3.0},{"damage":0.0,"enemies":"Slime Boss","floor":16.0,"turns":2.0},{"damage":6.0,"enemies":"Chosen","floor":18.0,"turns":2.0},{"damage":0.0,"enemies":"Spheric Guardian","floor":20.0,"turns":1.0},{"damage":12.0,"enemies":"Gremlin Leader","floor":23.0,"turns":3.0},{"damage":33.0,"enemies":"Slavers","floor":25.0,"turns":4.0},{"damage":18.0,"enemies":"Snecko","floor":28.0,"turns":3.0},{"damage":6.0,"enemies":"Gremlin Leader","floor":29.0,"turns":2.0},{"damage":17.0,"enemies":"Snake Plant","floor":31.0,"turns":3.0},{"damage":0.0,"enemies":"Automaton","floor":33.0,"turns":5.0},{"damage":8.0,"enemies":"Orb Walker","floor":35.0,"turns":2.0},{"damage":0.0,"enemies":"3 Shapes","floor":36.0,"turns":1.0},{"damage":18.0,"enemies":"Writhing Mass","floor":38.0,"turns":4.0},{"damage":12.0,"enemies":"2 Orb Walkers","floor":41.0,"turns":4.0},{"damage":0.0,"enemies":"Sphere and 2 Shapes","floor":46.0,"turns":4.0},{"damage":0.0,"enemies":"Spire Growth","floor":47.0,"turns":4.0},{"damage":8,"enemies":"4 Shapes","floor":48,"turns":4},{"damage":7,"enemies":"Awakened One","floor":50,"turns":6},{"damage":11,"enemies":"Shield and Spear","floor":54,"turns":4},{"damage":45,"enemies":"The Heart","floor":55,"turns":7}],"seed_played":"8548984203244978064","potions_obtained":[{"floor":2.0,"key":"CunningPotion"},{"floor":10.0,"key":"CunningPotion"},{"floor":16.0,"key":"ColorlessPotion"},{"floor":25.0,"key":"Explosive Potion"},{"floor":31.0,"key":"Explosive Potion"},{"floor":33.0,"key":"DuplicationPotion"},{"floor":46.0,"key":"EssenceOfSteel"},{"floor":47.0,"key":"SkillPotion"},{"floor":48,"key":"SneckoOil"},{"floor":54,"key":"EntropicBrew"}],"is_trial":false,"path_per_floor":["M","M","?","?","M","R","E","R","T","E","M","M","M","$","R","B",null,"M","?","M","?","$","E","$","E","T","R","M","E","R","M","R","B",null,"M","M","$","M","$","R","?","?","T","?","R","M","M","M","R","B",null,"R","$","E","B",null],"character_chosen":"THE_SILENT","items_purchased":["Infinite Blades+1","Acrobatics","Footwork+1","Tools of the Trade+1","Medical Kit"],"campfire_rested":2,"item_purchase_floors":[14,14,22,39,53],"current_hp_per_floor":[70,70,75,68,68,68,65,65,65,65,65,65,64,64,64,64,75,69,69,69,55,55,57,57,24,24,52,34,30,60,45,45,45,100,94,96,96,78,78,78,68,68,68,68,68,70,70,64,64,57,105,105,105,96,65],"gold":36,"neow_bonus":"BOSS_RELIC","is_daily":false,"chose_seed":false,"campfire_upgraded":7,"win_rate":0.0,"timestamp":1610440780,"path_taken":["M","M","?","?","M","R","E","R","T","E","M","M","M","$","R","BOSS","M","?","M","?","$","E","$","E","T","R","M","E","R","M","R","BOSS","M","M","$","M","$","R","?","?","T","?","R","M","M","M","R","BOSS","R","$","E","BOSS"],"items_purchased_type":["Card","Card","Card","Card","Relic"],"build_version":"2020-12-22","purchased_purges":3,"victory":true,"max_hp_per_floor":[70,70,75,75,75,75,75,75,75,75,75,75,75,75,75,75,75,75,75,75,80,80,94,94,94,94,94,94,96,98,100,100,100,100,102,104,104,104,104,104,106,106,106,101,101,103,103,105,105,105,105,105,105,107,107],"card_choices":[{"not_picked":["Prepared","Expertise"],"picked":"Backflip","floor":1.0},{"not_picked":["Sucker Punch","Endless Agony"],"picked":"Backflip","floor":2.0},{"not_picked":["Escape Plan","Dagger Spray"],"picked":"Blade Dance","floor":5.0},{"not_picked":["Bane","Predator","Flying Knee"],"picked":"SKIP","floor":7.0},{"not_picked":["Calculated Gamble","Well Laid Plans+1"],"picked":"Terror","floor":10.0},{"not_picked":["Dagger Spray","Terror","Underhanded Strike"],"picked":"SKIP","floor":11.0},{"not_picked":["Prepared","Sucker Punch"],"picked":"Cloak And Dagger","floor":12.0},{"not_picked":["Bane","Blur","Terror"],"picked":"SKIP","floor":13.0},{"not_picked":["Underhanded Strike","Bane"],"picked":"PiercingWail","floor":18.0},{"not_picked":["Dagger Throw","Quick Slash","Calculated Gamble"],"picked":"SKIP","floor":20.0},{"not_picked":["Outmaneuver+1","Flying Knee","Noxious Fumes+1"],"picked":"SKIP","floor":23.0},{"not_picked":["Corpse Explosion","Slice+1"],"picked":"Adrenaline","floor":25.0},{"not_picked":["Deadly Poison","Dodge and Roll"],"picked":"Footwork+1","floor":27.0},{"not_picked":["Distraction","Bane","Underhanded Strike"],"picked":"SKIP","floor":28.0},{"not_picked":["Outmaneuver+1","Cloak And Dagger","Backstab"],"picked":"Singing Bowl","floor":29.0},{"not_picked":["Flying Knee+1","Tactician","Blade Dance"],"picked":"Singing Bowl","floor":30.0},{"not_picked":["Bane+1","Choke","Slice"],"picked":"Singing Bowl","floor":31.0},{"not_picked":["Glass Knife","Grand Finale"],"picked":"After Image+1","floor":33.0},{"not_picked":["Deadly Poison","Blade Dance+1","Flying Knee+1"],"picked":"Singing Bowl","floor":35.0},{"not_picked":["Poisoned Stab+1","Backflip+1","Outmaneuver"],"picked":"Singing Bowl","floor":36.0},{"not_picked":["Choke","Bane+1"],"picked":"Cloak And Dagger+1","floor":38.0},{"not_picked":["Dodge and Roll+1","Cloak And Dagger+1","Crippling Poison+1"],"picked":"Singing Bowl","floor":41.0},{"not_picked":["Catalyst","Crippling Poison","Terror"],"picked":"Singing Bowl","floor":46.0},{"not_picked":["Slice+1","Calculated Gamble+1"],"picked":"Blade Dance","floor":47.0},{"not_picked":["Blur+1","Poisoned Stab+1","Concentrate+1"],"picked":"Singing Bowl","floor":48},{"not_picked":["Bullet Time","Underhanded Strike+1","Escape Plan+1"],"picked":"Singing Bowl","floor":54}],"player_experience":217629,"relics_obtained":[{"floor":7.0,"key":"Frozen Egg 2"},{"floor":9.0,"key":"Bag of Preparation"},{"floor":10.0,"key":"Juzu Bracelet"},{"floor":23.0,"key":"Shuriken"},{"floor":23.0,"key":"Mango"},{"floor":25.0,"key":"Dream Catcher"},{"floor":25.0,"key":"Ornamental Fan"},{"floor":26.0,"key":"Sundial"},{"floor":29.0,"key":"Potion Belt"},{"floor":29.0,"key":"Singing Bowl"},{"floor":41.0,"key":"CaptainsWheel"},{"floor":54,"key":"Vajra"},{"floor":54,"key":"Turnip"}],"event_choices":[{"damage_healed":0.0,"max_hp_gain":5.0,"max_hp_loss":0.0,"gold_gain":0.0,"event_name":"Big Fish","player_choice":"Donut","floor":3.0,"gold_loss":0.0,"damage_taken":0.0},{"cards_removed":["Strike_G"],"damage_healed":0.0,"max_hp_gain":0.0,"max_hp_loss":0.0,"gold_gain":0.0,"event_name":"Golden Wing","player_choice":"Card Removal","floor":4.0,"gold_loss":0.0,"damage_taken":7.0},{"damage_healed":0.0,"max_hp_gain":0.0,"max_hp_loss":0.0,"gold_gain":0.0,"event_name":"Drug Dealer","player_choice":"Inject Mutagens","floor":19.0,"gold_loss":0.0,"damage_taken":0.0,"relics_obtained":["MutagenicStrength"]},{"damage_healed":0.0,"max_hp_gain":5.0,"max_hp_loss":0.0,"gold_gain":0.0,"event_name":"Forgotten Altar","player_choice":"Shed Blood","floor":21.0,"gold_loss":0.0,"damage_taken":19.0},{"damage_healed":0.0,"max_hp_gain":0.0,"max_hp_loss":0.0,"gold_gain":0.0,"event_name":"Mysterious Sphere","player_choice":"Fight","floor":41.0,"gold_loss":0.0,"damage_taken":0.0},{"damage_healed":0.0,"max_hp_gain":0.0,"max_hp_loss":0.0,"gold_gain":0.0,"event_name":"Tomb of Lord Red Mask","player_choice":"Paid","floor":42.0,"gold_loss":55.0,"damage_taken":0.0,"relics_obtained":["Red Mask"]},{"damage_healed":0.0,"max_hp_gain":0.0,"max_hp_loss":5.0,"gold_gain":0.0,"event_name":"Winding Halls","player_choice":"Max HP","floor":44.0,"gold_loss":0.0,"damage_taken":0.0}],"is_beta":false,"boss_relics":[{"not_picked":["Pandora\u0027s Box","WristBlade"],"picked":"Black Star"},{"not_picked":["Runic Dome","Philosopher\u0027s Stone"],"picked":"Empty Cage"}],"items_purged_floors":[14,22,37],"is_endless":false,"potions_floor_spawned":[2,10,16,25,28,31,33,46,47,48,54],"ascension_level":3}}