{"host":"kta213tp32cz47du","time":1610440651,"event":{"mods":["BaseMod","Better Altar","Better Match","Better Note","Better Sensory Stone","Better Skull","Better Third Choice","Better Vampires","Colored Map","Colored Powertips","Conspire","Curses Come First","Displayed Cursed Tome","Downfall","Force Act Four","Hubris","Infinite Spire","JesterMod","Magitek Elite","Marisa????????","Minty Spire (QoL Compilation)","Permanent Neow","Potion Indicator Mod","QueenMod","Quick Restart","Rare Cards Sparkle","Replay The Spire","Shade Mod","Shop Mod","Spikes Relics","StSLib","The Animator","The Blue Laboratory","The Bug Knight","The Cursed","The Marked","The Servant 0.9.4","TheSwordswoman","TheVelvet","TheWitcher","vexMod"],"gold_per_floor":[110,127,77,185,204,204,216,31,86,103,103,31,31,58,58,154,154,168,180,180,198,8,8,8,19,19,46,46,46,65,96,96,205,205,238,338,84,59,59,59,59,59],"floor_reached":41,"playtime":3383,"items_purged":["Strike_R","ReplayTheSpireMod:Splinters"],"score":602,"play_id":"8cf41ee1-5160-483b-916b-006ae3cffdb1","local_time":"20210112083731","is_ascension_mode":false,"campfire_choices":[{"data":"infinitespire:OneForAll","floor":6.0,"key":"SMITH"},{"data":"expansioncontent:GuardianWhirl","floor":11.0,"key":"SMITH"},{"data":"Inflame","floor":13.0,"key":"SMITH"},{"data":"Rage","floor":15.0,"key":"SMITH"},{"floor":23.0,"key":"REST"},{"floor":28.0,"key":"REST"},{"floor":40.0,"key":"REST"}],"circlet_count":0,"master_deck":["Strike_R","Strike_R","Strike_R","Defend_R","Defend_R","Defend_R","Bash","expansioncontent:GuardianWhirl+1","Armaments","infinitespire:OneForAll+1","Rage+1","Flame Barrier","Fire Breathing","Disarm","Inflame+1","Barricade","Battle Trance","Fire Breathing","Heavy Blade+1","hubris:ReadiedAction","hubris:ReadiedAction","Dual Wield","Headbutt+1","Eclipse","Armaments+1","Pummel+1","Massacre+1"],"relics":["Burning Blood","hubris:EmptyBottle","infinitespire:Beetle Shell","Bag of Preparation","Fusion Hammer","Smiling Mask","hubris:SlimyHat","Potion Belt","Centennial Puzzle","Juzu Bracelet","infinitespire:EvilPickle","Mark of Pain","Happy Flower","ClockworkSouvenir","infinitespire:Golems Mask","TheAbacus","CosmicIsotope"],"acts_visited":["Exordium","TheCity","TheBeyond"],"potions_floor_usage":[],"damage_taken":[{"damage":6.0,"enemies":"Jaw Worm","floor":1.0,"turns":4.0},{"damage":1.0,"enemies":"Cultist","floor":2.0,"turns":4.0},{"damage":9.0,"enemies":"2 Louse","floor":5.0,"turns":3.0},{"damage":3.0,"enemies":"2 Fungi Beasts","floor":7.0,"turns":4.0},{"damage":6.0,"enemies":"Large Slime","floor":10.0,"turns":9.0},{"damage":6.0,"enemies":"3 Sentries","floor":14.0,"turns":4.0},{"damage":6.0,"enemies":"Slime Boss","floor":16.0,"turns":7.0},{"damage":13.0,"enemies":"Shell Parasite","floor":18.0,"turns":6.0},{"damage":11.0,"enemies":"Chosen","floor":19.0,"turns":5.0},{"damage":6.0,"enemies":"Centurion and Healer","floor":21.0,"turns":9.0},{"damage":24.0,"enemies":"Shelled Parasite and Fungi","floor":25.0,"turns":8.0},{"damage":55.0,"enemies":"Nightmare","floor":27.0,"turns":7.0},{"damage":5.0,"enemies":"Snecko","floor":30.0,"turns":3.0},{"damage":25.0,"enemies":"Gremlin Leader","floor":31.0,"turns":5.0},{"damage":11.0,"enemies":"Pondfish","floor":33.0,"turns":4.0},{"damage":43.0,"enemies":"3 Shapes","floor":35.0,"turns":5.0},{"damage":8,"enemies":"Giant Head","floor":41,"turns":2}],"seed_played":"5415894273196136250","potions_obtained":[{"floor":1.0,"key":"Fruit Juice"},{"floor":5.0,"key":"blueLaboratory:BottleOfVodka"},{"floor":7.0,"key":"blueLaboratory:EnragingPotion"},{"floor":14.0,"key":"blueLaboratory:ConflagurationPotion"},{"floor":27.0,"key":"blueLaboratory:EnragingPotion"},{"floor":30.0,"key":"blueLaboratory:BottleOfRum"},{"floor":31.0,"key":"Ancient Potion"}],"is_trial":false,"path_per_floor":["M","M","?","?","M","R","M","$","T","M","R","$","R","E","R","B",null,"M","M","?","M","$","R","?","M","T","NM","R","?","M","E","R_BF","B",null,"M","?","$","?","AVR","R","E"],"character_chosen":"IRONCLAD","items_purchased":["hubris:EmptyBottle","Fire Breathing","Inflame","hubris:ReadiedAction","Regen Potion","ClockworkSouvenir","Massacre+1"],"campfire_rested":3,"item_purchase_floors":[8,8,12,22,22,37,37],"current_hp_per_floor":[80,80,80,72,74,74,77,77,77,77,77,77,77,77,77,77,85,78,73,73,73,73,85,50,84,84,35,60,85,85,66,85,80,85,48,48,48,48,48,73,65,65],"gold":59,"neow_bonus":"RANDOM_COLORLESS","is_daily":false,"chose_seed":false,"campfire_upgraded":4,"win_rate":0.0,"timestamp":1610440651,"path_taken":["M","M","?","?","?","R","M","$","T","M","R","?","R","E","R","BOSS","M","M","?","M","$","R","?","M","T","NM","R","?","M","E","R_BF","BOSS","M","?","?","?","AVR","R","E"],"items_purchased_type":["Relic","Card","Card","Card","Potion","Relic","Card"],"build_version":"2020-12-22","purchased_purges":2,"victory":false,"max_hp_per_floor":[80,80,80,80,85,85,85,85,85,85,85,85,85,85,85,85,85,85,85,85,85,85,85,85,85,85,85,85,85,85,85,85,85,85,85,85,85,85,85,85,85,85],"card_choices":[{"not_picked":["expansioncontent:LastStand","expansioncontent:SuperHexaguard"],"picked":"expansioncontent:GuardianWhirl","floor":0.0},{"not_picked":["Ghostly Armor","Twin Strike"],"picked":"Armaments","floor":1.0},{"not_picked":["Armaments","ReplayTheSpireMod:Corrosion Curse"],"picked":"infinitespire:OneForAll","floor":2.0},{"not_picked":["Anger","Armaments"],"picked":"Rage","floor":5.0},{"not_picked":["Flex","Replay:Undeath\u0027s Touch"],"picked":"Flame Barrier","floor":7.0},{"not_picked":["Anger","Run Through"],"picked":"Disarm","floor":10.0},{"not_picked":["Perfected Strike","ReplayReversal","Pummel"],"picked":"SKIP","floor":14.0},{"not_picked":["Reaper","Impervious"],"picked":"Barricade","floor":16.0},{"not_picked":["Rampage","Wild Strike"],"picked":"Battle Trance","floor":18.0},{"not_picked":["Thunderclap","Anger+1","Clash"],"picked":"SKIP","floor":19.0},{"not_picked":["Infernal Blade+1","Run Through+1"],"picked":"Heavy Blade","floor":21.0},{"not_picked":["Second Wind","Perfected Strike"],"picked":"Dual Wield","floor":25.0},{"not_picked":["Demonic Infusion","infinitespire:OneForAll"],"picked":"Headbutt+1","floor":27.0},{"not_picked":["Abandon","Thunderclap","Anger+1"],"picked":"SKIP","floor":30.0},{"not_picked":["hubris:ReadiedAction","Reckless Charge","Thunderclap"],"picked":"SKIP","floor":31.0},{"not_picked":["Barricade","Juggernaut"],"picked":"Eclipse","floor":33.0},{"not_picked":["Uppercut","Warcry"],"picked":"Armaments+1","floor":35.0},{"not_picked":["Defy Death","Reckless Charge+1"],"picked":"Pummel+1","floor":36.0}],"player_experience":323069,"relics_obtained":[{"floor":9.0,"key":"infinitespire:Beetle Shell"},{"floor":14.0,"key":"Bag of Preparation"},{"floor":26.0,"key":"Potion Belt"},{"floor":27.0,"key":"Centennial Puzzle"},{"floor":31.0,"key":"Juzu Bracelet"},{"floor":36.0,"key":"Happy Flower"}],"event_choices":[{"cards_removed":["Strike_R"],"damage_healed":0.0,"max_hp_gain":0.0,"max_hp_loss":0.0,"gold_gain":0.0,"event_name":"The Cleric","player_choice":"Card Removal","floor":3.0,"gold_loss":50.0,"damage_taken":0.0},{"damage_healed":0.0,"max_hp_gain":0.0,"max_hp_loss":0.0,"gold_gain":108.0,"event_name":"betterSkull:BetterSkull","player_choice":"GO ","floor":4.0,"gold_loss":0.0,"damage_taken":9.0,"cards_upgraded":[],"relics_obtained":[]},{"damage_healed":0.0,"max_hp_gain":0.0,"max_hp_loss":0.0,"gold_gain":0.0,"cards_transformed":["Defend_R"],"event_name":"Transmorgrifier","player_choice":"Transformed","floor":20.0,"gold_loss":0.0,"damage_taken":0.0,"cards_obtained":["Fire Breathing"]},{"damage_healed":0.0,"max_hp_gain":0.0,"max_hp_loss":0.0,"gold_gain":0.0,"event_name":"betterSkull:BetterSkull","player_choice":"RE RE ","floor":24.0,"gold_loss":0.0,"damage_taken":39.0,"cards_upgraded":[],"relics_obtained":["Smiling Mask","hubris:SlimyHat"]},{"damage_healed":25.0,"max_hp_gain":0.0,"max_hp_loss":0.0,"gold_gain":0.0,"event_name":"Wheel of Change","player_choice":"Full Heal","floor":29.0,"gold_loss":0.0,"damage_taken":0.0}],"is_beta":false,"boss_relics":[{"not_picked":["conspire:SlowCooker","ReplayTheSpireMod:DimensionalGlitch"],"picked":"Fusion Hammer"},{"not_picked":["Replay:Ancient Bell","Runic Dome"],"picked":"Mark of Pain"}],"items_purged_floors":[22,37],"is_endless":true,"potions_floor_spawned":[1,5,7,14,27,30,31],"killed_by":"Giant Head","ascension_level":0}}