{"host":"5icjlaq41ghjcr7h","time":1610449748,"event":{"mods":["AchievementEnabler","BaseMod","Colored Map","Minty Spire (QoL Compilation)","SuperFastMode","everything is the same but u backflip on backflip"],"gold_per_floor":[119,136,154,229,244,244,277,301,388,415,427,471,72,48,48,148,198,214,214,38,38,38,71,71,71,71],"floor_reached":25,"playtime":1099,"items_purged":["Strike_R"],"score":277,"play_id":"58c9bb4f-132e-486c-95eb-bfda72edf805","local_time":"20210112200908","is_ascension_mode":true,"campfire_choices":[{"data":"Entrench","floor":6,"key":"SMITH"},{"floor":11,"key":"RECALL"},{"data":"Barricade","floor":15,"key":"SMITH"},{"data":"Entrench","floor":24,"key":"SMITH"}],"circlet_count":0,"master_deck":["Strike_R","Strike_R","Defend_R","Defend_R","Defend_R","Defend_R","Bash+1","Demon Form","Iron Wave","Feel No Pain","Entrench+1","Wild Strike","Second Wind","Heavy Blade","Barricade+1","Dark Embrace","Flex","Reaper","Entrench+1","Impervious","Evolve","Ghostly","Ghostly","Ghostly","Ghostly","Ghostly","Intimidate+1"],"relics":["Burning Blood","MawBank","Mango","Tiny Chest","Tiny House","Bag of Marbles"],"acts_visited":["Exordium","TheCity"],"potions_floor_usage":[7,7,7,12,16,16,23,23],"damage_taken":[{"damage":13,"enemies":"Small Slimes","floor":1,"turns":4},{"damage":1,"enemies":"Cultist","floor":2,"turns":4},{"damage":22,"enemies":"2 Louse","floor":3,"turns":6},{"damage":11,"enemies":"2 Fungi Beasts","floor":5,"turns":4},{"damage":20,"enemies":"Lagavulin","floor":7,"turns":5},{"damage":2,"enemies":"Large Slime","floor":8,"turns":6},{"damage":8,"enemies":"3 Louse","floor":10,"turns":5},{"damage":22,"enemies":"Gremlin Nob","floor":12,"turns":4},{"damage":15,"enemies":"Slime Boss","floor":16,"turns":15},{"damage":28,"enemies":"Chosen","floor":18,"turns":7},{"damage":45,"enemies":"Gremlin Leader","floor":23,"turns":16},{"damage":52,"enemies":"Slavers","floor":25,"turns":8}],"seed_played":"7088347827534658479","potions_obtained":[{"floor":3,"key":"Strength Potion"},{"floor":5,"key":"GamblersBrew"},{"floor":7,"key":"Fruit Juice"},{"floor":8,"key":"DuplicationPotion"},{"floor":12,"key":"SkillPotion"},{"floor":17,"key":"Regen Potion"},{"floor":18,"key":"Fire Potion"}],"is_trial":false,"path_per_floor":["M","M","M","?","M","R","E","M","T","M","R","E","$","$","R","B",null,"M","?","$","?","?","E","R","E"],"character_chosen":"IRONCLAD","items_purchased":["Dark Embrace","Fruit Juice","Tiny Chest","Flex","Impervious","Evolve"],"campfire_rested":0,"item_purchase_floors":[13,13,13,14,20,20],"current_hp_per_floor":[65,70,54,47,42,42,33,37,37,35,35,33,33,33,33,29,101,79,79,79,59,53,30,30,0,0],"gold":71,"neow_bonus":"TRANSFORM_TWO_CARDS","is_daily":false,"chose_seed":false,"campfire_upgraded":3,"win_rate":0.0,"timestamp":1610449748,"path_taken":["M","M","M","?","M","R","E","M","T","?","R","E","?","$","R","BOSS","M","?","$","?","?","E","R","E"],"items_purchased_type":["Card","Potion","Relic","Card","Card","Card"],"build_version":"2020-12-22","purchased_purges":1,"victory":false,"max_hp_per_floor":[72,72,72,72,72,72,77,77,77,77,77,91,91,91,91,96,101,101,101,101,106,53,53,53,53,53],"card_choices":[{"not_picked":["Headbutt","Burning Pact"],"picked":"Feel No Pain","floor":1},{"not_picked":["Warcry","Anger"],"picked":"Entrench","floor":2},{"not_picked":["Headbutt","Clash"],"picked":"Wild Strike","floor":3},{"not_picked":["Clash","Battle Trance","Wild Strike"],"picked":"SKIP","floor":5},{"not_picked":["Clash","Havoc"],"picked":"Second Wind","floor":7},{"not_picked":["Headbutt","Inflame","Twin Strike"],"picked":"SKIP","floor":8},{"not_picked":["Iron Wave","Spot Weakness"],"picked":"Heavy Blade","floor":10},{"not_picked":["Blood for Blood","Seeing Red"],"picked":"Barricade","floor":12},{"not_picked":["Brutality","Juggernaut"],"picked":"Reaper","floor":16},{"not_picked":["Battle Trance+1","Headbutt+1","Infernal Blade"],"picked":"SKIP","floor":18},{"not_picked":["Havoc","Wild Strike"],"picked":"Intimidate+1","floor":23}],"player_experience":119139,"relics_obtained":[{"floor":7,"key":"MawBank"},{"floor":12,"key":"Mango"},{"floor":23,"key":"Bag of Marbles"}],"event_choices":[{"damage_healed":0,"gold_gain":75,"player_choice":"Touch","damage_taken":7,"max_hp_gain":0,"max_hp_loss":0,"event_name":"FaceTrader","floor":4,"gold_loss":0},{"damage_healed":0,"gold_gain":0,"player_choice":"Read","damage_taken":0,"max_hp_gain":0,"max_hp_loss":0,"event_name":"The Library","floor":19,"gold_loss":0,"cards_obtained":["Entrench"]},{"damage_healed":0,"gold_gain":0,"player_choice":"Shed Blood","damage_taken":25,"max_hp_gain":5,"max_hp_loss":0,"event_name":"Forgotten Altar","floor":21,"gold_loss":0},{"damage_healed":0,"gold_gain":0,"player_choice":"Became a Ghost","damage_taken":0,"max_hp_gain":0,"max_hp_loss":53,"event_name":"Ghosts","floor":22,"gold_loss":0,"cards_obtained":["Ghostly","Ghostly","Ghostly","Ghostly","Ghostly"]}],"is_beta":false,"boss_relics":[{"not_picked":["Runic Dome","Velvet Choker"],"picked":"Tiny House"}],"items_purged_floors":[13],"is_endless":false,"potions_floor_spawned":[3,5,7,8,12,18],"killed_by":"Slavers","ascension_level":2}}