{"host":"0v07cr0k93jhgkpm","time":1610423207,"event":{"mods":["BaseMod","Colored Map","DeckTracker","Minty Spire (QoL Compilation)","Quick Restart","SuperFastMode"],"gold_per_floor":[118,118,118,118,43,69,88,118,144,144,171,171,7,33,33,109,109,120,120,120,19,38,38,38,38],"floor_reached":24,"playtime":617,"items_purged":["Strike_P"],"score":686,"play_id":"3e25ab83-9bce-435f-810f-37214e5c6c49","local_time":"20210112124647","is_ascension_mode":true,"campfire_choices":[{"floor":10.0,"key":"REST"},{"data":"Scrawl","floor":12.0,"key":"SMITH"},{"data":"SashWhip","floor":15.0,"key":"SMITH"},{"floor":23.0,"key":"RECALL"}],"circlet_count":0,"master_deck":["AscendersBane","Strike_P","Strike_P","Defend_P+1","Defend_P+1","Eruption+1","Vigilance+1","Halt","DevaForm","Consecrate+1","SandsOfTime+1","Scrawl+1","SashWhip+1","LessonLearned","Adaptation+1","EmptyMind","EmptyBody"],"relics":["PureWater","NeowsBlessing","Art of War","FossilizedHelix","Whetstone","War Paint","Membership Card","Question Card","Fusion Hammer"],"acts_visited":["Exordium","TheCity"],"potions_floor_usage":[24,24],"damage_taken":[{"damage":0.0,"enemies":"2 Louse","floor":1.0,"turns":1.0},{"damage":0.0,"enemies":"Gremlin Nob","floor":6.0,"turns":1.0},{"damage":0.0,"enemies":"Small Slimes","floor":7.0,"turns":1.0},{"damage":46.0,"enemies":"Lagavulin","floor":8.0,"turns":9.0},{"damage":0.0,"enemies":"3 Sentries","floor":11.0,"turns":4.0},{"damage":0.0,"enemies":"Lagavulin","floor":14.0,"turns":4.0},{"damage":0.0,"enemies":"Slime Boss","floor":16.0,"turns":4.0},{"damage":0.0,"enemies":"Shell Parasite","floor":18.0,"turns":2.0},{"damage":0.0,"enemies":"Chosen","floor":22.0,"turns":3.0},{"damage":62,"enemies":"Slavers","floor":24,"turns":5}],"seed_played":"84640186161203345","potions_obtained":[{"floor":7.0,"key":"Regen Potion"},{"floor":11.0,"key":"EssenceOfSteel"},{"floor":16.0,"key":"EssenceOfSteel"},{"floor":22.0,"key":"PowerPotion"}],"is_trial":false,"path_per_floor":["M","?","?","?","?","E","M","E","T","R","E","R","$","E","R","B",null,"M","?","?","$","M","R","E"],"character_chosen":"WATCHER","items_purchased":["Membership Card","Adaptation","EmptyMind"],"campfire_rested":1,"item_purchase_floors":[13,21,21],"current_hp_per_floor":[61,54,54,54,54,54,54,23,23,43,43,43,43,43,43,43,62,62,62,62,62,62,62,0,0],"gold":38,"neow_bonus":"THREE_ENEMY_KILL","is_daily":false,"chose_seed":false,"campfire_upgraded":2,"win_rate":0.0,"timestamp":1610423207,"path_taken":["M","?","?","?","?","E","M","E","T","R","E","R","?","E","R","BOSS","M","?","?","$","M","R","E"],"items_purchased_type":["Relic","Card","Card"],"build_version":"2020-12-22","purchased_purges":1,"victory":false,"max_hp_per_floor":[68,68,68,68,68,68,68,68,68,68,68,68,68,68,68,68,68,68,68,68,68,68,68,68,68],"card_choices":[{"not_picked":["Perseverance","SandsOfTime"],"picked":"Halt","floor":1.0},{"not_picked":["EmptyMind","SashWhip"],"picked":"DevaForm","floor":6.0},{"not_picked":["Crescendo","Meditate"],"picked":"Consecrate","floor":7.0},{"not_picked":["CutThroughFate","Weave"],"picked":"SandsOfTime","floor":8.0},{"not_picked":["Crescendo","ThirdEye"],"picked":"Scrawl","floor":11.0},{"not_picked":["ForeignInfluence","BowlingBash"],"picked":"SashWhip","floor":14.0},{"not_picked":["Omniscience","Devotion","Scrawl"],"picked":"LessonLearned","floor":16.0},{"not_picked":["FlyingSleeves","JustLucky","Consecrate","ThirdEye"],"picked":"SKIP","floor":18.0},{"not_picked":["Evaluate","ThirdEye","FlyingSleeves"],"picked":"EmptyBody","floor":22.0}],"player_experience":2490605,"relics_obtained":[{"floor":6.0,"key":"Art of War"},{"floor":8.0,"key":"FossilizedHelix"},{"floor":9.0,"key":"Whetstone"},{"floor":11.0,"key":"War Paint"},{"floor":14.0,"key":"Question Card"}],"event_choices":[{"cards_removed":["Defend_P"],"damage_healed":0.0,"max_hp_gain":0.0,"max_hp_loss":0.0,"gold_gain":0.0,"event_name":"Golden Wing","player_choice":"Card Removal","floor":2.0,"gold_loss":0.0,"damage_taken":7.0},{"damage_healed":0.0,"max_hp_gain":0.0,"max_hp_loss":0.0,"gold_gain":0.0,"event_name":"Living Wall","player_choice":"Grow","floor":3.0,"gold_loss":0.0,"damage_taken":0.0,"cards_upgraded":["Eruption"]},{"damage_healed":0.0,"max_hp_gain":0.0,"max_hp_loss":0.0,"gold_gain":0.0,"event_name":"Shining Light","player_choice":"Ignored","floor":4.0,"gold_loss":0.0,"damage_taken":0.0},{"cards_removed":["Defend_P"],"damage_healed":0.0,"max_hp_gain":0.0,"max_hp_loss":0.0,"gold_gain":0.0,"event_name":"The Cleric","player_choice":"Card Removal","floor":5.0,"gold_loss":75.0,"damage_taken":0.0},{"damage_healed":0.0,"max_hp_gain":0.0,"max_hp_loss":0.0,"gold_gain":0.0,"event_name":"Ghosts","player_choice":"Ignored","floor":19.0,"gold_loss":0.0,"damage_taken":0.0},{"cards_removed":["Strike_P"],"damage_healed":0.0,"max_hp_gain":0.0,"max_hp_loss":0.0,"gold_gain":0.0,"event_name":"Back to Basics","player_choice":"Elegance","floor":20.0,"gold_loss":0.0,"damage_taken":0.0}],"is_beta":false,"boss_relics":[{"not_picked":["Tiny House","Snecko Eye"],"picked":"Fusion Hammer"}],"items_purged_floors":[21],"is_endless":false,"potions_floor_spawned":[7,11,16,22],"killed_by":"Slavers","ascension_level":20}}