{"host":"ue3qa4y58fiwdsvn","time":1610473773,"event":{"mods":["BaseMod","BetterRewards","Colored Map","Colored Powertips","Downfall","Friendly Minions","Hubris","Infinite Spire","Minty Spire (QoL Compilation)","Replay The Spire","Shop Mod","StSLib","The Bug Knight","The Construct","The Cursed","The Gatherer","UnlockEverythingMod"],"gold_per_floor":[109,109,121,121,145,180,180,180,180,205,235,235,235],"floor_reached":12,"playtime":574,"items_purged":["TheCursedMod:Defend_TheCursed"],"score":179,"play_id":"fdf696bb-eb51-4b9f-bdfc-636523bdf032","local_time":"20210113014933","is_ascension_mode":false,"campfire_choices":[{"data":"infinitespire:DeathsTouch","floor":7,"key":"SMITH"}],"circlet_count":0,"master_deck":["TheCursedMod:Strike_TheCursed","TheCursedMod:Strike_TheCursed","TheCursedMod:Strike_TheCursed","TheCursedMod:Strike_TheCursed","TheCursedMod:Defend_TheCursed","TheCursedMod:Defend_TheCursed","TheCursedMod:Defend_TheCursed","TheCursedMod:CursedWand","TheCursedMod:CleanUpWorkshop","TheCursedMod:Dregs","TheCursedMod:Stigma","Looming Evil","infinitespire:DeathsTouch+1","TheCursedMod:CursedMace","hubris:Greed","TheCursedMod:HellfireBreathing","hubris:Greed","hubris:Greed","TheCursedMod:Neurasthenia"],"relics":["TheCursedMod:BlackMagic101","ReplayFunnel","Centennial Puzzle","Spirit Poop","construct:FoamFinger"],"acts_visited":["Exordium"],"potions_floor_usage":[],"damage_taken":[{"damage":2,"enemies":"Small Slimes","floor":1,"turns":4},{"damage":11,"enemies":"Jaw Worm","floor":3,"turns":2},{"damage":5,"enemies":"2 Louse","floor":5,"turns":3},{"damage":25,"enemies":"HollowMod:MossKnight","floor":6,"turns":8},{"damage":13,"enemies":"Gremlin Gang","floor":10,"turns":3},{"damage":11,"enemies":"Large Slime","floor":11,"turns":3},{"damage":10,"enemies":"Replay:BlueRogue","floor":12,"turns":3}],"seed_played":"-5879777039410667583","potions_obtained":[{"floor":1,"key":"SpeedPotion"},{"floor":3,"key":"SteroidPotion"},{"floor":10,"key":"Fire Potion"}],"is_trial":false,"path_per_floor":["M","?","M","?","M","E","R","?","T","M","M","E"],"character_chosen":"THE_CURSED","items_purchased":[],"campfire_rested":0,"item_purchase_floors":[],"current_hp_per_floor":[73,73,62,62,57,32,32,32,32,19,8,0,0],"gold":235,"neow_bonus":"","is_daily":false,"chose_seed":false,"campfire_upgraded":1,"win_rate":0.0,"timestamp":1610473773,"path_taken":["M","?","M","?","M","E","R","?","T","?","M","E"],"items_purchased_type":[],"build_version":"2020-12-22","purchased_purges":1,"victory":false,"max_hp_per_floor":[75,75,75,75,75,75,75,75,75,75,75,75,75],"card_choices":[{"not_picked":["TheCursedMod:SoulReap","TheCursedMod:TroublousMinions"],"picked":"TheCursedMod:Stigma","floor":1},{"not_picked":["ReplayTheSpireMod:Book of Names","infinitespire:UltimateForm"],"picked":"infinitespire:DeathsTouch","floor":2},{"not_picked":["TheCursedMod:RapidMovement","TheCursedMod:Wield"],"picked":"TheCursedMod:CursedMace","floor":3},{"not_picked":["TheCursedMod:SurpriseAttack","TheCursedMod:CircleOfWindfury","TheCursedMod:FleshFromBone"],"picked":"SKIP","floor":5},{"not_picked":["TheCursedMod:FuryStrike","TheCursedMod:Stigma"],"picked":"TheCursedMod:HellfireBreathing","floor":6},{"not_picked":["TheCursedMod:Evocation","TheCursedMod:CursedAmulet","TheCursedMod:CircleOfBlood"],"picked":"SKIP","floor":10},{"not_picked":["TheCursedMod:WearCloak","TheCursedMod:CursedShiv"],"picked":"TheCursedMod:Neurasthenia","floor":11}],"player_experience":6076,"relics_obtained":[{"floor":4,"key":"ReplayFunnel"},{"floor":6,"key":"Centennial Puzzle"},{"floor":9,"key":"construct:FoamFinger"}],"event_choices":[{"cards_removed":["Spreading Infection"],"damage_healed":0,"gold_gain":0,"player_choice":"Offered Curse","damage_taken":0,"relics_obtained":["Spirit Poop"],"max_hp_gain":0,"max_hp_loss":0,"event_name":"Bonfire Elementals","floor":8,"gold_loss":0}],"is_beta":false,"boss_relics":[],"items_purged_floors":[0],"is_endless":false,"potions_floor_spawned":[1,3,10],"killed_by":"Replay:BlueRogue","ascension_level":0}}