{"host":"t57cmx9i4dws44v8","time":1610460989,"event":{"mods":["BaseMod","Hermit","Minty Spire (QoL Compilation)","StSLib","The Servant 0.9.4"],"gold_per_floor":[116,127,107,119,136,170,184,212,212,212,229,229,304,125,125,230,230,245,276,291,301,136,136,170,186,186,186,186],"floor_reached":27,"playtime":1519,"items_purged":["Regret"],"score":245,"play_id":"064dd7fa-1563-40d5-aece-7a329d2b2ea8","local_time":"20210112221629","is_ascension_mode":false,"campfire_choices":[{"floor":15.0,"key":"REST"},{"floor":23,"key":"REST"}],"circlet_count":0,"master_deck":["hermit:Strike_Hermit","hermit:Strike_Hermit","hermit:Strike_Hermit","hermit:Strike_Hermit","hermit:Defend_Hermit","hermit:Defend_Hermit","hermit:Defend_Hermit","hermit:Defend_Hermit","hermit:Snapshot","hermit:Covet","hermit:HeroicBravado","hermit:Roulette","hermit:Desperado","hermit:Determination","hermit:Determination","hermit:Maintenance","hermit:GhostlyPresence","hermit:GoldenBullet","Master of Strategy","hermit:HoleUp","Finesse","hermit:TakeCover+1"],"relics":["hermit:Momento","Blood Vial","HornCleat","TungstenRod","Girya","Philosopher\u0027s Stone","Red Mask","Darkstone Periapt","Bottled Flame"],"acts_visited":["Exordium","TheCity"],"potions_floor_usage":[21,24],"damage_taken":[{"damage":1.0,"enemies":"Cultist","floor":1.0,"turns":4.0},{"damage":6.0,"enemies":"Small Slimes","floor":2.0,"turns":4.0},{"damage":1.0,"enemies":"2 Louse","floor":4.0,"turns":2.0},{"damage":1.0,"enemies":"2 Fungi Beasts","floor":5.0,"turns":3.0},{"damage":19.0,"enemies":"Lagavulin","floor":6.0,"turns":5.0},{"damage":16.0,"enemies":"Red Slaver","floor":7.0,"turns":3.0},{"damage":25.0,"enemies":"3 Sentries","floor":8.0,"turns":9.0},{"damage":0.0,"enemies":"Blue Slaver","floor":11.0,"turns":6.0},{"damage":22.0,"enemies":"Hexaghost","floor":16.0,"turns":14.0},{"damage":35.0,"enemies":"3 Byrds","floor":18.0,"turns":7.0},{"damage":28.0,"enemies":"Masked Bandits","floor":19.0,"turns":5.0},{"damage":6.0,"enemies":"Shell Parasite","floor":20.0,"turns":8.0},{"damage":0,"enemies":"Centurion and Healer","floor":21,"turns":7},{"damage":18,"enemies":"Book of Stabbing","floor":24,"turns":7},{"damage":7,"enemies":"Snake Plant","floor":25,"turns":6},{"damage":0,"enemies":"3 Cultists","floor":27,"turns":2}],"seed_played":"943226016471227003","potions_obtained":[{"floor":3.0,"key":"CultistPotion"},{"floor":6.0,"key":"GamblersBrew"},{"floor":7.0,"key":"Block Potion"},{"floor":8.0,"key":"Swift Potion"},{"floor":16.0,"key":"Strength Potion"},{"floor":18.0,"key":"SneckoOil"},{"floor":21,"key":"PowerPotion"}],"is_trial":false,"path_per_floor":["M","M","?","M","M","E","M","E","T","?","M","?","?","$","R","B",null,"M","?","M","M","$","R","E","M","T","M"],"character_chosen":"HERMIT","items_purchased":["Master of Strategy","Finesse"],"campfire_rested":2,"item_purchase_floors":[14,22],"current_hp_per_floor":[74,68,68,67,66,47,33,10,10,10,12,12,6,6,28,8,75,40,14,10,12,12,34,18,13,13,15,15],"gold":186,"neow_bonus":"ONE_RANDOM_RARE_CARD","is_daily":false,"chose_seed":false,"campfire_upgraded":0,"win_rate":0.0,"timestamp":1610460989,"path_taken":["M","M","?","M","?","E","M","E","T","?","M","?","?","$","R","BOSS","M","?","M","M","$","R","E","M","T","M"],"items_purchased_type":["Card","Card"],"build_version":"2020-12-22","purchased_purges":1,"victory":false,"max_hp_per_floor":[75,75,75,75,75,75,75,75,75,75,75,75,75,75,75,75,75,75,75,75,75,75,75,75,75,75,75,75],"card_choices":[{"not_picked":["hermit:Ricochet","hermit:Misfire"],"picked":"hermit:Roulette","floor":1.0},{"not_picked":["hermit:Feint","hermit:HoleUp"],"picked":"hermit:Desperado","floor":2.0},{"not_picked":["hermit:Purgatory","hermit:Dive"],"picked":"hermit:Determination","floor":4.0},{"not_picked":["hermit:LowProfile","hermit:Grudge"],"picked":"hermit:Determination","floor":5.0},{"not_picked":["hermit:Misfire","hermit:CursedWeapon","hermit:TakeCover"],"picked":"SKIP","floor":6.0},{"not_picked":["hermit:Glare","hermit:Scavenge"],"picked":"hermit:Maintenance","floor":7.0},{"not_picked":["hermit:Manifest","hermit:Scavenge"],"picked":"hermit:GhostlyPresence","floor":8.0},{"not_picked":["hermit:CursedWeapon","hermit:FullyLoaded"],"picked":"hermit:GoldenBullet","floor":11.0},{"not_picked":["hermit:Dive","hermit:WideOpen+1","hermit:CalledShot"],"picked":"SKIP","floor":18.0},{"not_picked":["hermit:NoHoldsBarred","hermit:Desperado"],"picked":"hermit:HoleUp","floor":19.0},{"not_picked":["hermit:EyeOfTheStorm","hermit:Roulette","hermit:ItchyTrigger"],"picked":"SKIP","floor":20.0},{"not_picked":["hermit:Misfire","hermit:Manifest","hermit:Headshot"],"picked":"SKIP","floor":21},{"not_picked":["hermit:Dive","hermit:GoldenBullet","hermit:Headshot"],"picked":"SKIP","floor":24},{"not_picked":["hermit:FlashPowder+1","hermit:Coalescence"],"picked":"hermit:TakeCover+1","floor":25}],"player_experience":1016889,"relics_obtained":[{"floor":6.0,"key":"Blood Vial"},{"floor":8.0,"key":"HornCleat"},{"floor":9.0,"key":"TungstenRod"},{"floor":19.0,"key":"Red Mask"},{"floor":24,"key":"Darkstone Periapt"},{"floor":26,"key":"Bottled Flame"}],"event_choices":[{"damage_healed":0.0,"max_hp_gain":0.0,"max_hp_loss":0.0,"gold_gain":0.0,"event_name":"The Woman in Blue","player_choice":"Bought 1 Potion","floor":3.0,"gold_loss":0.0,"damage_taken":0.0},{"damage_healed":0.0,"max_hp_gain":0.0,"max_hp_loss":0.0,"gold_gain":0.0,"event_name":"Scrap Ooze","player_choice":"Fled","floor":10.0,"gold_loss":0.0,"damage_taken":0.0},{"damage_healed":0.0,"max_hp_gain":0.0,"max_hp_loss":0.0,"gold_gain":0.0,"event_name":"Big Fish","player_choice":"Box","floor":12.0,"gold_loss":0.0,"damage_taken":0.0,"relics_obtained":["Girya"],"cards_obtained":["Regret"]},{"damage_healed":0.0,"max_hp_gain":0.0,"max_hp_loss":0.0,"gold_gain":75.0,"event_name":"FaceTrader","player_choice":"Touch","floor":13.0,"gold_loss":0.0,"damage_taken":7.0},{"damage_healed":0.0,"max_hp_gain":0.0,"max_hp_loss":0.0,"gold_gain":0.0,"event_name":"Masked Bandits","player_choice":"Fought Bandits","floor":19.0,"gold_loss":0.0,"damage_taken":0.0}],"is_beta":false,"boss_relics":[{"not_picked":["Ectoplasm","hermit:BartenderGlass"],"picked":"Philosopher\u0027s Stone"}],"items_purged_floors":[22],"is_endless":false,"potions_floor_spawned":[6,7,8,16,18,21],"killed_by":"3 Cultists","ascension_level":0}}