{"host":"jrtaucq9moweewpn","time":1610429778,"event":{"mods":["BaseMod","Better Third Choice","Downfall","GifTheSpireLib","Minty Spire (QoL Compilation)","Replay The Spire","Shade Mod","StSLib","The Construct","The Cursed"],"gold_per_floor":[116,116,216,21,34,65,82,101,101,101,119,119,119,119,152,164,164,263,263,282,133,133,70,86,86,116,116,141,141,162,162,179,206,215,321,321,341,341,29,38,138,138,31,0,0,0,0,9,38,63,63,63],"floor_reached":53,"playtime":2263,"items_purged":["Parasite","Pain"],"score":656,"play_id":"d93792d4-4d3a-41f0-91a5-514b165c667b","local_time":"20210111233618","is_ascension_mode":false,"campfire_choices":[{"data":"Rupture","floor":10,"key":"SMITH"},{"floor":14,"key":"REST"},{"floor":17,"key":"REST"},{"floor":25,"key":"REST"},{"floor":27,"key":"REST"},{"floor":29,"key":"DIG"},{"floor":34,"key":"REST"},{"floor":42,"key":"DIG"},{"floor":46,"key":"DIG"},{"floor":51,"key":"DIG"}],"circlet_count":0,"master_deck":["Defend_R","Defend_R","Defend_R","Defend_R","Bash","Blood for Blood","Rupture+1","Inflame","Spot Weakness","CurseOfTheBell","Heavy Blade","Anger","Sword Boomerang","Heavy Blade","Flex+1","Slimebound:Tackle+1","Slimebound:Tackle+1","Slimebound:Tackle+1","Brutality","Hemogenesis","Bloodletting","Combust","expansioncontent:PrepareCrush","Infernal Blade+1","Parasite"],"relics":["Burning Blood","NeowsBlessing","MealTicket","Membership Card","Shuriken","Darkstone Periapt","Potion Belt","Calling Bell","Juzu Bracelet","Replay:Ringing Soul","Durian","Shovel","Dream Catcher","Replay:Baseball","Akabeko","CeramicFish","MutagenicStrength","Runic Cube","Pen Nib","Replay:Bottled Steam","WarpedTongs","Torii","Red Mask","Replay:Mystery Machine","Oddly Smooth Stone","Ginger","Orichalcum"],"acts_visited":["Exordium","TheCity","TheBeyond"],"potions_floor_usage":[7,11,15,16,30,32,52,52,52,52],"damage_taken":[{"damage":0,"enemies":"Jaw Worm","floor":1,"turns":1},{"damage":0,"enemies":"2 Louse","floor":5,"turns":1},{"damage":0,"enemies":"3 Sentries","floor":6,"turns":2},{"damage":0,"enemies":"Cultist","floor":7,"turns":2},{"damage":19,"enemies":"Gremlin Gang","floor":8,"turns":5},{"damage":10,"enemies":"Looter","floor":11,"turns":2},{"damage":28,"enemies":"Gremlin Nob","floor":15,"turns":4},{"damage":18,"enemies":"Large Slime","floor":16,"turns":6},{"damage":64,"enemies":"Hexaghost","floor":18,"turns":8},{"damage":40,"enemies":"2 Thieves","floor":20,"turns":4},{"damage":45,"enemies":"3 Byrds","floor":24,"turns":5},{"damage":57,"enemies":"Book of Stabbing","floor":26,"turns":5},{"damage":20,"enemies":"Sentry and Sphere","floor":30,"turns":4},{"damage":10,"enemies":"Snecko","floor":32,"turns":4},{"damage":55,"enemies":"Collector","floor":35,"turns":7},{"damage":34,"enemies":"3 Shapes","floor":37,"turns":3},{"damage":11,"enemies":"Orb Walker","floor":49,"turns":3},{"damage":42,"enemies":"Writhing Mass","floor":50,"turns":3},{"damage":60,"enemies":"Replay:Hell Engine","floor":52,"turns":5}],"seed_played":"-846009579304693244","potions_obtained":[{"floor":1,"key":"AttackPotion"},{"floor":5,"key":"Fire Potion"},{"floor":8,"key":"LiquidMemories"},{"floor":15,"key":"Block Potion"},{"floor":26,"key":"DistilledChaos"},{"floor":30,"key":"BlessingOfTheForge"},{"floor":37,"key":"Milkshake"},{"floor":49,"key":"BlessingOfTheForge"}],"is_trial":false,"path_per_floor":["M","?","?","$","M","E","M","M","T","R","M","PTL","PTL","R","E","M","R","B",null,"M","$","?","$","M","R","E","R","T","R","M","?","M","?","R","B",null,"M","?","$","?","?","R","$","?","T","R","T","?","M","M","R","B",null],"character_chosen":"IRONCLAD","items_purchased":["Membership Card","Rupture","Shovel","Anger","Bloodletting","Pen Nib","Replay:Bottled Steam","DuplicationPotion","DuplicationPotion","Combust","Energy Potion"],"campfire_rested":5,"item_purchase_floors":[4,4,21,23,39,39,39,39,39,43,43],"current_hp_per_floor":[80,62,62,77,80,80,80,67,67,67,63,63,63,80,58,46,70,12,91,60,75,84,102,63,93,45,79,79,79,68,68,64,67,104,58,121,93,93,111,120,120,120,130,130,130,130,130,133,131,104,104,50],"gold":63,"neow_bonus":"THREE_ENEMY_KILL","is_daily":false,"chose_seed":false,"campfire_upgraded":1,"win_rate":0.0,"timestamp":1610429778,"path_taken":["M","?","?","$","?","E","M","M","T","R","M","PTL","PTL","R","E","M","R","BOSS","M","$","?","$","M","R","E","R","T","R","M","?","M","?","R","BOSS","M","?","$","?","?","R","$","?","T","R","?","?","M","M","R","BOSS"],"items_purchased_type":["Relic","Card","Relic","Card","Card","Relic","Relic","Potion","Potion","Card","Potion"],"build_version":"2020-12-22","purchased_purges":2,"victory":true,"max_hp_per_floor":[80,80,80,80,80,80,80,80,80,80,80,80,80,80,80,80,80,80,91,94,94,103,103,103,103,106,109,109,109,112,112,112,115,118,121,121,121,115,118,127,127,127,130,130,130,130,130,133,136,145,145,145],"card_choices":[{"not_picked":["Rage","Thunderclap"],"picked":"Blood for Blood","floor":1},{"not_picked":["Sword Boomerang","Heavy Blade","Armaments"],"picked":"SKIP","floor":5},{"not_picked":["Carnage","Warcry"],"picked":"Inflame","floor":6},{"not_picked":["Perfected Strike","Sword Boomerang","Thunderclap"],"picked":"SKIP","floor":7},{"not_picked":["Dual Wield","True Grit","Fire Breathing"],"picked":"SKIP","floor":8},{"not_picked":["Dark Embrace","Feel No Pain","Defy Death"],"picked":"SKIP","floor":11},{"not_picked":["Second Wind","Twin Strike","Sword Boomerang"],"picked":"SKIP","floor":15},{"not_picked":["Pommel Strike","Perfected Strike"],"picked":"Spot Weakness","floor":16},{"not_picked":["Pommel Strike+1","True Grit"],"picked":"Heavy Blade","floor":20},{"not_picked":["Disarm","Body Slam+1","Thunderclap+1"],"picked":"SKIP","floor":24},{"not_picked":["Disarm","Cleave"],"picked":"Sword Boomerang","floor":26},{"not_picked":["Clash","Iron Wave"],"picked":"Heavy Blade","floor":27},{"not_picked":["Perfected Strike+1","Pommel Strike"],"picked":"Flex+1","floor":30},{"not_picked":["Run Through","Perfected Strike","ReplayReversal"],"picked":"SKIP","floor":32},{"not_picked":["Shockwave","Sever Soul"],"picked":"Brutality","floor":34},{"not_picked":["Immolate","Brutality"],"picked":"Hemogenesis","floor":35},{"not_picked":["Armaments","Headbutt","True Grit+1"],"picked":"SKIP","floor":37},{"not_picked":["Replay:Sssssssssshield","expansioncontent:Corrupt"],"picked":"expansioncontent:PrepareCrush","floor":48},{"not_picked":["Warcry","Shrug It Off"],"picked":"Infernal Blade+1","floor":49},{"not_picked":["Bloodletting+1","Clash+1","Dropkick"],"picked":"SKIP","floor":50}],"player_experience":518487,"relics_obtained":[{"floor":6,"key":"Shuriken"},{"floor":9,"key":"Darkstone Periapt"},{"floor":15,"key":"Potion Belt"},{"floor":19,"key":"Juzu Bracelet"},{"floor":19,"key":"Replay:Ringing Soul"},{"floor":19,"key":"Durian"},{"floor":26,"key":"Replay:Baseball"},{"floor":28,"key":"Akabeko"},{"floor":29,"key":"CeramicFish"},{"floor":42,"key":"Torii"},{"floor":45,"key":"Replay:Mystery Machine"},{"floor":46,"key":"Oddly Smooth Stone"},{"floor":47,"key":"Ginger"},{"floor":51,"key":"Orichalcum"}],"event_choices":[{"damage_healed":0,"gold_gain":0,"player_choice":"Relic ","damage_taken":18,"max_hp_gain":0,"max_hp_loss":0,"event_name":"betterThird:BetterScrap","floor":2,"gold_loss":0,"cards_obtained":["Devotion"]},{"damage_healed":0,"gold_gain":100,"player_choice":"Pray","damage_taken":0,"max_hp_gain":0,"max_hp_loss":0,"event_name":"Golden Shrine","floor":3,"gold_loss":0},{"damage_healed":0,"gold_gain":0,"player_choice":"Inject Mutagens","damage_taken":0,"relics_obtained":["MutagenicStrength"],"max_hp_gain":0,"max_hp_loss":0,"event_name":"Drug Dealer","floor":31,"gold_loss":0},{"damage_healed":0,"gold_gain":0,"player_choice":"Max HP","damage_taken":0,"max_hp_gain":0,"max_hp_loss":6,"event_name":"Winding Halls","floor":38,"gold_loss":0},{"damage_healed":0,"gold_gain":0,"player_choice":"Rummage","damage_taken":0,"relics_obtained":["WarpedTongs"],"max_hp_gain":0,"max_hp_loss":0,"event_name":"Accursed Blacksmith","floor":40,"gold_loss":0,"cards_obtained":["Pain"]},{"damage_healed":0,"gold_gain":100,"player_choice":"Pray","damage_taken":0,"max_hp_gain":0,"max_hp_loss":0,"event_name":"Golden Shrine","floor":41,"gold_loss":0},{"damage_healed":0,"gold_gain":0,"player_choice":"Paid","damage_taken":0,"relics_obtained":["Red Mask"],"max_hp_gain":0,"max_hp_loss":0,"event_name":"Tomb of Lord Red Mask","floor":44,"gold_loss":31},{"damage_healed":0,"gold_gain":0,"player_choice":"Memory 1","damage_taken":0,"max_hp_gain":0,"max_hp_loss":0,"event_name":"SensoryStone","floor":48,"gold_loss":0}],"is_beta":false,"boss_relics":[{"not_picked":["Astrolabe","Pandora\u0027s Box"],"picked":"Calling Bell"},{"not_picked":["SacredBark","Tiny House"],"picked":"Runic Cube"}],"items_purged_floors":[23,43],"is_endless":false,"potions_floor_spawned":[1,5,8,15,26,30,37,49],"ascension_level":0}}