{"host":"qljev0q3rb9h3k1a","time":1610468129,"event":{"mods":["AchievementEnabler","Ascension Unlocker","BaseMod","Colored Map","Minty Spire (QoL Compilation)","Permanent Neow","Quick Restart","Relic Filter","StSLib","SuperFastMode"],"gold_per_floor":[117,67,67,17,17,17,36,61,61,80,80,95,114,64,64,165,165,179,191,191,35,45,45,45,45,69,81,105,137,149,195,207,318,330,352,364,95,95,95,95,95,106,133,152,184,84,94,6,6,6],"floor_reached":51,"playtime":2158,"items_purged":["Strike_G","Regret","Defend_G+1","Defend_G+1"],"score":743,"play_id":"4706fc6c-9ccc-4ba5-ab6a-847d1b4256f8","local_time":"20210112111529","is_ascension_mode":false,"campfire_choices":[{"data":"Blade Dance","floor":6.0,"key":"SMITH"},{"data":"Blade Dance","floor":15.0,"key":"SMITH"},{"data":"A Thousand Cuts","floor":23,"key":"SMITH"},{"data":"Neutralize","floor":25,"key":"SMITH"},{"data":"Flash of Steel","floor":27,"key":"SMITH"},{"floor":32,"key":"REST"},{"floor":40,"key":"REST"},{"data":"Cloak And Dagger","floor":49,"key":"SMITH"}],"circlet_count":0,"master_deck":["Defend_G+1","Defend_G+1","Defend_G+1","Survivor+1","Neutralize+1","Blade Dance+1","Calculated Gamble+1","Infinite Blades+1","Flash of Steel+1","Blade Dance+1","A Thousand Cuts+1","Deflect+1","Blade Dance+1","Expertise+1","Reflex+1","Deflect+1","Envenom+1","Accuracy+1","Infinite Blades+1","Cloak And Dagger+1","Accuracy+1","Cloak And Dagger","Deflect+1"],"relics":["Ring of the Snake","Smiling Mask","Mango","Happy Flower","Gambling Chip","SlaversCollar","Membership Card","MawBank","Pen Nib","WristBlade","Ornamental Fan","Frozen Egg 2","Mark of the Bloom","Bag of Marbles","Pear"],"acts_visited":["Exordium","TheCity","TheBeyond"],"potions_floor_usage":[16,16,33,33,44,50,50,50],"damage_taken":[{"damage":0.0,"enemies":"2 Louse","floor":1.0,"turns":3.0},{"damage":1.0,"enemies":"Small Slimes","floor":7.0,"turns":3.0},{"damage":23.0,"enemies":"3 Sentries","floor":8.0,"turns":11.0},{"damage":2.0,"enemies":"Cultist","floor":10.0,"turns":3.0},{"damage":4.0,"enemies":"Exordium Wildlife","floor":12.0,"turns":3.0},{"damage":5.0,"enemies":"Large Slime","floor":13.0,"turns":6.0},{"damage":9,"enemies":"Hexaghost","floor":16,"turns":7},{"damage":4,"enemies":"Shell Parasite","floor":18,"turns":5},{"damage":16,"enemies":"Spheric Guardian","floor":19,"turns":4},{"damage":11,"enemies":"Centurion and Healer","floor":22,"turns":6},{"damage":4,"enemies":"3 Cultists","floor":28,"turns":4},{"damage":12,"enemies":"Shelled Parasite and Fungi","floor":29,"turns":3},{"damage":11,"enemies":"Slavers","floor":31,"turns":3},{"damage":6,"enemies":"Automaton","floor":33,"turns":6},{"damage":10,"enemies":"Orb Walker","floor":35,"turns":3},{"damage":0,"enemies":"3 Shapes","floor":42,"turns":1},{"damage":1,"enemies":"3 Darklings","floor":44,"turns":3},{"damage":0,"enemies":"Giant Head","floor":45,"turns":4},{"damage":12,"enemies":"Maw","floor":47,"turns":4},{"damage":35,"enemies":"Time Eater","floor":50,"turns":4}],"seed_played":"7243212674065194235","potions_obtained":[{"floor":7.0,"key":"Block Potion"},{"floor":10.0,"key":"FearPotion"},{"floor":12.0,"key":"FearPotion"},{"floor":19,"key":"Explosive Potion"},{"floor":28,"key":"LiquidMemories"},{"floor":29,"key":"PowerPotion"},{"floor":44,"key":"ColorlessPotion"},{"floor":47,"key":"SteroidPotion"}],"is_trial":false,"path_per_floor":["M","?","?","$","?","R","M","E","T","M","?","M","M","$","R","B",null,"M","M","?","$","M","R","$","R","T","R","M","M","?","E","R","B",null,"M","?","$","?","?","R","?","M","T","M","E","$","M","$","R","B",null],"character_chosen":"THE_SILENT","items_purchased":["Membership Card","Ornamental Fan","Frozen Egg 2","Infinite Blades+1","Accuracy+1","Cloak And Dagger","CunningPotion"],"campfire_rested":2,"item_purchase_floors":[21,37,37,37,46,46,48],"current_hp_per_floor":[70,70,70,70,84,84,83,60,60,58,58,54,49,49,49,40,84,80,64,48,48,37,37,37,37,37,37,33,21,21,10,36,30,89,79,79,79,79,79,79,79,79,79,78,78,78,66,66,66,31],"gold":6,"neow_bonus":"RANDOM_COMMON_RELIC","is_daily":false,"chose_seed":false,"campfire_upgraded":6,"win_rate":0.0,"timestamp":1610468129,"path_taken":["M","?","?","$","?","R","M","E","T","M","?","?","M","$","R","BOSS","M","M","?","$","M","R","$","R","T","R","M","M","?","E","R","BOSS","M","?","$","?","?","R","?","M","T","?","E","$","M","$","R","BOSS"],"items_purchased_type":["Relic","Relic","Relic","Card","Card","Card","Potion"],"build_version":"2020-12-22","purchased_purges":4,"victory":true,"max_hp_per_floor":[70,70,70,70,84,84,84,84,84,84,84,84,84,84,84,84,84,84,84,89,89,89,89,89,89,89,89,89,89,89,89,89,89,89,89,89,89,85,85,85,85,85,85,85,95,95,95,95,95,95],"card_choices":[{"not_picked":["Dagger Throw","Acrobatics"],"picked":"Blade Dance","floor":1.0},{"not_picked":["Outmaneuver","Flying Knee","Tactician"],"picked":"SKIP","floor":7.0},{"not_picked":["Backstab","Unload"],"picked":"Infinite Blades","floor":8.0},{"not_picked":["Deflect","Quick Slash"],"picked":"Infinite Blades","floor":10.0},{"not_picked":["All Out Attack","Dagger Spray"],"picked":"Blade Dance","floor":12.0},{"not_picked":["Flying Knee","Bane","Catalyst"],"picked":"SKIP","floor":13.0},{"not_picked":["Storm of Steel","Malaise"],"picked":"A Thousand Cuts","floor":16},{"not_picked":["Slice","Backflip+1"],"picked":"Deflect+1","floor":18},{"not_picked":["Noxious Fumes+1","Quick Slash+1","Eviscerate"],"picked":"SKIP","floor":19},{"not_picked":["Distraction","Poisoned Stab+1","All Out Attack"],"picked":"SKIP","floor":22},{"not_picked":["Bane","Caltrops"],"picked":"Blade Dance","floor":28},{"not_picked":["Poisoned Stab+1","Malaise","Sucker Punch"],"picked":"SKIP","floor":29},{"not_picked":["Caltrops","Sucker Punch+1"],"picked":"Deflect+1","floor":31},{"not_picked":["Bullet Time","Corpse Explosion"],"picked":"Envenom","floor":33},{"not_picked":["Distraction+1","PiercingWail"],"picked":"Accuracy","floor":35},{"not_picked":["Underhanded Strike+1","Eviscerate"],"picked":"Cloak And Dagger","floor":42},{"not_picked":["Dagger Spray+1","Dodge and Roll","Predator"],"picked":"SKIP","floor":44},{"not_picked":["Riddle With Holes+1","Prepared","Unload"],"picked":"SKIP","floor":45},{"not_picked":["Heel Hook+1","Crippling Poison"],"picked":"Deflect+1","floor":47}],"player_experience":15653,"relics_obtained":[{"floor":8.0,"key":"Happy Flower"},{"floor":9.0,"key":"Gambling Chip"},{"floor":26,"key":"MawBank"},{"floor":31,"key":"Pen Nib"},{"floor":43,"key":"Bag of Marbles"},{"floor":45,"key":"Pear"}],"event_choices":[{"cards_removed":["Strike_G"],"damage_healed":0.0,"max_hp_gain":0.0,"max_hp_loss":0.0,"gold_gain":0.0,"event_name":"The Cleric","player_choice":"Card Removal","floor":2.0,"gold_loss":50.0,"damage_taken":0.0},{"damage_healed":0.0,"max_hp_gain":0.0,"max_hp_loss":0.0,"gold_gain":0.0,"cards_transformed":["Strike_G"],"event_name":"Living Wall","player_choice":"Change","floor":3.0,"gold_loss":0.0,"damage_taken":0.0,"cards_obtained":["Calculated Gamble"]},{"damage_healed":0.0,"max_hp_gain":0.0,"max_hp_loss":0.0,"gold_gain":0.0,"event_name":"Big Fish","player_choice":"Box","floor":5.0,"gold_loss":0.0,"damage_taken":0.0,"relics_obtained":["Mango"],"cards_obtained":["Regret"]},{"damage_healed":0.0,"max_hp_gain":0.0,"max_hp_loss":0.0,"gold_gain":0.0,"event_name":"Match and Keep!","player_choice":"1 cards matched","floor":11.0,"gold_loss":0.0,"damage_taken":0.0,"cards_obtained":["Flash of Steel"]},{"damage_healed":0,"gold_gain":0,"player_choice":"Shed Blood","damage_taken":21,"max_hp_gain":5,"max_hp_loss":0,"event_name":"Forgotten Altar","floor":20,"gold_loss":0},{"damage_healed":0,"gold_gain":0,"cards_transformed":["Strike_G","Strike_G"],"player_choice":"Became Test Subject","damage_taken":0,"max_hp_gain":0,"max_hp_loss":0,"event_name":"Drug Dealer","floor":30,"gold_loss":0,"cards_obtained":["Expertise","Reflex"]},{"cards_removed":["Infinite Blades"],"damage_healed":0,"gold_gain":0,"player_choice":"Removed Power","damage_taken":0,"max_hp_gain":0,"max_hp_loss":0,"event_name":"Falling","floor":36,"gold_loss":0},{"damage_healed":0,"gold_gain":0,"player_choice":"Max HP","damage_taken":0,"max_hp_gain":0,"max_hp_loss":4,"event_name":"Winding Halls","floor":38,"gold_loss":0},{"damage_healed":0,"gold_gain":0,"player_choice":"Upgrade","damage_taken":0,"relics_obtained":["Mark of the Bloom"],"max_hp_gain":0,"max_hp_loss":0,"event_name":"MindBloom","floor":39,"gold_loss":0,"cards_upgraded":["Defend_G","Defend_G","Defend_G","Defend_G","Defend_G","Survivor","Calculated Gamble","Infinite Blades","Blade Dance","Expertise","Reflex","Envenom","Accuracy"]},{"damage_healed":0,"gold_gain":0,"player_choice":"Ignored","damage_taken":0,"max_hp_gain":0,"max_hp_loss":0,"event_name":"Tomb of Lord Red Mask","floor":41,"gold_loss":0}],"is_beta":false,"boss_relics":[{"not_picked":["Calling Bell","Sozu"],"picked":"SlaversCollar"},{"not_picked":["Empty Cage","Velvet Choker"],"picked":"WristBlade"}],"items_purged_floors":[4,14,46,48],"is_endless":false,"potions_floor_spawned":[7,10,12,19,28,29,44,47],"ascension_level":0}}