{"host":"9l4mw5jqza9qz9hr","time":1610461321,"event":{"mods":["AchievementEnabler","Always Whale","BaseMod","Colored Map","Minty Spire (QoL Compilation)","StSLib","SuperFastMode"],"gold_per_floor":[118,118,128,146,71,103,103,122,168,128,145,156,171,194,194,267,267,284,284,284,184,234,234,266,284,284,284,134,148,161,171,171,171,171],"floor_reached":33,"playtime":602,"items_purged":["Strike_B","Writhe","Defend_B"],"score":444,"play_id":"316a7841-c449-46e6-9252-967bc2805c0c","local_time":"20210112232201","is_ascension_mode":true,"campfire_choices":[{"data":"Zap","floor":7.0,"key":"SMITH"},{"floor":15.0,"key":"REST"},{"floor":23.0,"key":"REST"},{"floor":32.0,"key":"REST"}],"circlet_count":0,"master_deck":["AscendersBane","Defend_B","Defend_B","Defend_B","Zap+1","Dualcast","Sweeping Beam","Chaos","Leap","Thunder Strike","Cold Snap","Cold Snap","Ball Lightning","Electrodynamics","Turbo","Storm","Genetic Algorithm","Compile Driver","Coolheaded","Amplify","Storm"],"relics":["Cracked Core","NeowsBlessing","Kunai","DataDisk","Art of War","Fusion Hammer","Bag of Marbles","Bag of Preparation","Darkstone Periapt"],"acts_visited":["Exordium","TheCity"],"potions_floor_usage":[],"damage_taken":[{"damage":0.0,"enemies":"2 Louse","floor":1.0,"turns":1.0},{"damage":0.0,"enemies":"Cultist","floor":3.0,"turns":1.0},{"damage":0.0,"enemies":"Small Slimes","floor":4.0,"turns":1.0},{"damage":21.0,"enemies":"Lagavulin","floor":6.0,"turns":7.0},{"damage":0.0,"enemies":"Looter","floor":8.0,"turns":3.0},{"damage":14.0,"enemies":"3 Louse","floor":11.0,"turns":4.0},{"damage":6.0,"enemies":"Gremlin Gang","floor":12.0,"turns":3.0},{"damage":7.0,"enemies":"2 Fungi Beasts","floor":13.0,"turns":3.0},{"damage":24.0,"enemies":"The Guardian","floor":16.0,"turns":9.0},{"damage":0.0,"enemies":"Chosen","floor":18.0,"turns":4.0},{"damage":32.0,"enemies":"Gremlin Leader","floor":24.0,"turns":5.0},{"damage":0.0,"enemies":"3 Byrds","floor":25.0,"turns":3.0},{"damage":0.0,"enemies":"Cultist and Chosen","floor":29.0,"turns":4.0},{"damage":21.0,"enemies":"Snake Plant","floor":30.0,"turns":4.0},{"damage":13.0,"enemies":"Sentry and Sphere","floor":31.0,"turns":4.0},{"damage":12,"enemies":"Collector","floor":33,"turns":5}],"seed_played":"5823850283522830250","potions_obtained":[{"floor":3.0,"key":"SteroidPotion"},{"floor":4.0,"key":"SteroidPotion"},{"floor":10.0,"key":"FearPotion"},{"floor":10.0,"key":"SpeedPotion"},{"floor":11.0,"key":"DistilledChaos"},{"floor":12.0,"key":"PowerPotion"},{"floor":16.0,"key":"SkillPotion"}],"is_trial":false,"path_per_floor":["M","?","M","M","$","E","R","M","T","?","M","M","M","T","R","B",null,"M","?","?","$","?","R","E","M","T","?","$","M","M","M","R","B"],"character_chosen":"DEFECT","items_purchased":["Coolheaded"],"campfire_rested":3,"item_purchase_floors":[28],"current_hp_per_floor":[68,68,68,68,68,47,47,47,47,47,33,27,20,20,42,18,61,61,61,61,61,61,75,43,43,43,43,43,43,22,9,31,19,19],"gold":171,"neow_bonus":"THREE_ENEMY_KILL","is_daily":false,"chose_seed":false,"campfire_upgraded":1,"win_rate":0.0,"timestamp":1610461321,"path_taken":["M","?","M","M","$","E","R","M","T","?","M","M","?","?","R","BOSS","M","?","?","$","?","R","E","?","T","?","?","M","?","M","R","BOSS"],"items_purchased_type":["Card"],"build_version":"2020-12-22","purchased_purges":3,"victory":false,"max_hp_per_floor":[75,75,75,75,75,75,75,75,75,75,75,75,75,75,75,75,75,75,75,75,75,75,75,75,75,75,75,75,75,75,75,75,75,75],"card_choices":[{"not_picked":["Melter","Compile Driver"],"picked":"Sweeping Beam","floor":1.0},{"not_picked":["Streamline","Storm"],"picked":"Chaos","floor":3.0},{"not_picked":["Go for the Eyes","Gash"],"picked":"Leap","floor":4.0},{"not_picked":["Steam","Ball Lightning"],"picked":"Thunder Strike","floor":6.0},{"not_picked":["Recycle","Sweeping Beam","Rebound"],"picked":"SKIP","floor":8.0},{"not_picked":["Static Discharge","Hologram"],"picked":"Cold Snap","floor":11.0},{"not_picked":["Barrage","Rip and Tear"],"picked":"Cold Snap","floor":12.0},{"not_picked":["Sunder","Coolheaded"],"picked":"Ball Lightning","floor":13.0},{"not_picked":["Amplify","Hyperbeam"],"picked":"Electrodynamics","floor":16.0},{"not_picked":["Rebound","Rip and Tear+1"],"picked":"Turbo","floor":18.0},{"not_picked":["Gash","Auto Shields","Stack"],"picked":"SKIP","floor":24.0},{"not_picked":["Reinforced Body","BootSequence"],"picked":"Storm","floor":25.0},{"not_picked":["Aggregate","Hello World"],"picked":"Amplify","floor":29.0},{"not_picked":["Blizzard","Redo+1","Streamline+1"],"picked":"SKIP","floor":30.0},{"not_picked":["Streamline","Reprogram"],"picked":"Storm","floor":31.0}],"player_experience":222566,"relics_obtained":[{"floor":6.0,"key":"Kunai"},{"floor":9.0,"key":"DataDisk"},{"floor":14.0,"key":"Art of War"},{"floor":24.0,"key":"Bag of Preparation"},{"floor":26.0,"key":"Darkstone Periapt"}],"event_choices":[{"cards_removed":["Strike_B"],"damage_healed":0.0,"max_hp_gain":0.0,"max_hp_loss":0.0,"gold_gain":0.0,"event_name":"Living Wall","player_choice":"Forget","floor":2.0,"gold_loss":0.0,"damage_taken":0.0},{"damage_healed":0.0,"max_hp_gain":0.0,"max_hp_loss":0.0,"gold_gain":0.0,"event_name":"The Woman in Blue","player_choice":"Bought 3 Potions","floor":10.0,"gold_loss":0.0,"damage_taken":0.0},{"damage_healed":0.0,"max_hp_gain":0.0,"max_hp_loss":0.0,"gold_gain":0.0,"event_name":"The Mausoleum","player_choice":"Opened","floor":19.0,"gold_loss":0.0,"damage_taken":0.0,"relics_obtained":["Bag of Marbles"],"cards_obtained":["Writhe"]},{"damage_healed":0.0,"max_hp_gain":0.0,"max_hp_loss":0.0,"gold_gain":0.0,"event_name":"Vampires","player_choice":"Ignored","floor":20.0,"gold_loss":0.0,"damage_taken":0.0},{"damage_healed":0.0,"max_hp_gain":0.0,"max_hp_loss":0.0,"gold_gain":100.0,"event_name":"The Joust","player_choice":"Bet on Murderer","floor":22.0,"gold_loss":50.0,"damage_taken":0.0},{"damage_healed":0.0,"max_hp_gain":0.0,"max_hp_loss":0.0,"gold_gain":0.0,"cards_transformed":["Strike_B","Strike_B"],"event_name":"Drug Dealer","player_choice":"Became Test Subject","floor":27.0,"gold_loss":0.0,"damage_taken":0.0,"cards_obtained":["Genetic Algorithm","Compile Driver"]}],"is_beta":false,"boss_relics":[{"not_picked":["Velvet Choker","Busted Crown"],"picked":"Fusion Hammer"}],"items_purged_floors":[5,21,28],"is_endless":false,"potions_floor_spawned":[3,4,11,12,16,25],"killed_by":"Collector","ascension_level":13}}