{"host":"ygfasg9u7olr7skw","time":1610487589,"event":{"mods":["AchievementEnabler","BaseMod","Better Note","Better Vampires","Colored Powertips","Minty Spire (QoL Compilation)","Replay The Spire","Spicy Shops","StSLib","The IronCluck"],"gold_per_floor":[111,128,146,165,165,165,197,99,122,149,149,149,163,181,181,280,280,252,263,263,263],"floor_reached":20,"language":"ENG","playtime":1619,"items_purged":["Strike_G"],"score":195,"play_id":"0bc5884c-cdcb-4c2e-914f-c54353a31d27","local_time":"20210112163949","is_ascension_mode":true,"campfire_choices":[{"floor":6,"key":"REST"},{"floor":12,"key":"REST"},{"floor":15,"key":"REST"}],"circlet_count":0,"master_deck":["Strike_G","Strike_G","Defend_G","Defend_G","Defend_G","Defend_G","Defend_G","Survivor","Neutralize","Swift Strike","Blade Dance","Deadly Poison","Poisoned Stab","Deadly Poison","Deadly Poison","ReplayTheSpireMod:Necrosis","Bane+1"],"relics":["Ring of the Snake","Bag of Preparation","Tiny Chest","Potion Belt","Blood Vial","Empty Cage"],"acts_visited":["Exordium","TheCity"],"potions_floor_usage":[16,16,19],"damage_taken":[{"damage":2,"enemies":"Jaw Worm","floor":1,"turns":5},{"damage":0,"enemies":"Small Slimes","floor":2,"turns":4},{"damage":1,"enemies":"Cultist","floor":3,"turns":3},{"damage":3,"enemies":"Red Slaver","floor":4,"turns":3},{"damage":12,"enemies":"Replay:BlueRogue","floor":7,"turns":5},{"damage":32,"enemies":"3 Sentries","floor":10,"turns":10},{"damage":0,"enemies":"Large Slime","floor":13,"turns":4},{"damage":8,"enemies":"Lots of Slimes","floor":14,"turns":6},{"damage":60,"enemies":"Fading Forest","floor":16,"turns":11},{"damage":26,"enemies":"2 Thieves","floor":18,"turns":5},{"damage":10,"enemies":"3 Byrds","floor":19,"turns":5},{"damage":38,"enemies":"Centurion and Healer","floor":20,"turns":6}],"seed_played":"-6448032356077687349","potions_obtained":[{"floor":4,"key":"Strength Potion"},{"floor":7,"key":"Poison Potion"},{"floor":10,"key":"Adrenaline Potion"},{"floor":16,"key":"Swift Potion"},{"floor":19,"key":"FearPotion"}],"is_trial":false,"path_per_floor":["M","M","M","M","?","R","E","$","T","E","?","R","M","M","R","B",null,"M","M","M"],"character_chosen":"THE_SILENT","items_purchased":["Deadly Poison"],"campfire_rested":3,"item_purchase_floors":[8],"current_hp_per_floor":[68,68,67,64,52,70,58,58,58,26,26,47,49,43,64,16,70,44,36,0,0],"gold":263,"neow_bonus":"RANDOM_COLORLESS","is_daily":false,"chose_seed":false,"campfire_upgraded":0,"win_rate":0.0,"timestamp":1610487589,"path_taken":["M","M","M","M","?","R","E","$","T","E","?","R","M","?","R","BOSS","M","M","M"],"items_purchased_type":["Card"],"build_version":"2020-12-22","purchased_purges":1,"victory":false,"max_hp_per_floor":[70,70,70,70,70,70,70,70,70,70,70,70,70,70,70,70,70,70,70,70,70],"card_choices":[{"not_picked":["Impatience","Replay:BasicMightCard"],"picked":"Swift Strike","floor":0},{"not_picked":["Riddle With Holes","ReplayTheSpireMod:Speed Training"],"picked":"Blade Dance","floor":1},{"not_picked":["Deflect","All Out Attack"],"picked":"Deadly Poison","floor":2},{"not_picked":["Outmaneuver","Cloak And Dagger"],"picked":"Poisoned Stab","floor":3},{"not_picked":["Cloak And Dagger","Underhanded Strike","Deflect"],"picked":"SKIP","floor":4},{"not_picked":["Outmaneuver","Backflip","Hidden Blade"],"picked":"SKIP","floor":7},{"not_picked":["Calculated Gamble","Quick Slash"],"picked":"Deadly Poison","floor":10},{"not_picked":["Hidden Blade","Sucker Punch"],"picked":"ReplayTheSpireMod:Necrosis","floor":13},{"not_picked":["Dodge and Roll","Eviscerate","Doppelganger"],"picked":"SKIP","floor":14},{"not_picked":["Choke+1","Flechettes"],"picked":"Bane+1","floor":18},{"not_picked":["Dagger Spray","Choke","ReplayTheSpireMod:Speed Training"],"picked":"SKIP","floor":19}],"player_experience":261003,"relics_obtained":[{"floor":7,"key":"Tiny Chest"},{"floor":10,"key":"Potion Belt"}],"event_choices":[{"damage_healed":0,"gold_gain":0,"player_choice":"Success","damage_taken":12,"relics_obtained":["Bag of Preparation"],"max_hp_gain":0,"max_hp_loss":0,"event_name":"Scrap Ooze","floor":5,"gold_loss":0},{"damage_healed":0,"gold_gain":0,"player_choice":"Gave Potion","damage_taken":0,"relics_obtained":["Blood Vial"],"max_hp_gain":0,"max_hp_loss":0,"event_name":"WeMeetAgain","floor":11,"gold_loss":0}],"is_beta":false,"boss_relics":[{"not_picked":["Abe\u0027s Treasure","Busted Crown"],"picked":"Empty Cage"}],"items_purged_floors":[8],"is_endless":false,"potions_floor_spawned":[4,7,10,16,19],"killed_by":"Centurion and Healer","ascension_level":1}}