{"host":"jfbo3eu2ui08ej1u","time":1610470491,"event":{"mods":["2.2 Compatiblity","AchievementEnabler","Act Like it!","Aspiration","BaseMod","Better Altar","Better Match","Better Note","Better Sensory Stone","Better Skull","Better Third Choice","Block Reminder","Colored Map","Colored Powertips","Conspire","DeckTracker","Displayed Cursed Tome","Downfall","Energized Spire","Fox Events","GifTheSpireLib","Hermit","Hubris","Infinite Spire","Marked Mod","Minty Spire (QoL Compilation)","Pale of the Ancients","Quick Restart","RRrroohrrRGHHhhh!!","Relic Filter","Reorder Act Four","Replay The Spire","Shop Mod","Spicy Shops","StSLib","Stuff the Spire","The Blue Laboratory","The Disciple","The Forsaken","The Hierophant","The Marked","Uncapped","Unceasing Turn Reminder","Wandering Minibosses"],"gold_per_floor":[99,111,122,139,150,162,185,185,110,35,62,62,62,82,92,92,92,92],"floor_reached":16,"playtime":1044,"items_purged":[],"score":104,"play_id":"573931be-fa9f-49c8-bba5-b8c034d044f5","local_time":"20210112115451","is_ascension_mode":false,"campfire_choices":[{"data":"champ:Execute","floor":1.0,"key":"SMITH"},{"data":"champ:Lariat","floor":8.0,"key":"SMITH"},{"data":"champ:ArenaPreparation","floor":12.0,"key":"SMITH"}],"circlet_count":0,"master_deck":["champ:Strike","champ:Strike","champ:Strike","champ:Strike","champ:Defend","champ:Defend","champ:Defend","champ:Defend","champ:Execute+1","champ:Taunt+1","champ:Haymaker","champ:Backstep","champ:CalledShot","champ:Lariat+1","champ:ArenaPreparation+1","champ:StanceDance+1","Bandage Up+1","champ:BerserkersShout","champ:EndlessRage+1","champ:FanOfKnives"],"relics":["champ:ChampionCrown","StuffTheSpire:HeavyRock","Kunai","StuffTheSpire:GrapeVine"],"acts_visited":["Exordium"],"potions_floor_usage":[],"damage_taken":[{"damage":5.0,"enemies":"2 Louse","floor":2.0,"turns":3.0},{"damage":0.0,"enemies":"Cultist","floor":3.0,"turns":3.0},{"damage":5.0,"enemies":"Small Slimes","floor":4.0,"turns":3.0},{"damage":26.0,"enemies":"Gremlin Gang","floor":5.0,"turns":5.0},{"damage":22.0,"enemies":"Large Slime","floor":6.0,"turns":7.0},{"damage":39.0,"enemies":"downfall:FleeingMerchant","floor":10.0,"turns":4.0},{"damage":85.0,"enemies":"3 Sentries","floor":11.0,"turns":9.0},{"damage":51.0,"enemies":"Lots of Slimes","floor":14.0,"turns":7.0},{"damage":37.0,"enemies":"Exordium Thugs","floor":15.0,"turns":6.0},{"damage":47,"enemies":"downfall:Silent","floor":16,"turns":4}],"seed_played":"4774168280726787640","potions_obtained":[{"floor":3.0,"key":"blueLaboratory:BottledHope"},{"floor":4.0,"key":"SkillPotion"},{"floor":14.0,"key":"Energy Potion"}],"is_trial":false,"path_per_floor":["R","M","M","M","M","M","T","R","?","$","E","R","?","M","M","B"],"character_chosen":"THE_CHAMP","items_purchased":["champ:EndlessRage+1"],"campfire_rested":0,"item_purchase_floors":[10],"current_hp_per_floor":[90,90,90,90,69,69,69,69,69,75,66,66,46,44,38,0,0,0],"gold":92,"neow_bonus":"UPGRADE_CARD","is_daily":false,"chose_seed":false,"campfire_upgraded":3,"win_rate":0.0,"timestamp":1610470491,"path_taken":["R","M","M","M","M","M","T","R","?","$","E","R","?","M","M","BOSS"],"items_purchased_type":["Card"],"build_version":"2020-12-22","purchased_purges":0,"victory":false,"max_hp_per_floor":[90,90,90,90,90,90,90,90,90,90,90,90,90,90,90,90,90,90],"card_choices":[{"not_picked":["champ:TornadoPunch","champ:FightOn"],"picked":"champ:Haymaker","floor":2.0},{"not_picked":["champ:Circumvent","champ:CalledShot"],"picked":"champ:Backstep","floor":3.0},{"not_picked":["champ:HeartStrike","champ:EnGarde"],"picked":"champ:CalledShot","floor":4.0},{"not_picked":["champ:DefensiveShout","champ:GutPunch"],"picked":"champ:Lariat","floor":5.0},{"not_picked":["champ:DefensiveShout","champ:BringItOn"],"picked":"champ:ArenaPreparation","floor":6.0},{"not_picked":["champ:FanOfKnives+1","champ:GutPunch+1"],"picked":"champ:StanceDance+1","floor":9.0},{"not_picked":["expansioncontent:HyperBeam+1","expansioncontent:PrepareCrush+1"],"picked":"Bandage Up+1","floor":9.0},{"not_picked":["champ:Backstep","champ:Circumvent"],"picked":"champ:BerserkersShout","floor":10.0},{"not_picked":["champ:PerfectedStrike","champ:FlashCut","champ:EnGarde"],"picked":"SKIP","floor":11.0},{"not_picked":["champ:DefensiveShout","champ:PerfectedStrike","champ:CrookedStrike"],"picked":"SKIP","floor":14.0},{"not_picked":["champ:TornadoPunch","champ:ViciousMockery"],"picked":"champ:FanOfKnives","floor":15.0}],"player_experience":1227774,"relics_obtained":[{"floor":7.0,"key":"StuffTheSpire:HeavyRock"},{"floor":11.0,"key":"Kunai"}],"event_choices":[{"damage_healed":0.0,"max_hp_gain":0.0,"max_hp_loss":0.0,"gold_gain":0.0,"event_name":"betterMatch:BetterMatch","player_choice":"2","floor":9.0,"gold_loss":0.0,"damage_taken":0.0,"cards_obtained":["betterMatch:ColorlessUncommonCard","betterMatch:CommonCard"]},{"damage_healed":0.0,"max_hp_gain":0.0,"max_hp_loss":0.0,"gold_gain":0.0,"event_name":"betterSkull:BetterSkull","player_choice":"RE ","floor":13.0,"gold_loss":0.0,"damage_taken":22.0,"cards_upgraded":[],"relics_obtained":["StuffTheSpire:GrapeVine"]}],"is_beta":false,"boss_relics":[],"items_purged_floors":[],"is_endless":false,"potions_floor_spawned":[3,4,14],"killed_by":"downfall:Silent","ascension_level":0}}