{"host":"aaqofma31c3gm2hj","time":1610422708,"event":{"mods":["BaseMod","GungeonMod","Minty Spire (QoL Compilation)","Replay The Spire","Spicy Shops","StSLib"],"gold_per_floor":[117,117,136,136,136,167,167,218,264,264,264,264,264,275,275,351,351,368,418,429,442,460,460,472,472,472,489,489,500,86,102,102,174,174,193,218,232,243,143,143,169,169,169,169,169],"floor_reached":44,"playtime":1426,"items_purged":["Bullet Time","ReplayTheSpireMod:From All Sides"],"score":1276,"play_id":"3386b6e2-bfbd-4efb-ba86-93d92fdb2e1f","local_time":"20210112113828","is_ascension_mode":true,"campfire_choices":[{"data":"Hidden Blade","floor":7.0,"key":"SMITH"},{"floor":10.0,"key":"REST"},{"data":"Hidden Blade","floor":13.0,"key":"SMITH"},{"data":"Concentrate","floor":15.0,"key":"SMITH"},{"floor":23.0,"key":"REST"},{"data":"Tactician","floor":25.0,"key":"SMITH"},{"data":"Acrobatics","floor":28.0,"key":"SMITH"},{"data":"Dagger Throw","floor":32.0,"key":"PURGE"},{"data":"Phantasmal Killer","floor":40.0,"key":"SMITH"},{"data":"Neutralize","floor":40.0,"key":"SMITH"}],"circlet_count":0,"master_deck":["AscendersBane","Survivor+1","Neutralize+1","Hidden Blade+1","Hidden Blade+1","Concentrate+1","Burst","Malaise","Backstab","Backstab","Phantasmal Killer+1","ReplayTheSpireMod:Shiv Toss","Calculated Gamble","Blade Dance","Tactician+1","Acrobatics+1","Backstab","Prepared+1"],"relics":["Ring of the Snake","NeowsBlessing","Darkstone Periapt","StrikeDummy","Pet Ghost","Replay:Mystery Machine","Shuriken","Pandora\u0027s Box","DemoMod:GlassGuonStoneRelic","Byrd Skull","Medical Kit","DemoMod:LamentConfigurum","Replay:Grab Bag","Runic Dome","SlaversCollar","WristBlade","Replay:Arrowhead","DemoMod:WhiteGuonStone"],"acts_visited":["Exordium","TheCity","TheBeyond"],"potions_floor_usage":[],"damage_taken":[{"damage":0.0,"enemies":"Cultist","floor":1.0,"turns":1.0},{"damage":0.0,"enemies":"2 Louse","floor":3.0,"turns":2.0},{"damage":0.0,"enemies":"Lagavulin","floor":6.0,"turns":1.0},{"damage":0.0,"enemies":"Jaw Worm","floor":14.0,"turns":2.0},{"damage":0.0,"enemies":"Fading Forest","floor":16.0,"turns":11.0},{"damage":3.0,"enemies":"2 Thieves","floor":18.0,"turns":3.0},{"damage":14.0,"enemies":"Shell Parasite","floor":20.0,"turns":2.0},{"damage":21.0,"enemies":"Cultist and Chosen","floor":21.0,"turns":6.0},{"damage":9.0,"enemies":"Centurion and Healer","floor":22.0,"turns":2.0},{"damage":6.0,"enemies":"3 Cultists","floor":24.0,"turns":3.0},{"damage":0.0,"enemies":"Snecko","floor":27.0,"turns":1.0},{"damage":0.0,"enemies":"Sentry and Sphere","floor":29.0,"turns":2.0},{"damage":0.0,"enemies":"Shelled Parasite and Fungi","floor":31.0,"turns":1.0},{"damage":0.0,"enemies":"Automaton","floor":33.0,"turns":2.0},{"damage":0.0,"enemies":"Orb Walker","floor":35.0,"turns":1.0},{"damage":0.0,"enemies":"Mind Bloom Boss Battle","floor":36.0,"turns":2.0},{"damage":0.0,"enemies":"3 Darklings","floor":37.0,"turns":1.0},{"damage":0.0,"enemies":"Writhing Mass","floor":38.0,"turns":1.0},{"damage":0.0,"enemies":"Reptomancer","floor":41.0,"turns":1.0},{"damage":0,"enemies":"Sphere and 2 Shapes","floor":44,"turns":1}],"seed_played":"2593073661314150681","potions_obtained":[{"floor":8.0,"key":"Doom Potion"},{"floor":8.0,"key":"Poison Potion"},{"floor":14.0,"key":"LifebloodPotion"},{"floor":21.0,"key":"Explosive Potion"},{"floor":24.0,"key":"Fire Potion"},{"floor":29.0,"key":"Poison Potion"},{"floor":38.0,"key":"SkillPotion"}],"is_trial":false,"path_per_floor":["M","?","M","?","?","E","R","?","T","R","T","?","R","M","R","B",null,"M","?","M","M","M","R","M","R","T","M","R","M","$","M","R","B",null,"M","?","M","M","$","R","E","?","T","M"],"character_chosen":"THE_SILENT","items_purchased":["Medical Kit","DemoMod:LamentConfigurum"],"campfire_rested":2,"item_purchase_floors":[30,30],"current_hp_per_floor":[59,48,48,28,28,28,28,7,7,26,26,26,26,26,26,26,56,53,47,33,12,3,22,16,16,16,16,16,16,16,16,16,16,54,54,54,54,54,54,54,54,54,54,54,54],"gold":169,"neow_bonus":"THREE_ENEMY_KILL","is_daily":false,"chose_seed":false,"campfire_upgraded":7,"win_rate":0.0,"timestamp":1610422708,"path_taken":["M","?","M","?","?","E","R","?","T","R","?","?","R","M","R","BOSS","M","?","M","?","?","R","M","R","T","?","R","M","$","M","R","BOSS","M","?","M","M","$","R","E","?","T","?"],"items_purchased_type":["Relic","Relic"],"build_version":"2020-12-22","purchased_purges":2,"victory":false,"max_hp_per_floor":[66,66,66,66,66,66,66,66,66,66,66,66,66,66,66,66,66,66,66,66,66,66,66,66,66,66,66,66,66,66,66,66,66,66,66,66,66,66,66,66,66,66,66,66,66],"card_choices":[{"not_picked":["Poisoned Stab","All Out Attack"],"picked":"Hidden Blade","floor":1.0},{"not_picked":["Underhanded Strike","Sneak Up"],"picked":"Hidden Blade","floor":3.0},{"not_picked":["Slice","Deflect"],"picked":"Concentrate","floor":6.0},{"not_picked":["Slice","Draining Mist","Endless Agony"],"picked":"SKIP","floor":14.0},{"not_picked":["Venomology","Envenom"],"picked":"Burst","floor":16.0},{"not_picked":["Dagger Throw+1","Well Laid Plans+1"],"picked":"Blade Dance","floor":18.0},{"not_picked":["Blade Dance","Quick Slash","Catalyst"],"picked":"SKIP","floor":20.0},{"not_picked":["Well Laid Plans","Underhanded Strike","ReplayTheSpireMod:Exploit Weakness"],"picked":"SKIP","floor":21.0},{"not_picked":["Deadly Poison","Sucker Punch"],"picked":"Tactician","floor":22.0},{"not_picked":["Riddle With Holes","Dagger Spray","Catalyst"],"picked":"SKIP","floor":24.0},{"not_picked":["Slice","Escape Plan"],"picked":"Acrobatics","floor":27.0},{"not_picked":["Eviscerate+1","Slice"],"picked":"Backstab","floor":29.0},{"not_picked":["Dagger Throw","Unload","Backflip"],"picked":"SKIP","floor":31.0},{"not_picked":["Tactician","Outmaneuver","Flechettes"],"picked":"SKIP","floor":35.0},{"not_picked":["Acrobatics","Dash"],"picked":"Prepared+1","floor":36.0},{"not_picked":["Blade Dance","Blur+1","Bane+1"],"picked":"SKIP","floor":37.0},{"not_picked":["ReplayTheSpireMod:Tripwire","Dagger Spray","Sneak Up"],"picked":"SKIP","floor":38.0},{"not_picked":["Poisoned Stab","Bouncing Flask","Dash"],"picked":"SKIP","floor":41.0}],"player_experience":586949,"relics_obtained":[{"floor":6.0,"key":"StrikeDummy"},{"floor":8.0,"key":"Pet Ghost"},{"floor":9.0,"key":"Replay:Mystery Machine"},{"floor":11.0,"key":"Shuriken"},{"floor":26.0,"key":"Byrd Skull"},{"floor":36.0,"key":"Replay:Arrowhead"},{"floor":41.0,"key":"DemoMod:WhiteGuonStone"}],"event_choices":[{"damage_healed":0.0,"max_hp_gain":0.0,"max_hp_loss":0.0,"gold_gain":0.0,"event_name":"Scrap Ooze","player_choice":"Success","floor":2.0,"gold_loss":0.0,"damage_taken":11.0,"relics_obtained":["Darkstone Periapt"]},{"damage_healed":0.0,"max_hp_gain":0.0,"max_hp_loss":0.0,"gold_gain":0.0,"event_name":"Shining Light","player_choice":"Entered Light","floor":4.0,"gold_loss":0.0,"damage_taken":20.0,"cards_upgraded":["Defend_G","Survivor"]},{"damage_healed":0.0,"max_hp_gain":0.0,"max_hp_loss":0.0,"gold_gain":50.0,"event_name":"FaceTrader","player_choice":"Touch","floor":19.0,"gold_loss":0.0,"damage_taken":6.0},{"damage_healed":0.0,"max_hp_gain":0.0,"max_hp_loss":0.0,"gold_gain":0.0,"event_name":"MindBloom","player_choice":"Fight","floor":36.0,"gold_loss":0.0,"damage_taken":0.0},{"damage_healed":0,"gold_gain":0,"player_choice":"Ignored","damage_taken":0,"max_hp_gain":0,"max_hp_loss":0,"event_name":"Transmorgrifier","floor":42,"gold_loss":0}],"is_beta":false,"boss_relics":[{"not_picked":["Snecko Heart","Astrolabe"],"picked":"Pandora\u0027s Box"},{"not_picked":["Replay:Wanted Poster","Honey Jar"],"picked":"Replay:Grab Bag"},{"not_picked":["Velvet Choker","Cursed Key"],"picked":"Runic Dome"},{"not_picked":["ChewingGum","Fusion Hammer"],"picked":"SlaversCollar"},{"not_picked":["Snecko Scales","Runic Pyramid"],"picked":"WristBlade"}],"items_purged_floors":[30,39],"is_endless":false,"potions_floor_spawned":[14,21,24,29,33,38],"killed_by":"Sphere and 2 Shapes","ascension_level":20}}