{"host":"0c22z74nxhh6l98a","time":1610491565,"event":{"mods":["BaseMod","BetterRewards","Card Forge","GungeonMod","Hubris","Infinite Spire","Minty Spire (QoL Compilation)","Potionbrewer","Shop Mod","StSLib"],"gold_per_floor":[113,149,2,2,14,14,49,49,49,83,83,111,125,151,151,256,256,268,282,300,317,317,348,360,375,375,375,403,418,418,453,453,557,557,577,89,106,125,139,165,212,245,317,331,362,138,157,194,194,194,194,194,19,48,48],"floor_reached":56,"language":"ENG","playtime":5290,"items_purged":[],"score":2423,"play_id":"753a9d14-9ce3-442e-8058-38f5dc49395e","local_time":"20210112164605","is_ascension_mode":true,"campfire_choices":[{"floor":6,"key":"RECALL"},{"data":"Prepared","floor":8,"key":"SMITH"},{"data":"Escape Plan","floor":11,"key":"SMITH"},{"data":"Terror","floor":15,"key":"SMITH"},{"data":"infinitespire:Collect","floor":30,"key":"SMITH"},{"data":"Calculated Gamble","floor":32,"key":"SMITH"},{"data":"Prepared","floor":49,"key":"SMITH"},{"data":"Eviscerate","floor":52,"key":"SMITH"}],"circlet_count":0,"master_deck":["A Thousand Cuts+1","Accuracy+1","Acrobatics+1","After Image+1","Adrenaline+1","Escape Plan+1","Flechettes+1","Prepared+1","Reflex","Terror+1","Blade Dance","Prepared+1","Reflex","Calculated Gamble+1","Adrenaline","hubris:Sniper+1","hubris:Sniper","Prepared+1","Eviscerate+1","infinitespire:Collect+1","Flash of Steel","hubris:DuctTapeCard"],"relics":["Ring of the Snake","Hammer of Thor","Seething Fire","Anvil of the Gods","MerchantsRug","hubris:SlimyHat","hubris:EmptyBottle","DemoMod:ClearGuonStone","DemoMod:RingOfEthereal","Potion Belt","Toolbox","infinitespire:PuzzleCube","Medical Kit","DemoMod:WeirdEgg","FaceOfCleric","infinitespire:WardingShard","Art of War","DemoMod:GlassGuonStoneRelic","infinitespire:Lucky Rock","hubris:DeckOfHolding","Runic Pyramid","DemoMod:WhiteGuonStone","Whetstone","Paper Crane","SacredBark","potionbrewer:RamsHorn","hubris:AncientText","Singing Bowl","potionbrewer:BhaskarasWheel","Tough Bandages","Lantern","DemoMod:BigBoy","Prayer Wheel","hubris:DuctTape","TheAbacus","Lee\u0027s Waffle","potionbrewer:ToyAutogyro"],"acts_visited":["Exordium","TheCity","TheBeyond","TheEnding"],"potions_floor_usage":[35,55,55,55,55],"damage_taken":[{"damage":0,"enemies":"Cultist","floor":1,"turns":1},{"damage":0,"enemies":"Jaw Worm","floor":5,"turns":1},{"damage":0,"enemies":"Lagavulin","floor":7,"turns":1},{"damage":0,"enemies":"3 Sentries","floor":10,"turns":1},{"damage":0,"enemies":"Gremlin Nob","floor":12,"turns":2},{"damage":0,"enemies":"2 Louse","floor":13,"turns":2},{"damage":0,"enemies":"Lagavulin","floor":14,"turns":1},{"damage":0,"enemies":"Hexaghost","floor":16,"turns":1},{"damage":0,"enemies":"3 Byrds","floor":18,"turns":1},{"damage":0,"enemies":"Shell Parasite","floor":19,"turns":1},{"damage":0,"enemies":"Snake Plant","floor":20,"turns":1},{"damage":0,"enemies":"Snecko","floor":21,"turns":1},{"damage":0,"enemies":"Gremlin Leader","floor":23,"turns":1},{"damage":0,"enemies":"Shelled Parasite and Fungi","floor":24,"turns":1},{"damage":0,"enemies":"Centurion and Healer","floor":25,"turns":1},{"damage":0,"enemies":"Slavers","floor":28,"turns":1},{"damage":0,"enemies":"3 Cultists","floor":29,"turns":2},{"damage":0,"enemies":"Book of Stabbing","floor":31,"turns":1},{"damage":0,"enemies":"Champ","floor":33,"turns":1},{"damage":0,"enemies":"Orb Walker","floor":35,"turns":1},{"damage":0,"enemies":"3 Shapes","floor":37,"turns":1},{"damage":0,"enemies":"Jaw Worm Horde","floor":38,"turns":1},{"damage":0,"enemies":"Sphere and 2 Shapes","floor":39,"turns":1},{"damage":0,"enemies":"Nemesis","floor":40,"turns":1},{"damage":0,"enemies":"Transient","floor":41,"turns":1},{"damage":0,"enemies":"Giant Head","floor":42,"turns":1},{"damage":3,"enemies":"4 Shapes","floor":44,"turns":1},{"damage":0,"enemies":"Reptomancer","floor":45,"turns":1},{"damage":0,"enemies":"Sphere and 2 Shapes","floor":47,"turns":1},{"damage":0,"enemies":"3 Darklings","floor":48,"turns":1},{"damage":0,"enemies":"Awakened One","floor":50,"turns":2},{"damage":0,"enemies":"Shield and Spear","floor":54,"turns":1},{"damage":1,"enemies":"The Heart","floor":55,"turns":3}],"seed_played":"1346712178188320575","potions_obtained":[{"floor":5,"key":"LiquidBronze"},{"floor":12,"key":"Weak Potion"},{"floor":14,"key":"SkillPotion"},{"floor":16,"key":"ColorlessPotion"},{"floor":18,"key":"FearPotion"},{"floor":38,"key":"potionbrewer:FreezingPotion"},{"floor":40,"key":"potionbrewer:MidasPotion"},{"floor":41,"key":"potionbrewer:AcidPotion"},{"floor":47,"key":"ColorlessPotion"}],"is_trial":false,"path_per_floor":["M","$","$","?","M","R","E","R","T","E","R","E","M","E","R","B",null,"M","M","M","M","?","E","M","M","T","AVR","E","M","R","E","R","B",null,"M","$","M","M","M","E","M","E","T","M","E","$","M","M","R","B",null,"R","$","E","B",null],"character_chosen":"THE_SILENT","items_purchased":["MerchantsRug","hubris:SlimyHat","hubris:EmptyBottle","DemoMod:ClearGuonStone","Potion Belt","DemoMod:MonsterBlood","Toolbox","infinitespire:PuzzleCube","Medical Kit","DemoMod:WeirdEgg","Tough Bandages","Lantern","Flash of Steel","TheAbacus","Swift Potion","Swift Potion","Poison Potion","Lee\u0027s Waffle","Swift Potion"],"campfire_rested":0,"item_purchase_floors":[0,0,0,0,0,0,0,0,0,3,36,36,36,46,46,46,46,53,53],"current_hp_per_floor":[77,77,77,77,78,78,79,79,79,80,80,81,82,83,83,84,84,85,86,87,88,88,89,90,91,91,91,92,93,93,96,96,99,99,102,102,105,108,111,114,117,120,120,122,125,125,130,135,135,136,139,139,146,149,149],"gold":48,"neow_bonus":"","is_daily":false,"chose_seed":false,"campfire_upgraded":7,"win_rate":0.0,"timestamp":1610491565,"path_taken":["M","?","$","?","M","R","E","R","T","E","R","E","?","E","R","BOSS","M","M","M","M","?","E","M","M","T","AVR","E","M","R","E","R","BOSS","M","$","M","M","?","E","M","E","T","M","E","?","M","M","R","BOSS","R","$","E","BOSS"],"items_purchased_type":["Relic","Relic","Relic","Relic","Relic","Relic","Relic","Relic","Relic","Relic","Relic","Relic","Card","Relic","Potion","Potion","Potion","Relic","Potion"],"build_version":"2020-12-22","purchased_purges":0,"victory":true,"max_hp_per_floor":[77,77,77,77,78,78,79,79,79,80,80,81,82,83,83,84,84,85,86,87,88,88,89,90,91,91,91,92,93,93,96,96,99,99,102,102,105,108,111,114,117,120,120,125,128,128,133,138,138,139,139,139,146,149,150],"card_choices":[{"not_picked":["Dagger Throw","Slice","Deflect"],"picked":"SKIP","floor":1},{"not_picked":["Distraction","Poisoned Stab","Bouncing Flask"],"picked":"SKIP","floor":5},{"not_picked":["Endless Agony","Unload","Dagger Spray"],"picked":"SKIP","floor":7},{"not_picked":["Sucker Punch","Dagger Throw","Backflip"],"picked":"SKIP","floor":10},{"not_picked":["Deadly Poison","Bane","Backflip"],"picked":"SKIP","floor":12},{"not_picked":["Poisoned Stab","Slice","Storm of Steel"],"picked":"SKIP","floor":13},{"not_picked":["Bane","Prepared"],"picked":"Calculated Gamble","floor":14},{"not_picked":["Bullet Time","Tools of the Trade"],"picked":"Adrenaline","floor":16},{"not_picked":["Flying Knee","Dagger Throw","hubris:SlightOfHand+1"],"picked":"SKIP","floor":18},{"not_picked":["Bouncing Flask+1","Underhanded Strike"],"picked":"hubris:Sniper+1","floor":19},{"not_picked":["Choke+1","Caltrops"],"picked":"hubris:Sniper","floor":20},{"not_picked":["Outmaneuver","Deflect"],"picked":"Prepared","floor":21},{"not_picked":["Bouncing Flask","All Out Attack","Terror+1"],"picked":"SKIP","floor":23},{"not_picked":["Dodge and Roll","Setup","Blade Dance"],"picked":"SKIP","floor":24},{"not_picked":["Acrobatics","Poisoned Stab"],"picked":"Eviscerate","floor":25},{"not_picked":["Backstab","Poisoned Stab+1","PiercingWail+1"],"picked":"SKIP","floor":28},{"not_picked":["Bane","Noxious Fumes","Riddle With Holes+1"],"picked":"SKIP","floor":29},{"not_picked":["Blade Dance+1","Dodge and Roll+1","Poisoned Stab"],"picked":"Singing Bowl","floor":31},{"not_picked":["Venomology","Wraith Form v2","After Image"],"picked":"Singing Bowl","floor":33},{"not_picked":["Finisher","Backflip","Cloak And Dagger+1"],"picked":"Singing Bowl","floor":35},{"not_picked":["Outmaneuver+1","Reflex","Eviscerate+1"],"picked":"Singing Bowl","floor":37},{"not_picked":["After Image","hubris:SlightOfHand+1","Outmaneuver"],"picked":"Singing Bowl","floor":38},{"not_picked":["Sucker Punch","hubris:SlightOfHand","Poisoned Stab"],"picked":"Singing Bowl","floor":39},{"not_picked":["Outmaneuver+1","Dodge and Roll+1","Bane+1"],"picked":"Singing Bowl","floor":40},{"not_picked":["Dash","Tactician","Noxious Fumes"],"picked":"Singing Bowl","floor":41},{"not_picked":["Bullet Time","Footwork","Masterful Stab+1"],"picked":"Singing Bowl","floor":42},{"not_picked":["Footwork+1","Bouncing Flask","Backflip"],"picked":"Singing Bowl","floor":44},{"not_picked":["Endless Agony+1","Skewer","Backflip+1"],"picked":"Singing Bowl","floor":44},{"not_picked":["Backflip+1","Terror","Unload"],"picked":"Singing Bowl","floor":45},{"not_picked":["Dagger Spray+1","Flying Knee+1","hubris:SlightOfHand+1"],"picked":"Singing Bowl","floor":47},{"not_picked":["PiercingWail","Dagger Spray+1","Heel Hook+1"],"picked":"Singing Bowl","floor":47},{"not_picked":["Acrobatics","Crippling Poison+1","Tactician"],"picked":"Singing Bowl","floor":48},{"not_picked":["Masterful Stab+1","Deadly Poison","Acrobatics"],"picked":"Singing Bowl","floor":48},{"not_picked":["Flying Knee","Underhanded Strike","Phantasmal Killer"],"picked":"Singing Bowl","floor":54}],"player_experience":830191,"relics_obtained":[{"floor":7,"key":"infinitespire:WardingShard"},{"floor":10,"key":"Art of War"},{"floor":12,"key":"infinitespire:Lucky Rock"},{"floor":14,"key":"hubris:DeckOfHolding"},{"floor":23,"key":"Whetstone"},{"floor":26,"key":"Paper Crane"},{"floor":28,"key":"hubris:AncientText"},{"floor":31,"key":"Singing Bowl"},{"floor":40,"key":"DemoMod:BigBoy"},{"floor":42,"key":"Prayer Wheel"},{"floor":43,"key":"hubris:DuctTape"},{"floor":45,"key":"Happy Flower"},{"floor":54,"key":"potionbrewer:ToyAutogyro"}],"event_choices":[{"damage_healed":0,"gold_gain":0,"player_choice":"Trade","damage_taken":0,"relics_obtained":["FaceOfCleric"],"max_hp_gain":0,"max_hp_loss":0,"event_name":"FaceTrader","floor":4,"gold_loss":0},{"damage_healed":0,"gold_gain":0,"player_choice":"Gave Potion","damage_taken":0,"relics_obtained":["DemoMod:WhiteGuonStone"],"max_hp_gain":0,"max_hp_loss":0,"event_name":"WeMeetAgain","floor":22,"gold_loss":0}],"is_beta":false,"boss_relics":[{"not_picked":["hubris:Stopwatch","Sozu"],"picked":"Runic Pyramid"},{"not_picked":["hubris:BlackHole","Philosopher\u0027s Stone"],"picked":"potionbrewer:BhaskarasWheel"}],"items_purged_floors":[],"is_endless":false,"potions_floor_spawned":[5,12,14,16,18,20,23,28,33,38,40,41,44,47,48],"ascension_level":3}}