{"host":"4vfhflxp90v4s92n","time":1610419210,"event":{"mods":["BaseMod","Colored Powertips","Minty Spire (QoL Compilation)"],"gold_per_floor":[112,128,403,81,97,97,126,126,153,173,173,187,215,175,175,279,279,291,101,101,101,26,56,56,56,56,66,66,66,66,16,16,16,16],"floor_reached":33,"playtime":1149,"items_purged":["Regret","Shame"],"score":259,"play_id":"9f5128d0-9c46-451f-8b0d-1f047552374f","local_time":"20210111204010","is_ascension_mode":false,"campfire_choices":[{"data":"Carnage","floor":6,"key":"SMITH"},{"data":"Flex","floor":11,"key":"SMITH"},{"data":"Thunderclap","floor":15,"key":"SMITH"},{"floor":24,"key":"REST"},{"data":"Anger","floor":28,"key":"SMITH"},{"data":"RitualDagger","floor":30,"key":"SMITH"},{"floor":32,"key":"REST"}],"circlet_count":0,"master_deck":["Strike_R","Strike_R","Strike_R","Strike_R","Strike_R","Defend_R","Defend_R","Defend_R","Defend_R","Bash","Carnage+1","Seeing Red","Cleave","Flex+1","Pummel","Thunderclap+1","Twin Strike","Double Tap","Seeing Red","Fire Breathing+1","Anger+1","Writhe","Inflame+1","RitualDagger+1"],"relics":["Black Blood","Frozen Egg 2","Vajra","Potion Belt","Odd Mushroom","Membership Card","Centennial Puzzle","Juzu Bracelet","Pen Nib","Eternal Feather","Ornamental Fan"],"acts_visited":["Exordium","TheCity"],"potions_floor_usage":[16,16,18,23,27],"damage_taken":[{"damage":0,"enemies":"2 Louse","floor":1,"turns":2},{"damage":1,"enemies":"Cultist","floor":2,"turns":3},{"damage":3,"enemies":"Small Slimes","floor":5,"turns":4},{"damage":16,"enemies":"Gremlin Nob","floor":7,"turns":3},{"damage":0,"enemies":"3 Louse","floor":10,"turns":2},{"damage":0,"enemies":"Lots of Slimes","floor":12,"turns":1},{"damage":12,"enemies":"The Mushroom Lair","floor":13,"turns":3},{"damage":7,"enemies":"Slime Boss","floor":16,"turns":6},{"damage":30,"enemies":"2 Thieves","floor":18,"turns":3},{"damage":41,"enemies":"Book of Stabbing","floor":23,"turns":4},{"damage":32,"enemies":"Shell Parasite","floor":27,"turns":5},{"damage":94,"enemies":"Automaton","floor":33,"turns":8}],"seed_played":"8688928262349813316","potions_obtained":[{"floor":1,"key":"SpeedPotion"},{"floor":7,"key":"Strength Potion"},{"floor":14,"key":"SteroidPotion"},{"floor":14,"key":"SpeedPotion"},{"floor":14,"key":"EssenceOfSteel"},{"floor":16,"key":"Fruit Juice"}],"is_trial":false,"path_per_floor":["M","M","?","$","M","R","E","?","T","M","R","M","?","?","R","B",null,"M","$","?","?","$","E","R","?","T","M","R","?","R","$","R","B"],"character_chosen":"IRONCLAD","items_purchased":["Frozen Egg 2","Fire Breathing+1","Membership Card","Juzu Bracelet"],"campfire_rested":2,"item_purchase_floors":[4,19,19,22],"current_hp_per_floor":[88,88,88,88,88,88,78,78,78,84,84,88,82,82,82,81,88,75,75,75,66,66,37,64,64,64,44,56,50,65,65,93,0,0],"gold":16,"neow_bonus":"TEN_PERCENT_HP_BONUS","is_daily":false,"chose_seed":false,"campfire_upgraded":5,"win_rate":0.0,"timestamp":1610419210,"path_taken":["M","M","?","$","?","R","E","?","T","M","R","M","?","?","R","BOSS","M","?","?","?","$","E","R","?","T","M","R","?","R","$","R","BOSS"],"items_purchased_type":["Relic","Card","Relic","Relic"],"build_version":"2020-12-22","purchased_purges":2,"victory":false,"max_hp_per_floor":[88,88,88,88,88,88,88,88,88,88,88,88,88,88,88,88,88,93,93,93,93,93,93,93,93,93,93,93,93,93,93,93,93,93],"card_choices":[{"not_picked":["Battle Trance","Burning Pact"],"picked":"Carnage","floor":1},{"not_picked":["Perfected Strike","Shrug It Off"],"picked":"Seeing Red","floor":2},{"not_picked":["Anger","Disarm"],"picked":"Cleave","floor":5},{"not_picked":["Second Wind","Power Through"],"picked":"Flex","floor":7},{"not_picked":["Rage","Heavy Blade"],"picked":"Pummel","floor":10},{"not_picked":["Headbutt","Corruption+1"],"picked":"Thunderclap","floor":12},{"not_picked":["Perfected Strike","Sever Soul"],"picked":"Twin Strike","floor":13},{"not_picked":["Brutality+1","Fiend Fire"],"picked":"Double Tap","floor":16},{"not_picked":["Flex","Warcry"],"picked":"Seeing Red","floor":18},{"not_picked":["Shrug It Off","Entrench"],"picked":"Anger","floor":23},{"not_picked":["Anger","Sword Boomerang"],"picked":"Inflame+1","floor":27}],"player_experience":24940,"relics_obtained":[{"floor":7,"key":"Vajra"},{"floor":9,"key":"Potion Belt"},{"floor":13,"key":"Odd Mushroom"},{"floor":23,"key":"Pen Nib"},{"floor":26,"key":"Ornamental Fan"}],"event_choices":[{"damage_healed":0,"gold_gain":275,"player_choice":"Desecrate","damage_taken":0,"max_hp_gain":0,"max_hp_loss":0,"event_name":"Golden Shrine","floor":3,"gold_loss":0,"cards_obtained":["Regret"]},{"damage_healed":0,"gold_gain":0,"player_choice":"Leave","damage_taken":0,"max_hp_gain":0,"max_hp_loss":0,"event_name":"The Cleric","floor":8,"gold_loss":0},{"damage_healed":0,"gold_gain":0,"player_choice":"Fought Mushrooms","damage_taken":0,"max_hp_gain":0,"max_hp_loss":0,"event_name":"Mushrooms","floor":13,"gold_loss":0},{"damage_healed":0,"gold_gain":0,"player_choice":"Bought 3 Potions","damage_taken":0,"max_hp_gain":0,"max_hp_loss":0,"event_name":"The Woman in Blue","floor":14,"gold_loss":0},{"damage_healed":0,"gold_gain":0,"player_choice":"Stole Relic","damage_taken":0,"relics_obtained":["Centennial Puzzle"],"max_hp_gain":0,"max_hp_loss":0,"event_name":"Addict","floor":20,"gold_loss":0,"cards_obtained":["Shame"]},{"damage_healed":0,"gold_gain":0,"player_choice":"Stopped","damage_taken":9,"max_hp_gain":0,"max_hp_loss":0,"event_name":"Cursed Tome","floor":21,"gold_loss":0},{"damage_healed":0,"gold_gain":0,"player_choice":"Opened","damage_taken":0,"relics_obtained":["Eternal Feather"],"max_hp_gain":0,"max_hp_loss":0,"event_name":"The Mausoleum","floor":25,"gold_loss":0,"cards_obtained":["Writhe"]},{"damage_healed":0,"gold_gain":0,"player_choice":"Joined the Cult","damage_taken":6,"max_hp_gain":0,"max_hp_loss":0,"event_name":"Nest","floor":29,"gold_loss":0,"cards_obtained":["RitualDagger"]}],"is_beta":false,"boss_relics":[{"not_picked":["Runic Pyramid","Ectoplasm"],"picked":"Black Blood"}],"items_purged_floors":[4,31],"is_endless":false,"potions_floor_spawned":[1,7,16],"killed_by":"Automaton","ascension_level":0}}