{"host":"adv1uqz3812gqgbw","time":1610450343,"event":{"mods":["BaseMod","Better Note","Colored Powertips","Custom Start","GifTheSpireLib","Hermit","Minty Spire (QoL Compilation)","SacredBarkPlus","StSLib","The Runesmith","Uncapped"],"gold_per_floor":[112,128,148,160,37,37,55,55,123,142,154,154,182,193,193,288,288,303,316,316,40,60,60,75,75,75,75,143,143,157,168,168,168,168],"floor_reached":33,"playtime":2807,"items_purged":["Body Slam","Defend_R"],"score":253,"play_id":"a7902e61-750c-4251-aee0-d5524d4bb483","local_time":"20210112091903","is_ascension_mode":false,"campfire_choices":[{"data":"Warcry","floor":6,"key":"SMITH"},{"data":"Rage","floor":12,"key":"SMITH"},{"floor":15,"key":"REST"},{"data":"Offering","floor":23,"key":"SMITH"},{"floor":27,"key":"REST"},{"data":"Sword Boomerang","floor":32,"key":"SMITH"}],"circlet_count":0,"master_deck":["Strike_R+1","Strike_R","Strike_R","Strike_R","Strike_R","Defend_R","Defend_R","Defend_R","Bash","Carnage","Rage+1","Anger","Warcry+1","Thunderclap+1","Flex","Offering+1","Seeing Red+1","Ghostly Armor","Rage+1","Sword Boomerang+1"],"relics":["Burning Blood","NeowsBlessing","Lizard Tail","Blue Candle","MealTicket","Mark of Pain","Whetstone","Pear"],"acts_visited":["Exordium","TheCity"],"potions_floor_usage":[16,16,16,22,22,31,31,33],"damage_taken":[{"damage":0,"enemies":"2 Louse","floor":1,"turns":1},{"damage":0,"enemies":"Cultist","floor":2,"turns":1},{"damage":0,"enemies":"Jaw Worm","floor":3,"turns":1},{"damage":5,"enemies":"3 Louse","floor":4,"turns":3},{"damage":8,"enemies":"Blue Slaver","floor":7,"turns":4},{"damage":19,"enemies":"Gremlin Gang","floor":10,"turns":4},{"damage":0,"enemies":"3 Louse","floor":11,"turns":3},{"damage":26,"enemies":"Gremlin Nob","floor":13,"turns":4},{"damage":17,"enemies":"Exordium Thugs","floor":14,"turns":3},{"damage":51,"enemies":"Hexaghost","floor":16,"turns":12},{"damage":18,"enemies":"Shell Parasite","floor":18,"turns":4},{"damage":6,"enemies":"Chosen","floor":19,"turns":4},{"damage":6,"enemies":"Snecko","floor":22,"turns":2},{"damage":31,"enemies":"3 Cultists","floor":24,"turns":5},{"damage":31,"enemies":"Snake Plant","floor":30,"turns":5},{"damage":15,"enemies":"Shelled Parasite and Fungi","floor":31,"turns":6},{"damage":115,"enemies":"Automaton","floor":33,"turns":10}],"seed_played":"6322577275464262281","potions_obtained":[{"floor":1,"key":"Regen Potion"},{"floor":3,"key":"Block Potion"},{"floor":11,"key":"ColorlessPotion"},{"floor":14,"key":"EssenceOfSteel"},{"floor":24,"key":"Weak Potion"},{"floor":30,"key":"Energy Potion"},{"floor":31,"key":"DuplicationPotion"}],"is_trial":false,"path_per_floor":["M","M","M","M","$","R","M","?","T","M","M","R","E","M","R","B",null,"M","M","?","$","M","R","M","?","T","R","T","?","M","M","R","B"],"character_chosen":"IRONCLAD","items_purchased":["Warcry","Ghostly Armor","Explosive Potion","Fire Potion"],"campfire_rested":2,"item_purchase_floors":[5,21,21,21],"current_hp_per_floor":[80,80,80,80,80,80,78,78,78,65,71,71,51,40,64,19,80,68,68,68,80,80,80,55,55,55,79,89,89,64,55,55,0,0],"gold":168,"neow_bonus":"THREE_ENEMY_KILL","is_daily":false,"chose_seed":false,"campfire_upgraded":4,"win_rate":0.0,"timestamp":1610450343,"path_taken":["M","M","M","M","$","R","M","?","T","?","M","R","E","M","R","BOSS","M","M","?","$","M","R","M","?","T","R","?","?","M","M","R","BOSS"],"items_purchased_type":["Card","Card","Potion","Potion"],"build_version":"2020-12-22","purchased_purges":2,"victory":false,"max_hp_per_floor":[80,80,80,80,80,80,80,80,80,80,80,80,80,80,80,80,80,80,80,80,80,80,80,80,80,80,80,90,90,90,90,90,90,90],"card_choices":[{"not_picked":["Reckless Charge","Wild Strike"],"picked":"Carnage","floor":1},{"not_picked":["Rupture","Perfected Strike"],"picked":"Rage","floor":2},{"not_picked":["Anger","Burning Pact"],"picked":"Body Slam","floor":3},{"not_picked":["Bloodletting","Rage"],"picked":"Anger","floor":4},{"not_picked":["Shrug It Off","Heavy Blade"],"picked":"Thunderclap","floor":7},{"not_picked":["Second Wind","Twin Strike"],"picked":"Flex","floor":10},{"not_picked":["Burning Pact","Shrug It Off","Bloodletting"],"picked":"SKIP","floor":11},{"not_picked":["Evolve","Battle Trance","Anger"],"picked":"SKIP","floor":13},{"not_picked":["Headbutt","Feel No Pain","Blood for Blood"],"picked":"SKIP","floor":14},{"not_picked":["Exhume","Corruption"],"picked":"Offering","floor":16},{"not_picked":["Dark Embrace","Wild Strike","Cleave"],"picked":"SKIP","floor":18},{"not_picked":["Reckless Charge","Sever Soul","Clothesline"],"picked":"SKIP","floor":19},{"not_picked":["Havoc+1","Second Wind+1","Shrug It Off"],"picked":"SKIP","floor":22},{"not_picked":["Body Slam","Burning Pact","Thunderclap"],"picked":"SKIP","floor":24},{"not_picked":["Pommel Strike+1","Exhume","Dropkick"],"picked":"SKIP","floor":30},{"not_picked":["Clash","Metallicize+1"],"picked":"Sword Boomerang","floor":31}],"player_experience":358414,"relics_obtained":[{"floor":9,"key":"Blue Candle"},{"floor":13,"key":"MealTicket"},{"floor":26,"key":"Whetstone"},{"floor":28,"key":"Pear"}],"event_choices":[{"damage_healed":0,"gold_gain":0,"player_choice":"Gave Potion","damage_taken":0,"relics_obtained":["Lizard Tail"],"max_hp_gain":0,"max_hp_loss":0,"event_name":"WeMeetAgain","floor":8,"gold_loss":0},{"damage_healed":0,"gold_gain":0,"player_choice":"Take","damage_taken":0,"max_hp_gain":0,"max_hp_loss":0,"event_name":"betterNote:BetterNote","floor":20,"gold_loss":0,"cards_obtained":["Seeing Red"]},{"damage_healed":0,"gold_gain":0,"player_choice":"Ignored","damage_taken":0,"max_hp_gain":0,"max_hp_loss":0,"event_name":"Cursed Tome","floor":25,"gold_loss":0},{"damage_healed":0,"gold_gain":0,"player_choice":"Copied","damage_taken":0,"max_hp_gain":0,"max_hp_loss":0,"event_name":"Duplicator","floor":29,"gold_loss":0,"cards_obtained":["Rage"]}],"is_beta":false,"boss_relics":[{"not_picked":["Philosopher\u0027s Stone","Cursed Key"],"picked":"Mark of Pain"}],"items_purged_floors":[5,21],"is_endless":false,"potions_floor_spawned":[1,3,11,14,24,30,31],"killed_by":"Automaton","ascension_level":0}}