{"host":"grklf728wqifs9z9","time":1610414466,"event":{"mods":["BaseMod","Downfall","MarisaÅiñ∂âJÅ@ñÇóùçπÅj","Minty Spire (QoL Compilation)","Replay The Spire","Shop Mod","StSLib","The Animator","The Bug Knight","The Cursed","The Disciple","The Necromancer","The Servant 0.9.4"],"gold_per_floor":[99,114,129,129,129,162,162,187,187,201,126,7,36,55,70,173,173,173,183,195,213,213,229,229,116,116,116,116,151,151,101,116,214,214,214,234,140,140,166,177,177,177,211,22,53,73,81,81,81,81],"floor_reached":48,"playtime":5002,"items_purged":[],"score":600,"play_id":"cf24347c-9693-451e-871c-44c1772a675b","local_time":"20210112102106","is_ascension_mode":false,"campfire_choices":[{"data":"hexamod:Defend","floor":1,"key":"SMITH"},{"data":"hexamod:SkipABeat","floor":11,"key":"SMITH"},{"data":"hexamod:HexaLevel","floor":26,"key":"SMITH"},{"floor":28,"key":"REST"},{"floor":30,"key":"REST"},{"floor":35,"key":"DIG"},{"floor":42,"key":"REST"}],"circlet_count":0,"master_deck":["hexamod:Strike+1","hexamod:Strike","hexamod:Defend+1","hexamod:Defend","hexamod:Defend+1","hexamod:Sear+1","hexamod:Float+1","hexamod:SkipABeat+1","hexamod:NightmareGuise+1","hexamod:VolcanoVisage+1","hexamod:PhantomFireball+1","hexamod:PhantomCloak+1","hexamod:RetreatToShadows+1","hexamod:Firestarter+1","hexamod:HeatShield+1","Pot Of Greed+1","Pot Of Greed+1","hexamod:TurnItUp+1","hexamod:ExtraCrispy+1","hexamod:SpectersWail+1","hexamod:SixthSeal","hexamod:NightmareGuise+1","hexamod:PhantomFireball+1","hexamod:TurnItUp+1","hexamod:DynamicBlow","Pot Of Greed+1","hexamod:ShieldOfDarkness+1","hexamod:HexaLevel+1","expansioncontent:DefensiveMode","Shame","hexamod:HeatCrush+1","hexamod:RecurringNightmare+1","hexamod:SixthSeal","hexamod:FourthSeal","hexamod:FifthSeal","hexamod:FirstSeal","hexamod:SecondSeal","hexamod:VolcanoVisage+1","Pot Of Greed+1","hexamod:SixthSeal","hexamod:GhostShield+1","hexamod:CatchUp+1","hexamod:SpectralAdrenaline","hexamod:Again+1","hexamod:Again+1"],"relics":["hexamod:SpiritBrand","Happy Flower","StoneCalendar","downfall:HeartBlessingBlue","Grinning Jar","Ring of Chaos","Bag of Preparation","Garlic","Ancient Tea Set","Fusion Hammer","Replay:Wax Seal","Omamori","Regal Pillow","Replay:Bandana","Strange Spoon"],"acts_visited":["Exordium","TheCity","TheBeyond"],"potions_floor_usage":[8,8,13,14,16,29,33,36,43,47,48,48],"damage_taken":[{"damage":0,"enemies":"Small Slimes","floor":2,"turns":5},{"damage":0,"enemies":"2 Louse","floor":3,"turns":3},{"damage":28,"enemies":"3 Sentries","floor":6,"turns":12},{"damage":2,"enemies":"Lagavulin","floor":8,"turns":6},{"damage":0,"enemies":"Jaw Worm","floor":10,"turns":3},{"damage":0,"enemies":"downfall:FleeingMerchant","floor":12,"turns":4},{"damage":6,"enemies":"Gremlin Nob","floor":13,"turns":4},{"damage":16,"enemies":"Lots of Slimes","floor":14,"turns":4},{"damage":6,"enemies":"2 Fungi Beasts","floor":15,"turns":5},{"damage":15,"enemies":"downfall:Watcher","floor":16,"turns":7},{"damage":13,"enemies":"Chosen","floor":19,"turns":7},{"damage":10,"enemies":"Centurion and Healer","floor":20,"turns":7},{"damage":6,"enemies":"Snecko","floor":21,"turns":6},{"damage":19,"enemies":"3 Cultists","floor":23,"turns":6},{"damage":0,"enemies":"downfall:FleeingMerchant","floor":25,"turns":4},{"damage":28,"enemies":"Replay:Snechameleon","floor":29,"turns":7},{"damage":9,"enemies":"Centurion and Healer","floor":32,"turns":6},{"damage":71,"enemies":"downfall:Ironclad","floor":33,"turns":11},{"damage":29,"enemies":"3 Darklings","floor":36,"turns":6},{"damage":0,"enemies":"downfall:FleeingMerchant","floor":37,"turns":4},{"damage":31,"enemies":"3 Shapes","floor":40,"turns":7},{"damage":29,"enemies":"HollowMod:StalkingDevout","floor":43,"turns":7},{"damage":4,"enemies":"downfall:FleeingMerchant","floor":44,"turns":4},{"damage":38,"enemies":"3 Darklings","floor":45,"turns":7},{"damage":10,"enemies":"Spire Growth","floor":46,"turns":5},{"damage":0,"enemies":"Jaw Worm Horde","floor":47,"turns":4},{"damage":37,"enemies":"Nemesis","floor":48,"turns":5}],"seed_played":"-3648528165967742905","potions_obtained":[{"floor":2,"key":"champ:CounterPotion"},{"floor":6,"key":"ColorlessPotion"},{"floor":10,"key":"Fire Potion"},{"floor":13,"key":"PowerPotion"},{"floor":15,"key":"Languid Potion"},{"floor":20,"key":"Reflective Coating"},{"floor":23,"key":"Elixir"},{"floor":29,"key":"Block Potion"},{"floor":33,"key":"SkillPotion"},{"floor":36,"key":"champ:CounterPotion"},{"floor":37,"key":"Adrenaline Potion"},{"floor":40,"key":"Swift Potion"},{"floor":40,"key":"SmokeBomb"},{"floor":46,"key":"Milkshake"}],"is_trial":false,"path_per_floor":["R","M","M","?","?","E","T","E","?","M","R","$","E","M","M","B",null,"R","M","M","M","?","M","T","$","R","?","R","E","R","?","M","B",null,"R","M","$","?","?","M","T","R","E","$","M","M","M","E"],"character_chosen":"THE_SPIRIT","items_purchased":["hexamod:Firestarter","hexamod:HeatShield","expansioncontent:DefensiveMode","hexamod:FirstSeal","hexamod:SpectralAdrenaline","Strange Spoon"],"campfire_rested":3,"item_purchase_floors":[12,12,25,37,44,44],"current_hp_per_floor":[77,77,77,77,77,49,49,47,77,77,87,87,81,65,59,44,87,87,74,64,58,58,39,39,39,39,39,65,37,63,87,78,7,87,87,58,58,58,58,34,34,75,53,49,18,15,15,0,0,0],"gold":81,"neow_bonus":"TEN_PERCENT_HP_BONUS","is_daily":false,"chose_seed":false,"campfire_upgraded":3,"win_rate":0.0,"timestamp":1610414466,"path_taken":["R","M","M","?","?","E","T","E","?","?","R","$","E","M","M","BOSS","R","M","M","M","?","M","T","$","R","?","R","E","R","?","M","BOSS","R","M","$","?","?","M","T","R","E","?","M","?","M","E"],"items_purchased_type":["Card","Card","Card","Card","Card","Relic"],"build_version":"2020-12-22","purchased_purges":0,"victory":false,"max_hp_per_floor":[77,77,77,77,77,77,77,77,77,77,87,87,87,87,87,87,87,87,87,87,87,87,87,87,87,87,87,87,87,87,87,87,87,87,87,87,87,87,87,87,87,87,87,87,87,87,87,87,87,87],"card_choices":[{"not_picked":["hexamod:BurningTouch","hexamod:GhostLash"],"picked":"hexamod:SkipABeat","floor":2},{"not_picked":["hexamod:RainOfEmbers","hexamod:AdvancingGuard"],"picked":"hexamod:RecurringNightmare","floor":3},{"not_picked":["hexamod:RainOfEmbers","hexamod:GhostOfSpirePast"],"picked":"hexamod:VolcanoVisage","floor":6},{"not_picked":["hexamod:RecurringNightmare","hexamod:AdvancingGuard"],"picked":"hexamod:PhantomFireball","floor":8},{"not_picked":["hexamod:BacktrackSmack","hexamod:RainOfEmbers"],"picked":"hexamod:PhantomCloak","floor":10},{"not_picked":["hexamod:BacktrackSmack","hexamod:SwordOfDarkness"],"picked":"hexamod:RetreatToShadows","floor":12},{"not_picked":["hexamod:SwordOfDarkness","hexamod:AdvancingGuard"],"picked":"hexamod:TurnItUp","floor":13},{"not_picked":["hexamod:NightmareStrike","hexamod:ShieldOfDarkness"],"picked":"hexamod:ExtraCrispy","floor":14},{"not_picked":["hexamod:RainOfEmbers","hexamod:ShieldOfDarkness"],"picked":"hexamod:SpectersWail","floor":15},{"not_picked":["hexamod:ParanormalForm","hexamod:TimeOfNeed"],"picked":"hexamod:SixthSeal","floor":16},{"not_picked":["hexamod:BurningTouch","hexamod:Hexaguard"],"picked":"hexamod:PhantomFireball","floor":19},{"not_picked":["hexamod:InspiringFlames+1","hexamod:SpectersWail"],"picked":"hexamod:TurnItUp","floor":20},{"not_picked":["hexamod:StepThrough","hexamod:PhantomCloak+1"],"picked":"hexamod:DynamicBlow","floor":21},{"not_picked":["hexamod:GhostLash","hexamod:FastForward"],"picked":"hexamod:ShieldOfDarkness+1","floor":23},{"not_picked":["hexamod:RadiantFlame","hexamod:HauntingEcho+1"],"picked":"hexamod:HexaLevel","floor":25},{"not_picked":["hexamod:ThirdSeal","hexamod:ExtraCrispy"],"picked":"hexamod:HeatCrush+1","floor":29},{"not_picked":["hexamod:NightmareGuise","hexamod:NightmareStrike+1"],"picked":"hexamod:RecurringNightmare+1","floor":32},{"not_picked":["hexamod:TimeWarp","hexamod:WildfireWeapon"],"picked":"hexamod:SixthSeal","floor":33},{"not_picked":["hexamod:SwordOfDarkness","hexamod:ThermalTransfer"],"picked":"hexamod:FourthSeal","floor":36},{"not_picked":["hexamod:HauntingEcho","hexamod:SpectersWail"],"picked":"hexamod:FifthSeal","floor":37},{"not_picked":["hexamod:FirstSeal","hexamod:FourthSeal"],"picked":"hexamod:SecondSeal","floor":40},{"not_picked":["hexamod:FastForward","hexamod:Hexaguard"],"picked":"hexamod:VolcanoVisage","floor":40},{"not_picked":["hexamod:FirstSeal","hexamod:SecondSeal"],"picked":"hexamod:SixthSeal","floor":43},{"not_picked":["hexamod:Firestarter","hexamod:BurningTouch+1"],"picked":"hexamod:GhostShield+1","floor":43},{"not_picked":["hexamod:SpectersWail","hexamod:HauntingEcho+1"],"picked":"hexamod:CatchUp","floor":44},{"not_picked":["hexamod:BurningTouch+1","hexamod:FastForward"],"picked":"hexamod:Again","floor":45},{"not_picked":["hexamod:SecondSeal","hexamod:FourthSeal","hexamod:FirstSeal"],"picked":"SKIP","floor":45},{"not_picked":["hexamod:CatchUp","hexamod:SwordOfDarkness+1"],"picked":"hexamod:Again+1","floor":46}],"player_experience":101073,"relics_obtained":[{"floor":6,"key":"Happy Flower"},{"floor":8,"key":"StoneCalendar"},{"floor":13,"key":"Grinning Jar"},{"floor":24,"key":"Bag of Preparation"},{"floor":29,"key":"Ancient Tea Set"},{"floor":35,"key":"Replay:Wax Seal"},{"floor":39,"key":"Omamori"},{"floor":41,"key":"Regal Pillow"},{"floor":43,"key":"Replay:Bandana"}],"event_choices":[{"cards_removed":["hexamod:RecurringNightmare"],"damage_healed":30,"gold_gain":0,"player_choice":"Offered Uncommon","damage_taken":0,"max_hp_gain":0,"max_hp_loss":0,"event_name":"Bonfire Elementals","floor":9,"gold_loss":0},{"damage_healed":0,"gold_gain":0,"player_choice":"Ignored","damage_taken":0,"max_hp_gain":0,"max_hp_loss":0,"event_name":"Vampires","floor":22,"gold_loss":0},{"damage_healed":0,"gold_gain":0,"player_choice":"Stole Relic","damage_taken":0,"relics_obtained":["Garlic"],"max_hp_gain":0,"max_hp_loss":0,"event_name":"Addict","floor":27,"gold_loss":0,"cards_obtained":["Shame"]}],"is_beta":false,"boss_relics":[{"not_picked":["Coffee Dripper","Replay:Grab Bag"],"picked":"Ring of Chaos"},{"not_picked":["Philosopher\u0027s Stone","ReplayTheSpireMod:DimensionalGlitch"],"picked":"Fusion Hammer"}],"items_purged_floors":[],"is_endless":false,"potions_floor_spawned":[2,6,10,13,15,20,23,29,33,36,40,46,47],"killed_by":"Nemesis","ascension_level":0}}