{"host":"z9811rt50ti81n54","time":1610445752,"event":{"mods":["BaseMod","Better Match","Better Sensory Stone","Better Skull","Better Third Choice","Minty Spire (QoL Compilation)","Permanent Neow","StSLib","SuperFastMode"],"gold_per_floor":[112,287,362,43,43,43,56,56,56,56,74,74,94,119,119,222,222,234,254,274,105,105,105,116,116,116,131,6,6,35,35,35,137,137,152,12,37,53,65,65,31,45,45,45,45,63,73,83,83,83],"floor_reached":51,"playtime":1463,"items_purged":["Doubt","Strike_R","Strike_R"],"score":717,"play_id":"de2f8562-44b6-4c15-8f1e-c94559fce34b","local_time":"20210112190232","is_ascension_mode":false,"campfire_choices":[{"data":"Bash","floor":6.0,"key":"SMITH"},{"data":"Defend_R","floor":8.0,"key":"SMITH"},{"data":"Defend_R","floor":10.0,"key":"SMITH"},{"data":"Defend_R","floor":12.0,"key":"SMITH"},{"data":"Defend_R","floor":15.0,"key":"SMITH"},{"floor":23.0,"key":"REST"},{"floor":25.0,"key":"REST"},{"floor":29.0,"key":"REST"},{"floor":32.0,"key":"REST"},{"floor":40.0,"key":"REST"},{"data":"1","floor":45.0,"key":"LIFT"},{"data":"2","floor":49,"key":"LIFT"}],"circlet_count":0,"master_deck":["Strike_R","Strike_R","Strike_R","Defend_R+1","Defend_R+1","Defend_R+1","Defend_R+1","Bash+1","CurseOfTheBell","Sever Soul+1","Swift Strike+1","Cleave+1","Dark Embrace+1","Twin Strike+1","Metallicize+1","Demon Form+1","Battle Trance+1","Thunderclap+1","Feel No Pain+1","Feel No Pain+1","Battle Trance+1","Reckless Charge+1","Feel No Pain+1","Whirlwind+1","Brutality+1","Reaper+1","Pummel+1","Flex+1"],"relics":["Calling Bell","Bag of Marbles","Molten Egg 2","Torii","OrangePellets","Tiny Chest","Frozen Egg 2","Pantograph","Sozu","Mummified Hand","Blue Candle","Nilry\u0027s Codex","Busted Crown","Boot","Girya"],"acts_visited":["Exordium","TheCity","TheBeyond"],"potions_floor_usage":[50],"damage_taken":[{"damage":1.0,"enemies":"Small Slimes","floor":1.0,"turns":4.0},{"damage":0.0,"enemies":"2 Louse","floor":7.0,"turns":1.0},{"damage":1.0,"enemies":"Jaw Worm","floor":11.0,"turns":2.0},{"damage":0.0,"enemies":"Red Slaver","floor":13.0,"turns":3.0},{"damage":6.0,"enemies":"Gremlin Nob","floor":14.0,"turns":3.0},{"damage":32.0,"enemies":"Hexaghost","floor":16.0,"turns":6.0},{"damage":6.0,"enemies":"Spheric Guardian","floor":18.0,"turns":3.0},{"damage":9.0,"enemies":"2 Thieves","floor":19.0,"turns":4.0},{"damage":13.0,"enemies":"Snake Plant","floor":20.0,"turns":2.0},{"damage":24.0,"enemies":"Centurion and Healer","floor":24.0,"turns":5.0},{"damage":7.0,"enemies":"Snecko","floor":27.0,"turns":3.0},{"damage":21.0,"enemies":"Book of Stabbing","floor":30.0,"turns":5.0},{"damage":1.0,"enemies":"Champ","floor":33.0,"turns":6.0},{"damage":23.0,"enemies":"Orb Walker","floor":35.0,"turns":4.0},{"damage":9.0,"enemies":"3 Shapes","floor":38.0,"turns":3.0},{"damage":18.0,"enemies":"Writhing Mass","floor":39.0,"turns":5.0},{"damage":20.0,"enemies":"Sphere and 2 Shapes","floor":42.0,"turns":6.0},{"damage":14.0,"enemies":"Jaw Worm Horde","floor":46.0,"turns":4.0},{"damage":6.0,"enemies":"Writhing Mass","floor":47.0,"turns":5.0},{"damage":5,"enemies":"4 Shapes","floor":48,"turns":5},{"damage":57,"enemies":"Awakened One","floor":50,"turns":6}],"seed_played":"-493686161645482784","potions_obtained":[{"floor":13.0,"key":"Explosive Potion"},{"floor":14.0,"key":"EntropicBrew"},{"floor":16.0,"key":"Swift Potion"}],"is_trial":false,"path_per_floor":["M","?","?","$","?","R","M","R","T","R","M","R","M","E","R","B",null,"M","M","M","$","?","R","M","R","T","M","$","R","E","?","R","B",null,"M","$","T","M","M","R","$","M","T","?","R","M","M","M","R","B",null],"character_chosen":"IRONCLAD","items_purchased":["OrangePellets","Swift Strike+1","Feel No Pain+1","Reaper+1","Pummel+1"],"campfire_rested":5,"item_purchase_floors":[4,4,21,36,41],"current_hp_per_floor":[79,79,68,68,61,61,61,61,61,61,60,60,60,54,54,47,80,74,65,52,52,52,76,52,76,76,69,69,80,59,43,67,79,80,57,57,57,58,40,64,64,70,70,70,70,74,80,75,75,49],"gold":83,"neow_bonus":"BOSS_RELIC","is_daily":false,"chose_seed":false,"campfire_upgraded":5,"win_rate":0.0,"timestamp":1610445752,"path_taken":["M","?","?","$","?","R","M","R","T","R","M","R","M","E","R","BOSS","M","M","M","$","?","R","M","R","T","?","$","R","E","?","R","BOSS","M","$","?","?","M","R","$","M","T","?","R","M","M","M","R","BOSS"],"items_purchased_type":["Relic","Card","Card","Card","Card"],"build_version":"2020-12-22","purchased_purges":3,"victory":true,"max_hp_per_floor":[80,80,80,80,80,80,80,80,80,80,80,80,80,80,80,80,80,80,80,80,80,80,80,80,80,80,80,80,80,80,80,80,80,80,80,80,80,80,80,80,80,80,80,80,80,80,80,80,80,80],"card_choices":[{"not_picked":["Power Through","Headbutt+1"],"picked":"Sever Soul+1","floor":1.0},{"not_picked":["Shockwave","Pommel Strike+1"],"picked":"Cleave+1","floor":7.0},{"not_picked":["Dropkick+1","Hemokinesis+1"],"picked":"Dark Embrace+1","floor":11.0},{"not_picked":["Armaments","Warcry"],"picked":"Twin Strike+1","floor":13.0},{"not_picked":["Twin Strike+1","Headbutt+1"],"picked":"Metallicize+1","floor":14.0},{"not_picked":["Fiend Fire+1","Impervious"],"picked":"Demon Form+1","floor":16.0},{"not_picked":["Fire Breathing+1","True Grit"],"picked":"Battle Trance+1","floor":18.0},{"not_picked":["Clothesline+1","True Grit"],"picked":"Thunderclap+1","floor":19.0},{"not_picked":["Sword Boomerang+1","Entrench+1"],"picked":"Feel No Pain+1","floor":20.0},{"not_picked":["Twin Strike+1","Perfected Strike+1"],"picked":"Reckless Charge+1","floor":24.0},{"not_picked":["True Grit","Rage"],"picked":"Feel No Pain+1","floor":27.0},{"not_picked":["Flame Barrier","Flex"],"picked":"Whirlwind+1","floor":30.0},{"not_picked":["Demon Form+1","Offering"],"picked":"Brutality+1","floor":33.0},{"not_picked":["Twin Strike+1"],"picked":"SKIP","floor":35.0},{"not_picked":["Entrench"],"picked":"SKIP","floor":38.0},{"not_picked":["Perfected Strike+1"],"picked":"SKIP","floor":39.0},{"not_picked":["Flex+1"],"picked":"SKIP","floor":42.0},{"not_picked":[],"picked":"Flex+1","floor":42.0},{"not_picked":["Dropkick+1"],"picked":"SKIP","floor":46.0},{"not_picked":["Dropkick+1"],"picked":"SKIP","floor":46.0},{"not_picked":["Clothesline+1"],"picked":"SKIP","floor":47.0},{"not_picked":["Entrench+1"],"picked":"SKIP","floor":48}],"player_experience":371182,"relics_obtained":[{"floor":0.0,"key":"Bag of Marbles"},{"floor":0.0,"key":"Molten Egg 2"},{"floor":0.0,"key":"Torii"},{"floor":9.0,"key":"Frozen Egg 2"},{"floor":14.0,"key":"Pantograph"},{"floor":26.0,"key":"Mummified Hand"},{"floor":30.0,"key":"Blue Candle"},{"floor":31.0,"key":"Nilry\u0027s Codex"},{"floor":37.0,"key":"Boot"},{"floor":43.0,"key":"Girya"}],"event_choices":[{"damage_healed":0.0,"max_hp_gain":0.0,"max_hp_loss":0.0,"gold_gain":175.0,"event_name":"Liars Game","player_choice":"AGREE","floor":2.0,"gold_loss":0.0,"damage_taken":0.0,"cards_obtained":["Doubt"]},{"damage_healed":0.0,"max_hp_gain":0.0,"max_hp_loss":0.0,"gold_gain":75.0,"event_name":"World of Goop","player_choice":"Gather Gold","floor":3.0,"gold_loss":0.0,"damage_taken":11.0},{"damage_healed":0.0,"max_hp_gain":0.0,"max_hp_loss":0.0,"gold_gain":0.0,"event_name":"Scrap Ooze","player_choice":"Success","floor":5.0,"gold_loss":0.0,"damage_taken":7.0,"relics_obtained":["Tiny Chest"]},{"damage_healed":0.0,"max_hp_gain":0.0,"max_hp_loss":0.0,"gold_gain":0.0,"event_name":"Duplicator","player_choice":"Copied","floor":22.0,"gold_loss":0.0,"damage_taken":0.0,"cards_obtained":["Battle Trance"]},{"damage_healed":0.0,"max_hp_gain":0.0,"max_hp_loss":0.0,"gold_gain":0.0,"event_name":"Cursed Tome","player_choice":"Obtained Book","floor":31.0,"gold_loss":0.0,"damage_taken":16.0},{"damage_healed":0.0,"max_hp_gain":0.0,"max_hp_loss":0.0,"gold_gain":0.0,"event_name":"Mysterious Sphere","player_choice":"Ignored","floor":44.0,"gold_loss":0.0,"damage_taken":0.0}],"is_beta":false,"boss_relics":[{"not_picked":["Velvet Choker","Runic Cube"],"picked":"Sozu"},{"not_picked":["SlaversCollar","Runic Pyramid"],"picked":"Busted Crown"}],"items_purged_floors":[4,21,28],"is_endless":false,"potions_floor_spawned":[13,14,16,19,27,33,38,39,46,48],"ascension_level":0}}