{"host":"Ruben","time":1610482505,"event":{"mods":["AchievementEnabler","Aspiration","BaseMod","Better Altar","Better Match","Better Note","Better Sensory Stone","Better Skull","Better Third Choice","BetterRewards","Colored Map","Conspire","Downfall","GifTheSpireLib","Highlight Path","Hubris","Mimic Mod","Minty Spire (QoL Compilation)","Permanent Neow","Replay The Spire","Shop Mod","Spicy Shops","StSLib","Stuff the Spire","everything is the same but u backflip on backflip","slay the spire mod where everything is the same but ironclad has a cowboy hat"],"gold_per_floor":[113,188,198,210,210,243,243,272,272,272,300,6,19,352,352,450,450,469,458,458,101,146,171,171,199,223,223,22,47,47,57,57,160,160,171,271,316,114,114,147,147,130,169,169,181,207,207,207,207,207],"floor_reached":51,"playtime":6713,"items_purged":["Strike_G","Defend_G","Defend_G","Strike_G"],"score":1084,"play_id":"14f162b7-1afc-4ac6-9fde-191f3f1921da","local_time":"20210112211505","is_ascension_mode":true,"campfire_choices":[{"floor":7,"key":"REST"},{"floor":10,"key":"REST"},{"floor":15,"key":"REST"},{"data":"Pot Of Greed","floor":24,"key":"SMITH"},{"data":"Pot Of Greed","floor":30,"key":"SMITH"},{"floor":32,"key":"DIG"},{"data":"After Image","floor":41,"key":"SMITH"},{"floor":49,"key":"DIG"}],"circlet_count":0,"master_deck":["Survivor","Impatience","Deflect","Dagger Throw","Blur","Underhanded Strike","Pot Of Greed","Pot Of Greed+1","Masterful Stab","Escape Plan","Prepared","Tactician","Quick Slash","Adrenaline","Deflect+1","Deadly Poison+1","Malaise+1","Pot Of Greed+1","Quick Slash","Outmaneuver","Hidden Blade","Expertise","Underhanded Strike","ReplayTheSpireMod:The Works","Finisher","Escape Plan","Underhanded Strike","After Image+1","Pot Of Greed","ReplayTheSpireMod:The Works","Dagger Throw","Prepared+1","Calculated Gamble+1","Madness","Madness","Phantasmal Killer","Delirium"],"relics":["Ring of the Snake","hubris:Towel","StuffTheSpire:Mouthbags","Grinning Jar","hubris:CrystalStatue","Torii","Pen Nib","Old Coin","Astrolabe","Happy Flower","MerchantsRug","conspire:Flyswatter","Juzu Bracelet","Replay:Wax Seal","conspire:TopHat","StuffTheSpire:GrapeVine","Peace Pipe","ReplayTheSpireMod:TigerMarble","Replay:Drink Me","Incense Burner","hubris:Icosahedron","Pantograph","conspire:Boomerang","hubris:64BitClover","Replay:Towering Pillar of Hats","Strawberry","Ring of Panic","Ring of Misfortune","aspiration:ChemicalBlood"],"acts_visited":["Exordium","TheCity","TheBeyond"],"potions_floor_usage":[6,11,25,29,43,50,50,50],"damage_taken":[{"damage":5,"enemies":"Small Slimes","floor":1,"turns":4},{"damage":14,"enemies":"Jaw Worm","floor":3,"turns":4},{"damage":0,"enemies":"2 Louse","floor":4,"turns":3},{"damage":30,"enemies":"3 Sentries","floor":6,"turns":12},{"damage":21,"enemies":"Lagavulin","floor":8,"turns":10},{"damage":5,"enemies":"Gremlin Nob","floor":11,"turns":5},{"damage":0,"enemies":"Exordium Thugs","floor":13,"turns":3},{"damage":1,"enemies":"3 Sentries","floor":14,"turns":6},{"damage":41,"enemies":"Slime Boss","floor":16,"turns":17},{"damage":0,"enemies":"Chosen","floor":18,"turns":4},{"damage":8,"enemies":"2 Thieves","floor":19,"turns":5},{"damage":0,"enemies":"conspire:MimicChest","floor":22,"turns":11},{"damage":0,"enemies":"Book of Stabbing","floor":23,"turns":5},{"damage":2,"enemies":"Gremlin Leader","floor":25,"turns":6},{"damage":12,"enemies":"Book of Stabbing","floor":29,"turns":6},{"damage":0,"enemies":"Centurion and Healer","floor":31,"turns":1},{"damage":0,"enemies":"Automaton","floor":33,"turns":3},{"damage":0,"enemies":"3 Darklings","floor":35,"turns":3},{"damage":0,"enemies":"2 Orb Walkers","floor":37,"turns":1},{"damage":10,"enemies":"Nemesis","floor":40,"turns":1},{"damage":1,"enemies":"R_Hoarder","floor":42,"turns":3},{"damage":0,"enemies":"3 Shapes","floor":43,"turns":3},{"damage":0,"enemies":"3 Shapes","floor":45,"turns":1},{"damage":0,"enemies":"Giant Head","floor":46,"turns":3},{"damage":27,"enemies":"Time Eater","floor":50,"turns":8}],"seed_played":"-3163554324129292742","potions_obtained":[{"floor":4,"key":"Swift Potion"},{"floor":8,"key":"Poison Potion"},{"floor":19,"key":"PowerPotion"},{"floor":23,"key":"Explosive Potion"},{"floor":25,"key":"Toxic Potion"},{"floor":31,"key":"Energy Potion"},{"floor":37,"key":"Energy Potion"},{"floor":42,"key":"Fruit Juice"},{"floor":45,"key":"Swift Potion"}],"is_trial":false,"path_per_floor":["M","?","M","M","?","E","R","E","T","R","E","$","M","E","R","B",null,"M","M","?","$","?","E","R","E","T","?","$","E","R","M","R_BF","B",null,"M","?","?","$","?","E","R","E","MIM","?","M","E","?","?","R_BF","B",null],"character_chosen":"THE_SILENT","items_purchased":["Prepared","Pen Nib","Hidden Blade","Happy Flower","MerchantsRug","Finisher","Dagger Throw"],"campfire_rested":3,"item_purchase_floors":[12,12,21,21,21,28,38],"current_hp_per_floor":[65,54,40,40,40,10,31,10,10,31,26,26,26,25,46,5,70,70,62,62,62,62,62,62,60,60,60,60,48,48,48,48,48,53,53,53,53,53,53,43,43,42,47,40,40,47,47,47,47,38],"gold":207,"neow_bonus":"RANDOM_COLORLESS","is_daily":false,"chose_seed":false,"campfire_upgraded":3,"win_rate":0.0,"timestamp":1610482505,"path_taken":["M","?","M","M","?","E","R","E","T","R","E","$","M","E","R","BOSS","M","M","?","$","?","E","R","E","T","?","$","E","R","M","R_BF","BOSS","M","?","?","$","?","E","R","E","MIM","?","M","E","?","?","R_BF","BOSS"],"items_purchased_type":["Card","Relic","Card","Relic","Relic","Card","Card"],"build_version":"2020-12-18","purchased_purges":4,"victory":true,"max_hp_per_floor":[70,70,70,70,70,70,70,70,70,70,70,70,70,70,70,70,70,70,70,70,70,70,70,70,70,70,70,70,70,70,70,70,70,53,53,53,53,53,53,53,53,53,58,58,58,65,65,65,65,65],"card_choices":[{"not_picked":["expansioncontent:PolyBeam","expansioncontent:DecasProtection"],"picked":"Impatience","floor":0},{"not_picked":["Crippling Poison","Blade Dance"],"picked":"Underhanded Strike","floor":1},{"not_picked":["Quick Slash","Flying Knee"],"picked":"Deflect","floor":3},{"not_picked":["PiercingWail","hubris:SlightOfHand"],"picked":"Dagger Throw","floor":4},{"not_picked":["hubris:SlightOfHand","hubris:TrickCloak"],"picked":"Blur","floor":6},{"not_picked":["Poisoned Stab","Flying Knee"],"picked":"Masterful Stab","floor":8},{"not_picked":["hubris:Counter","Deadly Poison"],"picked":"Escape Plan","floor":11},{"not_picked":["Blade Dance","Predator"],"picked":"Tactician","floor":13},{"not_picked":["Hidden Blade","Poisoned Stab"],"picked":"Quick Slash","floor":14},{"not_picked":["Storm of Steel","StuffTheSpire:FinalStruggle"],"picked":"Adrenaline","floor":16},{"not_picked":["StuffTheSpire:ClusterCrunch","All Out Attack"],"picked":"Quick Slash","floor":18},{"not_picked":["Bane","StuffTheSpire:Sprint"],"picked":"Outmaneuver","floor":19},{"not_picked":["Dagger Throw","Poisoned Stab+1"],"picked":"Expertise","floor":22},{"not_picked":["Hidden Blade","Well Laid Plans"],"picked":"Underhanded Strike","floor":23},{"not_picked":["Crippling Poison","StuffTheSpire:BumpUp"],"picked":"ReplayTheSpireMod:The Works","floor":25},{"not_picked":["Dagger Spray","Heel Hook"],"picked":"Escape Plan","floor":29},{"not_picked":["Concentrate","Prepared"],"picked":"Underhanded Strike","floor":31},{"not_picked":["ReplayTheSpireMod:From All Sides","ReplayTheSpireMod:Necrosis"],"picked":"After Image","floor":33},{"not_picked":["Dagger Throw+1","Poisoned Stab"],"picked":"ReplayTheSpireMod:The Works","floor":35},{"not_picked":["ReplayTheSpireMod:Shiv Toss","Bane"],"picked":"Prepared+1","floor":40},{"not_picked":["Dagger Throw+1","Glass Knife"],"picked":"Calculated Gamble+1","floor":42},{"not_picked":["Cloak And Dagger","Deflect+1"],"picked":"Phantasmal Killer","floor":45},{"not_picked":["StuffTheSpire:Sprint+1","PiercingWail+1","Blur+1"],"picked":"SKIP","floor":46}],"player_experience":242896,"relics_obtained":[{"floor":6,"key":"StuffTheSpire:Mouthbags"},{"floor":8,"key":"Grinning Jar"},{"floor":9,"key":"hubris:CrystalStatue"},{"floor":11,"key":"Torii"},{"floor":14,"key":"Old Coin"},{"floor":22,"key":"conspire:Flyswatter"},{"floor":23,"key":"Juzu Bracelet"},{"floor":25,"key":"Replay:Wax Seal"},{"floor":26,"key":"conspire:TopHat"},{"floor":29,"key":"Peace Pipe"},{"floor":32,"key":"ReplayTheSpireMod:TigerMarble"},{"floor":37,"key":"Incense Burner"},{"floor":40,"key":"Pantograph"},{"floor":42,"key":"conspire:Boomerang"},{"floor":43,"key":"hubris:64BitClover"},{"floor":43,"key":"Replay:Towering Pillar of Hats"},{"floor":46,"key":"Strawberry"},{"floor":48,"key":"Ring of Panic"},{"floor":48,"key":"Ring of Misfortune"},{"floor":49,"key":"aspiration:ChemicalBlood"}],"event_choices":[{"damage_healed":0,"gold_gain":75,"player_choice":"Gold","damage_taken":11,"max_hp_gain":0,"max_hp_loss":0,"event_name":"betterThird:BetterGoop","floor":2,"gold_loss":0},{"damage_healed":0,"gold_gain":0,"player_choice":"Ignored","damage_taken":0,"max_hp_gain":0,"max_hp_loss":0,"event_name":"betterNote:BetterNote","floor":20,"gold_loss":0,"cards_obtained":["Worship"]},{"damage_healed":0,"gold_gain":0,"player_choice":"Gave Potion","damage_taken":0,"relics_obtained":["StuffTheSpire:GrapeVine"],"max_hp_gain":0,"max_hp_loss":0,"event_name":"WeMeetAgain","floor":27,"gold_loss":0},{"damage_healed":0,"gold_gain":100,"player_choice":"Pray","damage_taken":0,"max_hp_gain":0,"max_hp_loss":0,"event_name":"Golden Shrine","floor":36,"gold_loss":0},{"damage_healed":0,"gold_gain":0,"player_choice":"Fight","damage_taken":0,"max_hp_gain":0,"max_hp_loss":0,"event_name":"Mysterious Sphere","floor":37,"gold_loss":0},{"damage_healed":0,"gold_gain":0,"player_choice":"Embrace Madness","damage_taken":7,"max_hp_gain":0,"max_hp_loss":0,"event_name":"Winding Halls","floor":44,"gold_loss":0,"cards_obtained":["Madness","Madness"]},{"cards_removed":["Neutralize"],"damage_healed":0,"gold_gain":0,"player_choice":"Purged","damage_taken":0,"max_hp_gain":0,"max_hp_loss":0,"event_name":"Purifier","floor":47,"gold_loss":0}],"is_beta":true,"boss_relics":[{"not_picked":["StuffTheSpire:ModemDavis","Philosopher\u0027s Stone"],"picked":"Astrolabe"},{"not_picked":["Kintsugi","Replay:Ancient Bell"],"picked":"Replay:Drink Me"}],"items_purged_floors":[12,21,28,38],"is_endless":false,"potions_floor_spawned":[4,8,19,23,25,31,37,42,45],"ascension_level":1}}