{"host":"eeeqmyc7a1933jos","time":1610469589,"event":{"mods":["2.2 Compatiblity","Act Like it!","BaseMod","CapriCore","Colored Powertips","Conspire","Downfall","Elementarium","Friendly Minions","Gensokyo","GifTheSpireLib","Gremlin Mod","Hallownest","Hermit","Hubris","Infinite Spire","Jorbs\u0027s Wanderer Trilogy","Marisa????????","Mimic Mod","Minty Spire (QoL Compilation)","Pale of the Ancients","Random Character Button","Random Character Mod","Reimu??????","Relic Sorter","Relic Stats","Replay The Spire","SIMod","Shade Mod","StSLib","The Administrix","The Bug Knight","The Hierophant","The Immortal","The Mystic","The Runesmith","The Senshi","The Vixen","TheBandit","TheFirefly","TheVacant","Wandering Minibosses"],"gold_per_floor":[112,112,126,159,172,172,206,206,257,284,302,320,320,331,331,436,536,550,570,459,550,567,594,594,625,625,644,644,697,697,724,724,823,823,841,841,641,751,265,350,367,367,458,458,505,505,505,505,505],"floor_reached":48,"playtime":6118,"items_purged":[],"score":809,"play_id":"0d686158-6031-490f-ab2e-75efeb9d2848","local_time":"20210112173949","is_ascension_mode":true,"campfire_choices":[{"data":"Runesmith:Reinforce","floor":6,"key":"SMITH"},{"data":"Runesmith:CraftVitae","floor":8,"key":"SMITH"},{"data":"Runesmith:Permafrost","floor":13,"key":"SMITH"},{"data":"Runesmith:Firestorm","floor":15,"key":"SMITH"},{"data":"Runesmith:Reinforce","floor":24,"key":"SMITH"},{"data":"Runesmith:CraftFirestone","floor":30,"key":"SMITH"},{"data":"Runesmith:Empowerment","floor":32,"key":"SMITH"},{"data":"Runesmith:FieryHammer+1","floor":42,"key":"SMITH"},{"data":"Thinking Ahead","floor":47,"key":"SMITH"}],"circlet_count":0,"master_deck":["Runesmith:Strike_RS+1","Runesmith:Strike_RS+1","Runesmith:Strike_RS+1","Runesmith:Defend_RS+1","Runesmith:Defend_RS+1","Runesmith:Defend_RS+1","Runesmith:Defend_RS+1","Runesmith:CraftFirestone+1","Runesmith:Fortify+1","Runesmith:FrozenChisel+1","Runesmith:Reinforce+1","Runesmith:CraftVitae+1","Runesmith:FieryHammer+2","Runesmith:EarthShield+1","hubris:NaturalOne","Runesmith:Grindstone+1","Runesmith:Permafrost+1","Runesmith:Firestorm+1","Runesmith:ReplicatingBarrier+1","Runesmith:CraftReservo+1","Runesmith:Grindstone+1","Runesmith:FissionHammer+1","Runesmith:ElementalConversion+1","Runesmith:Grindstone+1","Runesmith:StaticCage+1","Runesmith:Grindstone+1","Runesmith:Reinforce+1","Hallownest:attackMasterCycloneSlash+1","Runesmith:Empowerment+1","Runesmith:ReplicatingBarrier+1","Runesmith:StaticCage+1","conspire:SpireCoStock","conspire:SpireCoStock","conspire:SpireCoStock","conspire:SpireCoStock","Runesmith:HammerAndChisel+1","Runesmith:FissionHammer","Runesmith:LithiumIon","Runesmith:Firestorm","Runesmith:Firestorm","Runesmith:GenerateForcefield","Runesmith:EarthShield","Thinking Ahead+1"],"relics":["Runesmith:BrokenRuby","hubris:Icosahedron","Strawberry","ReplayFunnel","Gremlin Food","Mercury Hourglass","Replay:Wanted Poster","Oddly Smooth Stone","The Courier","conspire:Dentures","PreservedInsect","conspire:SeveredTorchhead","Mark of the Bloom","infinitespire:BottledMercury","Bird Faced Urn","Replay:Rubber Ducky","Du-Vu Doll"],"acts_visited":["Exordium","Exordium","TheBeyond"],"potions_floor_usage":[14,16,16,29,33,45,45,45],"damage_taken":[{"damage":0,"enemies":"Small Slimes","floor":1,"turns":4},{"damage":10,"enemies":"Jaw Worm","floor":3,"turns":4},{"damage":0,"enemies":"Cultist","floor":4,"turns":6},{"damage":0,"enemies":"Cultist","floor":5,"turns":3},{"damage":2,"enemies":"HollowMod:MossKnight","floor":7,"turns":9},{"damage":0,"enemies":"Replay:BlueRogue","floor":10,"turns":7},{"damage":0,"enemies":"3 Louse","floor":11,"turns":2},{"damage":0,"enemies":"2 Fungi Beasts","floor":12,"turns":3},{"damage":10,"enemies":"Looter","floor":14,"turns":3},{"damage":11,"enemies":"Slime Boss","floor":16,"turns":9},{"damage":0,"enemies":"Hallownest:Flukemon_and_Top","floor":18,"turns":6},{"damage":1,"enemies":"Hallownest:Guard_and_Sentry","floor":19,"turns":8},{"damage":4,"enemies":"Hallownest:3_Mistakes","floor":22,"turns":10},{"damage":0,"enemies":"Hallownest:Nosk","floor":23,"turns":10},{"damage":0,"enemies":"Hallownest:eliteWatcherKnight","floor":25,"turns":20},{"damage":0,"enemies":"Hallownest:monsterShrumalOgre","floor":27,"turns":7},{"damage":12,"enemies":"Hallownest:Glutton_and_Coward","floor":29,"turns":5},{"damage":0,"enemies":"Hallownest:Nosk","floor":31,"turns":10},{"damage":0,"enemies":"Hallownest:BossSoulMaster","floor":33,"turns":18},{"damage":0,"enemies":"3 Darklings","floor":35,"turns":2},{"damage":3,"enemies":"conspire:MimicChest","floor":38,"turns":13},{"damage":41,"enemies":"Giant Head","floor":40,"turns":12},{"damage":0,"enemies":"Orb Walker","floor":41,"turns":6},{"damage":0,"enemies":"Spire Growth","floor":43,"turns":16},{"damage":19,"enemies":"Spire Growth","floor":45,"turns":8},{"damage":16,"enemies":"Jaw Worm Horde","floor":48,"turns":1}],"seed_played":"3464600544291249818","potions_obtained":[{"floor":1,"key":"BlessingOfTheForge"},{"floor":10,"key":"Elixir"},{"floor":16,"key":"SpeedPotion"},{"floor":23,"key":"ColorlessPotion"},{"floor":27,"key":"Dexterity Potion"},{"floor":31,"key":"EntropicBrew"},{"floor":33,"key":"BlessingOfTheForge"},{"floor":45,"key":"Dexterity Potion"}],"is_trial":false,"path_per_floor":["M","?","M","MIM","M","R","E","R","T","E","M","M","R","M","R","B",null,"M","M","$","?","M","E","R","E","T","M","?","M","R","E","R","B",null,"M","?","?","?","$","E","M","R","MIM","?","M","?","R","M"],"character_chosen":"RUNESMITH_CLASS","items_purchased":["Runesmith:FissionHammer+1","Runesmith:FissionHammer","Runesmith:LithiumIon","Bird Faced Urn","Runesmith:Firestorm","Runesmith:Firestorm"],"campfire_rested":0,"item_purchase_floors":[20,39,39,39,39,39],"current_hp_per_floor":[70,70,60,67,67,67,65,65,65,65,65,65,65,55,55,44,77,77,76,76,69,65,65,65,65,65,65,65,53,53,53,53,53,77,77,77,77,74,74,33,33,33,33,33,14,14,14,0,0],"gold":505,"neow_bonus":"REMOVE_CARD","is_daily":false,"chose_seed":false,"campfire_upgraded":9,"win_rate":0.0,"timestamp":1610469589,"path_taken":["M","?","M","?","M","R","E","R","T","E","M","M","R","M","R","BOSS","M","M","$","?","M","E","R","E","T","M","?","M","R","E","R","BOSS","M","?","?","?","$","E","?","R","MIM","?","M","?","R","M"],"items_purchased_type":["Card","Card","Card","Relic","Card","Card"],"build_version":"2020-12-22","purchased_purges":0,"victory":false,"max_hp_per_floor":[70,70,70,77,77,77,77,77,77,77,77,77,77,77,77,77,77,77,77,77,77,77,77,77,77,77,77,77,77,77,77,77,77,77,77,77,77,77,77,77,77,77,77,77,77,77,77,77,77],"relic_stats":{"Mark of the Bloom":68,"counters":[26,200],"Bird Faced Urn":[0],"PreservedInsect":125,"obtain_stats":[{"ReplayFunnel":7,"Gremlin Food":9,"conspire:Dentures":26,"infinitespire:BottledMercury":38,"Runesmith:BrokenRuby":0,"Mark of the Bloom":36,"Oddly Smooth Stone":23,"The Courier":25,"PreservedInsect":31,"Mercury Hourglass":10,"Replay:Rubber Ducky":40,"Replay:Wanted Poster":17,"conspire:SeveredTorchhead":34,"Du-Vu Doll":43,"hubris:Icosahedron":2,"Strawberry":4,"Bird Faced Urn":39},{"ReplayFunnel":5,"Gremlin Food":5,"conspire:Dentures":15,"infinitespire:BottledMercury":21,"Runesmith:BrokenRuby":0,"Mark of the Bloom":20,"Oddly Smooth Stone":14,"The Courier":15,"PreservedInsect":18,"Mercury Hourglass":6,"Replay:Rubber Ducky":22,"Replay:Wanted Poster":10,"conspire:SeveredTorchhead":19,"Du-Vu Doll":24,"hubris:Icosahedron":1,"Strawberry":3,"Bird Faced Urn":21},{"ReplayFunnel":26,"Gremlin Food":26,"conspire:Dentures":102,"infinitespire:BottledMercury":157,"Runesmith:BrokenRuby":0,"Mark of the Bloom":144,"Oddly Smooth Stone":82,"The Courier":102,"PreservedInsect":124,"Mercury Hourglass":33,"Replay:Rubber Ducky":169,"Replay:Wanted Poster":49,"conspire:SeveredTorchhead":142,"Du-Vu Doll":191,"hubris:Icosahedron":4,"Strawberry":14,"Bird Faced Urn":157}],"Mercury Hourglass":[584]},"card_choices":[{"not_picked":["Runesmith:HammerThrow","Runesmith:CraftProtectio"],"picked":"Runesmith:FrozenChisel","floor":1},{"not_picked":["Runesmith:CraftProtectio","Runesmith:Overpower"],"picked":"Runesmith:Reinforce","floor":3},{"not_picked":["Runesmith:RuneHurl","Runesmith:Malloc"],"picked":"Runesmith:CraftVitae","floor":4},{"not_picked":["Runesmith:CraftMagma","Runesmith:Grindstone"],"picked":"Runesmith:FieryHammer","floor":5},{"not_picked":["Runesmith:ChargedHammer","Runesmith:CraftObretio"],"picked":"Runesmith:EarthShield","floor":7},{"not_picked":["Runesmith:CraftObretio","Runesmith:WhiteBalance"],"picked":"Runesmith:Grindstone","floor":10},{"not_picked":["Runesmith:Repurpose","Runesmith:GoWithTheFlow"],"picked":"Runesmith:Permafrost","floor":11},{"not_picked":["Runesmith:Repurpose","Runesmith:EnergizedChisel","Runesmith:HeatExchange"],"picked":"SKIP","floor":12},{"not_picked":["Runesmith:ShiftingStrike","Runesmith:CraftMagma"],"picked":"Runesmith:Firestorm","floor":14},{"not_picked":["Runesmith:UnlimitedPower","Runesmith:LastStand"],"picked":"Runesmith:ReplicatingBarrier","floor":16},{"not_picked":["Runesmith:EarthShield","Runesmith:Electrocute"],"picked":"Runesmith:CraftReservo","floor":18},{"not_picked":["Runesmith:EarthShield","Runesmith:HammerAndChisel"],"picked":"Runesmith:Grindstone","floor":19},{"not_picked":["Runesmith:RuneHurl","Runesmith:EnergizedChisel+1"],"picked":"Runesmith:ElementalConversion+1","floor":21},{"not_picked":["Runesmith:Overpower","Runesmith:HeatExchange"],"picked":"Runesmith:Grindstone","floor":21},{"not_picked":["Runesmith:CraftProtectio+1","Runesmith:HammerThrow"],"picked":"Runesmith:StaticCage","floor":21},{"not_picked":["Runesmith:ChargedHammer","Runesmith:Malloc"],"picked":"Runesmith:Grindstone","floor":22},{"not_picked":["Runesmith:GrandSlam","Runesmith:UnstableHammer"],"picked":"Runesmith:Reinforce","floor":23},{"not_picked":["Runesmith:ShiftingStrike","Runesmith:Repurpose","Runesmith:BackupBattery+1"],"picked":"SKIP","floor":25},{"not_picked":["Runesmith:MakeshiftArmor","Runesmith:ShiftingStrike","Runesmith:Repurpose"],"picked":"SKIP","floor":27},{"not_picked":["Runesmith:BackupBattery+1","Runesmith:LastStand","Runesmith:Grindstone"],"picked":"SKIP","floor":29},{"not_picked":["Runesmith:Firestorm","Runesmith:CraftMagma"],"picked":"Runesmith:Empowerment","floor":31},{"not_picked":["Runesmith:LastStand","Runesmith:LightningRod"],"picked":"Runesmith:ReplicatingBarrier","floor":33},{"not_picked":["Runesmith:Grindstone+1","Runesmith:ChiselStab"],"picked":"Runesmith:StaticCage+1","floor":35},{"not_picked":["Runesmith:CraftObretio","Runesmith:ChaoticBlast"],"picked":"Runesmith:HammerAndChisel+1","floor":38},{"not_picked":["Runesmith:Discharge","Runesmith:UnstableHammer","Runesmith:Reinforce+1"],"picked":"SKIP","floor":40},{"not_picked":["Runesmith:ChargedHammer","Runesmith:Retool+1"],"picked":"Runesmith:GenerateForcefield","floor":41},{"not_picked":["Runesmith:Repurpose+1","Runesmith:CraftIncendium"],"picked":"Runesmith:EarthShield","floor":45},{"not_picked":["Poisoned Strike","Magnetism"],"picked":"Thinking Ahead","floor":46}],"player_experience":1418596,"relics_obtained":[{"floor":4,"key":"Strawberry"},{"floor":7,"key":"ReplayFunnel"},{"floor":9,"key":"Gremlin Food"},{"floor":10,"key":"Mercury Hourglass"},{"floor":23,"key":"Oddly Smooth Stone"},{"floor":25,"key":"The Courier"},{"floor":26,"key":"conspire:Dentures"},{"floor":31,"key":"PreservedInsect"},{"floor":38,"key":"infinitespire:BottledMercury"},{"floor":40,"key":"Replay:Rubber Ducky"},{"floor":43,"key":"Du-Vu Doll"}],"event_choices":[{"damage_healed":0,"gold_gain":0,"player_choice":"Upgrade","damage_taken":0,"relics_obtained":["Mark of the Bloom"],"max_hp_gain":0,"max_hp_loss":0,"event_name":"MindBloom","floor":36,"gold_loss":0,"cards_upgraded":["Runesmith:Strike_RS","Runesmith:Strike_RS","Runesmith:Strike_RS","Runesmith:Defend_RS","Runesmith:Defend_RS","Runesmith:Defend_RS","Runesmith:Defend_RS","Runesmith:Fortify","Runesmith:FrozenChisel","Runesmith:FieryHammer","Runesmith:EarthShield","Runesmith:Grindstone","Runesmith:ReplicatingBarrier","Runesmith:CraftReservo","Runesmith:Grindstone","Runesmith:Grindstone","Runesmith:StaticCage","Runesmith:Grindstone","Hallownest:attackMasterCycloneSlash","Runesmith:ReplicatingBarrier"]},{"damage_healed":0,"gold_gain":0,"player_choice":"Invest 4","damage_taken":0,"max_hp_gain":0,"max_hp_loss":0,"event_name":"conspire:Investor","floor":37,"gold_loss":0},{"damage_healed":0,"gold_gain":0,"player_choice":"Ignored","damage_taken":0,"max_hp_gain":0,"max_hp_loss":0,"event_name":"Tomb of Lord Red Mask","floor":44,"gold_loss":0},{"damage_healed":0,"gold_gain":0,"player_choice":"Memory 1","damage_taken":0,"max_hp_gain":0,"max_hp_loss":0,"event_name":"SensoryStone","floor":46,"gold_loss":0}],"is_beta":false,"boss_relics":[{"not_picked":["hubris:GrandSneckoEye","conspire:SlowCooker"],"picked":"Replay:Wanted Poster"},{"not_picked":["ReplayTheSpireMod:SealedPack","Sozu"],"picked":"conspire:SeveredTorchhead"}],"items_purged_floors":[],"is_endless":false,"potions_floor_spawned":[1,10,16,23,27,31,33,38,45],"killed_by":"Jaw Worm Horde","ascension_level":1}}