{"host":"v4pe0ixo3k7iwzp0","time":1610488784,"event":{"mods":["Ascension Reborn","BaseMod","Bestiary","Highlight Path","Minty Spire (QoL Compilation)","StSLib","The Marked"],"gold_per_floor":[114,124,138,150,161,196,196,146,197,197,197,224,224,238,238,340,340,359,188,200,200,216,216,216,216,216,216,229,84,102,121,121,222,272,289,305,323,333,333,333,353,353,353,369,383,383,402,57,57,57],"floor_reached":51,"language":"ENG","playtime":3370,"items_purged":["theMarked:Strike"],"score":413,"play_id":"e1c144b6-b141-458a-8e07-4ae0ede6ce02","local_time":"20210112135944","is_ascension_mode":true,"campfire_choices":[{"floor":7.0,"key":"REST"},{"data":"theMarked:SoldierOfQuellstein","floor":10.0,"key":"SMITH"},{"floor":13.0,"key":"REST"},{"data":"theMarked:ReduceFriction","floor":15.0,"key":"SMITH"},{"data":"theMarked:ElementalBlade","floor":23.0,"key":"SMITH"},{"floor":32.0,"key":"REST"},{"floor":40.0,"key":"REST"},{"floor":46.0,"key":"REST"},{"floor":49,"key":"REST"}],"circlet_count":0,"master_deck":["theMarked:Strike","theMarked:Strike","theMarked:Defend","theMarked:Defend","theMarked:Defend","theMarked:Defend","theMarked:SoldierOfQuellstein+1","theMarked:WardOff","theMarked:Aftermath","theMarked:EmpowerWeapon+1","theMarked:ResourceFulStrike+1","theMarked:ReduceFriction+1","theMarked:HeightenedSenses","theMarked:Overcharge+1","theMarked:EternalStudent","theMarked:Frustration+1","theMarked:SwordAndMagic+1","theMarked:ElementalBlade+1","theMarked:SwordAndMagic+1","theMarked:EmpowerWeapon","theMarked:AttractMetal+1","theMarked:Parry+1","theMarked:ElectricStrings+1","theMarked:BanishingStrike+1","theMarked:BindingBlade","theMarked:HeightenedSenses+1","theMarked:ChainLightning+1","theMarked:Reabsorb","theMarked:RogueSparks+1","theMarked:WastefulDefense+1","theMarked:ChannelForce","theMarked:EmpowerWeapon","theMarked:EmpowerWeapon+1"],"relics":["theMarked:ArtifactOfAir","Question Card","Omamori","Molten Egg 2","theMarked:SpiritSword","Pear","Happy Flower","Tiny House","Mummified Hand","TungstenRod","CaptainsWheel"],"acts_visited":["Exordium","TheCity","TheBeyond"],"potions_floor_usage":[50,50],"damage_taken":[{"damage":0.0,"enemies":"Cultist","floor":1.0,"turns":3.0},{"damage":0.0,"enemies":"Small Slimes","floor":2.0,"turns":3.0},{"damage":0.0,"enemies":"Jaw Worm","floor":3.0,"turns":4.0},{"damage":3.0,"enemies":"Lots of Slimes","floor":4.0,"turns":5.0},{"damage":2.0,"enemies":"Exordium Wildlife","floor":5.0,"turns":6.0},{"damage":11.0,"enemies":"3 Sentries","floor":6.0,"turns":6.0},{"damage":9.0,"enemies":"Lagavulin","floor":12.0,"turns":6.0},{"damage":3.0,"enemies":"Exordium Thugs","floor":14.0,"turns":3.0},{"damage":18.0,"enemies":"Slime Boss","floor":16.0,"turns":10.0},{"damage":6.0,"enemies":"3 Byrds","floor":18.0,"turns":6.0},{"damage":14.0,"enemies":"2 Thieves","floor":20.0,"turns":3.0},{"damage":0.0,"enemies":"Snecko","floor":22.0,"turns":2.0},{"damage":6.0,"enemies":"Colosseum Slavers","floor":27.0,"turns":3.0},{"damage":8.0,"enemies":"Chosen and Byrds","floor":28.0,"turns":4.0},{"damage":0.0,"enemies":"Centurion and Healer","floor":30.0,"turns":3.0},{"damage":32.0,"enemies":"Snecko","floor":31.0,"turns":5.0},{"damage":15.0,"enemies":"Champ","floor":33.0,"turns":8.0},{"damage":23.0,"enemies":"3 Shapes","floor":35.0,"turns":3.0},{"damage":1.0,"enemies":"3 Darklings","floor":36.0,"turns":3.0},{"damage":4.0,"enemies":"Transient","floor":37.0,"turns":5.0},{"damage":17.0,"enemies":"Maw","floor":38.0,"turns":6.0},{"damage":16.0,"enemies":"Jaw Worm Horde","floor":41.0,"turns":4.0},{"damage":8.0,"enemies":"Sphere and 2 Shapes","floor":44.0,"turns":3.0},{"damage":0.0,"enemies":"Transient","floor":45.0,"turns":5.0},{"damage":26,"enemies":"Writhing Mass","floor":47,"turns":5},{"damage":27,"enemies":"Donu and Deca","floor":50,"turns":6}],"seed_played":"1947680413303391249","potions_obtained":[{"floor":1.0,"key":"SpeedPotion"},{"floor":6.0,"key":"LiquidMemories"},{"floor":14.0,"key":"FearPotion"},{"floor":18.0,"key":"Weak Potion"},{"floor":20.0,"key":"Swift Potion"},{"floor":31.0,"key":"Weak Potion"},{"floor":34.0,"key":"SkillPotion"},{"floor":38.0,"key":"Ancient Potion"},{"floor":41.0,"key":"Explosive Potion"},{"floor":44.0,"key":"Block Potion"},{"floor":47,"key":"BlessingOfTheForge"}],"is_trial":true,"path_per_floor":["M","M","M","M","M","E","R","?","T","R","?","E","R","M","R","B",null,"M","$","M","?","M","R","$","?","T","?","M","$","M","M","R","B",null,"M","M","M","M","T","R","M","?","T","M","M","R","M","$","R","B",null],"character_chosen":"THE_DEFAULT","items_purchased":["theMarked:SwordAndMagic+1","theMarked:ElementalBlade","Happy Flower","CaptainsWheel","PowerPotion"],"campfire_rested":6,"item_purchase_floors":[19,19,29,48,48],"current_hp_per_floor":[74,74,74,71,69,58,74,74,74,74,74,65,74,71,71,53,74,68,68,54,54,54,54,54,54,64,58,50,50,50,18,43,28,89,66,65,61,44,44,70,54,76,76,68,68,89,63,63,89,62],"gold":57,"neow_bonus":"","is_daily":false,"chose_seed":false,"campfire_upgraded":3,"win_rate":0.0,"timestamp":1610488784,"path_taken":["M","M","M","?","?","E","R","?","T","R","?","E","R","?","R","BOSS","M","$","M","?","M","R","?","?","T","?","M","?","?","M","R","BOSS","M","M","M","M","?","R","M","?","T","M","M","R","M","?","R","BOSS"],"items_purchased_type":["Card","Card","Relic","Relic","Potion"],"build_version":"2020-12-22","purchased_purges":1,"victory":true,"max_hp_per_floor":[74,74,74,74,74,74,74,74,74,74,74,74,74,74,74,74,74,74,74,74,74,74,74,74,74,84,84,84,84,84,84,84,84,89,89,89,89,89,89,89,89,89,89,89,89,89,89,89,89,89],"card_choices":[{"not_picked":["theMarked:LightningStrikesTwice+1","theMarked:Parkour","theMarked:Improvise"],"picked":"SKIP","floor":1.0},{"not_picked":["theMarked:Standoff","theMarked:BanishingStrike"],"picked":"theMarked:WardOff","floor":2.0},{"not_picked":["theMarked:ThrowWeapon","theMarked:Parkour"],"picked":"theMarked:Aftermath","floor":3.0},{"not_picked":["theMarked:ChainLightning+1","theMarked:AttractMetal"],"picked":"theMarked:EmpowerWeapon+1","floor":4.0},{"not_picked":["theMarked:Frustration","theMarked:TunnelVision"],"picked":"theMarked:ResourceFulStrike+1","floor":5.0},{"not_picked":["theMarked:ShockingTouch","theMarked:ResourceFulStrike+1"],"picked":"theMarked:ReduceFriction","floor":6.0},{"not_picked":["theMarked:Opportunist","theMarked:Seal","theMarked:EnhanceMovement"],"picked":"theMarked:HeightenedSenses","floor":12.0},{"not_picked":["theMarked:GodGivenPower","theMarked:Frustration+1","theMarked:WastefulDefense"],"picked":"theMarked:Overcharge+1","floor":14.0},{"not_picked":["theMarked:UnarmedFury+1","theMarked:ChannelForce","theMarked:Snap+1"],"picked":"theMarked:EternalStudent","floor":16.0},{"not_picked":["theMarked:Panic","theMarked:Parkour+1","theMarked:Electrify"],"picked":"theMarked:Frustration+1","floor":18.0},{"not_picked":["theMarked:TunnelVision+1","theMarked:RepellingDischarge+1","theMarked:Parkour+1"],"picked":"theMarked:SwordAndMagic+1","floor":20.0},{"not_picked":["theMarked:BanishingStrike+1","theMarked:Improvise","theMarked:MysticalArsenal+1"],"picked":"theMarked:EmpowerWeapon","floor":22.0},{"not_picked":["theMarked:RogueSparks+1","theMarked:Frustration+1","theMarked:Electrify+1"],"picked":"theMarked:Parry+1","floor":28.0},{"not_picked":["theMarked:PowerFlow","theMarked:TakeOffHeels","theMarked:TakeCover+1"],"picked":"theMarked:ElectricStrings+1","floor":30.0},{"not_picked":["theMarked:StartUp+1","theMarked:Indomitable+1","theMarked:HeightenedSenses+1"],"picked":"theMarked:BanishingStrike+1","floor":31.0},{"not_picked":["theMarked:TurnInvisible","theMarked:TakeOffHeels","theMarked:FavorableWinds"],"picked":"theMarked:BindingBlade","floor":33.0},{"not_picked":["theMarked:ResourceFulStrike+1","theMarked:Frustration+1","theMarked:Indomitable"],"picked":"theMarked:HeightenedSenses+1","floor":34.0},{"not_picked":["theMarked:Indomitable+1","theMarked:Polarize+1","theMarked:ShockingTouch+1"],"picked":"theMarked:ChainLightning+1","floor":35.0},{"not_picked":["theMarked:WardOff+1","theMarked:ResourceFulStrike+1","theMarked:CreepingChasm"],"picked":"theMarked:Reabsorb","floor":36.0},{"not_picked":["theMarked:RepellingDischarge+1","theMarked:Parry","theMarked:Frustration+1"],"picked":"theMarked:RogueSparks+1","floor":37.0},{"not_picked":["theMarked:HeightenedSenses+1","theMarked:WardOff","theMarked:ResourceFulStrike+1","theMarked:RepellingDischarge+1"],"picked":"SKIP","floor":38.0},{"not_picked":["theMarked:WardOff+1","theMarked:BanishingWave+1","theMarked:ElectricStrings+1"],"picked":"theMarked:WastefulDefense+1","floor":41.0},{"not_picked":["theMarked:TwofoldDefense+1","theMarked:RepellingDischarge+1","theMarked:KeepCalmAndFightOn+1"],"picked":"theMarked:ChannelForce","floor":44.0},{"not_picked":["theMarked:Standoff","theMarked:DeterminationOfTheMarked","theMarked:WardOff"],"picked":"theMarked:EmpowerWeapon","floor":45.0},{"not_picked":["theMarked:Polarize","theMarked:ReduceFriction","theMarked:RepellingDischarge+1"],"picked":"theMarked:EmpowerWeapon+1","floor":47}],"player_experience":126436,"relics_obtained":[{"floor":6.0,"key":"Question Card"},{"floor":9.0,"key":"Omamori"},{"floor":12.0,"key":"Molten Egg 2"},{"floor":26.0,"key":"Pear"},{"floor":39.0,"key":"Mummified Hand"},{"floor":43.0,"key":"TungstenRod"}],"event_choices":[{"cards_removed":["theMarked:Strike"],"damage_healed":0.0,"max_hp_gain":0.0,"max_hp_loss":0.0,"gold_gain":0.0,"event_name":"The Cleric","player_choice":"Card Removal","floor":8.0,"gold_loss":50.0,"damage_taken":0.0},{"cards_removed":["theMarked:Strike"],"damage_healed":0.0,"max_hp_gain":0.0,"max_hp_loss":0.0,"gold_gain":0.0,"event_name":"Purifier","player_choice":"Purged","floor":11.0,"gold_loss":0.0,"damage_taken":0.0},{"damage_healed":0.0,"max_hp_gain":0.0,"max_hp_loss":0.0,"gold_gain":0.0,"event_name":"FaceTrader","player_choice":"Leave","floor":21.0,"gold_loss":0.0,"damage_taken":0.0},{"damage_healed":0.0,"max_hp_gain":0.0,"max_hp_loss":0.0,"gold_gain":0.0,"event_name":"The Library","player_choice":"Read","floor":25.0,"gold_loss":0.0,"damage_taken":0.0,"cards_obtained":["theMarked:AttractMetal"]},{"damage_healed":0.0,"max_hp_gain":0.0,"max_hp_loss":0.0,"gold_gain":0.0,"event_name":"Colosseum","player_choice":"Fight","floor":27.0,"gold_loss":0.0,"damage_taken":0.0},{"damage_healed":0.0,"max_hp_gain":0.0,"max_hp_loss":0.0,"gold_gain":0.0,"event_name":"Colosseum","player_choice":"Fled From Nobs","floor":27.0,"gold_loss":0.0,"damage_taken":0.0},{"damage_healed":22.0,"max_hp_gain":0.0,"max_hp_loss":0.0,"gold_gain":0.0,"event_name":"Winding Halls","player_choice":"Writhe","floor":42.0,"gold_loss":0.0,"damage_taken":0.0,"cards_obtained":["Writhe"]}],"is_beta":false,"boss_relics":[{"not_picked":["SacredBark","Cursed Key"],"picked":"theMarked:SpiritSword"},{"not_picked":["Empty Cage","Runic Pyramid"],"picked":"Tiny House"}],"items_purged_floors":[19],"is_endless":false,"potions_floor_spawned":[1,6,14,18,20,27,31,38,41,44,47],"ascension_level":-9}}