{"host":"uv231blk40vjdojr","time":1610483181,"event":{"mods":["AchievementEnabler","BaseMod","Bestiary","Minty Spire (QoL Compilation)","Relic Stats"],"gold_per_floor":[110,122,122,122,47,61,86,86,160,185,212,224,324,336,336,336,336],"floor_reached":16,"language":"ENG","playtime":456,"items_purged":["Defend_R"],"score":135,"play_id":"520ed36e-2156-4ca6-bc54-0569be1c2ee7","local_time":"20210112212621","is_ascension_mode":false,"campfire_choices":[{"floor":15,"key":"REST"}],"circlet_count":0,"master_deck":["Strike_R","Strike_R","Strike_R","Strike_R","Strike_R","Defend_R","Defend_R+1","Defend_R+1","Bash+1"],"relics":["Burning Blood","PreservedInsect","Pear","Odd Mushroom","Girya"],"acts_visited":["Exordium"],"potions_floor_usage":[10,14,16],"damage_taken":[{"damage":0,"enemies":"2 Louse","floor":1,"turns":2},{"damage":0,"enemies":"Small Slimes","floor":2,"turns":3},{"damage":6,"enemies":"Jaw Worm","floor":6,"turns":3},{"damage":47,"enemies":"Lagavulin","floor":7,"turns":7},{"damage":26,"enemies":"The Mushroom Lair","floor":10,"turns":4},{"damage":20,"enemies":"3 Sentries","floor":11,"turns":8},{"damage":8,"enemies":"3 Louse","floor":12,"turns":4},{"damage":18,"enemies":"Gremlin Gang","floor":14,"turns":7},{"damage":55,"enemies":"Slime Boss","floor":16,"turns":7}],"seed_played":"-3157381297232510056","potions_obtained":[{"floor":1,"key":"BloodPotion"},{"floor":7,"key":"Swift Potion"},{"floor":14,"key":"Regen Potion"}],"is_trial":false,"path_per_floor":["M","M","?","?","$","M","E","$","T","?","E","M","?","M","R","B"],"character_chosen":"IRONCLAD","items_purchased":[],"campfire_rested":1,"item_purchase_floors":[],"current_hp_per_floor":[80,80,64,69,69,69,28,28,38,37,23,21,21,9,37,0,0],"gold":336,"neow_bonus":"UPGRADE_CARD","is_daily":false,"chose_seed":false,"campfire_upgraded":0,"win_rate":0.0,"timestamp":1610483181,"path_taken":["M","M","?","?","$","M","E","$","T","?","E","?","?","M","R","BOSS"],"items_purchased_type":[],"build_version":"2020-12-22","purchased_purges":1,"victory":false,"max_hp_per_floor":[80,80,80,85,85,85,85,85,95,95,95,95,95,95,95,95,95],"relic_stats":{"counters":[9,45],"PreservedInsect":30,"obtain_stats":[{"Girya":11,"Pear":9,"PreservedInsect":7,"Odd Mushroom":10,"Burning Blood":0},{"Girya":6,"Pear":4,"PreservedInsect":4,"Odd Mushroom":5,"Burning Blood":0},{"Girya":27,"Pear":15,"PreservedInsect":15,"Odd Mushroom":19,"Burning Blood":0}],"Burning Blood":36},"card_choices":[{"not_picked":["Disarm","Spot Weakness","Armaments"],"picked":"SKIP","floor":1},{"not_picked":["Shrug It Off","Iron Wave","Perfected Strike"],"picked":"SKIP","floor":2},{"not_picked":["Shrug It Off","Dual Wield","Twin Strike"],"picked":"SKIP","floor":6},{"not_picked":["True Grit","Dark Embrace","Thunderclap"],"picked":"SKIP","floor":7},{"not_picked":["True Grit","Dark Embrace","Thunderclap"],"picked":"SKIP","floor":7},{"not_picked":["Clash","Warcry","Iron Wave"],"picked":"SKIP","floor":11},{"not_picked":["Sword Boomerang","Wild Strike","Twin Strike"],"picked":"SKIP","floor":12},{"not_picked":["Exhume","Clothesline","Armaments"],"picked":"SKIP","floor":14}],"player_experience":674408,"relics_obtained":[{"floor":7,"key":"PreservedInsect"},{"floor":9,"key":"Pear"},{"floor":10,"key":"Odd Mushroom"},{"floor":11,"key":"Girya"}],"event_choices":[{"damage_healed":0,"gold_gain":0,"player_choice":"Entered Light","damage_taken":16,"max_hp_gain":0,"max_hp_loss":0,"event_name":"Shining Light","floor":3,"gold_loss":0,"cards_upgraded":["Defend_R","Defend_R"]},{"damage_healed":0,"gold_gain":0,"player_choice":"Donut","damage_taken":0,"max_hp_gain":5,"max_hp_loss":0,"event_name":"Big Fish","floor":4,"gold_loss":0},{"damage_healed":0,"gold_gain":0,"player_choice":"Fought Mushrooms","damage_taken":0,"max_hp_gain":0,"max_hp_loss":0,"event_name":"Mushrooms","floor":10,"gold_loss":0},{"damage_healed":0,"gold_gain":100,"player_choice":"Gold","damage_taken":0,"max_hp_gain":0,"max_hp_loss":0,"event_name":"Wheel of Change","floor":13,"gold_loss":0}],"is_beta":false,"boss_relics":[],"items_purged_floors":[5],"is_endless":false,"potions_floor_spawned":[1,7,14],"killed_by":"Slime Boss","ascension_level":0}}