{"host":"ek3xvuouaw6vk9if","time":1610415899,"event":{"mods":["BaseMod","BetterRewards","Hubris","Minty Spire (QoL Compilation)","Permanent Neow","Quick Restart","Relic Stats","Replay The Spire","StSLib","The Bladedancer"],"gold_per_floor":[111,130,140,150,150,179,198,198,198,198,209,225,27,84,84,186,186,199,199,209,209,234,234,159,192,268,280,23,23,55,55,55,158,158,168,168,43,43,43,75,75,103,103,103,117,117,117,131,131,131],"floor_reached":51,"playtime":3121,"items_purged":["blademaster:Strike","blademaster:Defend","blademaster:Defend"],"score":1136,"play_id":"65cb613d-368b-41a4-8356-3b7c87ce4aed","local_time":"20210111204459","is_ascension_mode":true,"campfire_choices":[{"floor":8,"key":"REST"},{"data":"blademaster:EnchantedCuirass","floor":10,"key":"SMITH"},{"data":"hubris:DuctTapeCard","floor":15,"key":"SMITH"},{"floor":23,"key":"REST"},{"data":"blademaster:ColdBlood","floor":29,"key":"SMITH"},{"data":"blademaster:ColdBlood","floor":32,"key":"SMITH"},{"data":"blademaster:Empower","floor":41,"key":"SMITH"},{"data":"blademaster:CombatPrep","floor":46,"key":"SMITH"},{"data":"blademaster:Blockade","floor":49,"key":"SMITH"}],"circlet_count":0,"master_deck":["blademaster:Strike","blademaster:Strike","blademaster:Strike","blademaster:RagingBlow","blademaster:HighVoltage","blademaster:EnchantedCuirass+1","blademaster:Frontflip","blademaster:CombatPrep","blademaster:Frontflip","blademaster:Frenzy","blademaster:BloodyBlow","blademaster:Safeguard","blademaster:Sharpen","hubris:DuctTapeCard+2","blademaster:Flurry","blademaster:ColdBlood+1","blademaster:Havoc","blademaster:Meditate+1","blademaster:Safeguard","blademaster:Safeguard","blademaster:CombatPrep+1","blademaster:ColdBlood+1","blademaster:Blockade+1","blademaster:Empower+1","Finesse","blademaster:CombatPrep+1","hubris:DuctTapeCard+2","blademaster:BladeCross"],"relics":["blademaster:DancersAmulet","hubris:PeanutButter","Counterbalance","ClockworkSouvenir","hubris:DuctTape","hubris:HollowSoul","Enchiridion","Red Mask","Turnip","hubris:SphereOfDissonance","DollysMirror","Anchor","Empty Cage","hubris:TinFlute","Akabeko","Pondfish Scales","Replay:Kaleidoscope"],"acts_visited":["Exordium","TheCity","TheBeyond"],"potions_floor_usage":[6,25,30,50,50],"damage_taken":[{"damage":0,"enemies":"Cultist","floor":1,"turns":4},{"damage":7,"enemies":"Jaw Worm","floor":2,"turns":3},{"damage":0,"enemies":"Small Slimes","floor":3,"turns":3},{"damage":2,"enemies":"Looter","floor":4,"turns":5},{"damage":54,"enemies":"Gremlin Nob","floor":6,"turns":6},{"damage":0,"enemies":"2 Fungi Beasts","floor":7,"turns":5},{"damage":0,"enemies":"Exordium Wildlife","floor":11,"turns":3},{"damage":0,"enemies":"Looter","floor":12,"turns":3},{"damage":0,"enemies":"3 Sentries","floor":14,"turns":7},{"damage":0,"enemies":"Hexaghost","floor":16,"turns":8},{"damage":0,"enemies":"Shell Parasite","floor":18,"turns":4},{"damage":0,"enemies":"Chosen","floor":20,"turns":4},{"damage":29,"enemies":"Masked Bandits","floor":22,"turns":5},{"damage":0,"enemies":"Gremlin Leader","floor":25,"turns":9},{"damage":0,"enemies":"Snecko","floor":27,"turns":5},{"damage":1,"enemies":"Slavers","floor":30,"turns":6},{"damage":20,"enemies":"hubris:MusketHawk","floor":33,"turns":7},{"damage":0,"enemies":"Orb Walker","floor":35,"turns":3},{"damage":7,"enemies":"R_Hoarder","floor":40,"turns":5},{"damage":0,"enemies":"Giant Head","floor":42,"turns":5},{"damage":0,"enemies":"3 Darklings","floor":45,"turns":3},{"damage":0,"enemies":"Transient","floor":48,"turns":5},{"damage":0,"enemies":"Awakened One","floor":50,"turns":7}],"seed_played":"4817035034461439731","potions_obtained":[{"floor":1,"key":"Elixir"},{"floor":3,"key":"AttackPotion"},{"floor":6,"key":"Languid Potion"},{"floor":12,"key":"Death Potion"},{"floor":14,"key":"SpeedPotion"},{"floor":20,"key":"Ancient Potion"},{"floor":27,"key":"Adrenaline Potion"},{"floor":30,"key":"Flashbang"},{"floor":40,"key":"Energy Potion"},{"floor":42,"key":"Venom Potion"}],"is_trial":false,"path_per_floor":["M","M","M","M","?","E","M","R","T","R","M","M","$","?","R","B",null,"M","?","M","?","?","R","$","E","T","M","$","R","E","?","R","B",null,"M","?","$","?","T","E","R","E","T","?","M","R","?","M","R","B",null],"character_chosen":"THE_BLADEMASTER","items_purchased":["blademaster:CombatPrep","ClockworkSouvenir","DollysMirror"],"campfire_rested":2,"item_purchase_floors":[13,13,28],"current_hp_per_floor":[68,61,61,59,59,5,5,25,25,25,25,25,25,25,25,25,68,68,56,56,40,11,32,32,73,73,73,73,73,72,72,72,71,73,73,73,73,69,69,65,65,69,69,69,69,69,69,69,69,69],"gold":131,"neow_bonus":"THREE_RARE_CARDS","is_daily":false,"chose_seed":false,"campfire_upgraded":7,"win_rate":0.0,"timestamp":1610415899,"path_taken":["M","M","?","M","?","E","M","R","T","R","M","M","$","?","R","BOSS","M","?","M","?","?","R","$","E","T","?","$","R","E","?","R","BOSS","M","?","$","?","?","E","R","E","T","?","?","R","?","M","R","BOSS"],"items_purchased_type":["Card","Relic","Relic"],"build_version":"2020-12-22","purchased_purges":3,"victory":true,"max_hp_per_floor":[68,68,68,68,68,68,68,68,68,68,68,68,68,68,68,68,68,68,73,73,73,73,73,73,73,73,73,73,73,73,73,73,73,73,73,73,73,69,69,69,69,69,69,69,69,69,69,69,69,69],"relic_stats":{"counters":[23,115],"Turnip":[2],"obtain_stats":[{"hubris:DuctTape":14,"blademaster:BonusComboPerk":25,"blademaster:StrongPerk":30,"Counterbalance":9,"Enchiridion":21,"hubris:SphereOfDissonance":26,"hubris:HollowSoul":17,"blademaster:RandomBladePerk":40,"Replay:Kaleidoscope":43,"Empty Cage":34,"Akabeko":40,"ClockworkSouvenir":13,"Anchor":30,"Pondfish Scales":42,"DollysMirror":28,"hubris:PeanutButter":6,"Turnip":25,"Red Mask":22,"blademaster:FinisherDrawCardPerk":42,"blademaster:DancersAmulet":0,"blademaster:ComboEveryTurnPerk":6,"hubris:TinFlute":39},{"hubris:DuctTape":8,"blademaster:BonusComboPerk":14,"blademaster:StrongPerk":16,"Counterbalance":6,"Enchiridion":12,"hubris:SphereOfDissonance":14,"hubris:HollowSoul":10,"blademaster:RandomBladePerk":19,"Replay:Kaleidoscope":20,"Empty Cage":17,"Akabeko":19,"ClockworkSouvenir":8,"Anchor":16,"Pondfish Scales":20,"DollysMirror":15,"hubris:PeanutButter":5,"Turnip":14,"Red Mask":13,"blademaster:FinisherDrawCardPerk":20,"blademaster:DancersAmulet":0,"blademaster:ComboEveryTurnPerk":5,"hubris:TinFlute":18},{"hubris:DuctTape":32,"blademaster:BonusComboPerk":69,"blademaster:StrongPerk":80,"Counterbalance":26,"Enchiridion":55,"hubris:SphereOfDissonance":69,"hubris:HollowSoul":47,"blademaster:RandomBladePerk":95,"Replay:Kaleidoscope":100,"Empty Cage":87,"Akabeko":95,"ClockworkSouvenir":32,"Anchor":80,"Pondfish Scales":100,"DollysMirror":74,"hubris:PeanutButter":21,"Turnip":69,"Red Mask":60,"blademaster:FinisherDrawCardPerk":100,"blademaster:DancersAmulet":0,"blademaster:ComboEveryTurnPerk":21,"hubris:TinFlute":90}]},"card_choices":[{"not_picked":["blademaster:RagingBlow","blademaster:StanceMastery"],"picked":"blademaster:EnchantedCuirass","floor":0},{"not_picked":["blademaster:AspectOfLightning","blademaster:AwakeningDefend"],"picked":"blademaster:Frontflip","floor":1},{"not_picked":["blademaster:Discharge","blademaster:SlyStabs"],"picked":"blademaster:CombatPrep","floor":2},{"not_picked":["blademaster:SlyStabs","blademaster:Cut"],"picked":"blademaster:Frontflip","floor":3},{"not_picked":["blademaster:Momentum","blademaster:Reversal"],"picked":"blademaster:Frenzy","floor":4},{"not_picked":["blademaster:Overcharge","blademaster:Quickstep"],"picked":"blademaster:BloodyBlow","floor":6},{"not_picked":["blademaster:Reversal","blademaster:ThunderingOpener"],"picked":"blademaster:Safeguard","floor":7},{"not_picked":["blademaster:Sunder","blademaster:ChargingUp"],"picked":"blademaster:Sharpen","floor":11},{"not_picked":["blademaster:Momentum","blademaster:FuriousStrike"],"picked":"blademaster:Sharpen","floor":12},{"not_picked":["blademaster:FuriousStrike","blademaster:Slice"],"picked":"blademaster:Flurry","floor":14},{"not_picked":["blademaster:BladeDance","blademaster:Blindside"],"picked":"blademaster:ColdBlood","floor":16},{"not_picked":["blademaster:Blockade+1","blademaster:AwakeningDefend+1"],"picked":"blademaster:Havoc","floor":18},{"not_picked":["blademaster:ThunderSlash","blademaster:Flurry"],"picked":"blademaster:Meditate+1","floor":20},{"not_picked":["blademaster:ThunderingOpener+1","blademaster:AirSlash+1"],"picked":"blademaster:Safeguard","floor":22},{"not_picked":["blademaster:TraverseCut","blademaster:LeechingStrike"],"picked":"blademaster:Safeguard","floor":25},{"not_picked":["blademaster:AwakeningDefend+1","blademaster:FuriousStrike+1"],"picked":"blademaster:CombatPrep+1","floor":27},{"not_picked":["blademaster:SlyStabs","blademaster:CombatPrep"],"picked":"blademaster:Blockade","floor":30},{"not_picked":["blademaster:UnrelentingWind","blademaster:FlockOfBlades"],"picked":"blademaster:Empower","floor":33},{"not_picked":["blademaster:EyeOfTheStorm","blademaster:FuriousStrike","blademaster:AwakeningStrike+1"],"picked":"SKIP","floor":35},{"not_picked":["Forethought","hubris:Insight"],"picked":"Finesse","floor":36},{"not_picked":["blademaster:AwakeningDefend+1","blademaster:Thrust","blademaster:Overcharge"],"picked":"SKIP","floor":40},{"not_picked":["blademaster:DaggerAndCloak+1","blademaster:Sharpen"],"picked":"blademaster:CombatPrep","floor":42},{"not_picked":["blademaster:ParryingStrike","blademaster:Frontflip"],"picked":"blademaster:BladeCross","floor":45},{"not_picked":["blademaster:Bloodbath+1","blademaster:BladeCross+1","blademaster:LightningCrash"],"picked":"SKIP","floor":48}],"player_experience":528591,"relics_obtained":[{"floor":6,"key":"hubris:PeanutButter"},{"floor":6,"key":"blademaster:ComboEveryTurnPerk"},{"floor":9,"key":"Counterbalance"},{"floor":21,"key":"Enchiridion"},{"floor":22,"key":"Red Mask"},{"floor":25,"key":"Turnip"},{"floor":25,"key":"blademaster:BonusComboPerk"},{"floor":26,"key":"hubris:SphereOfDissonance"},{"floor":30,"key":"Anchor"},{"floor":30,"key":"blademaster:StrongPerk"},{"floor":39,"key":"hubris:TinFlute"},{"floor":40,"key":"blademaster:RandomBladePerk"},{"floor":40,"key":"Akabeko"},{"floor":42,"key":"Pondfish Scales"},{"floor":42,"key":"blademaster:FinisherDrawCardPerk"},{"floor":43,"key":"Replay:Kaleidoscope"}],"event_choices":[{"damage_healed":0,"gold_gain":0,"player_choice":"Ignored","damage_taken":0,"max_hp_gain":0,"max_hp_loss":0,"event_name":"Liars Game","floor":5,"gold_loss":0},{"damage_healed":0,"gold_gain":0,"player_choice":"Searched \u00273\u0027 times","damage_taken":0,"relics_obtained":["hubris:DuctTape"],"max_hp_gain":0,"max_hp_loss":0,"event_name":"Dead Adventurer","floor":14,"gold_loss":0},{"damage_healed":0,"gold_gain":0,"player_choice":"Shed Blood","damage_taken":17,"max_hp_gain":5,"max_hp_loss":0,"event_name":"Forgotten Altar","floor":19,"gold_loss":0},{"damage_healed":0,"gold_gain":0,"player_choice":"Obtained Book","damage_taken":16,"max_hp_gain":0,"max_hp_loss":0,"event_name":"Cursed Tome","floor":21,"gold_loss":0},{"damage_healed":0,"gold_gain":0,"player_choice":"Fought Bandits","damage_taken":0,"max_hp_gain":0,"max_hp_loss":0,"event_name":"Masked Bandits","floor":22,"gold_loss":0},{"damage_healed":0,"gold_gain":0,"player_choice":"Ignored","damage_taken":0,"max_hp_gain":0,"max_hp_loss":0,"event_name":"Vampires","floor":31,"gold_loss":0},{"damage_healed":0,"gold_gain":0,"player_choice":"Memory 1","damage_taken":0,"max_hp_gain":0,"max_hp_loss":0,"event_name":"SensoryStone","floor":36,"gold_loss":0},{"damage_healed":0,"gold_gain":0,"player_choice":"Max HP","damage_taken":0,"max_hp_gain":0,"max_hp_loss":4,"event_name":"Winding Halls","floor":38,"gold_loss":0},{"damage_healed":0,"gold_gain":0,"player_choice":"Copied","damage_taken":0,"max_hp_gain":0,"max_hp_loss":0,"event_name":"Duplicator","floor":44,"gold_loss":0,"cards_obtained":["hubris:DuctTapeCard"]}],"is_beta":false,"boss_relics":[{"not_picked":["Replay:Drink Me","Runic Pyramid"],"picked":"hubris:HollowSoul"},{"not_picked":["ReplayTheSpireMod:DimensionalGlitch","Honey Jar"],"picked":"Empty Cage"}],"items_purged_floors":[24,28,37],"is_endless":false,"potions_floor_spawned":[1,3,6,12,14,20,27,30,40,42,45,48],"ascension_level":3}}