{"host":"cdwmoa70bcdnlxwr","time":1610458469,"event":{"mods":["BaseMod","Colored Map","Colored Powertips","Custom Start","Keyboard Shortcuts","Minty Spire (QoL Compilation)","StSLib","SuperFastMode"],"gold_per_floor":[109,119,44,44,44,44,74,74,74,108,108,108,123,137,137,137,137],"floor_reached":16,"playtime":282,"items_purged":["Strike_G"],"score":266,"play_id":"09467d60-c3b0-4559-bc57-c30412bf6641","local_time":"20210112223429","is_ascension_mode":true,"campfire_choices":[{"data":"Blade Dance","floor":6.0,"key":"SMITH"},{"data":"Acrobatics","floor":12,"key":"SMITH"},{"floor":15,"key":"REST"}],"circlet_count":0,"master_deck":["AscendersBane","Strike_G","Strike_G","Strike_G","Defend_G","Defend_G+1","Defend_G+1","Defend_G","Defend_G","Survivor","Neutralize","Blade Dance+1","Acrobatics+1","Blade Dance"],"relics":["Ring of the Snake","NeowsBlessing","Lantern","Ninja Scroll","Question Card"],"acts_visited":["Exordium"],"potions_floor_usage":[10,16],"damage_taken":[{"damage":0.0,"enemies":"Cultist","floor":1.0,"turns":1.0},{"damage":0.0,"enemies":"Jaw Worm","floor":2.0,"turns":1.0},{"damage":0.0,"enemies":"Lagavulin","floor":7.0,"turns":1.0},{"damage":23,"enemies":"Gremlin Nob","floor":10,"turns":4},{"damage":0,"enemies":"Small Slimes","floor":13,"turns":3},{"damage":0,"enemies":"2 Fungi Beasts","floor":14,"turns":2},{"damage":54,"enemies":"The Guardian","floor":16,"turns":18}],"seed_played":"-9065308068448624483","potions_obtained":[{"floor":1.0,"key":"Energy Potion"},{"floor":2.0,"key":"CultistPotion"},{"floor":14,"key":"Regen Potion"}],"is_trial":false,"path_per_floor":["M","M","$","?","?","R","E","$","T","E","?","R","M","M","R","B"],"character_chosen":"THE_SILENT","items_purchased":[],"campfire_rested":1,"item_purchase_floors":[],"current_hp_per_floor":[59,59,59,39,39,39,39,39,39,16,16,16,16,16,35,0,0],"gold":137,"neow_bonus":"THREE_ENEMY_KILL","is_daily":false,"chose_seed":false,"campfire_upgraded":2,"win_rate":0.0,"timestamp":1610458469,"path_taken":["M","M","?","?","?","R","E","$","T","E","?","R","?","M","R","BOSS"],"items_purchased_type":[],"build_version":"2020-12-22","purchased_purges":1,"victory":false,"max_hp_per_floor":[66,66,66,66,66,66,66,66,66,66,66,66,66,66,66,66,66],"card_choices":[{"not_picked":["Dash","Sucker Punch"],"picked":"Blade Dance","floor":1.0},{"not_picked":["Blur","Concentrate"],"picked":"Acrobatics","floor":2.0},{"not_picked":["Acrobatics","Deadly Poison","Dodge and Roll"],"picked":"SKIP","floor":7.0},{"not_picked":["Sucker Punch","Infinite Blades","Outmaneuver"],"picked":"SKIP","floor":10},{"not_picked":["Quick Slash","Infinite Blades","Distraction"],"picked":"Blade Dance","floor":13},{"not_picked":["Heel Hook","Deadly Poison","Leg Sweep","Riddle With Holes"],"picked":"SKIP","floor":14}],"player_experience":2619956,"relics_obtained":[{"floor":7.0,"key":"Lantern"},{"floor":9.0,"key":"Ninja Scroll"},{"floor":10,"key":"Question Card"}],"event_choices":[{"damage_healed":0.0,"max_hp_gain":0.0,"max_hp_loss":0.0,"gold_gain":0.0,"event_name":"Shining Light","player_choice":"Entered Light","floor":4.0,"gold_loss":0.0,"damage_taken":20.0,"cards_upgraded":["Defend_G","Defend_G"]},{"damage_healed":0.0,"max_hp_gain":0.0,"max_hp_loss":0.0,"gold_gain":0.0,"event_name":"Liars Game","player_choice":"Ignored","floor":5.0,"gold_loss":0.0,"damage_taken":0.0},{"cards_removed":["Strike_G"],"damage_healed":0,"gold_gain":0,"player_choice":"Forget","damage_taken":0,"max_hp_gain":0,"max_hp_loss":0,"event_name":"Living Wall","floor":11,"gold_loss":0}],"is_beta":false,"boss_relics":[],"items_purged_floors":[3],"is_endless":false,"potions_floor_spawned":[1,2,14],"killed_by":"The Guardian","ascension_level":20}}