{"host":"i0avyit1s6jb1siw","time":1610465147,"event":{"mods":["BaseMod","DeckTracker","Dota2Spire","Highlight Path","Minty Spire (QoL Compilation)","Quick Restart","StSLib","SuperFastMode"],"gold_per_floor":[118,118,118,43,57,88,88,122,122,148,160,191,203,225,237,249,249],"floor_reached":16,"playtime":273,"items_purged":["Strike_G"],"score":286,"play_id":"01a545b7-0f3b-41ef-b7f7-71e5fa5a1859","local_time":"20210112162547","is_ascension_mode":true,"campfire_choices":[{"data":"Flechettes","floor":7,"key":"SMITH"},{"floor":11,"key":"REST"},{"data":"Acrobatics","floor":13,"key":"SMITH"},{"data":"Noxious Fumes","floor":15,"key":"SMITH"}],"circlet_count":0,"master_deck":["AscendersBane","Strike_G","Strike_G","Strike_G","Strike_G+1","Defend_G","Defend_G","Defend_G","Defend_G+1","Defend_G","Survivor","Neutralize","Flechettes+1","Predator","Acrobatics+1","Dodge and Roll","Tactician","Noxious Fumes+1","Backflip"],"relics":["Ring of the Snake","NeowsBlessing","StrikeDummy","Dota2Spire:BlackKingBar","Toy Ornithopter","HornCleat","MawBank"],"acts_visited":["Exordium"],"potions_floor_usage":[8,10],"damage_taken":[{"damage":0,"enemies":"Jaw Worm","floor":1,"turns":1},{"damage":0,"enemies":"Small Slimes","floor":5,"turns":1},{"damage":0,"enemies":"3 Sentries","floor":6,"turns":1},{"damage":22,"enemies":"Gremlin Nob","floor":8,"turns":4},{"damage":5,"enemies":"3 Sentries","floor":10,"turns":8},{"damage":0,"enemies":"Cultist","floor":12,"turns":3},{"damage":0,"enemies":"Looter","floor":14,"turns":3},{"damage":60,"enemies":"Slime Boss","floor":16,"turns":6}],"seed_played":"-8031517896046300218","potions_obtained":[{"floor":1,"key":"GamblersBrew"},{"floor":5,"key":"Ancient Potion"},{"floor":6,"key":"GhostInAJar"},{"floor":12,"key":"FairyPotion"}],"is_trial":false,"path_per_floor":["M","?","?","$","M","E","R","E","T","E","R","M","R","M","R","B"],"character_chosen":"THE_SILENT","items_purchased":[],"campfire_rested":1,"item_purchase_floors":[],"current_hp_per_floor":[59,39,39,39,39,39,39,17,17,17,36,36,36,36,36,0,0],"gold":249,"neow_bonus":"THREE_ENEMY_KILL","is_daily":false,"chose_seed":false,"campfire_upgraded":3,"win_rate":0.0,"timestamp":1610465147,"path_taken":["M","?","?","$","M","E","R","E","T","E","R","M","R","?","R","BOSS"],"items_purchased_type":[],"build_version":"2020-12-22","purchased_purges":1,"victory":false,"max_hp_per_floor":[66,66,66,66,66,66,66,66,66,66,66,66,66,66,66,66,66],"card_choices":[{"not_picked":["Quick Slash","Dagger Throw"],"picked":"Flechettes","floor":1},{"not_picked":["Deadly Poison","Dash"],"picked":"Predator","floor":5},{"not_picked":["Flechettes","Prepared"],"picked":"Acrobatics","floor":6},{"not_picked":["Slice","Flechettes"],"picked":"Dodge and Roll","floor":8},{"not_picked":["Finisher","Outmaneuver"],"picked":"Tactician","floor":10},{"not_picked":["Predator","Dagger Throw"],"picked":"Noxious Fumes","floor":12},{"not_picked":["Doppelganger","Flying Knee"],"picked":"Backflip","floor":14}],"player_experience":2216251,"relics_obtained":[{"floor":6,"key":"Dota2Spire:BlackKingBar"},{"floor":8,"key":"Toy Ornithopter"},{"floor":9,"key":"HornCleat"},{"floor":10,"key":"MawBank"}],"event_choices":[{"damage_healed":0,"gold_gain":0,"player_choice":"Entered Light","damage_taken":20,"max_hp_gain":0,"max_hp_loss":0,"event_name":"Shining Light","floor":2,"gold_loss":0,"cards_upgraded":["Defend_G","Strike_G"]},{"damage_healed":0,"gold_gain":0,"player_choice":"Gave Potion","damage_taken":0,"relics_obtained":["StrikeDummy"],"max_hp_gain":0,"max_hp_loss":0,"event_name":"WeMeetAgain","floor":3,"gold_loss":0}],"is_beta":false,"boss_relics":[],"items_purged_floors":[4],"is_endless":false,"potions_floor_spawned":[1,5,6,12],"killed_by":"Slime Boss","ascension_level":20}}