{"host":"s6mlqkqtr3ey2mm2","time":1610416495,"event":{"mods":["2.2 Compatiblity","AchievementEnabler","Aspiration","BaseMod","Beaked The Cultist","Better Note","Better Vampires","BetterRewards","Challenge The Spire","Colored Map","Colored Powertips","Conspire","Curses Come First","Dark Map","Downfall","Emptier Cage","Energized Spire","GifTheSpireLib","GungeonMod","Halation","Hermit","Hubris","Infinite Spire","Ironclad Rager","Magitek Elite","Marked Mod","Minty Spire (QoL Compilation)","Poor People Problems","Quick Restart","RatMod","Replay The Spire","Retaliation","Robot Space Explorer","Shade Mod","Somnambulant","Spicy Shops","StSLib","Stuff the Spire","The Blue Laboratory","The Construct","The Druid","The Hierophant","The IronCluck","The Necromancer","The Runesmith","The Servant 0.9.4","The Valiant","vexMod"],"gold_per_floor":[110,130,130,130,57,57,6,35,35,35,35,46,46,66,66,66,66],"floor_reached":16,"playtime":1313,"items_purged":[],"score":98,"play_id":"1ec7b683-a826-40bc-96e3-b5ea3232d230","local_time":"20210111205455","is_ascension_mode":false,"campfire_choices":[{"data":"KidneyShot","floor":6,"key":"SMITH"},{"floor":10,"key":"REST"},{"data":"Spin","floor":13,"key":"SMITH"},{"floor":15,"key":"REST"}],"circlet_count":0,"master_deck":["Strike_S","Strike_S","Strike_S","Strike_S","Defend_S","Defend_S","Defend_S","KidneyShot+1","Exchange","Unruled","Defy","BottledTime","Rearm+1","Spin+1","FastForward"],"relics":["Uniform","Strange Spoon","Bag of Marbles","hubris:TinFlute"],"acts_visited":["Exordium"],"potions_floor_usage":[8,16],"damage_taken":[{"damage":11,"enemies":"Jaw Worm","floor":1,"turns":6},{"damage":5,"enemies":"Small Slimes","floor":2,"turns":3},{"damage":34,"enemies":"3 Sentries","floor":8,"turns":8},{"damage":5,"enemies":"2 Louse","floor":12,"turns":2},{"damage":0,"enemies":"2 Fungi Beasts","floor":14,"turns":1},{"damage":74,"enemies":"Fading Forest","floor":16,"turns":11}],"seed_played":"-8073745964714391794","potions_obtained":[{"floor":2,"key":"hexamod:EctoCoolerPotion"},{"floor":14,"key":"LiquidMemories"}],"is_trial":false,"path_per_floor":["M","M","?","?","$","R","$","E","T","R","?","M","R","M","R","B"],"character_chosen":"THE_SERVANT","items_purchased":["Strange Spoon","BottledTime"],"campfire_rested":2,"item_purchase_floors":[5,7],"current_hp_per_floor":[60,55,60,53,53,53,53,19,19,41,41,36,36,36,58,0,0],"gold":66,"neow_bonus":"TEN_PERCENT_HP_BONUS","is_daily":false,"chose_seed":false,"campfire_upgraded":2,"win_rate":0.0,"timestamp":1610416495,"path_taken":["M","M","?","?","?","R","$","E","T","R","?","M","R","?","R","BOSS"],"items_purchased_type":["Relic","Card"],"build_version":"2020-12-22","purchased_purges":0,"victory":false,"max_hp_per_floor":[71,71,76,76,76,76,76,76,76,76,76,76,76,76,76,76,76],"card_choices":[{"not_picked":["Alleviate","Spin"],"picked":"Unruled","floor":1},{"not_picked":["Replace","Potential"],"picked":"Defy","floor":2},{"not_picked":["Replace","Defy"],"picked":"Rearm","floor":8},{"not_picked":["TimeWarp","Unruled"],"picked":"Spin","floor":12},{"not_picked":["Potential","Collapse"],"picked":"FastForward","floor":14}],"player_experience":76037,"relics_obtained":[{"floor":8,"key":"Bag of Marbles"},{"floor":9,"key":"hubris:TinFlute"}],"event_choices":[{"damage_healed":0,"gold_gain":0,"player_choice":"Donut","damage_taken":0,"max_hp_gain":5,"max_hp_loss":0,"event_name":"Big Fish","floor":3,"gold_loss":0},{"cards_removed":["Defend_S"],"damage_healed":0,"gold_gain":0,"player_choice":"Card Removal","damage_taken":7,"max_hp_gain":0,"max_hp_loss":0,"event_name":"Golden Wing","floor":4,"gold_loss":0},{"damage_healed":0,"gold_gain":0,"player_choice":"Upgraded","damage_taken":0,"max_hp_gain":0,"max_hp_loss":0,"event_name":"Upgrade Shrine","floor":11,"gold_loss":0,"cards_upgraded":["Rearm"]}],"is_beta":false,"boss_relics":[],"items_purged_floors":[],"is_endless":false,"potions_floor_spawned":[2,14],"killed_by":"Fading Forest","ascension_level":0}}