{"host":"y89x8uui45kcjy42","time":1610410892,"event":{"mods":["2.2 Compatiblity","BaseMod","CapriCore","Colored Map","Colored Powertips","Custom Start","Friendly Minions","Keyboard Shortcuts","Minty Spire (QoL Compilation)","Relic Stats","Slay the Relics Exporter","StSLib","SuperFastMode","Uncapped"],"gold_per_floor":[117,131,151,171,189,189,189,214,214,16,47,47,47,62,62,135,135,154,174,192,209,209,235,235,251,319,319,104,128,140,165,165,236,236,256,269,284,284,284,284],"floor_reached":39,"playtime":1109,"items_purged":["Strike_B","Defend_B"],"score":900,"play_id":"634194bc-e0a3-472f-8e4f-270f36e9e8bd","local_time":"20210112092132","is_ascension_mode":true,"campfire_choices":[{"data":"Sweeping Beam","floor":6.0,"key":"SMITH"},{"data":"Reinforced Body","floor":12.0,"key":"SMITH"},{"data":"Beam Cell","floor":15.0,"key":"SMITH"},{"data":"Hologram","floor":24.0,"key":"SMITH"},{"data":"Rebound","floor":27,"key":"SMITH"},{"data":"Fusion","floor":32,"key":"SMITH"}],"circlet_count":0,"master_deck":["Strike_B","Strike_B+1","Strike_B+1","Defend_B","Defend_B","Defend_B","Reprogram+1","Reprogram+1","Melter","Steam","Reinforced Body+1","Sweeping Beam+1","Beam Cell+1","Rebound+1","Hologram+1","Recycle+1","Undo","Fusion+1","Machine Learning","Conserve Battery+1"],"relics":["Cracked Core","Odd Mushroom","The Courier","Anchor","Calipers","Nuclear Battery","InkBottle","Matryoshka","HandDrill","Bag of Preparation","Akabeko","Sozu"],"acts_visited":["Exordium","TheCity","TheBeyond"],"potions_floor_usage":[31],"damage_taken":[{"damage":0.0,"enemies":"Jaw Worm","floor":1.0,"turns":4.0},{"damage":0.0,"enemies":"Small Slimes","floor":2.0,"turns":3.0},{"damage":0.0,"enemies":"Cultist","floor":3.0,"turns":3.0},{"damage":6.0,"enemies":"2 Fungi Beasts","floor":4.0,"turns":5.0},{"damage":7.0,"enemies":"Red Slaver","floor":5.0,"turns":6.0},{"damage":11.0,"enemies":"The Mushroom Lair","floor":8.0,"turns":3.0},{"damage":4.0,"enemies":"Lagavulin","floor":11.0,"turns":9.0},{"damage":15.0,"enemies":"Exordium Thugs","floor":14.0,"turns":4.0},{"damage":29.0,"enemies":"Slime Boss","floor":16.0,"turns":6.0},{"damage":0.0,"enemies":"2 Thieves","floor":18.0,"turns":5.0},{"damage":0.0,"enemies":"3 Byrds","floor":19.0,"turns":4.0},{"damage":0.0,"enemies":"Centurion and Healer","floor":20.0,"turns":6.0},{"damage":11.0,"enemies":"3 Cultists","floor":21.0,"turns":5.0},{"damage":17.0,"enemies":"Book of Stabbing","floor":23.0,"turns":5.0},{"damage":0.0,"enemies":"Sentry and Sphere","floor":25.0,"turns":3.0},{"damage":7,"enemies":"Snake Plant","floor":30,"turns":3},{"damage":0,"enemies":"Gremlin Leader","floor":31,"turns":5},{"damage":3,"enemies":"Automaton","floor":33,"turns":9},{"damage":33,"enemies":"3 Darklings","floor":35,"turns":4},{"damage":0,"enemies":"Orb Walker","floor":36,"turns":3},{"damage":0,"enemies":"Transient","floor":37,"turns":6},{"damage":60,"enemies":"2 Orb Walkers","floor":39,"turns":3}],"seed_played":"-4443161545471756814","potions_obtained":[{"floor":1.0,"key":"Weak Potion"},{"floor":3.0,"key":"LiquidBronze"},{"floor":11.0,"key":"EssenceOfDarkness"},{"floor":18.0,"key":"Swift Potion"},{"floor":20.0,"key":"LiquidBronze"},{"floor":23.0,"key":"LiquidBronze"},{"floor":25,"key":"FairyPotion"}],"is_trial":false,"path_per_floor":["M","M","M","M","M","R","?","?","T","$","E","R","$","M","R","B",null,"M","M","M","M","?","E","R","M","T","R","$","T","M","E","R","B",null,"M","M","M","?","?"],"character_chosen":"DEFECT","items_purchased":["Anchor","HandDrill"],"campfire_rested":0,"item_purchase_floors":[10,28],"current_hp_per_floor":[71,71,71,65,58,58,35,24,24,24,20,20,20,5,5,26,65,65,65,65,54,54,37,37,37,37,37,37,37,30,30,30,27,65,32,32,32,32,0,0],"gold":284,"neow_bonus":"TEN_PERCENT_HP_BONUS","is_daily":false,"chose_seed":false,"campfire_upgraded":6,"win_rate":0.0,"timestamp":1610410892,"path_taken":["M","M","M","M","M","R","?","?","T","?","E","R","$","M","R","BOSS","M","M","?","M","?","E","R","M","T","R","?","?","M","E","R","BOSS","M","M","M","?","?"],"items_purchased_type":["Relic","Relic"],"build_version":"2020-12-22","purchased_purges":2,"victory":false,"max_hp_per_floor":[78,78,78,78,78,78,78,78,78,78,78,78,78,78,78,78,78,78,78,78,78,78,78,78,78,78,78,78,78,78,78,78,78,78,78,78,78,78,78,78],"relic_stats":{"Sozu":1,"counters":[22,104],"HandDrill":[10],"Bag of Preparation":[14],"obtain_stats":[{"Sozu":34,"Anchor":10,"Calipers":11,"Matryoshka":26,"The Courier":9,"HandDrill":28,"Bag of Preparation":29,"Odd Mushroom":8,"Cracked Core":0,"InkBottle":23,"Akabeko":31,"Nuclear Battery":17},{"Sozu":18,"Anchor":6,"Calipers":7,"Matryoshka":15,"The Courier":6,"HandDrill":15,"Bag of Preparation":15,"Odd Mushroom":6,"Cracked Core":0,"InkBottle":14,"Akabeko":17,"Nuclear Battery":9},{"Sozu":88,"Anchor":24,"Calipers":33,"Matryoshka":71,"The Courier":24,"HandDrill":71,"Bag of Preparation":71,"Odd Mushroom":24,"Cracked Core":0,"InkBottle":68,"Akabeko":79,"Nuclear Battery":43}],"InkBottle":[17]},"card_choices":[{"not_picked":["Auto Shields","Coolheaded"],"picked":"Melter","floor":1.0},{"not_picked":["Capacitor","Steam Power"],"picked":"Steam","floor":2.0},{"not_picked":["Sunder","Hologram"],"picked":"Reinforced Body","floor":3.0},{"not_picked":["Reinforced Body","Gash","Force Field"],"picked":"SKIP","floor":4.0},{"not_picked":["Coolheaded","Ball Lightning"],"picked":"Sweeping Beam","floor":5.0},{"not_picked":["Turbo","Tempest","Cold Snap"],"picked":"SKIP","floor":11.0},{"not_picked":["Turbo","Tempest","Cold Snap"],"picked":"SKIP","floor":11.0},{"not_picked":["BootSequence","Leap"],"picked":"Beam Cell","floor":14.0},{"not_picked":["Rebound","Steam","Aggregate+1"],"picked":"SKIP","floor":18.0},{"not_picked":["Steam","Aggregate+1"],"picked":"Rebound","floor":18.0},{"not_picked":["Streamline","Heatsinks","Beam Cell"],"picked":"SKIP","floor":19.0},{"not_picked":["Turbo","Reprogram+1"],"picked":"Hologram","floor":20.0},{"not_picked":["Leap","Barrage","Reprogram"],"picked":"SKIP","floor":21.0},{"not_picked":["Redo","Go for the Eyes"],"picked":"Recycle+1","floor":23.0},{"not_picked":["Compile Driver","Gash","Echo Form"],"picked":"SKIP","floor":25},{"not_picked":["Static Discharge","Defragment"],"picked":"Undo","floor":30},{"not_picked":["Hologram","Darkness"],"picked":"Fusion","floor":31},{"not_picked":["Amplify","Rainbow"],"picked":"Machine Learning","floor":33},{"not_picked":["Hologram","Rebound","Cold Snap"],"picked":"SKIP","floor":35},{"not_picked":["Beam Cell","Tempest"],"picked":"Conserve Battery+1","floor":36},{"not_picked":["Leap","Blizzard","Rebound+1"],"picked":"SKIP","floor":37}],"player_experience":593703,"relics_obtained":[{"floor":8.0,"key":"Odd Mushroom"},{"floor":9.0,"key":"The Courier"},{"floor":11.0,"key":"Calipers"},{"floor":23.0,"key":"InkBottle"},{"floor":26,"key":"Matryoshka"},{"floor":29,"key":"Bag of Preparation"},{"floor":31,"key":"Akabeko"}],"event_choices":[{"damage_healed":0.0,"max_hp_gain":0.0,"max_hp_loss":0.0,"gold_gain":0.0,"event_name":"Shining Light","player_choice":"Entered Light","floor":7.0,"gold_loss":0.0,"damage_taken":23.0,"cards_upgraded":["Strike_B","Strike_B"]},{"damage_healed":0.0,"max_hp_gain":0.0,"max_hp_loss":0.0,"gold_gain":0.0,"event_name":"Mushrooms","player_choice":"Fought Mushrooms","floor":8.0,"gold_loss":0.0,"damage_taken":0.0},{"damage_healed":0.0,"max_hp_gain":0.0,"max_hp_loss":0.0,"gold_gain":0.0,"event_name":"N\u0027loth","player_choice":"Ignored","floor":22.0,"gold_loss":0.0,"damage_taken":0.0},{"damage_healed":0,"gold_gain":0,"player_choice":"Ignored","damage_taken":0,"max_hp_gain":0,"max_hp_loss":0,"event_name":"Tomb of Lord Red Mask","floor":38,"gold_loss":0},{"damage_healed":0,"gold_gain":0,"player_choice":"Fight","damage_taken":0,"max_hp_gain":0,"max_hp_loss":0,"event_name":"Mysterious Sphere","floor":39,"gold_loss":0}],"is_beta":false,"boss_relics":[{"not_picked":["Calling Bell","Black Star"],"picked":"Nuclear Battery"},{"not_picked":["SacredBark","Philosopher\u0027s Stone"],"picked":"Sozu"}],"items_purged_floors":[10,28],"is_endless":false,"potions_floor_spawned":[1,3,5,11,18,20,23,25,37],"killed_by":"2 Orb Walkers","ascension_level":20}}