{"host":"g2yp6paluzgljz05","time":1610417483,"event":{"mods":["BaseMod","Bestiary","Colored Map","Colored Powertips","DeckTracker","Highlight Path","Minty Spire (QoL Compilation)","Quick Restart"],"gold_per_floor":[115,190,190,19,19,45,45,45,45,74,74,93,123,25,25,124,124,140,140,18,0,12,12,12,12],"floor_reached":24,"playtime":1038,"items_purged":["Strike_R"],"score":298,"play_id":"005f1fc6-cde2-4df7-b56b-7ccea95a0ed0","local_time":"20210112131123","is_ascension_mode":true,"campfire_choices":[{"data":"Bash","floor":8,"key":"SMITH"},{"data":"Flex","floor":15,"key":"SMITH"},{"data":"Fire Breathing","floor":23,"key":"SMITH"}],"circlet_count":0,"master_deck":["Strike_R","Strike_R","Strike_R","Defend_R","Defend_R","Defend_R","Bash+1","Purity","Headbutt","Flex+1","Flash of Steel","Demon Form","Fire Breathing+1","Wild Strike","Dual Wield"],"relics":["Burning Blood","NeowsBlessing","Anchor","Mercury Hourglass","Bottled Lightning","Cursed Key"],"acts_visited":["Exordium","TheCity"],"potions_floor_usage":[18,22],"damage_taken":[{"damage":0,"enemies":"2 Louse","floor":1,"turns":1},{"damage":0,"enemies":"Lagavulin","floor":6,"turns":1},{"damage":0,"enemies":"3 Sentries","floor":10,"turns":1},{"damage":0,"enemies":"Jaw Worm","floor":12,"turns":2},{"damage":18,"enemies":"Slime Boss","floor":16,"turns":8},{"damage":17,"enemies":"3 Byrds","floor":18,"turns":5},{"damage":19,"enemies":"2 Thieves","floor":22,"turns":4},{"damage":56,"enemies":"Book of Stabbing","floor":24,"turns":4}],"seed_played":"2726609066247323642","potions_obtained":[{"floor":1,"key":"Fire Potion"},{"floor":6,"key":"SkillPotion"},{"floor":10,"key":"Strength Potion"},{"floor":22,"key":"LiquidMemories"}],"is_trial":false,"path_per_floor":["M","?","?","$","?","E","$","R","T","E","$","M","?","$","R","B",null,"M","?","$","?","M","R","E"],"character_chosen":"IRONCLAD","items_purchased":["Purity","Flash of Steel","Wild Strike","Dual Wield"],"campfire_rested":0,"item_purchase_floors":[4,14,20,20],"current_hp_per_floor":[80,69,62,62,62,68,68,68,68,74,74,80,80,80,80,68,80,69,69,69,69,56,56,0,0],"gold":12,"neow_bonus":"THREE_ENEMY_KILL","is_daily":false,"chose_seed":false,"campfire_upgraded":3,"win_rate":0.0,"timestamp":1610417483,"path_taken":["M","?","?","?","?","E","?","R","T","E","$","M","?","$","R","BOSS","M","?","$","?","M","R","E"],"items_purchased_type":["Card","Card","Card","Card"],"build_version":"2020-12-22","purchased_purges":1,"victory":false,"max_hp_per_floor":[80,80,80,80,80,80,80,80,80,80,80,80,80,80,80,80,80,80,80,80,80,80,80,80,80],"card_choices":[{"not_picked":["Second Wind","Bloodletting","Seeing Red"],"picked":"SKIP","floor":1},{"not_picked":["Armaments","Seeing Red"],"picked":"Headbutt","floor":6},{"not_picked":["Spot Weakness","Flame Barrier"],"picked":"Flex","floor":10},{"not_picked":["Anger","Cleave","Metallicize"],"picked":"SKIP","floor":12},{"not_picked":["Barricade","Corruption"],"picked":"Demon Form","floor":16},{"not_picked":["Metallicize","True Grit","Iron Wave+1"],"picked":"SKIP","floor":18},{"not_picked":["Armaments","Warcry","Clothesline+1"],"picked":"SKIP","floor":22}],"player_experience":170798,"relics_obtained":[{"floor":6,"key":"Anchor"},{"floor":9,"key":"Mercury Hourglass"},{"floor":10,"key":"Bottled Lightning"}],"event_choices":[{"damage_healed":0,"gold_gain":75,"player_choice":"Gather Gold","damage_taken":11,"max_hp_gain":0,"max_hp_loss":0,"event_name":"World of Goop","floor":2,"gold_loss":0},{"cards_removed":["Strike_R"],"damage_healed":0,"gold_gain":0,"player_choice":"Card Removal","damage_taken":7,"max_hp_gain":0,"max_hp_loss":0,"event_name":"Golden Wing","floor":3,"gold_loss":0},{"cards_removed":["Defend_R"],"damage_healed":0,"gold_gain":0,"player_choice":"Forget","damage_taken":0,"max_hp_gain":0,"max_hp_loss":0,"event_name":"Living Wall","floor":5,"gold_loss":0},{"damage_healed":0,"gold_gain":30,"player_choice":"Searched \u00271\u0027 times","damage_taken":0,"max_hp_gain":0,"max_hp_loss":0,"event_name":"Dead Adventurer","floor":13,"gold_loss":0},{"damage_healed":0,"gold_gain":0,"player_choice":"Read","damage_taken":0,"max_hp_gain":0,"max_hp_loss":0,"event_name":"The Library","floor":19,"gold_loss":0,"cards_obtained":["Fire Breathing"]},{"damage_healed":0,"gold_gain":0,"player_choice":"Paid Fearfully","damage_taken":0,"max_hp_gain":0,"max_hp_loss":0,"event_name":"Masked Bandits","floor":21,"gold_loss":18}],"is_beta":false,"boss_relics":[{"not_picked":["Mark of Pain","SlaversCollar"],"picked":"Cursed Key"}],"items_purged_floors":[4],"is_endless":false,"potions_floor_spawned":[1,6,10,22],"killed_by":"Book of Stabbing","ascension_level":4}}