{"host":"8i4doyxqctgl5qb0","time":1610429932,"event":{"mods":["AchievementEnabler","BaseMod","Block Reminder","Colored Powertips","Downfall","Hermit","Minty Spire (QoL Compilation)","Permanent Neow","Potion Indicator Mod","Rare Cards Sparkle","StSLib","SuperFastMode","The Jungle"],"gold_per_floor":[112,112,126,54,229,229,240,190,190,218,218,238,265,297,309,421,433,420,451,463,500,525,537,549,549],"floor_reached":24,"playtime":575,"items_purged":[],"score":265,"play_id":"5a17e509-c320-4567-b499-8cdf3ea820d2","local_time":"20210112133852","is_ascension_mode":true,"campfire_choices":[{"data":"Inflame","floor":6.0,"key":"SMITH"},{"data":"Armaments","floor":11.0,"key":"SMITH"},{"data":"Body Slam","floor":15.0,"key":"SMITH"},{"floor":23.0,"key":"REST"}],"circlet_count":0,"master_deck":["Strike_R","Strike_R","Strike_R","Strike_R","Strike_R","Defend_R","Defend_R","Defend_R","Defend_R","Bash+1","Body Slam+1","Inflame+1","Armaments+1","Disarm","Heavy Blade","Barricade","CurseOfTheBell","Sword Boomerang+1","Headbutt+1"],"relics":["Burning Blood","Pear","Bag of Marbles","MawBank","Calling Bell","Potion Belt","Shuriken","Bird Faced Urn","Red Mask"],"acts_visited":["Exordium","TheCity"],"potions_floor_usage":[24],"damage_taken":[{"damage":8.0,"enemies":"Jaw Worm","floor":1.0,"turns":4.0},{"damage":1.0,"enemies":"Cultist","floor":3.0,"turns":4.0},{"damage":0.0,"enemies":"2 Louse","floor":7.0,"turns":2.0},{"damage":12.0,"enemies":"Gremlin Nob","floor":10.0,"turns":4.0},{"damage":15.0,"enemies":"Exordium Wildlife","floor":12.0,"turns":6.0},{"damage":3.0,"enemies":"Large Slime","floor":14.0,"turns":6.0},{"damage":31.0,"enemies":"The Guardian","floor":16.0,"turns":9.0},{"damage":40.0,"enemies":"2 Thieves","floor":18.0,"turns":5.0},{"damage":12.0,"enemies":"Chosen","floor":19.0,"turns":4.0},{"damage":32.0,"enemies":"Masked Bandits","floor":21.0,"turns":4.0},{"damage":17.0,"enemies":"Centurion and Healer","floor":22.0,"turns":6.0},{"damage":39,"enemies":"Shelled Parasite and Fungi","floor":24,"turns":3}],"seed_played":"1062032783717568852","potions_obtained":[{"floor":0.0,"key":"SpeedPotion"},{"floor":0.0,"key":"Strength Potion"},{"floor":0.0,"key":"Block Potion"},{"floor":1.0,"key":"Block Potion"},{"floor":10.0,"key":"Strength Potion"},{"floor":16.0,"key":"ElixirPotion"},{"floor":18.0,"key":"EntropicBrew"},{"floor":22.0,"key":"FearPotion"}],"is_trial":false,"path_per_floor":["M","?","M","$","?","R","M","?","T","E","R","M","T","M","R","B",null,"M","M","?","?","M","R","M"],"character_chosen":"IRONCLAD","items_purchased":["Inflame"],"campfire_rested":1,"item_purchase_floors":[4],"current_hp_per_floor":[70,70,75,75,75,75,80,80,90,84,84,75,75,78,78,53,81,47,43,43,19,10,37,0,0],"gold":549,"neow_bonus":"THREE_SMALL_POTIONS","is_daily":false,"chose_seed":false,"campfire_upgraded":3,"win_rate":0.0,"timestamp":1610429932,"path_taken":["M","?","M","?","?","R","M","?","T","E","R","?","?","M","R","BOSS","M","M","?","?","M","R","M"],"items_purchased_type":["Card"],"build_version":"2020-12-22","purchased_purges":0,"victory":false,"max_hp_per_floor":[80,80,80,80,80,80,80,80,90,90,90,90,90,90,90,90,90,90,90,90,90,90,90,90,90],"card_choices":[{"not_picked":["Hemokinesis","Wild Strike"],"picked":"Body Slam","floor":1.0},{"not_picked":["Dropkick","Perfected Strike","Wild Strike"],"picked":"SKIP","floor":3.0},{"not_picked":["Sword Boomerang","Thunderclap"],"picked":"Armaments","floor":7.0},{"not_picked":["Combust","Wild Strike","Perfected Strike"],"picked":"SKIP","floor":10.0},{"not_picked":["Rage","Heavy Blade"],"picked":"Disarm","floor":12.0},{"not_picked":["Burning Pact","Anger"],"picked":"Heavy Blade","floor":14.0},{"not_picked":["Brutality","Exhume"],"picked":"Barricade","floor":16.0},{"not_picked":["Perfected Strike","Blood for Blood","Heavy Blade"],"picked":"SKIP","floor":18.0},{"not_picked":["Pommel Strike+1","Uppercut"],"picked":"Sword Boomerang+1","floor":19.0},{"not_picked":["Sever Soul","Carnage"],"picked":"Headbutt+1","floor":21.0},{"not_picked":["Evolve","Thunderclap+1","Berserk"],"picked":"SKIP","floor":22.0}],"player_experience":162438,"relics_obtained":[{"floor":9.0,"key":"Pear"},{"floor":10.0,"key":"Bag of Marbles"},{"floor":13.0,"key":"MawBank"},{"floor":17.0,"key":"Potion Belt"},{"floor":17.0,"key":"Shuriken"},{"floor":17.0,"key":"Bird Faced Urn"},{"floor":21.0,"key":"Red Mask"}],"event_choices":[{"damage_healed":0.0,"max_hp_gain":0.0,"max_hp_loss":0.0,"gold_gain":0.0,"event_name":"Upgrade Shrine","player_choice":"Upgraded","floor":2.0,"gold_loss":0.0,"damage_taken":0.0,"cards_upgraded":["Bash"]},{"damage_healed":0.0,"max_hp_gain":0.0,"max_hp_loss":0.0,"gold_gain":175.0,"event_name":"Liars Game","player_choice":"AGREE","floor":5.0,"gold_loss":0.0,"damage_taken":0.0,"cards_obtained":["Doubt"]},{"cards_removed":["Doubt"],"damage_healed":0.0,"max_hp_gain":0.0,"max_hp_loss":0.0,"gold_gain":0.0,"event_name":"The Cleric","player_choice":"Card Removal","floor":8.0,"gold_loss":50.0,"damage_taken":0.0},{"damage_healed":0.0,"max_hp_gain":0.0,"max_hp_loss":0.0,"gold_gain":0.0,"event_name":"Ghosts","player_choice":"Ignored","floor":20.0,"gold_loss":0.0,"damage_taken":0.0},{"damage_healed":0.0,"max_hp_gain":0.0,"max_hp_loss":0.0,"gold_gain":0.0,"event_name":"Masked Bandits","player_choice":"Fought Bandits","floor":21.0,"gold_loss":0.0,"damage_taken":0.0}],"is_beta":false,"boss_relics":[{"not_picked":["Fusion Hammer","SacredBark"],"picked":"Calling Bell"}],"items_purged_floors":[],"is_endless":false,"potions_floor_spawned":[1,10,16,18,22],"killed_by":"Shelled Parasite and Fungi","ascension_level":7}}