{"host":"hve1dyh1ly81yl9f","time":1610463732,"event":{"mods":["BaseMod","Colored Map","DeckTracker","Highlight Path","Keyboard Shortcuts","Minty Spire (QoL Compilation)","Permanent Neow","Quick Restart","StSLib","SuperFastMode"],"gold_per_floor":[118,137,137,160,260,289,302,334,406,406,406],"floor_reached":10,"playtime":340,"items_purged":[],"score":106,"play_id":"4e401b6c-c705-471c-a17a-273adec56309","local_time":"20210113000212","is_ascension_mode":true,"campfire_choices":[],"circlet_count":0,"master_deck":["Strike_R","Strike_R","Strike_R","Strike_R","Strike_R","Defend_R","Defend_R","Defend_R","Defend_R","Bash","Headbutt","Dropkick","Regret","Sever Soul"],"relics":["Burning Blood","Prayer Wheel","Blood Vial","Boot","Self Forming Clay","Blue Candle","Molten Egg 2"],"acts_visited":["Exordium"],"potions_floor_usage":[6,8],"damage_taken":[{"damage":6,"enemies":"2 Louse","floor":1,"turns":3},{"damage":12,"enemies":"Jaw Worm","floor":2,"turns":3},{"damage":34,"enemies":"Gremlin Nob","floor":6,"turns":5},{"damage":0,"enemies":"Cultist","floor":7,"turns":2},{"damage":42,"enemies":"Lagavulin","floor":8,"turns":6},{"damage":10,"enemies":"3 Sentries","floor":10,"turns":2}],"seed_played":"6605691608243366774","potions_obtained":[{"floor":1,"key":"BlessingOfTheForge"},{"floor":7,"key":"LiquidMemories"}],"is_trial":false,"path_per_floor":["M","M","?","T","?","E","M","E","T","E"],"character_chosen":"IRONCLAD","items_purchased":[],"campfire_rested":0,"item_purchase_floors":[],"current_hp_per_floor":[72,66,66,66,66,40,48,14,14,6,6],"gold":406,"neow_bonus":"ONE_RARE_RELIC","is_daily":false,"chose_seed":false,"campfire_upgraded":0,"win_rate":0.0,"timestamp":1610463732,"path_taken":["M","M","?","?","?","E","M","E","T","E"],"items_purchased_type":[],"build_version":"2020-12-22","purchased_purges":0,"victory":false,"max_hp_per_floor":[72,72,72,72,72,72,72,72,72,72,72],"card_choices":[{"not_picked":["Burning Pact","Disarm"],"picked":"Headbutt","floor":1},{"not_picked":["Second Wind","Dark Embrace","Dropkick"],"picked":"SKIP","floor":1},{"not_picked":["Second Wind","Dark Embrace"],"picked":"Dropkick","floor":1},{"not_picked":["Intimidate","Clothesline","Armaments"],"picked":"SKIP","floor":2},{"not_picked":["Clash","Body Slam","Warcry"],"picked":"SKIP","floor":2},{"not_picked":["Cleave","Evolve","Twin Strike"],"picked":"SKIP","floor":6},{"not_picked":["Clash","Metallicize","Feed"],"picked":"SKIP","floor":7},{"not_picked":["Metallicize","Pommel Strike","Pummel"],"picked":"SKIP","floor":7},{"not_picked":["True Grit","Clash"],"picked":"Sever Soul","floor":8}],"player_experience":316667,"relics_obtained":[{"floor":4,"key":"Boot"},{"floor":6,"key":"Self Forming Clay"},{"floor":8,"key":"Blue Candle"},{"floor":9,"key":"Molten Egg 2"}],"event_choices":[{"damage_healed":0,"gold_gain":0,"player_choice":"Box","damage_taken":0,"relics_obtained":["Blood Vial"],"max_hp_gain":0,"max_hp_loss":0,"event_name":"Big Fish","floor":3,"gold_loss":0,"cards_obtained":["Regret"]},{"damage_healed":0,"gold_gain":100,"player_choice":"Gold","damage_taken":0,"max_hp_gain":0,"max_hp_loss":0,"event_name":"Wheel of Change","floor":5,"gold_loss":0}],"is_beta":false,"boss_relics":[],"items_purged_floors":[],"is_endless":false,"potions_floor_spawned":[1,7],"killed_by":"3 Sentries","ascension_level":8}}