{"host":"jkgg7n5hn1slsm35","time":1610437166,"event":{"mods":["Aspiration","BaseMod","BetterRewards","Conspire","Googly Eyes","Gremlin Skip","Halation","Highlight Path","Hubris","Infinite Spire","Minty Spire (QoL Compilation)","Permanent Neow","StSLib","SuperFastMode","vexMod"],"gold_per_floor":[113,130,141,141,68,68,94,123,123,123,123,149,149,149,149,247,247,261,275,275,285,285,315,315,348,442,485,497,529,576,620,632,743,755,785,826,838,861,890,902,934,946,982,1020,1032,1056,566,595,595,690,690,696,706,706,718,768,768,772,772,824,774,774,610,610,632,632,713,713,724,732,732,732,432,432,444,444,444,462,467,475,475,498,498,576,576,590,590,590],"floor_reached":87,"playtime":3691,"items_purged":[],"score":2012,"play_id":"388013ed-183e-49ef-bf00-c6ee5502db91","local_time":"20210112083926","daily_mods":["SealedDeck","Heirloom","Time Dilation","DeadlyEvents","Elite Swarm","Lethality"],"is_ascension_mode":false,"campfire_choices":[{"data":"Body Slam","floor":6.0,"key":"SMITH"},{"data":"infinitespire:OneForAll","floor":10.0,"key":"SMITH"},{"data":"Anger","floor":13.0,"key":"SMITH"},{"data":"Metallicize","floor":15.0,"key":"SMITH"},{"data":"Juggernaut","floor":24.0,"key":"SMITH"},{"data":"Barricade","floor":32.0,"key":"SMITH"},{"data":"Berserk","floor":40.0,"key":"SMITH"},{"data":"Juggernaut","floor":42.0,"key":"SMITH"},{"data":"hubris:Fate","floor":45.0,"key":"SMITH"},{"data":"Metallicize","floor":45.0,"key":"SMITH"},{"data":"Limit Break","floor":49.0,"key":"SMITH"},{"data":"Body Slam","floor":49.0,"key":"SMITH"},{"data":"After Image","floor":57.0,"key":"SMITH"},{"data":"Body Slam","floor":57.0,"key":"SMITH"},{"data":"Rage","floor":59.0,"key":"SMITH"},{"data":"Rage","floor":62.0,"key":"SMITH"},{"data":"Panache","floor":64.0,"key":"SMITH"},{"data":"Escape Plan","floor":64.0,"key":"SMITH"},{"data":"Berserk","floor":66.0,"key":"SMITH"},{"data":"Shrug It Off","floor":66.0,"key":"SMITH"},{"data":"infinitespire:Collect","floor":74.0,"key":"SMITH"},{"data":"Deflect","floor":74.0,"key":"SMITH"},{"data":"Iron Wave","floor":76.0,"key":"SMITH"},{"data":"Iron Wave","floor":76.0,"key":"SMITH"},{"data":"Clash","floor":81.0,"key":"SMITH"},{"data":"Blur","floor":81.0,"key":"SMITH"},{"floor":83.0,"key":"REST"}],"circlet_count":0,"master_deck":["infinitespire:OneForAll+1","Shrug It Off+1","Anger+1","Iron Wave+1","Shrug It Off","Rage+1","Clash+1","Iron Wave+1","Body Slam+1","Metallicize+1","Juggernaut+1","Escape Plan+1","Metallicize+1","hubris:Fate+1","Barricade+1","Shrug It Off","Juggernaut+1","Berserk+1","Cleave+1","Deflect+1","Shrug It Off+1","Body Slam+1","Rage+1","Limit Break+1","After Image+1","Body Slam+1","Panache+1","Berserk+1","infinitespire:Collect+1","After Image+1","Heavy Blade+1","Blur+1","Shrug It Off"],"relics":["Burning Blood","hubris:MedicalManual","hubris:DisguiseKit","halation:PromiseList","HornCleat","halation:TwoAmDonut","Orichalcum","Runic Cube","Chemical X","Black Star","hubris:SlimyHat","Pear","MawBank","aspiration:ArtOfWarUpgrade","hubris:Reverence","aspiration:DSix","halation:SwordOfLegend","conspire:TopHat","aspiration:FrozenJewel","WingedGreaves","halation:PrussianBluePaint","Pen Nib","halation:EternalFortune","Centennial Puzzle","halation:PenCase","Kunai","hubris:TenFootPole","Omamori","Ancient Tea Set","infinitespire:Cupcake","StoneCalendar","Strawberry","Darkstone Periapt","hubris:FunFungus","vexMod:BigBerry","hubris:Towel","Vajra","DollysMirror","halation:IllGainedPizza","halation:AfternoonTea","Matryoshka","vexMod:ScavengeHelm","Bag of Preparation","halation:BottledLove","hubris:ChampionShield","Cursed Key"],"acts_visited":["Exordium","TheCity","TheBeyond","Exordium","TheCity","TheBeyond"],"potions_floor_usage":[],"damage_taken":[{"damage":0.0,"enemies":"Cultist","floor":1.0,"turns":1.0},{"damage":0.0,"enemies":"2 Louse","floor":2.0,"turns":2.0},{"damage":0.0,"enemies":"Small Slimes","floor":3.0,"turns":2.0},{"damage":1.0,"enemies":"3 Sentries","floor":7.0,"turns":6.0},{"damage":0.0,"enemies":"Lagavulin","floor":8.0,"turns":2.0},{"damage":0.0,"enemies":"Gremlin Nob","floor":12.0,"turns":3.0},{"damage":18.0,"enemies":"Hexaghost","floor":16.0,"turns":7.0},{"damage":18.0,"enemies":"3 Byrds","floor":18.0,"turns":4.0},{"damage":6.0,"enemies":"Chosen","floor":19.0,"turns":2.0},{"damage":12.0,"enemies":"Centurion and Healer","floor":21.0,"turns":3.0},{"damage":12.0,"enemies":"Slavers","floor":23.0,"turns":4.0},{"damage":8.0,"enemies":"Gremlin Leader","floor":25.0,"turns":3.0},{"damage":2.0,"enemies":"Nightmare","floor":27.0,"turns":4.0},{"damage":0.0,"enemies":"Snecko","floor":29.0,"turns":2.0},{"damage":2.0,"enemies":"Book of Stabbing","floor":30.0,"turns":2.0},{"damage":3.0,"enemies":"conspire:SneckoGhost","floor":31.0,"turns":3.0},{"damage":21.0,"enemies":"hubris:MusketHawk","floor":33.0,"turns":4.0},{"damage":0.0,"enemies":"Orb Walker","floor":35.0,"turns":1.0},{"damage":0.0,"enemies":"conspire:MimicChest","floor":36.0,"turns":3.0},{"damage":0.0,"enemies":"3 Shapes","floor":38.0,"turns":2.0},{"damage":5.0,"enemies":"Transient","floor":39.0,"turns":5.0},{"damage":0.0,"enemies":"Jaw Worm Horde","floor":41.0,"turns":4.0},{"damage":0.0,"enemies":"Giant Head","floor":44.0,"turns":6.0},{"damage":6.0,"enemies":"3 Darklings","floor":46.0,"turns":3.0},{"damage":14.0,"enemies":"Nemesis","floor":48.0,"turns":5.0},{"damage":25.0,"enemies":"hubris:GrandSnecko","floor":50.0,"turns":6.0},{"damage":0.0,"enemies":"2 Louse","floor":52.0,"turns":1.0},{"damage":0.0,"enemies":"Cultist","floor":53.0,"turns":1.0},{"damage":15.0,"enemies":"Jaw Worm","floor":55.0,"turns":2.0},{"damage":0.0,"enemies":"Gremlin Nob","floor":56.0,"turns":2.0},{"damage":0.0,"enemies":"Large Slime","floor":58.0,"turns":2.0},{"damage":0.0,"enemies":"Lagavulin","floor":65.0,"turns":2.0},{"damage":0.0,"enemies":"Hexaghost","floor":67.0,"turns":3.0},{"damage":29.0,"enemies":"2 Thieves","floor":69.0,"turns":2.0},{"damage":21.0,"enemies":"Shell Parasite","floor":70.0,"turns":2.0},{"damage":31.0,"enemies":"Book of Stabbing","floor":75.0,"turns":2.0},{"damage":0.0,"enemies":"Gremlin Leader","floor":78.0,"turns":2.0},{"damage":0.0,"enemies":"Snecko","floor":79.0,"turns":2.0},{"damage":0.0,"enemies":"Centurion and Healer","floor":80.0,"turns":2.0},{"damage":36.0,"enemies":"Slavers","floor":82.0,"turns":2.0},{"damage":0.0,"enemies":"Champ","floor":84.0,"turns":4.0},{"damage":21.0,"enemies":"3 Shapes","floor":86.0,"turns":2.0},{"damage":0,"enemies":"Orb Walker","floor":87,"turns":1}],"seed_played":"-9114932275729307656","potions_obtained":[{"floor":3.0,"key":"PowerPotion"},{"floor":7.0,"key":"FearPotion"},{"floor":12.0,"key":"ElixirPotion"},{"floor":19.0,"key":"Dexterity Potion"},{"floor":46.0,"key":"Strength Potion"}],"is_trial":true,"path_per_floor":["M","M","M","?","$","R","E","E","T","R","T","E","R","$","R","B",null,"M","M","AVR","M","?","E","R","E","T","NM","?","M","E","E","R","B",null,"M","?","?","M","M","R","M","R","T","E","R","M","$","E","R","B",null,"M","M","?","M","?","R","M","R","T","?","R","$","R","E","R","B",null,"M","M","?","?","$","R","E","R","T","E","M","M","R","E","R","B",null,"M","M"],"character_chosen":"IRONCLAD","items_purchased":["Metallicize","Kunai","hubris:TenFootPole","Body Slam","Rage","Panache","Vajra","DollysMirror"],"campfire_rested":1,"item_purchase_floors":[5,47,47,47,47,63,73,73],"current_hp_per_floor":[80,80,80,80,80,80,80,80,80,80,80,80,80,80,80,68,80,68,68,68,62,62,66,66,64,64,68,68,74,78,81,84,69,90,90,90,93,93,93,93,93,93,93,93,93,93,93,85,88,69,93,93,93,93,84,90,93,93,93,100,100,100,100,100,100,100,100,130,108,96,96,96,96,105,82,85,85,91,97,104,113,84,123,133,133,118,118,118],"gold":590,"neow_bonus":"","is_daily":false,"chose_seed":false,"campfire_upgraded":26,"win_rate":0.0,"timestamp":1610437166,"path_taken":["M","?","?","?","$","R","?","E","T","R","?","E","R","$","R","BOSS","M","M","AVR","M","?","E","R","E","T","NM","?","?","E","?","R","BOSS","M","?","?","?","M","R","M","R","T","E","R","M","$","?","R","BOSS","M","M","?","M","?","R","M","R","T","?","R","$","R","E","R","BOSS","M","M","?","?","?","R","E","R","T","E","M","M","R","?","R","BOSS","M","M"],"items_purchased_type":["Card","Relic","Relic","Card","Card","Card","Relic","Relic"],"build_version":"2020-12-22","purchased_purges":0,"victory":false,"max_hp_per_floor":[80,80,80,80,80,80,80,80,80,80,80,80,80,80,80,80,80,80,80,80,80,80,90,90,90,90,90,90,90,90,90,90,90,90,90,90,93,93,93,93,93,93,93,93,93,93,93,93,93,93,93,93,93,93,93,93,93,93,93,100,100,100,100,100,100,100,100,130,130,133,133,133,133,133,133,133,133,133,133,133,133,133,133,133,133,133,133,133],"card_choices":[{"not_picked":["infinitespire:OneForAll","Dropkick","Perfected Strike"],"picked":"SKIP","floor":1.0},{"not_picked":["Infernal Blade","Clothesline","Spot Weakness"],"picked":"SKIP","floor":2.0},{"not_picked":["Whirlwind","Blood for Blood","Thunderclap"],"picked":"SKIP","floor":3.0},{"not_picked":["Immolate","Brutality","Exhume"],"picked":"SKIP","floor":7.0},{"not_picked":["Berserk","Double Tap","hubris:StunningStrike","Night Terror"],"picked":"SKIP","floor":8.0},{"not_picked":["Demon Form","Reaper","Bludgeon","Phantasmal Killer"],"picked":"SKIP","floor":12.0},{"not_picked":["Reaper","Double Tap","Envenom"],"picked":"Juggernaut","floor":16.0},{"not_picked":["Heavy Blade","Sentinel","Twin Strike"],"picked":"Escape Plan","floor":18.0},{"not_picked":["Warcry","hubris:CleavingFinish","Bloodletting","All Out Attack"],"picked":"SKIP","floor":19.0},{"not_picked":["infinitespire:OneForAll","Battle Trance+1","Havoc","All Out Attack"],"picked":"SKIP","floor":21.0},{"not_picked":["Exhume","Feed","conspire:HitWhereItHurts","Burst"],"picked":"SKIP","floor":23.0},{"not_picked":["Immolate","Double Tap","Brutality","Phantasmal Killer"],"picked":"SKIP","floor":25.0},{"not_picked":["infinitespire:Starlight","infinitespire:SealOfDarkness+"],"picked":"hubris:Fate","floor":27.0},{"not_picked":["Exhume","conspire:HitWhereItHurts","Tools of the Trade"],"picked":"Barricade","floor":27.0},{"not_picked":["Wild Strike","Hemokinesis","Dash"],"picked":"Shrug It Off","floor":29.0},{"not_picked":["hubris:StunningStrike","conspire:HitWhereItHurts","Glass Knife"],"picked":"Juggernaut","floor":30.0},{"not_picked":["Reaper","Corruption","Berserk","Burst"],"picked":"SKIP","floor":31.0},{"not_picked":["Brutality","Fiend Fire","aspiration:Lunge"],"picked":"Berserk","floor":33.0},{"not_picked":["conspire:ExplosiveBarrier+1","Pommel Strike+1","Perfected Strike+1","PiercingWail"],"picked":"SKIP","floor":35.0},{"not_picked":["Warcry+1","Flex+1","Deflect"],"picked":"Cleave+1","floor":36.0},{"not_picked":["Immolate","Dark Embrace","Infernal Blade","Poisoned Stab"],"picked":"SKIP","floor":38.0},{"not_picked":["Combust+1","Warcry","Twin Strike+1"],"picked":"Deflect","floor":39.0},{"not_picked":["Wild Strike","Intimidate","Poisoned Stab"],"picked":"Shrug It Off+1","floor":41.0},{"not_picked":["conspire:HitWhereItHurts","Demon Form","hubris:StunningStrike","Night Terror"],"picked":"SKIP","floor":44.0},{"not_picked":["Uppercut+1","Reckless Charge","Pommel Strike","Noxious Fumes"],"picked":"SKIP","floor":46.0},{"not_picked":["Impervious","Barricade","Grand Finale"],"picked":"Limit Break","floor":48.0},{"not_picked":["hubris:StunningStrike","Offering","Berserk"],"picked":"After Image","floor":50.0},{"not_picked":["Intimidate","True Grit","Wild Strike","Well Laid Plans"],"picked":"SKIP","floor":52.0},{"not_picked":["Iron Wave","Clothesline","Deflect"],"picked":"Body Slam","floor":53.0},{"not_picked":["Flex","Thunderclap","Searing Blow","Choke"],"picked":"SKIP","floor":55.0},{"not_picked":["Shrug It Off","Heavy Blade","Pommel Strike","Night Terror"],"picked":"SKIP","floor":58.0},{"not_picked":["Corruption","Fiend Fire","Phantasmal Killer"],"picked":"Berserk","floor":65.0},{"not_picked":["infinitespire:Fortify","infinitespire:SealOfDarkness+"],"picked":"infinitespire:Collect","floor":68.0},{"not_picked":["Perfected Strike","Hemokinesis","Warcry","Catalyst"],"picked":"SKIP","floor":69.0},{"not_picked":["Rampage","Pommel Strike+1","True Grit","Deadly Poison"],"picked":"SKIP","floor":70.0},{"not_picked":["Demon Form","Limit Break","conspire:Purge","Malaise"],"picked":"SKIP","floor":75.0},{"not_picked":["Brutality","Feed","Berserk","Night Terror"],"picked":"SKIP","floor":78.0},{"not_picked":["Wild Strike+1","Evolve+1","Calculated Gamble"],"picked":"Heavy Blade+1","floor":79.0},{"not_picked":["conspire:ExplosiveBarrier","Cleave+1","Wild Strike"],"picked":"Blur","floor":80.0},{"not_picked":["conspire:Purge","hubris:StunningStrike","Immolate","infinitespire:Neurotoxin"],"picked":"SKIP","floor":82.0},{"not_picked":["Searing Blow+1","Twin Strike","Accuracy"],"picked":"Shrug It Off","floor":86.0}],"player_experience":1830892,"relics_obtained":[{"floor":7.0,"key":"hubris:DisguiseKit"},{"floor":8.0,"key":"halation:PromiseList"},{"floor":9.0,"key":"HornCleat"},{"floor":11.0,"key":"halation:TwoAmDonut"},{"floor":12.0,"key":"Orichalcum"},{"floor":23.0,"key":"hubris:SlimyHat"},{"floor":23.0,"key":"Pear"},{"floor":25.0,"key":"MawBank"},{"floor":25.0,"key":"Art of War"},{"floor":26.0,"key":"hubris:Reverence"},{"floor":27.0,"key":"aspiration:DSix"},{"floor":27.0,"key":"halation:SwordOfLegend"},{"floor":30.0,"key":"conspire:TopHat"},{"floor":30.0,"key":"aspiration:FrozenJewel"},{"floor":31.0,"key":"WingedGreaves"},{"floor":31.0,"key":"halation:PrussianBluePaint"},{"floor":36.0,"key":"Pen Nib"},{"floor":44.0,"key":"Centennial Puzzle"},{"floor":44.0,"key":"halation:PenCase"},{"floor":48.0,"key":"Omamori"},{"floor":48.0,"key":"Ancient Tea Set"},{"floor":56.0,"key":"StoneCalendar"},{"floor":60.0,"key":"Strawberry"},{"floor":65.0,"key":"Darkstone Periapt"},{"floor":65.0,"key":"hubris:FunFungus"},{"floor":70.0,"key":"halation:EternalFortune"},{"floor":75.0,"key":"halation:IllGainedPizza"},{"floor":75.0,"key":"halation:AfternoonTea"},{"floor":77.0,"key":"Matryoshka"},{"floor":78.0,"key":"vexMod:ScavengeHelm"},{"floor":78.0,"key":"Bag of Preparation"},{"floor":82.0,"key":"halation:BottledLove"},{"floor":82.0,"key":"hubris:ChampionShield"}],"event_choices":[{"damage_healed":0.0,"max_hp_gain":0.0,"max_hp_loss":0.0,"gold_gain":0.0,"event_name":"The Library","player_choice":"Read","floor":22.0,"gold_loss":0.0,"damage_taken":0.0,"cards_obtained":["Metallicize"]},{"damage_healed":0.0,"max_hp_gain":0.0,"max_hp_loss":0.0,"gold_gain":0.0,"event_name":"conspire:LoneGhost","player_choice":"Disagree","floor":54.0,"gold_loss":0.0,"damage_taken":0.0},{"damage_healed":0.0,"max_hp_gain":0.0,"max_hp_loss":0.0,"gold_gain":0.0,"event_name":"Dead Adventurer","player_choice":"Searched \u00272\u0027 times","floor":56.0,"gold_loss":0.0,"damage_taken":0.0},{"cards_removed":["Shrug It Off"],"damage_healed":0.0,"max_hp_gain":0.0,"max_hp_loss":0.0,"gold_gain":0.0,"event_name":"The Cleric","player_choice":"Card Removal","floor":61.0,"gold_loss":50.0,"damage_taken":0.0}],"is_beta":false,"boss_relics":[{"not_picked":["vexMod:DeviousBotling","vexMod:CursedCompass"],"picked":"Runic Cube"},{"not_picked":["aspiration:SecretTechniqueScroll","Fusion Hammer","SacredBark"]},{"not_picked":["aspiration:PoetsPen_weak","hubris:HollowSoul"],"picked":"infinitespire:Cupcake"},{"not_picked":["Velvet Choker","hubris:TerracottaHorce"],"picked":"vexMod:BigBerry"},{"not_picked":["hubris:RunicObelisk","vexMod:CursedCompass"],"picked":"Cursed Key"}],"items_purged_floors":[],"is_endless":true,"potions_floor_spawned":[3,7,12,19,25,27,30,35,41,44,46,52,55,67,69,78,79,80],"killed_by":"Orb Walker","ascension_level":0}}