{"host":"newqdrzxfhh2im9e","time":1610442037,"event":{"mods":["AchievementEnabler","BaseMod","BetterRewards","Block Reminder","Colored Map","Jorbs\u0027s Wanderer Trilogy","Minty Spire (QoL Compilation)","Rare Cards Sparkle","Shop Mod","StSLib"],"gold_per_floor":[109,129,129,204,14,14,14,49,49,79,254,254,26,42,42,138,138,148,13,13,27,27,27,359,359,436,436,452,452,47,62,62,62,62],"floor_reached":33,"playtime":1104,"items_purged":["Doubt"],"score":269,"play_id":"39b218cc-e312-412b-8566-941136e06241","local_time":"20210112010037","is_ascension_mode":false,"campfire_choices":[{"data":"MentalFortress","floor":6,"key":"SMITH"},{"floor":12,"key":"REST"},{"floor":15,"key":"REST"},{"data":"Ragnarok","floor":23,"key":"SMITH"},{"floor":25,"key":"REST"},{"data":"Establishment","floor":27,"key":"SMITH"},{"floor":29,"key":"REST"},{"data":"Wallop","floor":32,"key":"SMITH"}],"circlet_count":0,"master_deck":["Strike_P","Strike_P","Strike_P","Strike_P","Defend_P","Defend_P","Defend_P","Defend_P","Eruption+1","Vigilance","SandsOfTime","Study+1","MentalFortress+1","TalkToTheHand+1","Swivel","Establishment+1","Swivel+1","Ragnarok+1","Shame","CarveReality","WheelKick+1","Wallop+1","Ragnarok","Vault"],"relics":["PureWater","Happy Flower","Sling","Toy Ornithopter","Turnip","Mummified Hand","MealTicket","Black Star","Boot","MutagenicStrength","Matryoshka","Old Coin","Whetstone","TeardropLocket","ClockworkSouvenir","Art of War"],"acts_visited":["Exordium","TheCity"],"potions_floor_usage":[10,16,16,24,31,33],"damage_taken":[{"damage":0,"enemies":"Jaw Worm","floor":1,"turns":3},{"damage":0,"enemies":"2 Louse","floor":2,"turns":2},{"damage":28,"enemies":"Gremlin Nob","floor":8,"turns":3},{"damage":4,"enemies":"3 Sentries","floor":10,"turns":6},{"damage":0,"enemies":"Small Slimes","floor":14,"turns":3},{"damage":19,"enemies":"Slime Boss","floor":16,"turns":7},{"damage":27,"enemies":"Chosen","floor":18,"turns":5},{"damage":8,"enemies":"Shell Parasite","floor":21,"turns":5},{"damage":33,"enemies":"Slavers","floor":24,"turns":4},{"damage":21,"enemies":"Centurion and Healer","floor":28,"turns":5},{"damage":0,"enemies":"Snecko","floor":31,"turns":4},{"damage":71,"enemies":"Automaton","floor":33,"turns":6}],"seed_played":"-3900713604020117681","potions_obtained":[{"floor":8,"key":"EssenceOfSteel"},{"floor":10,"key":"Regen Potion"},{"floor":14,"key":"BlessingOfTheForge"},{"floor":21,"key":"Fire Potion"},{"floor":31,"key":"LiquidBronze"}],"is_trial":false,"path_per_floor":["M","M","?","?","$","R","?","E","T","E","?","R","$","M","R","B",null,"M","$","?","M","?","R","E","R","T","R","M","R","$","M","R","B"],"character_chosen":"WATCHER","items_purchased":["Sling","MentalFortress","MealTicket","Ragnarok","ClockworkSouvenir","Ragnarok","Art of War","PowerPotion"],"campfire_rested":4,"item_purchase_floors":[5,5,13,19,30,30,30,30],"current_hp_per_floor":[72,72,69,58,58,58,58,30,30,31,31,52,52,52,72,70,72,45,60,60,52,52,52,24,45,45,45,24,45,60,65,65,0,0],"gold":62,"neow_bonus":"UPGRADE_CARD","is_daily":false,"chose_seed":false,"campfire_upgraded":4,"win_rate":0.0,"timestamp":1610442037,"path_taken":["M","M","?","?","$","R","?","E","T","E","?","R","?","M","R","BOSS","M","$","?","M","?","R","E","R","T","R","M","R","$","M","R","BOSS"],"items_purchased_type":["Relic","Card","Relic","Card","Relic","Card","Relic","Potion"],"build_version":"2020-12-22","purchased_purges":1,"victory":false,"max_hp_per_floor":[72,72,72,72,72,72,72,72,72,72,72,72,72,72,72,72,72,72,72,72,72,72,72,72,72,72,72,72,72,72,72,72,72,72],"card_choices":[{"not_picked":["Protect","EmptyFist"],"picked":"SandsOfTime","floor":1},{"not_picked":["JustLucky","WaveOfTheHand"],"picked":"Study","floor":2},{"not_picked":["ClearTheMind","CutThroughFate","Wireheading"],"picked":"SKIP","floor":8},{"not_picked":["Prostrate","Crescendo"],"picked":"TalkToTheHand","floor":10},{"not_picked":["Perseverance","Evaluate"],"picked":"Swivel","floor":14},{"not_picked":["Vault","MasterReality"],"picked":"Establishment","floor":16},{"not_picked":["EmptyBody","Wireheading"],"picked":"Swivel+1","floor":18},{"not_picked":["Consecrate","PathToVictory"],"picked":"CarveReality","floor":21},{"not_picked":["EmptyFist+1","Evaluate"],"picked":"WheelKick","floor":24},{"not_picked":["FollowUp","ReachHeaven"],"picked":"Wallop","floor":28},{"not_picked":["CarveReality","SandsOfTime"],"picked":"Vault","floor":31}],"player_experience":723129,"relics_obtained":[{"floor":8,"key":"Toy Ornithopter"},{"floor":9,"key":"Turnip"},{"floor":10,"key":"Mummified Hand"},{"floor":24,"key":"Matryoshka"},{"floor":24,"key":"Old Coin"},{"floor":26,"key":"Whetstone"},{"floor":26,"key":"TeardropLocket"}],"event_choices":[{"damage_healed":0,"gold_gain":0,"player_choice":"Success","damage_taken":3,"relics_obtained":["Happy Flower"],"max_hp_gain":0,"max_hp_loss":0,"event_name":"Scrap Ooze","floor":3,"gold_loss":0},{"damage_healed":0,"gold_gain":75,"player_choice":"Gather Gold","damage_taken":11,"max_hp_gain":0,"max_hp_loss":0,"event_name":"World of Goop","floor":4,"gold_loss":0},{"damage_healed":0,"gold_gain":0,"player_choice":"Grow","damage_taken":0,"max_hp_gain":0,"max_hp_loss":0,"event_name":"Living Wall","floor":7,"gold_loss":0,"cards_upgraded":["Study"]},{"damage_healed":0,"gold_gain":175,"player_choice":"AGREE","damage_taken":0,"max_hp_gain":0,"max_hp_loss":0,"event_name":"Liars Game","floor":11,"gold_loss":0,"cards_obtained":["Doubt"]},{"damage_healed":0,"gold_gain":0,"player_choice":"Stole Relic","damage_taken":0,"relics_obtained":["Boot"],"max_hp_gain":0,"max_hp_loss":0,"event_name":"Addict","floor":20,"gold_loss":0,"cards_obtained":["Shame"]},{"damage_healed":0,"gold_gain":0,"player_choice":"Inject Mutagens","damage_taken":0,"relics_obtained":["MutagenicStrength"],"max_hp_gain":0,"max_hp_loss":0,"event_name":"Drug Dealer","floor":22,"gold_loss":0}],"is_beta":false,"boss_relics":[{"not_picked":["Empty Cage","Tiny House"],"picked":"Black Star"}],"items_purged_floors":[13],"is_endless":false,"potions_floor_spawned":[8,10,14,21,31],"killed_by":"Automaton","ascension_level":0}}