{"host":"urvvf8749ekcxo1a","time":1610429222,"event":{"mods":["BaseMod","Better Match","Better Sensory Stone","BetterRewards","Downfall","Evolution","Gold Saver","Marisa????????","Minty Spire (QoL Compilation)","Shop Mod","StSLib","Td1madao Mod","The Disciple","The Dragon Tamer","The Marked","The Necromancer","The Servant 0.9.4","UnlockEverythingMod"],"gold_per_floor":[110,110,124,142,157,184,184,203,203,203,222,232,250,175,175,175,175],"floor_reached":16,"playtime":924,"items_purged":["Strike_Br"],"score":106,"play_id":"e185a74c-c963-4fe0-bf49-6a4cbaeeb5ff","local_time":"20210112002702","is_ascension_mode":false,"campfire_choices":[{"data":"Echoward","floor":7,"key":"SMITH"},{"data":"Backlash","floor":10,"key":"SMITH"},{"floor":15,"key":"REST"}],"circlet_count":0,"master_deck":["Strike_Br","Strike_Br+1","Strike_Br","Defend_Br","Defend_Br","Defend_Br","SecondHand","PatternShift","ReapSow","WindUp","SlimeSpray+1","Echoward+1","Moderato","Backlash+1","Echoward","WatchCommand","Allargando"],"relics":["Chronometer","Whetstone","Question Card"],"acts_visited":["Exordium"],"potions_floor_usage":[6,8,8,16],"damage_taken":[{"damage":5,"enemies":"Small Slimes","floor":1,"turns":4},{"damage":4,"enemies":"Cultist","floor":3,"turns":4},{"damage":3,"enemies":"Jaw Worm","floor":4,"turns":3},{"damage":3,"enemies":"Exordium Wildlife","floor":5,"turns":4},{"damage":24,"enemies":"Lagavulin","floor":6,"turns":6},{"damage":5,"enemies":"Blue Slaver","floor":8,"turns":2},{"damage":2,"enemies":"Exordium Thugs","floor":11,"turns":4},{"damage":9,"enemies":"Exordium Wildlife","floor":12,"turns":4},{"damage":4,"enemies":"Looter","floor":13,"turns":4},{"damage":33,"enemies":"Hexaghost","floor":16,"turns":12}],"seed_played":"-132509509733026394","potions_obtained":[{"floor":1,"key":"SneckoOil"},{"floor":5,"key":"champ:CounterPotion"},{"floor":6,"key":"AttackPotion"},{"floor":12,"key":"Ancient Potion"}],"is_trial":false,"path_per_floor":["M","?","M","M","M","E","R","M","T","R","M","M","M","$","R","B"],"character_chosen":"CHRONO_CLASS","items_purchased":[],"campfire_rested":1,"item_purchase_floors":[],"current_hp_per_floor":[66,66,62,59,56,32,32,27,27,27,25,16,12,12,33,0,0],"gold":175,"neow_bonus":"TEN_PERCENT_HP_BONUS","is_daily":false,"chose_seed":false,"campfire_upgraded":2,"win_rate":0.0,"timestamp":1610429222,"path_taken":["M","?","M","?","?","E","R","M","T","R","M","M","M","?","R","BOSS"],"items_purchased_type":[],"build_version":"2020-12-22","purchased_purges":1,"victory":false,"max_hp_per_floor":[71,71,71,71,71,71,71,71,71,71,71,71,71,71,71,71,71],"card_choices":[{"not_picked":["Echoward","Engulf"],"picked":"ReapSow","floor":1},{"not_picked":["EscortCommand","TiringSlam"],"picked":"WindUp","floor":3},{"not_picked":["AlternateTimeline","TickedOff"],"picked":"SlimeSpray","floor":4},{"not_picked":["Engulf","Accruing"],"picked":"Echoward","floor":5},{"not_picked":["FormalWear","LockedMercury"],"picked":"Tempo","floor":6},{"not_picked":["SlimeSpray","Cuckoo"],"picked":"Backlash","floor":8},{"not_picked":["LockedTurtyl","TiringSlam","Engulf"],"picked":"Tempo","floor":11},{"not_picked":["Backlash","EscortCommand","TiringSlam"],"picked":"Echoward","floor":12},{"not_picked":["Tempo","EscortCommand","LockedCalendar"],"picked":"WatchCommand","floor":13}],"player_experience":120550,"relics_obtained":[{"floor":6,"key":"Whetstone"},{"floor":9,"key":"Question Card"}],"event_choices":[{"cards_removed":["Defend_Br"],"damage_healed":0,"gold_gain":0,"player_choice":"Card Removal","damage_taken":0,"max_hp_gain":0,"max_hp_loss":0,"event_name":"Wheel of Change","floor":2,"gold_loss":0}],"is_beta":false,"boss_relics":[],"items_purged_floors":[14],"is_endless":false,"potions_floor_spawned":[1,5,6,12],"killed_by":"Hexaghost","ascension_level":0}}