{"host":"3x36qx7z3zqcvkt0","time":1610470074,"event":{"mods":["Act Like it!","Arknights The Spire","BaseMod","Colored Map","Colored Powertips","Downfall","Friendly Minions","Gensokyo","Koishi","LagranYue(拉格朗・月)","Marisa（F雨　魔理沙）","Minty Spire (QoL Compilation)","Prisma Mod","Replay The Spire","Shop Mod","StSLib","The Cursed","The Servant 0.9.4","Yuyuko","【功能Mod】聪明的最终Boss"],"gold_per_floor":[199,217,227,227,227,28,52,52,63,93,193,208,58,71,89,190,190,190,208,223,63,75,75,75,60,160,185,110,110,143,162,175,276,276,276,294,309,309,328,339,339,339,351,351,351,367,402,457,473,473],"floor_reached":51,"playtime":5404,"items_purged":[],"score":904,"play_id":"f4c5e355-d685-45e0-86b7-563fc7b260e0","local_time":"20210113004754","is_ascension_mode":true,"campfire_choices":[{"floor":1,"key":"RECALL"},{"data":"Slimebound:Split","floor":8,"key":"SMITH"},{"data":"Slimebound:ProtectTheBoss","floor":13,"key":"SMITH"},{"data":"Slimebound:MassFeed","floor":18,"key":"SMITH"},{"data":"Slimebound:LeadByExample","floor":28,"key":"SMITH"},{"data":"Slimebound:OozeBath","floor":35,"key":"SMITH"},{"floor":45,"key":"REST"}],"circlet_count":0,"master_deck":["Slimebound:Strike_Slimebound","Slimebound:Strike_Slimebound","Slimebound:Strike_Slimebound","Slimebound:Tackle","Slimebound:Defend_Slimebound","Slimebound:Defend_Slimebound","Slimebound:Defend_Slimebound","Slimebound:Defend_Slimebound","Slimebound:Split+1","Slimebound:CorrosiveSpit","Slimebound:RejuvenatingLick","Slimebound:LeechingTouch","Slimebound:SamplingLick","Slimebound:Teamwork","Slimebound:Nibble","Slimebound:SlimeSpikes","Slimebound:GrowthPunch","Slimebound:ProtectTheBoss+1","Slimebound:Equalize","Slimebound:FirmFortitude","Slimebound:MassFeed+1","Slimebound:LeadByExample+1","Slimebound:LevelUp","Slimebound:Repurpose","Slimebound:LeechEnergy","Slimebound:MassFeed","Slimebound:ItLooksTasty","Slimebound:HauntingLick+1","Slimebound:FormOfPuddle","Slimebound:RejuvenatingLick","Slimebound:OozeBath+1","Slimebound:LevelUp+1","Slimebound:Schlurp+1","Slimebound:FormOfPuddle+1","Slimebound:FormOfPuddle+1","Slimebound:ViciousTackle+1","Replay:SS_forest_6","Replay:SS_forest_6","Replay:SS_forest_5","Slimebound:RallyTheTroops","Slimebound:TongueLash+1","Slimebound:SpikyOuterGoop+1"],"relics":["Slimebound:AbsorbEndCombat","LagranYue:RandomDrawCardRelic","Strange Spoon","Slimebound:AggressiveSlimeRelic","Simple Rune","downfall:HeartBlessingRed","downfall:HeartBlessingGreen","Chemical X","Nloth\u0027s Gift","FossilizedHelix","downfall:HeartBlessingBlue","Centennial Puzzle","SlaversCollar","Iron Hammer","Oddly Smooth Stone","CatCart"],"acts_visited":["Exordium","TheCity","TheBeyond"],"potions_floor_usage":[11,16,27,30,33,33,43,50,50,50],"damage_taken":[{"damage":8,"enemies":"2 Louse","floor":2,"turns":3},{"damage":16,"enemies":"Jaw Worm","floor":3,"turns":3},{"damage":0,"enemies":"Cultist","floor":5,"turns":1},{"damage":4,"enemies":"downfall:FleeingMerchant","floor":6,"turns":4},{"damage":15,"enemies":"Large Slime","floor":9,"turns":4},{"damage":47,"enemies":"3 Sentries","floor":10,"turns":8},{"damage":34,"enemies":"3 Sentries","floor":11,"turns":3},{"damage":19,"enemies":"Exordium Thugs","floor":12,"turns":4},{"damage":21,"enemies":"Large Slime","floor":14,"turns":4},{"damage":7,"enemies":"Gremlin Gang","floor":15,"turns":5},{"damage":47,"enemies":"downfall:Ironclad","floor":16,"turns":8},{"damage":19,"enemies":"3 Byrds","floor":19,"turns":4},{"damage":55,"enemies":"Sentry and Sphere","floor":20,"turns":6},{"damage":12,"enemies":"downfall:FleeingMerchant","floor":21,"turns":4},{"damage":24,"enemies":"Centurion and Healer","floor":22,"turns":6},{"damage":28,"enemies":"downfall:FleeingMerchant","floor":25,"turns":4},{"damage":40,"enemies":"Gremlin Leader","floor":27,"turns":7},{"damage":78,"enemies":"Slavers","floor":30,"turns":6},{"damage":23,"enemies":"Snecko","floor":31,"turns":5},{"damage":12,"enemies":"Cultist and Chosen","floor":32,"turns":6},{"damage":28,"enemies":"downfall:Defect","floor":33,"turns":6},{"damage":14,"enemies":"3 Shapes","floor":36,"turns":5},{"damage":8,"enemies":"Orb Walker","floor":37,"turns":4},{"damage":43,"enemies":"Maw","floor":39,"turns":7},{"damage":95,"enemies":"3 Darklings","floor":40,"turns":8},{"damage":12,"enemies":"Writhing Mass","floor":43,"turns":7},{"damage":16,"enemies":"Jaw Worm Horde","floor":46,"turns":5},{"damage":22,"enemies":"Nemesis","floor":47,"turns":9},{"damage":58,"enemies":"Orin","floor":48,"turns":11},{"damage":23,"enemies":"Sphere and 2 Shapes","floor":49,"turns":7},{"damage":4,"enemies":"downfall:Silent","floor":50,"turns":7}],"seed_played":"290652950703997367","potions_obtained":[{"floor":3,"key":"AttackPotion"},{"floor":9,"key":"Cursed Concoction"},{"floor":10,"key":"SkillPotion"},{"floor":11,"key":"SneckoOil"},{"floor":15,"key":"SkillPotion"},{"floor":16,"key":"Weak Potion"},{"floor":19,"key":"champ:CounterPotion"},{"floor":27,"key":"Fire Potion"},{"floor":30,"key":"Energy Potion"},{"floor":33,"key":"Swift Potion"},{"floor":37,"key":"champ:CounterPotion"},{"floor":38,"key":"Adrenaline Potion"},{"floor":43,"key":"Doom Potion"}],"is_trial":false,"path_per_floor":["R","M","M","?","M","$","T","R","M","E","?","M","R","M","M","B",null,"R_BF","M","M","$","M","?","T","$","?","E","R","?","E","M","M","B",null,"R","M","M","?","M","M","T","?","M","?","R","M","E","?","M","B",null],"character_chosen":"SLIMEBOUND","items_purchased":["Slimebound:Nibble","Strange Spoon","Chemical X"],"campfire_rested":1,"item_purchase_floors":[6,6,21],"current_hp_per_floor":[60,60,58,58,58,60,60,60,60,49,45,52,52,53,60,60,60,60,65,42,52,64,64,64,58,58,58,68,68,42,51,65,95,102,102,109,112,112,97,48,48,48,68,58,92,112,120,96,104,123],"gold":473,"neow_bonus":"HUNDRED_GOLD","is_daily":false,"chose_seed":false,"campfire_upgraded":5,"win_rate":0.0,"timestamp":1610470074,"path_taken":["R","M","M","?","M","$","T","R","M","E","?","?","R","M","M","BOSS","R_BF","M","M","$","M","?","T","?","?","E","R","?","E","?","M","BOSS","R","M","M","?","M","?","T","?","M","?","R","?","E","?","M","BOSS"],"items_purchased_type":["Card","Relic","Relic"],"build_version":"2020-12-22","purchased_purges":0,"victory":true,"max_hp_per_floor":[60,60,60,60,60,60,60,60,60,60,60,60,60,60,60,60,60,60,72,76,76,76,76,76,76,76,76,86,86,98,98,98,102,102,102,109,112,112,112,116,116,116,116,116,116,120,120,120,123,123],"card_choices":[{"not_picked":["Slimebound:SlimeSpikes","Slimebound:Grow"],"picked":"Slimebound:RejuvenatingLick","floor":2},{"not_picked":["Slimebound:SplitBruiser","Slimebound:SlimeSpikes"],"picked":"Slimebound:LeechingTouch","floor":3},{"not_picked":["Slimebound:SplitLeeching","Slimebound:Schlurp"],"picked":"Slimebound:SamplingLick","floor":5},{"not_picked":["Slimebound:ViciousTackle","Slimebound:SlimeBrawl"],"picked":"Slimebound:Teamwork","floor":6},{"not_picked":["Slimebound:SamplingLick","Slimebound:SplitAcid"],"picked":"Slimebound:SlimeSpikes","floor":9},{"not_picked":["Slimebound:SamplingLick","Slimebound:SplitAcid"],"picked":"Slimebound:GrowthPunch","floor":10},{"not_picked":["Slimebound:SplitLeeching","Slimebound:SlimeSpikes"],"picked":"Slimebound:ProtectTheBoss","floor":12},{"not_picked":["Slimebound:ComboTackle","Slimebound:SplitAcid"],"picked":"Slimebound:Equalize","floor":14},{"not_picked":["Slimebound:SlimeSpikes","Slimebound:Chomp"],"picked":"Slimebound:FirmFortitude","floor":15},{"not_picked":["Slimebound:TagTeam","Slimebound:LeechLife"],"picked":"Slimebound:MassFeed","floor":16},{"not_picked":["Slimebound:Schlurp","Slimebound:RollThrough+1"],"picked":"Slimebound:SplitAcid","floor":19},{"not_picked":["Slimebound:PressTheAttack+1","Slimebound:FormOfPuddle"],"picked":"Slimebound:LeadByExample","floor":20},{"not_picked":["Slimebound:SplitMire+1","Slimebound:RainOfGoop"],"picked":"Slimebound:LevelUp","floor":21},{"not_picked":["Slimebound:Chomp","Slimebound:DisruptingSlam"],"picked":"Slimebound:Repurpose","floor":22},{"not_picked":["Slimebound:SamplingLick+1","Slimebound:ComboTackle"],"picked":"Slimebound:LeechEnergy","floor":25},{"not_picked":["Slimebound:BestDefense","Slimebound:LeechLife"],"picked":"Slimebound:MassFeed","floor":27},{"not_picked":["Slimebound:MassFeed","Slimebound:RainOfGoop"],"picked":"Slimebound:HauntingLick+1","floor":30},{"not_picked":["Slimebound:Dissolve","Slimebound:SlimeBarrage"],"picked":"Slimebound:FormOfPuddle","floor":31},{"not_picked":["Slimebound:GoopSpray","Slimebound:GoopTackle"],"picked":"Slimebound:RejuvenatingLick","floor":32},{"not_picked":["Slimebound:OneTwoCombo","Slimebound:MassRepurpose"],"picked":"Slimebound:OozeBath","floor":33},{"not_picked":["Slimebound:LeechingTouch+1","Slimebound:SplitLeeching"],"picked":"Slimebound:LevelUp+1","floor":36},{"not_picked":["Slimebound:ItLooksTasty","Slimebound:LeechingTouch"],"picked":"Slimebound:Schlurp+1","floor":37},{"not_picked":["Slimebound:Equalize","Slimebound:LeechingTouch+1"],"picked":"Slimebound:FormOfPuddle+1","floor":39},{"not_picked":["Slimebound:HauntingLick","Slimebound:Chomp"],"picked":"Slimebound:FormOfPuddle+1","floor":40},{"not_picked":["Slimebound:Grow","Slimebound:FlameTackle"],"picked":"Slimebound:ViciousTackle+1","floor":43},{"not_picked":["expansioncontent:YouAreMine","expansioncontent:DonusPower"],"picked":"Replay:SS_forest_6","floor":44},{"not_picked":["expansioncontent:LastStand","expansioncontent:Flail"],"picked":"Replay:SS_forest_6","floor":44},{"not_picked":["expansioncontent:PolyBeam","expansioncontent:ChargeUp"],"picked":"Replay:SS_forest_5","floor":44},{"not_picked":["Slimebound:GoopSpray","Slimebound:SlimeTap"],"picked":"Slimebound:RallyTheTroops","floor":46},{"not_picked":["Slimebound:DisruptingSlam","Slimebound:Schlurp+1"],"picked":"Slimebound:TongueLash+1","floor":47},{"not_picked":["Slimebound:LivingWall+1","Slimebound:Grow"],"picked":"Slimebound:SpikyOuterGoop+1","floor":48},{"not_picked":["Slimebound:PressTheAttack","Slimebound:LeechEnergy+1","Slimebound:RollThrough"],"picked":"SKIP","floor":49}],"player_experience":249996,"relics_obtained":[{"floor":7,"key":"Slimebound:AggressiveSlimeRelic"},{"floor":10,"key":"Simple Rune"},{"floor":11,"key":"downfall:GremlinWheel"},{"floor":27,"key":"FossilizedHelix"},{"floor":30,"key":"Centennial Puzzle"},{"floor":41,"key":"Iron Hammer"},{"floor":47,"key":"Oddly Smooth Stone"},{"floor":48,"key":"CatCart"}],"event_choices":[{"damage_healed":0,"gold_gain":0,"cards_transformed":["Slimebound:SplitAcid"],"player_choice":"Transformed","damage_taken":0,"max_hp_gain":0,"max_hp_loss":0,"event_name":"Transmorgrifier","floor":29,"gold_loss":0,"cards_obtained":["Slimebound:ItLooksTasty"]},{"damage_healed":0,"gold_gain":0,"player_choice":"Got Potions","damage_taken":0,"max_hp_gain":0,"max_hp_loss":0,"event_name":"Lab","floor":38,"gold_loss":0},{"damage_healed":0,"gold_gain":0,"player_choice":"Fight","damage_taken":0,"max_hp_gain":0,"max_hp_loss":0,"event_name":"OrinTheCat","floor":48,"gold_loss":0}],"is_beta":false,"boss_relics":[{"not_picked":["Sozu","downfall:Hecktoplasm","Astrolabe"]},{"not_picked":["Calling Bell","Painkiller Herb"],"picked":"SlaversCollar"}],"items_purged_floors":[],"is_endless":false,"potions_floor_spawned":[3,9,10,11,15,16,19,20,27,30,33,37,40,43,47,48,49],"ascension_level":3}}