{"host":"erwxnntsfyc3037l","time":1610474053,"event":{"mods":["AchievementEnabler","Aspiration","BaseMod","Colored Powertips","Conspire","Downfall","Hermit","Hubris","Mimic Mod","Minty Spire (QoL Compilation)","Quick Restart","Replay The Spire","StSLib","The Bladedancer","The Cursed"],"gold_per_floor":[112,112,123,123,133,133,133,133,93,93,93,106,106,122,122,133,133,230,230,249,265,297,297,212,237,247,247,277,316,330,349,413,428,428,528,578,590,497,497,115,128,128,143,143,178,178,178,190,190,223,223,223,223],"floor_reached":52,"playtime":6182,"items_purged":[],"score":517,"play_id":"3ec3d00d-2efb-481d-b65c-1bf99b7486f3","local_time":"20210112205413","is_ascension_mode":false,"campfire_choices":[{"data":"Perfected Strike","floor":6,"key":"SMITH"},{"data":"Inflame","floor":13,"key":"SMITH"},{"data":"ReplayTheSpireMod:Muscle Training","floor":15,"key":"SMITH"},{"data":"Run Through","floor":17,"key":"SMITH"},{"floor":27,"key":"REST"},{"floor":34,"key":"REST"},{"data":"expansioncontent:Chronoboost","floor":42,"key":"SMITH"},{"floor":44,"key":"REST"},{"floor":46,"key":"REST"},{"floor":51,"key":"REST"}],"circlet_count":0,"master_deck":["Defend_R+1","Defend_R","Defend_R+1","Defend_R","Bash","Iron Wave","Inflame+1","ReplayTheSpireMod:Muscle Training+1","Run Through+1","Reaper","Flex","hubris:ReadiedAction","Slimebound:Tackle+1","Slimebound:Tackle+1","Slimebound:Tackle+1","Spot Weakness","Pommel Strike+1","ReplayTheSpireMod:Splinters","Cleave+1","Heavy Blade","expansioncontent:Chronoboost+1","Seeing Red","Barricade"],"relics":["Burning Blood","aspiration:Nostalgia","m_SnakeBloodCore","aspiration:BabyByrd","Bag of Marbles","Busted Crown","Iron Hammer","Replay:Baseball","Regal Pillow","Kunai","ReplayTheSpireMod:Spearhead","Tiny House","Oddly Smooth Stone","OrangePellets","FossilizedHelix","hubris:Towel","Pen Nib"],"acts_visited":["Exordium","TheCity","TheBeyond"],"potions_floor_usage":[18,18,26,31,41,50,52,52,52,52,52,52],"damage_taken":[{"damage":6,"enemies":"Jaw Worm","floor":1,"turns":3},{"damage":0,"enemies":"2 Louse","floor":3,"turns":3},{"damage":4,"enemies":"Small Slimes","floor":5,"turns":4},{"damage":8,"enemies":"Exordium Thugs","floor":12,"turns":6},{"damage":8,"enemies":"Lots of Slimes","floor":14,"turns":6},{"damage":2,"enemies":"Blue Slaver","floor":16,"turns":4},{"damage":50,"enemies":"Hexaghost","floor":18,"turns":10},{"damage":22,"enemies":"Shell Parasite","floor":20,"turns":5},{"damage":29,"enemies":"3 Byrds","floor":21,"turns":6},{"damage":42,"enemies":"conspire:MimicChest","floor":22,"turns":7},{"damage":28,"enemies":"Book of Stabbing","floor":25,"turns":4},{"damage":39,"enemies":"Shelled Parasite and Fungi","floor":26,"turns":4},{"damage":14,"enemies":"Snake Plant","floor":28,"turns":7},{"damage":12,"enemies":"Snake Plant","floor":29,"turns":6},{"damage":23,"enemies":"Snake Plant","floor":30,"turns":3},{"damage":26,"enemies":"Sentry and Sphere","floor":31,"turns":4},{"damage":35,"enemies":"Centurion and Healer","floor":33,"turns":4},{"damage":45,"enemies":"conspire:MysteriousRune","floor":35,"turns":6},{"damage":18,"enemies":"3 Shapes","floor":37,"turns":3},{"damage":24,"enemies":"3 Darklings","floor":41,"turns":3},{"damage":48,"enemies":"4 Shapes","floor":43,"turns":4},{"damage":37,"enemies":"Transient","floor":45,"turns":9},{"damage":27,"enemies":"Transient","floor":48,"turns":5},{"damage":79,"enemies":"Nemesis","floor":50,"turns":7},{"damage":112,"enemies":"conspire:OrnateMirror","floor":52,"turns":5}],"seed_played":"-6179723394000994398","potions_obtained":[{"floor":12,"key":"LifebloodPotion"},{"floor":16,"key":"ColorlessPotion"},{"floor":25,"key":"PowerPotion"},{"floor":26,"key":"BlessingOfTheForge"},{"floor":30,"key":"GamblersBrew"},{"floor":32,"key":"conspire:TimeTravelPotion"},{"floor":32,"key":"Strength Potion"},{"floor":43,"key":"BloodPotion"},{"floor":50,"key":"EntropicBrew"}],"is_trial":false,"path_per_floor":["M","?","M","?","M","R","PTL","PTL","?","?","T","M","R","M","R","M","R","B",null,"M","M","?","?","?","E","M","R","MIM","MIM","M","M","?","M","R","B",null,"M","$","?","$","M","R","M","R","MIM","R","?","M","?","E","R","B"],"character_chosen":"IRONCLAD","items_purchased":["Death Potion","Oddly Smooth Stone","OrangePellets","expansioncontent:Chronoboost"],"campfire_rested":5,"item_purchase_floors":[38,40,40,40],"current_hp_per_floor":[80,64,73,73,78,78,78,78,78,80,80,80,80,80,80,80,80,39,80,75,65,41,41,41,40,13,52,55,61,57,40,40,40,79,54,85,76,76,76,76,74,74,56,85,69,85,85,67,67,35,75,0,0],"gold":223,"neow_bonus":"NOSTALGIA","is_daily":false,"chose_seed":false,"campfire_upgraded":5,"win_rate":0.0,"timestamp":1610474053,"path_taken":["M","?","M","?","M","R","PTL","PTL","?","?","T","M","R","M","R","?","R","BOSS","M","?","?","?","?","E","?","R","MIM","?","M","M","?","M","R","BOSS","M","$","?","$","M","R","M","R","MIM","R","?","M","?","E","R","BOSS"],"items_purchased_type":["Potion","Relic","Relic","Card"],"build_version":"2020-12-22","purchased_purges":0,"victory":false,"max_hp_per_floor":[80,80,80,80,80,80,80,80,80,80,80,80,80,80,80,80,80,80,80,80,80,80,80,80,80,80,80,80,80,80,80,80,80,80,80,85,85,85,85,85,85,85,85,85,85,85,85,85,85,85,85,85,85],"card_choices":[{"not_picked":["Armaments","Warcry"],"picked":"Iron Wave","floor":1},{"not_picked":["Clothesline","Replay:Undeath\u0027s Touch","Dual Wield"],"picked":"SKIP","floor":3},{"not_picked":["Flex","Sword Boomerang"],"picked":"Perfected Strike","floor":5},{"not_picked":["Power Through","Warcry"],"picked":"Inflame","floor":12},{"not_picked":["Armaments","Metallicize"],"picked":"ReplayTheSpireMod:Muscle Training","floor":14},{"not_picked":["Headbutt","Iron Wave"],"picked":"Run Through","floor":16},{"not_picked":["hubris:StunningStrike","Night Terror"],"picked":"Reaper","floor":18},{"not_picked":["Sever Soul"],"picked":"SKIP","floor":20},{"not_picked":[],"picked":"Flex","floor":21},{"not_picked":[],"picked":"hubris:ReadiedAction","floor":22},{"not_picked":[],"picked":"Spot Weakness","floor":25},{"not_picked":["hubris:ReadiedAction"],"picked":"SKIP","floor":26},{"not_picked":[],"picked":"Pommel Strike+1","floor":29},{"not_picked":["Clash"],"picked":"SKIP","floor":30},{"not_picked":["Flex"],"picked":"SKIP","floor":31},{"not_picked":[],"picked":"Cleave","floor":32},{"not_picked":["Flex"],"picked":"SKIP","floor":33},{"not_picked":[],"picked":"Offering","floor":35},{"not_picked":[],"picked":"Heavy Blade","floor":36},{"not_picked":["Iron Wave"],"picked":"SKIP","floor":37},{"not_picked":[],"picked":"Seeing Red","floor":41},{"not_picked":["Sword Boomerang"],"picked":"SKIP","floor":43},{"not_picked":[],"picked":"Barricade","floor":48},{"not_picked":["Clothesline"],"picked":"SKIP","floor":50}],"player_experience":38554,"relics_obtained":[{"floor":11,"key":"Bag of Marbles"},{"floor":22,"key":"Iron Hammer"},{"floor":25,"key":"Regal Pillow"},{"floor":29,"key":"Kunai"},{"floor":32,"key":"ReplayTheSpireMod:Spearhead"},{"floor":45,"key":"FossilizedHelix"},{"floor":50,"key":"Pen Nib"}],"event_choices":[{"damage_healed":0,"gold_gain":0,"player_choice":"Entered Light","damage_taken":16,"max_hp_gain":0,"max_hp_loss":0,"event_name":"Shining Light","floor":2,"gold_loss":0,"cards_upgraded":["Defend_R","Defend_R"]},{"damage_healed":0,"gold_gain":0,"player_choice":"Left Gold","damage_taken":0,"max_hp_gain":0,"max_hp_loss":0,"event_name":"World of Goop","floor":9,"gold_loss":40},{"cards_removed":["Perfected Strike"],"damage_healed":5,"gold_gain":0,"player_choice":"Offered Common","damage_taken":0,"max_hp_gain":0,"max_hp_loss":0,"event_name":"Bonfire Elementals","floor":10,"gold_loss":0},{"cards_removed":["Perfected Strike"],"damage_healed":5,"gold_gain":0,"player_choice":"Offered Special","damage_taken":0,"max_hp_gain":0,"max_hp_loss":0,"event_name":"Bonfire Elementals","floor":10,"gold_loss":0},{"damage_healed":0,"gold_gain":0,"player_choice":"Obtained Relic","damage_taken":0,"relics_obtained":["Replay:Baseball"],"max_hp_gain":0,"max_hp_loss":0,"event_name":"Addict","floor":24,"gold_loss":85},{"cards_removed":["Offering"],"damage_healed":0,"gold_gain":0,"player_choice":"Removed Skill","damage_taken":0,"max_hp_gain":0,"max_hp_loss":0,"event_name":"Falling","floor":39,"gold_loss":0},{"damage_healed":0,"gold_gain":0,"player_choice":"Ignored","damage_taken":0,"max_hp_gain":0,"max_hp_loss":0,"event_name":"Mysterious Sphere","floor":49,"gold_loss":0}],"is_beta":false,"boss_relics":[{"not_picked":["Black Star","Replay:Drink Me"],"picked":"Busted Crown"},{"not_picked":["hubris:GrandSneckoEye","Snecko Eye"],"picked":"Tiny House"}],"items_purged_floors":[],"is_endless":false,"potions_floor_spawned":[12,16,25,26,30,33,35,37,43,50],"killed_by":"conspire:OrnateMirror","ascension_level":0}}