{"host":"3twtdwjpiqhvvn5s","time":1610413570,"event":{"mods":["AchievementEnabler","Act Like it!","BaseMod","BetterRewards","Colored Map","Colored Powertips","Downfall","Duelist Mod","Friendly Minions","GifTheSpireLib","Hallownest","Hermit","Hubris","Infinite Spire","Jorbs\u0027s Wanderer Trilogy","Koishi","KomeijiMod","Marisa????????","Minty Spire (QoL Compilation)","Random Character Mod","Rare Cards Sparkle","Replay The Spire","Shop Mod","StSLib","Td1madao Mod","The Administrix","The Animator","The Bug Knight","The Caster","The Cursed","The Disciple","The Hierophant","The Necromancer","The Poker Player","The Runesmith","The Servant 0.9.4","TheFirefly"],"gold_per_floor":[18,46,72,87,129,180,180,180,180,214,228,238,276,296,296,399,499,521,536,554,554,605,631,650,683,683,710,727,744,774,774,774,873,873,891,909,909,924,962,962,1018,1018,1043,1043,1094,1105,1161,1182,1182,1182],"floor_reached":51,"playtime":39940,"items_purged":[],"score":1152,"play_id":"cc189f2f-132a-4746-8374-9dcde5acb563","local_time":"20210111190609","daily_mods":["Elite Swarm","Diverse","Colorless Cards"],"is_ascension_mode":false,"campfire_choices":[{"floor":8.0,"key":"REST"},{"floor":15.0,"key":"REST"},{"data":"champ:GladiatorStyle","floor":32,"key":"SMITH"},{"floor":40,"key":"REST"},{"data":"thefirefly:Nova","floor":42,"key":"SMITH"},{"data":"HelanNingyou","floor":44,"key":"SMITH"},{"data":"thefirefly:EphemeronForm","floor":49,"key":"SMITH"}],"circlet_count":0,"master_deck":["Strike_R","Strike_G","Strike_B","hubris:Strike_Merchant","Defend_R","Defend_G","Defend_B","hubris:Defend_Merchant","hubris:MerchantsHand","hubris:MerchantsHand","CombatMeter","expansioncontent:DecasProtection","Orbital","theDuelist:GravityBlaster","Skewer","animator:GoblinSlayer","HelanNingyou+1","expansioncontent:DefensiveStance","Thinking Ahead","HagoromoMizu","JigokuNoTaiyou","AdministrixMod:JustRewards+1","hexamod:Hexaguard","ReplayTheSpireMod:Splinters","Tempest","thefirefly:EphemeronForm+1","Malaise","champ:GladiatorStyle+1","animator:YuiTsuruno","thefirefly:ReverseEngine+1","Barricade","Guardian:ChargeUp+1","PokerPlayerMod:Fold","hubris:Disease","caster:Heavy+1","animator:Gilgamesh+5","expansioncontent:SlimeTackle","infinitespire:Menacing","thefirefly:Nova+1","champ:Backstep+1","hermit:Gambit","thefirefly:TachyonBeam","6A+1","MunenMusou"],"relics":["Smiling Mask","hubris:NiceRug","infinitespire:Broken Mirror","sneckomod:BlankCard","Replay:Wax Seal","hubris:64BitClover","Replay:Wanted Poster","hubris:Icosahedron","Boot","ReplayTheSpireMod:TigerMarble","Replay:Baseball","Lizard Tail","hexamod:BolsterEngine","Strawberry","ChewingGum","ReplayTheSpireMod:SealedPack","infinitespire:Bottled Soul","hubris:ToyBattleship","Onion Ring","infinitespire:Midas Blood","infinitespire:ShieldingShard"],"acts_visited":["Exordium","Hallownest:CityofTears","TheBeyond"],"potions_floor_usage":[33,36,38,45,50,50,50],"damage_taken":[{"damage":5.0,"enemies":"Cultist","floor":1.0,"turns":5.0},{"damage":5.0,"enemies":"Jaw Worm","floor":2.0,"turns":5.0},{"damage":1.0,"enemies":"Small Slimes","floor":3.0,"turns":4.0},{"damage":8.0,"enemies":"2 Fungi Beasts","floor":4.0,"turns":8.0},{"damage":13.0,"enemies":"Lots of Slimes","floor":5.0,"turns":8.0},{"damage":38.0,"enemies":"3 Sentries","floor":6.0,"turns":13.0},{"damage":17.0,"enemies":"Lagavulin","floor":10.0,"turns":9.0},{"damage":5.0,"enemies":"Large Slime","floor":11.0,"turns":11.0},{"damage":2.0,"enemies":"Blue Slaver","floor":12.0,"turns":3.0},{"damage":0.0,"enemies":"3 Sentries","floor":13.0,"turns":8.0},{"damage":0.0,"enemies":"Looter","floor":14.0,"turns":3.0},{"damage":0.0,"enemies":"Slime Boss","floor":16.0,"turns":14.0},{"damage":1.0,"enemies":"Hallownest:Guard_and_Sentry","floor":18.0,"turns":6.0},{"damage":0.0,"enemies":"Hallownest:Flukemon_and_Top","floor":19.0,"turns":9.0},{"damage":8.0,"enemies":"Hallownest:2_Flukemon","floor":20.0,"turns":9.0},{"damage":2.0,"enemies":"Hallownest:eliteSoulWarrior","floor":23.0,"turns":8.0},{"damage":0.0,"enemies":"Hallownest:monsterShrumalOgre","floor":24.0,"turns":4.0},{"damage":1.0,"enemies":"Hallownest:eliteWatcherKnight","floor":25.0,"turns":19.0},{"damage":6.0,"enemies":"Hallownest:eliteSoulWarrior","floor":27.0,"turns":5.0},{"damage":0,"enemies":"Hallownest:2_Husk_Sentries","floor":28,"turns":4},{"damage":0,"enemies":"Hallownest:3_Mistakes","floor":29,"turns":6},{"damage":0,"enemies":"Hallownest:2_Flukemon","floor":30,"turns":7},{"damage":2,"enemies":"Hallownest:BossSoulMaster","floor":33,"turns":8},{"damage":7,"enemies":"3 Darklings","floor":35,"turns":6},{"damage":5,"enemies":"3 Shapes","floor":36,"turns":5},{"damage":20,"enemies":"4 Shapes","floor":38,"turns":5},{"damage":0,"enemies":"Spire Growth","floor":39,"turns":2},{"damage":0,"enemies":"Nemesis","floor":41,"turns":3},{"damage":0,"enemies":"Giant Head","floor":45,"turns":5},{"damage":0,"enemies":"Writhing Mass","floor":46,"turns":5},{"damage":0,"enemies":"Reptomancer","floor":47,"turns":4},{"damage":0,"enemies":"Sphere and 2 Shapes","floor":48,"turns":3},{"damage":0,"enemies":"Donu and Deca","floor":50,"turns":9}],"seed_played":"-8435320820590697822","potions_obtained":[{"floor":1.0,"key":"Slimebound:SlimyTonguePotion"},{"floor":4.0,"key":"Venom Potion"},{"floor":5.0,"key":"Ancient Potion"},{"floor":11.0,"key":"Explosive Potion"},{"floor":14.0,"key":"BlessingOfTheForge"},{"floor":19.0,"key":"CalmPotion"},{"floor":22.0,"key":"Languid Potion"},{"floor":22.0,"key":"CultistPotion"},{"floor":23.0,"key":"Guardian:BlockOnCardUsePotion"},{"floor":24.0,"key":"Dexterity Potion"},{"floor":30,"key":"SkillPotion"},{"floor":33,"key":"Swift Potion"},{"floor":35,"key":"Slimebound:SlimyTonguePotion"},{"floor":41,"key":"Adrenaline Potion"},{"floor":46,"key":"Block Potion"},{"floor":47,"key":"Slimebound:SlimedPotion"}],"is_trial":true,"path_per_floor":["M","M","M","M","M","E","?","R","T","E","M","M","E","M","R","B",null,"M","M","M","?","?","E","M","E","T","E","M","M","M","?","R","B",null,"M","M","AVR","M","M","R","E","R","T","R","E","M","E","M","R","B",null],"character_chosen":"SLIMEBOUND","items_purchased":[],"campfire_rested":3,"item_purchase_floors":[],"current_hp_per_floor":[70,65,64,56,43,5,5,27,27,10,5,3,3,3,25,25,75,74,74,66,66,66,64,69,68,68,66,73,73,73,73,73,71,82,77,72,72,52,52,76,76,76,76,76,76,76,76,76,76,76],"gold":1182,"neow_bonus":"","is_daily":false,"chose_seed":false,"campfire_upgraded":4,"win_rate":0.0,"timestamp":1610413569,"path_taken":["M","M","M","M","M","E","?","R","T","E","M","M","E","?","R","BOSS","M","M","M","?","?","E","M","E","T","E","?","M","?","?","R","BOSS","M","M","AVR","?","M","R","E","R","T","R","E","M","E","M","R","BOSS"],"items_purchased_type":[],"build_version":"2020-12-22","purchased_purges":0,"victory":true,"max_hp_per_floor":[75,75,75,75,75,75,75,75,75,75,75,75,75,75,75,75,75,75,75,75,75,75,75,75,75,75,75,82,82,82,82,82,82,82,82,82,82,82,82,82,82,82,82,82,82,82,82,82,82,82],"card_choices":[{"not_picked":["thefirefly:ChargedLaser","animator:Priestess"],"picked":"CombatMeter","floor":1.0},{"not_picked":["Acceleration","thefirefly:Exile"],"picked":"expansioncontent:DecasProtection","floor":2.0},{"not_picked":["hexamod:BurningTouch","GroundStardust+1"],"picked":"Orbital","floor":3.0},{"not_picked":["Agarareta+1","Transfer Energy"],"picked":"theDuelist:GravityBlaster","floor":4.0},{"not_picked":["AdministrixMod:LightOfYourLife","AdministrixMod:Transition"],"picked":"Skewer","floor":5.0},{"not_picked":["Fiend Fire","theDuelist:ForbiddenLance"],"picked":"animator:GoblinSlayer","floor":6.0},{"not_picked":["animator:ChaikaTrabant","Koishi:ConfinedInnocent"],"picked":"HelanNingyou","floor":10.0},{"not_picked":["Feint","hubris:Sniper","Guardian:Planning"],"picked":"SKIP","floor":11.0},{"not_picked":["PokerPlayerMod:Configure","animator:Gillette"],"picked":"expansioncontent:DefensiveStance","floor":12.0},{"not_picked":["theDuelist:Mathematician","thefirefly:AlphaStrike"],"picked":"Thinking Ahead","floor":13.0},{"not_picked":["Koishi:SubconsciousSweep","TheCursedMod:RavingStaff"],"picked":"HagoromoMizu","floor":14.0},{"not_picked":["Searching","hexamod:UnleashSpirits"],"picked":"JigokuNoTaiyou","floor":16.0},{"not_picked":["animator:Cocytus","Feint"],"picked":"AdministrixMod:JustRewards+1","floor":18.0},{"not_picked":["animator:Shimakaze+1","animator:Ain"],"picked":"hexamod:Hexaguard","floor":19.0},{"not_picked":["Bone_Armor","theDuelist:CrystalBlessing+1","Koishi:DanmakuParanoia"],"picked":"SKIP","floor":20.0},{"not_picked":["hexamod:Firestarter","Runesmith:CraftMagma"],"picked":"Tempest","floor":22.0},{"not_picked":["caster:Susanoo","Guardian:ExploitGems"],"picked":"thefirefly:EphemeronForm","floor":23.0},{"not_picked":["AdministrixMod:ExtolVirtue","Runesmith:ChiselStab+1","stsjorbsmod:Hurt"],"picked":"SKIP","floor":24.0},{"not_picked":["Detonate_Bones","AdministrixMod:FearOfDeath","Meteor Strike"],"picked":"SKIP","floor":25.0},{"not_picked":["stsjorbsmod:CorrodingBarrier","Chronoelasticity"],"picked":"Malaise","floor":27},{"not_picked":["Negative_Energy_Sphere+1","animator:Aisha"],"picked":"champ:GladiatorStyle","floor":28},{"not_picked":["TheCursedMod:BlessingInDisguise+1","Runesmith:Overpower"],"picked":"animator:YuiTsuruno","floor":29},{"not_picked":["Blood_Whip+1","theDuelist:CoreBlaster+1"],"picked":"thefirefly:ReverseEngine+1","floor":30},{"not_picked":["FlawlessForm","Guardian:StasisField"],"picked":"Barricade","floor":33},{"not_picked":["TheCursedMod:Grudge","Sucker Punch"],"picked":"Guardian:ChargeUp+1","floor":35},{"not_picked":["sneckomod:UnknownClassSp??","hexamod:Firestarter+1"],"picked":"PokerPlayerMod:Fold","floor":36},{"not_picked":["Scratch","theDuelist:TutanMask"],"picked":"caster:Heavy+1","floor":37},{"not_picked":["Barricade","FateConcerto"],"picked":"animator:Gilgamesh","floor":37},{"not_picked":["theDuelist:Kuriboh","Replay:SS_forest_5"],"picked":"expansioncontent:SlimeTackle","floor":37},{"not_picked":["infinitespire:SealOfDarkness+","infinitespire:Oblivion"],"picked":"infinitespire:Menacing","floor":37},{"not_picked":["Warpath+1","sneckomod:UnknownClassGREEN+1"],"picked":"thefirefly:Nova","floor":38},{"not_picked":["Blade Dance+1","HenyouMirume+1"],"picked":"champ:Backstep+1","floor":39},{"not_picked":["theDuelist:SevenCompleted","hexamod:TurnItUp"],"picked":"hermit:Gambit","floor":41},{"not_picked":["HollowMod:MidwifesHunger","hierophant:WrathOfGod"],"picked":"thefirefly:TachyonBeam","floor":45},{"not_picked":["thefirefly:Distort","Exploit+1"],"picked":"6A+1","floor":46},{"not_picked":["IceTornado","AdministrixMod:StarSwordSoul"],"picked":"MunenMusou","floor":47},{"not_picked":["animator:Jibril+1","champ:CrookedStrike","Slimebound:LeechingTouch+1"],"picked":"SKIP","floor":48}],"player_experience":1531805,"relics_obtained":[{"floor":6.0,"key":"infinitespire:Broken Mirror"},{"floor":9.0,"key":"sneckomod:BlankCard"},{"floor":10.0,"key":"Replay:Wax Seal"},{"floor":13.0,"key":"hubris:64BitClover"},{"floor":22.0,"key":"Boot"},{"floor":23.0,"key":"ReplayTheSpireMod:TigerMarble"},{"floor":25.0,"key":"Replay:Baseball"},{"floor":26.0,"key":"Lizard Tail"},{"floor":27,"key":"hexamod:BolsterEngine"},{"floor":28,"key":"Strawberry"},{"floor":39,"key":"infinitespire:Bottled Soul"},{"floor":41,"key":"hubris:ToyBattleship"},{"floor":43,"key":"Onion Ring"},{"floor":45,"key":"infinitespire:Midas Blood"},{"floor":47,"key":"infinitespire:ShieldingShard"}],"event_choices":[{"damage_healed":0.0,"max_hp_gain":0.0,"max_hp_loss":0.0,"gold_gain":0.0,"event_name":"NoteForYourself","player_choice":"Ignored","floor":7.0,"gold_loss":0.0,"damage_taken":0.0}],"is_beta":false,"boss_relics":[{"not_picked":["Snecko Heart","SacredBark"],"picked":"Replay:Wanted Poster"},{"not_picked":["Empty Cage","hubris:GrandSneckoEye"],"picked":"ChewingGum"}],"items_purged_floors":[],"is_endless":false,"potions_floor_spawned":[1,4,5,11,14,19,23,24,30,33,35,41,46,47],"ascension_level":0}}