{"host":"684z1xpuwaoqmmh1","time":1610415025,"event":{"mods":["Bard","BaseMod","Downfall","Hermit","Jorbs\u0027s Wanderer Trilogy","Marisa????????","Minty Spire (QoL Compilation)","Robot Space Explorer","Shade Mod","StSLib","The Hierophant","The Marked","The Mystic"],"gold_per_floor":[99,118,118,28,48,79,157,157,177,193,41,66,66,86,101,178,178,103,113,133,34,45,70,70,70,70,70],"floor_reached":25,"playtime":1405,"items_purged":["Regret","hexamod:Strike"],"score":443,"play_id":"434a0bd6-1502-4b0d-8a6b-17a83c778da1","local_time":"20210112033025","is_ascension_mode":true,"campfire_choices":[{"data":"hexamod:Float","floor":1.0,"key":"SMITH"},{"data":"hexamod:WildfireWeapon","floor":13,"key":"SMITH"},{"floor":18,"key":"RECALL"}],"circlet_count":0,"master_deck":["AscendersBane","hexamod:Strike","hexamod:Strike+1","hexamod:Defend+1","hexamod:Defend","hexamod:Defend","hexamod:Defend","hexamod:Sear","hexamod:Float+1","hexamod:Incineration+1","hexamod:HexaLevel","hexamod:ShieldOfDarkness","hexamod:WildfireWeapon+1","hexamod:Toasty","hexamod:FlamesFromBeyond","hexamod:FirstSeal","hexamod:UnlimitedPower","hexamod:FourthSeal","hexamod:ThirdSeal","hexamod:TimeWarp","hexamod:GhostflameInferno","hexamod:FastForward","hexamod:HauntingEcho+1","hexamod:ShieldOfDarkness","hexamod:VolcanoVisage","hexamod:HexaLevel","hexamod:EmpoweredFlame","hexamod:GhostOfSpireFuture","hexamod:Hexaguard","hexamod:PhantomCloak"],"relics":["hexamod:SpiritBrand","Vajra","Meat on the Bone","hexamod:MatchstickCase","hexamod:IceCube","downfall:HeartBlessingGreen","Toxic Egg 2"],"acts_visited":["Exordium","TheCity"],"potions_floor_usage":[11,12,14,19,20,22,23,23,25],"damage_taken":[{"damage":0.0,"enemies":"2 Louse","floor":2.0,"turns":3.0},{"damage":6.0,"enemies":"downfall:FleeingMerchant","floor":4.0,"turns":4.0},{"damage":1.0,"enemies":"Jaw Worm","floor":5.0,"turns":3.0},{"damage":23.0,"enemies":"Gremlin Nob","floor":6.0,"turns":4.0},{"damage":0.0,"enemies":"Cultist","floor":9.0,"turns":4.0},{"damage":4,"enemies":"Red Slaver","floor":10,"turns":4},{"damage":4,"enemies":"downfall:FleeingMerchant","floor":11,"turns":4},{"damage":38,"enemies":"3 Sentries","floor":12,"turns":7},{"damage":9,"enemies":"Exordium Thugs","floor":14,"turns":5},{"damage":2,"enemies":"Large Slime","floor":15,"turns":3},{"damage":16,"enemies":"downfall:Watcher","floor":16,"turns":7},{"damage":0,"enemies":"Chosen","floor":19,"turns":4},{"damage":43,"enemies":"3 Cultists","floor":20,"turns":6},{"damage":4,"enemies":"downfall:FleeingMerchant","floor":21,"turns":4},{"damage":9,"enemies":"Snecko","floor":22,"turns":5},{"damage":43,"enemies":"Book of Stabbing","floor":23,"turns":6},{"damage":28,"enemies":"Slavers","floor":25,"turns":1}],"seed_played":"5960904712926004289","potions_obtained":[{"floor":2.0,"key":"LiquidBronze"},{"floor":6.0,"key":"Energy Potion"},{"floor":12,"key":"hexamod:DoubleChargePotion"},{"floor":14,"key":"DuplicationPotion"},{"floor":16,"key":"DistilledChaos"},{"floor":19,"key":"sneckomod:MuddlingPotion"},{"floor":20,"key":"CultistPotion"},{"floor":21,"key":"hexamod:EctoCoolerPotion"},{"floor":22,"key":"CultistPotion"},{"floor":22,"key":"Block Potion"},{"floor":23,"key":"FearPotion"}],"is_trial":false,"path_per_floor":["R","M","?","$","M","E","T","?","M","M","$","E","R","M","M","B",null,"R","M","M","$","M","E","T","E"],"character_chosen":"THE_SPIRIT","items_purchased":["hexamod:FourthSeal","hexamod:EmpoweredFlame"],"campfire_rested":0,"item_purchase_floors":[11,21],"current_hp_per_floor":[63,63,63,57,56,33,33,33,45,41,44,25,25,35,52,43,63,63,69,45,48,46,22,22,0,0,0],"gold":70,"neow_bonus":"TEN_PERCENT_HP_BONUS","is_daily":false,"chose_seed":false,"campfire_upgraded":2,"win_rate":0.0,"timestamp":1610415025,"path_taken":["R","M","?","$","M","E","T","?","M","?","?","E","R","M","M","BOSS","R","M","M","$","M","E","T","E"],"items_purchased_type":["Card","Card"],"build_version":"2020-12-22","purchased_purges":2,"victory":false,"max_hp_per_floor":[69,69,69,69,69,69,69,69,69,69,69,69,69,69,69,69,69,69,69,69,69,69,69,69,69,69,69],"card_choices":[{"not_picked":["hexamod:NecessarySacrifice","hexamod:Hexaguard"],"picked":"hexamod:Incineration","floor":2.0},{"not_picked":["hexamod:SoulSteal","hexamod:NightmareStrike"],"picked":"hexamod:HexaLevel","floor":4.0},{"not_picked":["hexamod:GhostLash","hexamod:CatchUp"],"picked":"hexamod:ShieldOfDarkness","floor":5.0},{"not_picked":["hexamod:Firestarter","hexamod:InspiringFlames"],"picked":"hexamod:WildfireWeapon","floor":6.0},{"not_picked":["hexamod:NightmareStrike","hexamod:ShieldOfDarkness"],"picked":"hexamod:FlamesFromBeyond","floor":9.0},{"not_picked":["hexamod:Hexaguard","hexamod:HeatCrush"],"picked":"hexamod:FirstSeal","floor":10},{"not_picked":["hexamod:HeatCrush","hexamod:BurningTouch"],"picked":"hexamod:UnlimitedPower","floor":11},{"not_picked":["hexamod:Firestarter","hexamod:HeatMetal","hexamod:HeatShield"],"picked":"SKIP","floor":12},{"not_picked":["hexamod:SpectralSpark","hexamod:BurningTouch","hexamod:BacktrackSmack"],"picked":"SKIP","floor":14},{"not_picked":["hexamod:BacktrackSmack","hexamod:SwordOfDarkness"],"picked":"hexamod:ThirdSeal","floor":15},{"not_picked":["hexamod:GiftsFromTheDead","hexamod:ApocalypseNow"],"picked":"hexamod:TimeWarp","floor":16},{"not_picked":["hexamod:Toasty","hexamod:CrushingStance"],"picked":"hexamod:GhostflameInferno","floor":16},{"not_picked":["hexamod:AdvancingGuard","hexamod:GhostOfSpirePast"],"picked":"hexamod:FastForward","floor":19},{"not_picked":["hexamod:BurningTouch","hexamod:RainOfEmbers"],"picked":"hexamod:HauntingEcho+1","floor":19},{"not_picked":["hexamod:DynamicBlow","hexamod:InspiringFlames+1"],"picked":"hexamod:ShieldOfDarkness","floor":20},{"not_picked":["hexamod:ThermalTransfer","hexamod:Firestarter","hexamod:FirstSeal"],"picked":"SKIP","floor":20},{"not_picked":["hexamod:Firestarter","hexamod:ExtraCrispy"],"picked":"hexamod:VolcanoVisage","floor":21},{"not_picked":["hexamod:SpectralAdrenaline","hexamod:TurnItUp"],"picked":"hexamod:HexaLevel","floor":21},{"not_picked":["hexamod:NightmareGuise","hexamod:AdvancingGuard"],"picked":"hexamod:GhostOfSpireFuture","floor":22},{"not_picked":["hexamod:SoulSteal","hexamod:ThermalTransfer+1"],"picked":"hexamod:Hexaguard","floor":22},{"not_picked":["hexamod:RainOfEmbers","hexamod:UnleashSpirits"],"picked":"hexamod:PhantomCloak","floor":23},{"not_picked":["hexamod:DynamicBlow","hexamod:HeatMetal","hexamod:GhostOfSpirePast"],"picked":"SKIP","floor":23}],"player_experience":2497865,"relics_obtained":[{"floor":6.0,"key":"Vajra"},{"floor":7.0,"key":"Meat on the Bone"},{"floor":12,"key":"hexamod:MatchstickCase"},{"floor":23,"key":"Toxic Egg 2"}],"event_choices":[{"damage_healed":0.0,"max_hp_gain":0.0,"max_hp_loss":0.0,"gold_gain":0.0,"cards_transformed":["hexamod:Strike"],"event_name":"Transmorgrifier","player_choice":"Transformed","floor":8.0,"gold_loss":0.0,"damage_taken":0.0,"cards_obtained":["hexamod:Toasty"]}],"is_beta":false,"boss_relics":[{"not_picked":["Astrolabe","downfall:Hecktoplasm"],"picked":"hexamod:IceCube"}],"items_purged_floors":[4,11],"is_endless":false,"potions_floor_spawned":[2,6,9,16,20,22],"killed_by":"Slavers","ascension_level":18}}