{"host":"Connor","time":1610482335,"event":{"mods":["Aspiration","BaseMod","Downfall","Hubris","Marisa????????","Minty Spire (QoL Compilation)","Replay The Spire","StSLib","The Cursed","The Jungle","The Servant 0.9.4"],"gold_per_floor":[119,19,19,35,35,35,65,4,29,63,80,80,93,93,93,166,166,176,176,14,14,34,34,65,65,65,76,76,126,136,154,154,104,104],"floor_reached":33,"language":"ENG","playtime":849,"items_purged":[],"score":630,"play_id":"3ebf3be1-a43a-4530-ba95-30a988ee8122","local_time":"20210112121215","is_ascension_mode":true,"campfire_choices":[{"floor":6,"key":"RECALL"},{"data":"Rampage","floor":12,"key":"SMITH"},{"data":"Metallicize","floor":15,"key":"SMITH"},{"data":"Heavy Blade","floor":23,"key":"SMITH"},{"data":"RitualDagger","floor":32,"key":"SMITH"}],"circlet_count":0,"master_deck":["AscendersBane","Strike_R","Defend_R","Defend_R","Defend_R","Defend_R","Bash","Combust","Dramatic Entrance","Shrug It Off","Rampage+1","Massacre+1","Iron Wave","Metallicize+1","Feed","hubris:Counter","Die Die Die","Double Tap","Twin Strike+1","Heavy Blade+1","Shrug It Off","RitualDagger+1","Injury","Seeing Red","Shame","ReplayTheSpireMod:Limb From Limb"],"relics":["Burning Blood","NeowsBlessing","hubris:Icosahedron","hubris:OldNail","Bag of Marbles","Cursed Key","Toolbox","Magic Flower","FossilizedHelix","hubris:Metronome"],"acts_visited":["Exordium","TheCity"],"potions_floor_usage":[16,18,24,31,31,31,33],"damage_taken":[{"damage":0,"enemies":"Cultist","floor":1,"turns":1},{"damage":0,"enemies":"Jaw Worm","floor":4,"turns":1},{"damage":0,"enemies":"Lagavulin","floor":7,"turns":1},{"damage":35,"enemies":"Gremlin Nob","floor":10,"turns":4},{"damage":0,"enemies":"2 Louse","floor":11,"turns":1},{"damage":11,"enemies":"Looter","floor":13,"turns":3},{"damage":12,"enemies":"The Guardian","floor":16,"turns":12},{"damage":16,"enemies":"Shell Parasite","floor":18,"turns":2},{"damage":2,"enemies":"Chosen","floor":22,"turns":3},{"damage":17,"enemies":"Slavers","floor":24,"turns":4},{"damage":0,"enemies":"3 Cultists","floor":27,"turns":3},{"damage":36,"enemies":"Snake Plant","floor":30,"turns":4},{"damage":63,"enemies":"Chosen and Byrds","floor":31,"turns":6},{"damage":57,"enemies":"hubris:MusketHawk","floor":33,"turns":9}],"seed_played":"8199459766646665094","potions_obtained":[{"floor":7,"key":"SmokeBomb"},{"floor":10,"key":"Dexterity Potion"},{"floor":16,"key":"champ:CounterPotion"},{"floor":18,"key":"DistilledChaos"}],"is_trial":false,"path_per_floor":["M","$","?","M","?","R","E","$","T","E","M","R","M","?","R","B",null,"M","?","$","?","M","R","E","?","T","M","?","?","M","M","R","B"],"character_chosen":"IRONCLAD","items_purchased":["Dramatic Entrance","Massacre+1","Toolbox"],"campfire_rested":0,"item_purchase_floors":[2,8,20],"current_hp_per_floor":[74,74,74,75,68,68,74,74,74,45,51,51,46,46,46,40,66,56,56,56,85,85,85,77,71,71,80,80,80,53,53,53,0,0],"gold":104,"neow_bonus":"THREE_ENEMY_KILL","is_daily":false,"chose_seed":false,"campfire_upgraded":4,"win_rate":0.0,"timestamp":1610482335,"path_taken":["M","$","?","M","?","R","E","?","T","E","M","R","M","?","R","BOSS","M","?","$","?","?","R","E","?","T","M","?","?","M","M","R","BOSS"],"items_purchased_type":["Card","Card","Relic"],"build_version":"2020-12-18","purchased_purges":0,"victory":false,"max_hp_per_floor":[75,75,75,75,75,75,75,75,75,75,75,75,75,75,75,75,75,75,75,75,85,85,85,88,88,88,88,88,88,88,88,88,88,88],"card_choices":[{"not_picked":["Body Slam","Clash"],"picked":"Combust","floor":1},{"not_picked":["Sword Boomerang","Body Slam"],"picked":"Shrug It Off","floor":4},{"not_picked":["Shrug It Off","Sword Boomerang"],"picked":"Rampage","floor":7},{"not_picked":["Power Through","Replay:Undeath\u0027s Touch"],"picked":"Iron Wave","floor":10},{"not_picked":["Clothesline","Flex"],"picked":"Metallicize","floor":11},{"not_picked":["Cleave","Havoc"],"picked":"Feed","floor":13},{"not_picked":["Feed","Berserk"],"picked":"Double Tap","floor":16},{"not_picked":["Whirlwind","Sword Boomerang"],"picked":"Twin Strike+1","floor":18},{"not_picked":["Flex","Massacre"],"picked":"Heavy Blade","floor":22},{"not_picked":["Replay:Many Hands","Heavy Blade"],"picked":"Shrug It Off","floor":24},{"not_picked":["Bloodletting","hubris:ReadiedAction"],"picked":"Seeing Red","floor":27},{"not_picked":["Reckless Charge","ReplayTheSpireMod:Strike From Hell","hubris:ReadiedAction"],"picked":"SKIP","floor":30},{"not_picked":["Perfected Strike","Run Through"],"picked":"ReplayTheSpireMod:Limb From Limb","floor":31}],"player_experience":613663,"relics_obtained":[{"floor":7,"key":"hubris:OldNail"},{"floor":10,"key":"Bag of Marbles"},{"floor":24,"key":"Magic Flower"},{"floor":26,"key":"FossilizedHelix"}],"event_choices":[{"cards_removed":["Strike_R"],"damage_healed":0,"gold_gain":0,"player_choice":"Card Removal","damage_taken":7,"max_hp_gain":0,"max_hp_loss":0,"event_name":"Golden Wing","floor":5,"gold_loss":0},{"cards_removed":["Glass Knife"],"damage_healed":19,"gold_gain":0,"player_choice":"Offered Rare","damage_taken":0,"max_hp_gain":10,"max_hp_loss":0,"event_name":"Bonfire Elementals","floor":21,"gold_loss":0},{"damage_healed":0,"gold_gain":0,"player_choice":"Joined the Cult","damage_taken":6,"max_hp_gain":0,"max_hp_loss":0,"event_name":"Nest","floor":25,"gold_loss":0,"cards_obtained":["RitualDagger"]},{"damage_healed":0,"gold_gain":0,"player_choice":"Stole Relic","damage_taken":0,"relics_obtained":["hubris:Metronome"],"max_hp_gain":0,"max_hp_loss":0,"event_name":"Addict","floor":28,"gold_loss":0,"cards_obtained":["Shame"]},{"damage_healed":0,"gold_gain":50,"player_choice":"Pray","damage_taken":0,"max_hp_gain":0,"max_hp_loss":0,"event_name":"Golden Shrine","floor":29,"gold_loss":0}],"is_beta":true,"boss_relics":[{"not_picked":["hubris:Stopwatch","Black Star"],"picked":"Cursed Key"}],"items_purged_floors":[],"is_endless":false,"potions_floor_spawned":[7,10,16,18,31],"killed_by":"hubris:MusketHawk","ascension_level":19}}