{"host":"7gewg82ormp6yt4e","time":1610451432,"event":{"mods":["BaseMod","Block Reminder","Colored Map","Colored Powertips","DeckTracker","Highlight Path","Minty Spire (QoL Compilation)","Relic Stats","StSLib","ojb\u0027s Info Mod"],"gold_per_floor":[115,27,27,302,312,312,338,349,349,367,416,442,517,537,537,612,612,626,541,541,554,567,567,567,567,567,567,577,592,605,197,197,197,197],"floor_reached":33,"playtime":1423,"items_purged":["Regret"],"score":564,"play_id":"cae22564-6fb3-4119-8844-7c56a6edd902","local_time":"20210112203712","is_ascension_mode":true,"campfire_choices":[{"data":"Zap","floor":6,"key":"SMITH"},{"data":"Beam Cell","floor":15,"key":"SMITH"},{"data":"Recycle","floor":23,"key":"SMITH"},{"data":"Doom and Gloom","floor":25,"key":"SMITH"},{"data":"Reboot","floor":27,"key":"SMITH"},{"data":"Loop","floor":32,"key":"SMITH"}],"circlet_count":0,"master_deck":["AscendersBane","Strike_B","Strike_B","Strike_B","Strike_B","Defend_B","Defend_B","Defend_B","Defend_B","Zap+1","Dualcast","Cold Snap+1","Self Repair+1","Conserve Battery","Reboot+1","Beam Cell+1","Core Surge","Cold Snap","Core Surge","Chaos+1","Coolheaded","Recycle+1","Doom and Gloom+1","Chaos+1","Coolheaded+1","Loop+1","Hologram+1","Dark Shackles+1","Hologram+1"],"relics":["Cracked Core","NeowsBlessing","Calipers","CaptainsWheel","MealTicket","Mercury Hourglass","Nuclear Battery","InkBottle","Toxic Egg 2","Membership Card","Eternal Feather"],"acts_visited":["Exordium","TheCity"],"potions_floor_usage":[12,16,22,33,33],"damage_taken":[{"damage":0,"enemies":"Jaw Worm","floor":1,"turns":1},{"damage":0,"enemies":"Small Slimes","floor":5,"turns":1},{"damage":0,"enemies":"Lagavulin","floor":7,"turns":1},{"damage":2,"enemies":"Cultist","floor":8,"turns":3},{"damage":13,"enemies":"Exordium Thugs","floor":10,"turns":4},{"damage":6,"enemies":"Gremlin Nob","floor":12,"turns":4},{"damage":0,"enemies":"2 Fungi Beasts","floor":14,"turns":2},{"damage":6,"enemies":"Slime Boss","floor":16,"turns":8},{"damage":7,"enemies":"Spheric Guardian","floor":18,"turns":4},{"damage":27,"enemies":"2 Thieves","floor":21,"turns":4},{"damage":9,"enemies":"Snake Plant","floor":22,"turns":4},{"damage":5,"enemies":"Centurion and Healer","floor":28,"turns":5},{"damage":2,"enemies":"Snecko","floor":29,"turns":4},{"damage":1,"enemies":"Sentry and Sphere","floor":30,"turns":4},{"damage":91,"enemies":"Collector","floor":33,"turns":8}],"seed_played":"-516589947326287774","potions_obtained":[{"floor":7,"key":"DistilledChaos"},{"floor":12,"key":"PowerPotion"},{"floor":14,"key":"LiquidBronze"},{"floor":22,"key":"AttackPotion"},{"floor":28,"key":"Regen Potion"}],"is_trial":false,"path_per_floor":["M","$","?","?","M","R","E","M","T","M","T","E","?","M","R","B",null,"M","?","?","M","M","R","?","R","T","R","M","M","M","$","R","B"],"character_chosen":"DEFECT","items_purchased":["Self Repair","Membership Card","Eternal Feather","Dark Shackles+1","Hologram+1"],"campfire_rested":0,"item_purchase_floors":[2,31,31,31,31],"current_hp_per_floor":[64,64,43,43,43,43,43,51,51,48,48,52,41,41,41,45,65,68,68,68,51,52,52,52,52,52,52,57,65,71,71,71,0,0],"gold":197,"neow_bonus":"THREE_ENEMY_KILL","is_daily":false,"chose_seed":false,"campfire_upgraded":6,"win_rate":0.0,"timestamp":1610451432,"path_taken":["M","$","?","?","M","R","E","M","T","?","?","E","?","M","R","BOSS","M","?","?","M","M","R","?","R","T","R","M","?","M","$","R","BOSS"],"items_purchased_type":["Card","Relic","Relic","Card","Card"],"build_version":"2020-12-22","purchased_purges":1,"victory":false,"max_hp_per_floor":[71,71,71,71,71,71,71,71,71,71,71,71,71,71,71,71,71,71,71,71,71,71,71,71,71,71,71,71,71,71,71,71,71,71],"relic_stats":{"counters":[15,57],"MealTicket":0,"Eternal Feather":0,"obtain_stats":[{"CaptainsWheel":9,"Calipers":7,"NeowsBlessing":0,"MealTicket":11,"Eternal Feather":31,"Membership Card":31,"Toxic Egg 2":26,"Cracked Core":0,"InkBottle":19,"Mercury Hourglass":12,"Nuclear Battery":17},{"CaptainsWheel":4,"Calipers":3,"NeowsBlessing":0,"MealTicket":5,"Eternal Feather":14,"Membership Card":14,"Toxic Egg 2":11,"Cracked Core":0,"InkBottle":9,"Mercury Hourglass":6,"Nuclear Battery":8},{"CaptainsWheel":6,"Calipers":3,"NeowsBlessing":0,"MealTicket":10,"Eternal Feather":49,"Membership Card":49,"Toxic Egg 2":36,"Cracked Core":0,"InkBottle":28,"Mercury Hourglass":14,"Nuclear Battery":24}],"InkBottle":[11],"Mercury Hourglass":[173]},"card_choices":[{"not_picked":["Coolheaded","Gash"],"picked":"Cold Snap","floor":1},{"not_picked":["Stack","Beam Cell"],"picked":"Conserve Battery","floor":5},{"not_picked":["Streamline","Static Discharge"],"picked":"Reboot","floor":7},{"not_picked":["Blizzard","Redo"],"picked":"Beam Cell","floor":8},{"not_picked":["Beam Cell","Chill"],"picked":"Core Surge","floor":10},{"not_picked":["Rebound","Sweeping Beam","Compile Driver"],"picked":"SKIP","floor":12},{"not_picked":["Coolheaded","Compile Driver"],"picked":"Cold Snap","floor":14},{"not_picked":["Meteor Strike","Machine Learning"],"picked":"Core Surge","floor":16},{"not_picked":["Hologram","Beam Cell"],"picked":"Chaos+1","floor":18},{"not_picked":["Loop","Ball Lightning"],"picked":"Recycle","floor":21},{"not_picked":["Recycle","Loop"],"picked":"Doom and Gloom","floor":22},{"not_picked":["Steam+1","Tempest+1"],"picked":"Coolheaded+1","floor":28},{"not_picked":["Blizzard+1","Skim+1"],"picked":"Loop","floor":29},{"not_picked":["Storm","Rebound"],"picked":"Hologram+1","floor":30}],"player_experience":2552959,"relics_obtained":[{"floor":7,"key":"Calipers"},{"floor":9,"key":"CaptainsWheel"},{"floor":11,"key":"MealTicket"},{"floor":12,"key":"Mercury Hourglass"},{"floor":26,"key":"Toxic Egg 2"}],"event_choices":[{"damage_healed":0,"gold_gain":0,"player_choice":"Entered Light","damage_taken":21,"max_hp_gain":0,"max_hp_loss":0,"event_name":"Shining Light","floor":3,"gold_loss":0,"cards_upgraded":["Self Repair","Cold Snap"]},{"damage_healed":0,"gold_gain":275,"player_choice":"Desecrate","damage_taken":0,"max_hp_gain":0,"max_hp_loss":0,"event_name":"Golden Shrine","floor":4,"gold_loss":0,"cards_obtained":["Regret"]},{"damage_healed":0,"gold_gain":75,"player_choice":"Gather Gold","damage_taken":11,"max_hp_gain":0,"max_hp_loss":0,"event_name":"World of Goop","floor":13,"gold_loss":0},{"damage_healed":0,"gold_gain":0,"player_choice":"Obtained Relic","damage_taken":0,"relics_obtained":["InkBottle"],"max_hp_gain":0,"max_hp_loss":0,"event_name":"Addict","floor":19,"gold_loss":85},{"damage_healed":0,"gold_gain":0,"player_choice":"Read","damage_taken":0,"max_hp_gain":0,"max_hp_loss":0,"event_name":"The Library","floor":20,"gold_loss":0,"cards_obtained":["Coolheaded"]},{"damage_healed":0,"gold_gain":0,"player_choice":"Copied","damage_taken":0,"max_hp_gain":0,"max_hp_loss":0,"event_name":"Duplicator","floor":24,"gold_loss":0,"cards_obtained":["Chaos"]}],"is_beta":false,"boss_relics":[{"not_picked":["SacredBark","Ectoplasm"],"picked":"Nuclear Battery"}],"items_purged_floors":[31],"is_endless":false,"potions_floor_spawned":[7,12,14,22,28],"killed_by":"Collector","ascension_level":20}}