{"host":"eejrqhjknvwl59ep","time":1610445901,"event":{"mods":["BaseMod","Hubris","Infinite Spire","Minty Spire (QoL Compilation)","StSLib"],"gold_per_floor":[110,110,65,65,65,65,65,65,92,118,118,118,134,147,147,250,250,260,93,93,192,192,222,222,248,248,248,277,174,208,123,123,225,225,244,37,37,37,48,76,76,102,127,127,127,127,127,139,139,243,243,243],"floor_reached":51,"playtime":2051,"items_purged":["Wraith Form v2","Cleave","Uppercut","Iron Wave"],"score":919,"play_id":"6c912536-962f-4f30-8135-56c081a64bb3","local_time":"20210112110501","daily_mods":["Draft","Heirloom","Flight"],"is_ascension_mode":false,"campfire_choices":[{"data":"Echo Form","floor":6,"key":"SMITH"},{"data":"DevaForm","floor":8,"key":"SMITH"},{"data":"Barricade","floor":11,"key":"SMITH"},{"data":"Armaments","floor":12,"key":"SMITH"},{"data":"Seeing Red","floor":15,"key":"SMITH"},{"data":"Seeing Red","floor":27,"key":"SMITH"},{"data":"infinitespire:Collect","floor":32,"key":"SMITH"},{"data":"Demon Form","floor":41,"key":"SMITH"},{"data":"Metallicize","floor":44,"key":"SMITH"},{"data":"Evolve","floor":47,"key":"SMITH"},{"data":"Shrug It Off","floor":49,"key":"SMITH"}],"circlet_count":0,"master_deck":["Demon Form+1","Echo Form+1","DevaForm+1","Thunderclap+1","Rampage","Feel No Pain","True Grit+1","Seeing Red+1","Metallicize+1","Seeing Red+1","Shrug It Off","Body Slam","Twin Strike","Sword Boomerang","Cleave","Armaments+1","Barricade+1","Disarm","Juggernaut+1","Finesse","infinitespire:Collect+1","Shrug It Off+1","Dual Wield+1","Evolve+1","Shrug It Off+1","Juggernaut"],"relics":["Burning Blood","infinitespire:Golems Mask","FossilizedHelix","PreservedInsect","Omamori","hubris:ToyBattleship","Calling Bell","Oddly Smooth Stone","Meat on the Bone","Incense Burner","hubris:Towel","Mummified Hand","Smiling Mask","War Paint","Bag of Preparation","Calipers","Mercury Hourglass","Juzu Bracelet","infinitespire:FocusingShard","infinitespire:Satchel","Strawberry","White Beast Statue","Mark of Pain"],"acts_visited":["Exordium","TheCity","TheBeyond","Exordium"],"potions_floor_usage":[50],"damage_taken":[{"damage":2,"enemies":"Cultist","floor":1,"turns":4},{"damage":21,"enemies":"3 Sentries","floor":10,"turns":5},{"damage":9,"enemies":"2 Louse","floor":13,"turns":3},{"damage":0,"enemies":"Jaw Worm","floor":14,"turns":4},{"damage":28,"enemies":"Hexaghost","floor":16,"turns":8},{"damage":5,"enemies":"Chosen","floor":18,"turns":4},{"damage":18,"enemies":"Book of Stabbing","floor":23,"turns":7},{"damage":0,"enemies":"Slavers","floor":25,"turns":4},{"damage":0,"enemies":"Nightmare","floor":28,"turns":4},{"damage":0,"enemies":"Gremlin Leader","floor":30,"turns":8},{"damage":0,"enemies":"hubris:MusketHawk","floor":33,"turns":6},{"damage":0,"enemies":"Orb Walker","floor":35,"turns":3},{"damage":41,"enemies":"3 Darklings","floor":39,"turns":5},{"damage":0,"enemies":"Nemesis","floor":40,"turns":3},{"damage":0,"enemies":"Giant Head","floor":42,"turns":5},{"damage":11,"enemies":"Writhing Mass","floor":48,"turns":5},{"damage":47,"enemies":"Time Eater","floor":50,"turns":6}],"seed_played":"-4494857855146093040","potions_obtained":[{"floor":1,"key":"Block Potion"},{"floor":14,"key":"FearPotion"},{"floor":23,"key":"BloodPotion"},{"floor":28,"key":"DuplicationPotion"}],"is_trial":true,"path_per_floor":["M","?","$","$","T","R","?","R","T","E","R","R","M","M","R","B",null,"M","$","?","?","AVR","E","?","E","T","R","NM","$","E","?","R","B",null,"M","$","?","?","M","E","R","E","T","R","T","?","R","M","R","B",null],"character_chosen":"IRONCLAD","items_purchased":["Armaments","Finesse","Shrug It Off","Juzu Bracelet"],"campfire_rested":0,"item_purchase_floors":[3,19,29,36],"current_hp_per_floor":[80,80,80,80,80,80,64,64,64,49,49,49,46,52,52,30,80,80,80,80,80,80,68,68,74,74,74,80,80,80,80,80,80,80,80,80,80,80,57,63,63,69,76,76,76,76,76,71,71,59,87,87],"gold":243,"neow_bonus":"","is_daily":false,"chose_seed":false,"campfire_upgraded":11,"win_rate":0.0,"timestamp":1610445901,"path_taken":["M","?","$","$","?","R","?","R","T","E","R","R","?","?","R","BOSS","M","$","?","?","AVR","E","?","E","T","R","NM","$","E","?","R","BOSS","M","$","?","?","M","E","R","E","T","R","?","?","R","M","R","BOSS"],"items_purchased_type":["Card","Card","Card","Relic"],"build_version":"2020-12-22","purchased_purges":4,"victory":false,"max_hp_per_floor":[80,80,80,80,80,80,80,80,80,80,80,80,80,80,80,80,80,80,80,80,80,80,80,80,80,80,80,80,80,80,80,80,80,80,80,80,80,80,80,80,80,80,87,87,87,87,87,87,87,87,87,87],"card_choices":[{"not_picked":["Dropkick","Perfected Strike"],"picked":"Uppercut","floor":0},{"not_picked":["Anger","Burning Pact"],"picked":"Thunderclap","floor":0},{"not_picked":["Sever Soul","Perfected Strike"],"picked":"Rampage","floor":0},{"not_picked":["Rupture","Havoc"],"picked":"Feel No Pain","floor":0},{"not_picked":["Hemokinesis","Thunderclap"],"picked":"True Grit","floor":0},{"not_picked":["Havoc","Pommel Strike"],"picked":"Cleave","floor":0},{"not_picked":["Heavy Blade","Twin Strike"],"picked":"Seeing Red","floor":0},{"not_picked":["Iron Wave","Intimidate"],"picked":"Metallicize","floor":0},{"not_picked":["Anger","Flex"],"picked":"Seeing Red","floor":0},{"not_picked":["Clash","Perfected Strike"],"picked":"Shrug It Off","floor":0},{"not_picked":["Havoc","Heavy Blade"],"picked":"Body Slam","floor":0},{"not_picked":["Seeing Red","Wild Strike"],"picked":"Iron Wave","floor":0},{"not_picked":["Thunderclap","Sword Boomerang"],"picked":"Twin Strike","floor":0},{"not_picked":["Clash","Wild Strike"],"picked":"Sword Boomerang","floor":0},{"not_picked":["hubris:ReadiedAction","Infernal Blade"],"picked":"Cleave","floor":0},{"not_picked":["Thunderclap","Cleave","Wild Strike"],"picked":"SKIP","floor":1},{"not_picked":["hubris:ReadiedAction","Shrug It Off"],"picked":"Barricade","floor":10},{"not_picked":["Infernal Blade","Bloodletting","Seeing Red"],"picked":"SKIP","floor":13},{"not_picked":["Rupture","Perfected Strike"],"picked":"Disarm","floor":14},{"not_picked":["Berserk","Corruption"],"picked":"Juggernaut","floor":16},{"not_picked":["Havoc","True Grit","Dual Wield"],"picked":"SKIP","floor":18},{"not_picked":["Twin Strike","Thunderclap+1"],"picked":"Shrug It Off","floor":23},{"not_picked":["Sever Soul","Heavy Blade"],"picked":"Dual Wield","floor":25},{"not_picked":["Sentinel","Thunderclap"],"picked":"Evolve","floor":28},{"not_picked":["Combust","Blood for Blood","Intimidate+1"],"picked":"SKIP","floor":30},{"not_picked":["Body Slam","Sword Boomerang","Warcry"],"picked":"SKIP","floor":35},{"not_picked":["Wild Strike","Uppercut","Burning Pact+1"],"picked":"SKIP","floor":39},{"not_picked":["Second Wind","Iron Wave+1","Twin Strike"],"picked":"SKIP","floor":40},{"not_picked":["Clothesline+1","Intimidate","Flex+1"],"picked":"SKIP","floor":42},{"not_picked":["Iron Wave","Rampage+1","Clash"],"picked":"SKIP","floor":48},{"not_picked":["Exhume","Barricade"],"picked":"Juggernaut","floor":50}],"player_experience":232077,"relics_obtained":[{"floor":5,"key":"PreservedInsect"},{"floor":9,"key":"Omamori"},{"floor":10,"key":"hubris:ToyBattleship"},{"floor":17,"key":"Oddly Smooth Stone"},{"floor":17,"key":"Meat on the Bone"},{"floor":17,"key":"Incense Burner"},{"floor":23,"key":"Mummified Hand"},{"floor":25,"key":"Smiling Mask"},{"floor":26,"key":"War Paint"},{"floor":28,"key":"Bag of Preparation"},{"floor":30,"key":"Calipers"},{"floor":40,"key":"infinitespire:FocusingShard"},{"floor":42,"key":"infinitespire:Satchel"},{"floor":43,"key":"Strawberry"},{"floor":45,"key":"White Beast Statue"}],"event_choices":[{"damage_healed":0,"gold_gain":0,"player_choice":"Gave Potion","damage_taken":0,"relics_obtained":["FossilizedHelix"],"max_hp_gain":0,"max_hp_loss":0,"event_name":"WeMeetAgain","floor":2,"gold_loss":0},{"damage_healed":0,"gold_gain":0,"player_choice":"Entered Light","damage_taken":16,"max_hp_gain":0,"max_hp_loss":0,"event_name":"Shining Light","floor":7,"gold_loss":0,"cards_upgraded":["Thunderclap","True Grit"]},{"damage_healed":0,"gold_gain":99,"player_choice":"Stole From Cult","damage_taken":0,"max_hp_gain":0,"max_hp_loss":0,"event_name":"Nest","floor":21,"gold_loss":0},{"damage_healed":0,"gold_gain":0,"player_choice":"Ignored","damage_taken":0,"max_hp_gain":0,"max_hp_loss":0,"event_name":"Ghosts","floor":24,"gold_loss":0},{"damage_healed":0,"gold_gain":0,"player_choice":"Obtained Relic","damage_taken":0,"relics_obtained":["Mercury Hourglass"],"max_hp_gain":0,"max_hp_loss":0,"event_name":"Addict","floor":31,"gold_loss":85},{"damage_healed":0,"gold_gain":0,"player_choice":"Ignored","damage_taken":0,"max_hp_gain":0,"max_hp_loss":0,"event_name":"Transmorgrifier","floor":37,"gold_loss":0},{"damage_healed":0,"gold_gain":0,"player_choice":"Forge","damage_taken":0,"max_hp_gain":0,"max_hp_loss":0,"event_name":"Accursed Blacksmith","floor":38,"gold_loss":0,"cards_upgraded":["Juggernaut"]}],"is_beta":false,"boss_relics":[{"not_picked":["infinitespire:Burning Sword","hubris:RunicObelisk"],"picked":"Calling Bell"},{"not_picked":["Fusion Hammer","Astrolabe","Velvet Choker"]},{"not_picked":["Busted Crown","hubris:VirtuousBlindfold"],"picked":"Mark of Pain"}],"items_purged_floors":[19,22,29,36],"is_endless":true,"potions_floor_spawned":[1,14,23,28,39,42,48,50],"ascension_level":0}}