{"host":"7po9pgh86bqe2blc","time":1610465117,"event":{"mods":["BaseMod","Colored Map","Colored Powertips","Hermit","Hubris","Koishi","Minty Spire (QoL Compilation)","StSLib","The Cursed","The Disciple","The Hierophant","The Runesmith"],"gold_per_floor":[110,121,46,46,58,87,87,102,402,402,402,97,113,113,113],"floor_reached":14,"playtime":1096,"items_purged":["Runesmith:Strike_RS","Runesmith:Strike_RS"],"score":90,"play_id":"c7034e3f-4c38-4a09-b16f-154378402e7f","local_time":"20210112162517","is_ascension_mode":false,"campfire_choices":[{"data":"Runesmith:Fortify","floor":7,"key":"SMITH"}],"circlet_count":0,"master_deck":["Runesmith:Strike_RS","Runesmith:Strike_RS","Runesmith:Defend_RS","Runesmith:Defend_RS","Runesmith:Defend_RS","Runesmith:Defend_RS","Runesmith:CraftFirestone","Runesmith:Fortify+1","Runesmith:CraftSpiculum","Runesmith:RuneHurl","Runesmith:CraftIncendium","Runesmith:FissionHammer"],"relics":["Runesmith:BrokenRuby","Dead Branch","Old Coin","hubris:Towel","Gremlin Horn"],"acts_visited":["Exordium"],"potions_floor_usage":[6,14],"damage_taken":[{"damage":0,"enemies":"Cultist","floor":1,"turns":4},{"damage":0,"enemies":"Jaw Worm","floor":2,"turns":4},{"damage":1,"enemies":"Small Slimes","floor":5,"turns":4},{"damage":27,"enemies":"3 Sentries","floor":6,"turns":11},{"damage":18,"enemies":"Exordium Thugs","floor":8,"turns":6},{"damage":6,"enemies":"Red Slaver","floor":13,"turns":4},{"damage":17,"enemies":"Gremlin Nob","floor":14,"turns":3}],"seed_played":"915803514128027046","potions_obtained":[{"floor":2,"key":"AttackPotion"},{"floor":8,"key":"LiquidMemories"},{"floor":13,"key":"ColorlessPotion"}],"is_trial":false,"path_per_floor":["M","M","$","?","M","E","R","M","T","?","T","$","M","E"],"character_chosen":"RUNESMITH_CLASS","items_purchased":["Runesmith:CraftIncendium","Runesmith:FissionHammer"],"campfire_rested":0,"item_purchase_floors":[12,12],"current_hp_per_floor":[70,70,70,63,62,35,35,17,17,17,17,17,11,0,0],"gold":113,"neow_bonus":"ONE_RANDOM_RARE_CARD","is_daily":false,"chose_seed":false,"campfire_upgraded":1,"win_rate":0.0,"timestamp":1610465117,"path_taken":["M","?","$","?","M","E","R","M","T","?","?","$","M","E"],"items_purchased_type":["Card","Card"],"build_version":"2020-12-13","purchased_purges":2,"victory":false,"max_hp_per_floor":[70,70,70,70,70,70,70,70,70,70,70,70,70,70,70],"card_choices":[{"not_picked":["Runesmith:CraftProtectio","Runesmith:HeatedChisel","Runesmith:MakeshiftArmor"],"picked":"SKIP","floor":1},{"not_picked":["Runesmith:StaticCage","Runesmith:HeatExchange"],"picked":"Runesmith:CraftSpiculum","floor":2},{"not_picked":["Runesmith:CraftVitae","Runesmith:ShiftingStrike"],"picked":"Runesmith:RuneHurl","floor":5},{"not_picked":["Runesmith:MakeshiftArmor","Runesmith:CraftProtectio","Runesmith:Overpower"],"picked":"SKIP","floor":6},{"not_picked":["Runesmith:RuneHurl","Runesmith:HeatExchange","Runesmith:NanitesCloud"],"picked":"SKIP","floor":8},{"not_picked":["Runesmith:FrozenChisel","Runesmith:MakeshiftArmor","Runesmith:HammerTime"],"picked":"SKIP","floor":13}],"player_experience":362166,"relics_obtained":[{"floor":6,"key":"Dead Branch"},{"floor":9,"key":"Old Coin"},{"floor":11,"key":"Gremlin Horn"}],"event_choices":[{"cards_removed":["Runesmith:CraftMedicinae"],"damage_healed":0,"gold_gain":0,"player_choice":"Card Removal","damage_taken":7,"max_hp_gain":0,"max_hp_loss":0,"event_name":"Golden Wing","floor":4,"gold_loss":0}],"is_beta":false,"boss_relics":[],"items_purged_floors":[3,12],"is_endless":false,"potions_floor_spawned":[2,8,13],"killed_by":"Gremlin Nob","ascension_level":0}}