{"host":"jrmqsbok61y7b34d","time":1610484966,"event":{"mods":["BaseMod","Better Skull","Challenge The Spire","Colored Map","Colored Powertips","Emptier Cage","Minty Spire (QoL Compilation)","Permanent Neow","Quick Restart","Relic Stats","StSLib","Unceasing Turn Reminder"],"gold_per_floor":[10,27,27,46,63,90,90,100,126,151,151,163,59,87,87,161,161,181,199,215,215,215,241,253,180,192,220,232,274,19,39,39,112,112,132,145,66,86,98,98,130,157,157,188,206,206,222,242,242,242],"floor_reached":51,"language":"ENG","playtime":6542,"items_purged":["Strike_P"],"score":1759,"play_id":"e7a83e76-7fd6-4aa2-accc-0463d0a9a240","local_time":"20210112205606","is_ascension_mode":true,"campfire_choices":[{"data":"Eruption","floor":7.0,"key":"SMITH"},{"data":"EmptyFist","floor":11.0,"key":"SMITH"},{"data":"Protect","floor":15.0,"key":"SMITH"},{"floor":24.0,"key":"REST"},{"floor":28.0,"key":"REST"},{"data":"Halt","floor":32.0,"key":"SMITH"},{"floor":40.0,"key":"RECALL"},{"floor":46.0,"key":"REST"},{"floor":49.0,"key":"REST"}],"circlet_count":0,"master_deck":["AscendersBane","Defend_P+1","Defend_P+1","Defend_P+1","Eruption+1","Vigilance","FollowUp+1","EmptyFist+1","Swivel+1","WheelKick+1","Conclude+1","EmptyBody+1","CutThroughFate+1","Protect+1","CutThroughFate+1","LessonLearned","Evaluate","Necronomicurse","Wallop+1","Tantrum","FearNoEvil","Halt+1","FlurryOfBlows","MentalFortress","Vault+1","Halt+1","Ragnarok","WreathOfFlame+1","FlurryOfBlows","SpiritShield","ThirdEye+1","ClearTheMind+1"],"relics":["PureWater","Whetstone","Bag of Marbles","Bronze Scales","Runic Pyramid","Necronomicon","MawBank","WingedGreaves","Prayer Wheel","Juzu Bracelet","Pen Nib","Fusion Hammer","Smiling Mask","Oddly Smooth Stone","Ancient Tea Set","Nunchaku"],"acts_visited":["Exordium","TheCity","TheBeyond"],"potions_floor_usage":[50,50],"damage_taken":[{"damage":4.0,"enemies":"2 Louse","floor":1.0,"turns":3.0},{"damage":0.0,"enemies":"Jaw Worm","floor":2.0,"turns":2.0},{"damage":0.0,"enemies":"Small Slimes","floor":4.0,"turns":2.0},{"damage":1.0,"enemies":"Looter","floor":5.0,"turns":4.0},{"damage":11.0,"enemies":"3 Sentries","floor":6.0,"turns":8.0},{"damage":2.0,"enemies":"Exordium Wildlife","floor":8.0,"turns":2.0},{"damage":0.0,"enemies":"Lagavulin","floor":10.0,"turns":2.0},{"damage":0.0,"enemies":"Lots of Slimes","floor":12.0,"turns":1.0},{"damage":0.0,"enemies":"3 Sentries","floor":14.0,"turns":2.0},{"damage":8.0,"enemies":"Hexaghost","floor":16.0,"turns":6.0},{"damage":0.0,"enemies":"Chosen","floor":18.0,"turns":4.0},{"damage":0.0,"enemies":"3 Byrds","floor":19.0,"turns":3.0},{"damage":0.0,"enemies":"Centurion and Healer","floor":20.0,"turns":3.0},{"damage":30.0,"enemies":"Book of Stabbing","floor":23.0,"turns":4.0},{"damage":4.0,"enemies":"Sentry and Sphere","floor":27.0,"turns":4.0},{"damage":0.0,"enemies":"Gremlin Leader","floor":29.0,"turns":4.0},{"damage":2.0,"enemies":"Snecko","floor":31.0,"turns":4.0},{"damage":22.0,"enemies":"Champ","floor":33.0,"turns":7.0},{"damage":0.0,"enemies":"3 Darklings","floor":35.0,"turns":3.0},{"damage":0.0,"enemies":"3 Shapes","floor":36.0,"turns":3.0},{"damage":0.0,"enemies":"Transient","floor":38.0,"turns":6.0},{"damage":0.0,"enemies":"Spire Growth","floor":39.0,"turns":3.0},{"damage":0.0,"enemies":"Giant Head","floor":41.0,"turns":5.0},{"damage":0.0,"enemies":"Nemesis","floor":42.0,"turns":2.0},{"damage":0.0,"enemies":"Reptomancer","floor":44.0,"turns":6.0},{"damage":0.0,"enemies":"3 Darklings","floor":45.0,"turns":5.0},{"damage":0.0,"enemies":"Writhing Mass","floor":47.0,"turns":6.0},{"damage":0.0,"enemies":"Jaw Worm Horde","floor":48.0,"turns":2.0},{"damage":3,"enemies":"Time Eater","floor":50,"turns":5}],"seed_played":"-8351212120191744785","potions_obtained":[{"floor":1.0,"key":"Fire Potion"},{"floor":5.0,"key":"SteroidPotion"},{"floor":8.0,"key":"Strength Potion"},{"floor":10.0,"key":"Dexterity Potion"},{"floor":12.0,"key":"LiquidBronze"},{"floor":19.0,"key":"Swift Potion"},{"floor":23.0,"key":"SpeedPotion"},{"floor":35.0,"key":"CultistPotion"},{"floor":47.0,"key":"BottledMiracle"},{"floor":48.0,"key":"SteroidPotion"}],"is_trial":false,"path_per_floor":["M","M","?","M","M","E","R","M","T","E","R","M","$","E","R","B",null,"M","M","M","?","?","E","R","?","T","M","R","E","$","M","R","B",null,"M","M","$","M","M","R","E","E","T","E","M","R","M","M","R","B",null],"character_chosen":"WATCHER","items_purchased":["Protect","FearNoEvil","Pen Nib","Halt","WreathOfFlame"],"campfire_rested":4,"item_purchase_floors":[13,30,30,30,37],"current_hp_per_floor":[57,57,57,57,56,45,45,43,43,43,43,43,43,43,43,35,60,60,60,60,60,39,9,29,29,29,25,45,45,45,43,43,21,56,56,56,56,56,56,56,56,56,56,56,56,68,68,68,68,65],"gold":242,"neow_bonus":"REMOVE_TWO","is_daily":false,"chose_seed":false,"campfire_upgraded":4,"win_rate":0.0,"timestamp":1610484966,"path_taken":["M","M","?","M","M","E","R","M","T","E","R","M","$","E","R","BOSS","M","M","M","?","?","E","R","?","T","M","R","E","$","M","R","BOSS","M","M","$","M","M","R","E","E","T","E","M","R","M","M","R","BOSS"],"items_purchased_type":["Card","Card","Relic","Card","Card"],"build_version":"2020-12-22","purchased_purges":1,"victory":true,"max_hp_per_floor":[68,68,68,68,68,68,68,68,68,68,68,68,68,68,68,68,68,68,68,68,68,68,68,68,68,68,68,68,68,68,68,68,68,68,68,68,68,68,68,68,68,68,68,68,68,68,68,68,68,68],"relic_stats":{"Nunchaku":[6],"counters":[29,111],"Bronze Scales":[232],"Prayer Wheel":9,"Pen Nib":[18],"Necronomicon":[40],"Juzu Bracelet":0,"Whetstone":["Conclude","FollowUp"],"MawBank":84,"Smiling Mask":0,"obtain_stats":[{"Oddly Smooth Stone":42,"Pen Nib":30,"Juzu Bracelet":29,"Whetstone":9,"MawBank":23,"Smiling Mask":41,"Ancient Tea Set":43,"Nunchaku":44,"Bronze Scales":14,"Prayer Wheel":26,"WingedGreaves":25,"Fusion Hammer":34,"Bag of Marbles":10,"Necronomicon":22,"PureWater":0,"Runic Pyramid":17},{"Oddly Smooth Stone":24,"Pen Nib":16,"Juzu Bracelet":16,"Whetstone":6,"MawBank":14,"Smiling Mask":23,"Ancient Tea Set":24,"Nunchaku":25,"Bronze Scales":9,"Prayer Wheel":14,"WingedGreaves":14,"Fusion Hammer":18,"Bag of Marbles":7,"Necronomicon":13,"PureWater":0,"Runic Pyramid":10},{"Oddly Smooth Stone":87,"Pen Nib":54,"Juzu Bracelet":54,"Whetstone":21,"MawBank":46,"Smiling Mask":85,"Ancient Tea Set":87,"Nunchaku":93,"Bronze Scales":26,"Prayer Wheel":46,"WingedGreaves":46,"Fusion Hammer":65,"Bag of Marbles":23,"Necronomicon":42,"PureWater":0,"Runic Pyramid":32}]},"card_choices":[{"not_picked":["CutThroughFate","Crescendo"],"picked":"FollowUp","floor":1.0},{"not_picked":["EmptyBody","Perseverance"],"picked":"EmptyFist","floor":2.0},{"not_picked":["ForeignInfluence","EmptyMind","PathToVictory"],"picked":"SKIP","floor":4.0},{"not_picked":["JustLucky","ClearTheMind"],"picked":"Swivel","floor":5.0},{"not_picked":["SashWhip","InnerPeace"],"picked":"WheelKick","floor":6.0},{"not_picked":["Omniscience","SandsOfTime"],"picked":"Conclude","floor":8.0},{"not_picked":["Nirvana","JustLucky"],"picked":"EmptyBody","floor":10.0},{"not_picked":["Swivel","CrushJoints"],"picked":"CutThroughFate","floor":12.0},{"not_picked":["FlyingSleeves","EmptyFist"],"picked":"CutThroughFate","floor":14.0},{"not_picked":["Devotion","Ragnarok"],"picked":"LessonLearned","floor":16.0},{"not_picked":["Crescendo","EmptyFist","CrushJoints"],"picked":"SKIP","floor":18.0},{"not_picked":["Consecrate","SashWhip"],"picked":"Evaluate","floor":19.0},{"not_picked":["Fasting2","CrushJoints","MentalFortress"],"picked":"SKIP","floor":20.0},{"not_picked":["Swivel","Tantrum+1","Nirvana"],"picked":"SKIP","floor":23.0},{"not_picked":["EmptyFist","Evaluate"],"picked":"Wallop","floor":27.0},{"not_picked":["WaveOfTheHand","FlyingSleeves","EmptyMind"],"picked":"SKIP","floor":27.0},{"not_picked":["Halt","Worship"],"picked":"Tantrum","floor":29.0},{"not_picked":["EmptyFist","Sanctity"],"picked":"FlurryOfBlows","floor":31.0},{"not_picked":["Collect","MentalFortress","CrushJoints"],"picked":"SKIP","floor":31.0},{"not_picked":["Collect","CrushJoints"],"picked":"MentalFortress","floor":31.0},{"not_picked":["Brilliance","MasterReality"],"picked":"Vault","floor":33.0},{"not_picked":["Protect","ClearTheMind","Consecrate"],"picked":"SKIP","floor":35.0},{"not_picked":["CrushJoints","Conclude","FollowUp"],"picked":"SKIP","floor":35.0},{"not_picked":["EmptyFist","Conclude"],"picked":"Halt+1","floor":36.0},{"not_picked":["CarveReality","Evaluate"],"picked":"Ragnarok","floor":36.0},{"not_picked":["MentalFortress+1","BowlingBash"],"picked":"FlurryOfBlows","floor":38.0},{"not_picked":["FlyingSleeves","CutThroughFate","Consecrate"],"picked":"SKIP","floor":38.0},{"not_picked":["BattleHymn","Worship","FlurryOfBlows"],"picked":"SKIP","floor":39.0},{"not_picked":["BowlingBash+1","PathToVictory","CrushJoints"],"picked":"SKIP","floor":39.0},{"not_picked":["BowlingBash+1","CutThroughFate+1"],"picked":"SpiritShield","floor":41.0},{"not_picked":["EmptyFist+1","BattleHymn","ForeignInfluence"],"picked":"SKIP","floor":42.0},{"not_picked":["JustLucky","Wireheading","Prostrate"],"picked":"SKIP","floor":44.0},{"not_picked":["ClearTheMind","Perseverance"],"picked":"ThirdEye+1","floor":45.0},{"not_picked":["Crescendo","BattleHymn","BowlingBash"],"picked":"SKIP","floor":45.0},{"not_picked":["Tantrum","ThirdEye"],"picked":"ClearTheMind+1","floor":47.0},{"not_picked":["CutThroughFate+1","Brilliance","Protect+1"],"picked":"SKIP","floor":47.0},{"not_picked":["CutThroughFate","JustLucky","EmptyMind+1"],"picked":"SKIP","floor":48.0},{"not_picked":["ThirdEye","EmptyFist","FlurryOfBlows"],"picked":"SKIP","floor":48.0}],"player_experience":1027206,"relics_obtained":[{"floor":9.0,"key":"Whetstone"},{"floor":10.0,"key":"Bag of Marbles"},{"floor":14.0,"key":"Bronze Scales"},{"floor":22.0,"key":"Necronomicon"},{"floor":23.0,"key":"MawBank"},{"floor":26.0,"key":"Prayer Wheel"},{"floor":29.0,"key":"Juzu Bracelet"},{"floor":41.0,"key":"Smiling Mask"},{"floor":42.0,"key":"Oddly Smooth Stone"},{"floor":43.0,"key":"Ancient Tea Set"},{"floor":44.0,"key":"Nunchaku"}],"event_choices":[{"cards_removed":["Strike_P"],"damage_healed":0.0,"max_hp_gain":0.0,"max_hp_loss":0.0,"gold_gain":0.0,"event_name":"Living Wall","player_choice":"Forget","floor":3.0,"gold_loss":0.0,"damage_taken":0.0},{"cards_removed":["Strike_P"],"damage_healed":0.0,"max_hp_gain":0.0,"max_hp_loss":0.0,"gold_gain":0.0,"event_name":"Back to Basics","player_choice":"Elegance","floor":21.0,"gold_loss":0.0,"damage_taken":0.0},{"damage_healed":0.0,"max_hp_gain":0.0,"max_hp_loss":0.0,"gold_gain":0.0,"event_name":"Cursed Tome","player_choice":"Obtained Book","floor":22.0,"gold_loss":0.0,"damage_taken":21.0},{"damage_healed":0.0,"max_hp_gain":0.0,"max_hp_loss":0.0,"gold_gain":0.0,"event_name":"Addict","player_choice":"Obtained Relic","floor":25.0,"gold_loss":85.0,"damage_taken":0.0,"relics_obtained":["WingedGreaves"]}],"is_beta":false,"boss_relics":[{"not_picked":["Cursed Key","Ectoplasm"],"picked":"Runic Pyramid"},{"not_picked":["Busted Crown","Calling Bell"],"picked":"Fusion Hammer"}],"items_purged_floors":[13],"is_endless":false,"potions_floor_spawned":[1,5,8,10,12,14,19,23,27,35,41,47,48],"ascension_level":18}}