{"host":"ymn6un3ro3vi042j","time":1610492496,"event":{"mods":["AchievementEnabler","Act Like it!","BaseMod","Bestiary","Better Third Choice","BetterRewards","Colored Map","Colored Powertips","Curses Come First","Dark Map","DeckTracker","Downfall","Googly Eyes","Highlight Path","Minty Spire (QoL Compilation)","Poor People Problems","Rare Cards Sparkle","StSLib","everything is the same but u backflip on backflip"],"gold_per_floor":[109,109,109,109,133,167,35,51,75,75,75],"floor_reached":10,"language":"ENG","playtime":978,"items_purged":[],"score":66,"play_id":"f439f7d9-34e0-47a6-bae9-9ad255b531b2","local_time":"20210112150136","is_ascension_mode":false,"campfire_choices":[],"circlet_count":0,"master_deck":["Strike_G","Strike_G","Strike_G","Strike_G","Strike_G","Defend_G","Defend_G","Defend_G","Defend_G","Defend_G","Survivor","Neutralize","Riddle With Holes","Catalyst","Blur","expansioncontent:CaCaw","Crippling Poison"],"relics":["Ring of the Snake","Pen Nib","Bag of Preparation","Golden Idol","Paper Crane","Regal Pillow"],"acts_visited":["Exordium"],"potions_floor_usage":[6,8,10],"damage_taken":[{"damage":0,"enemies":"2 Louse","floor":1,"turns":5},{"damage":0,"enemies":"Jaw Worm","floor":5,"turns":3},{"damage":40,"enemies":"Lagavulin","floor":6,"turns":7},{"damage":0,"enemies":"Cultist","floor":8,"turns":3},{"damage":28,"enemies":"3 Sentries","floor":10,"turns":4}],"seed_played":"1853903809145734112","potions_obtained":[{"floor":1,"key":"Poison Potion"},{"floor":5,"key":"FearPotion"}],"is_trial":false,"path_per_floor":["M","?","?","?","M","E","$","M","T","E"],"character_chosen":"THE_SILENT","items_purchased":["expansioncontent:CaCaw","AttackPotion"],"campfire_rested":0,"item_purchase_floors":[7,7],"current_hp_per_floor":[70,70,63,63,63,23,23,23,23,0,0],"gold":75,"neow_bonus":"RANDOM_COMMON_RELIC","is_daily":false,"chose_seed":false,"campfire_upgraded":0,"win_rate":0.0,"timestamp":1610492496,"path_taken":["M","?","?","?","?","E","$","M","T","E"],"items_purchased_type":["Card","Potion"],"build_version":"2020-12-22","purchased_purges":0,"victory":false,"max_hp_per_floor":[70,70,70,65,65,65,65,65,65,65,65],"card_choices":[{"not_picked":["Dagger Spray","Calculated Gamble"],"picked":"Riddle With Holes","floor":1},{"not_picked":["Flechettes","Deadly Poison"],"picked":"Catalyst","floor":5},{"not_picked":["Catalyst","Slice"],"picked":"Blur","floor":6},{"not_picked":["Backflip","Prepared"],"picked":"Crippling Poison","floor":8}],"player_experience":16823,"relics_obtained":[{"floor":6,"key":"Paper Crane"},{"floor":9,"key":"Regal Pillow"}],"event_choices":[{"damage_healed":0,"gold_gain":0,"player_choice":"Box","damage_taken":0,"relics_obtained":["Bag of Preparation"],"max_hp_gain":0,"max_hp_loss":0,"event_name":"Big Fish","floor":2,"gold_loss":0,"cards_obtained":["Regret"]},{"cards_removed":["Regret"],"damage_healed":0,"gold_gain":0,"player_choice":"Card Removal","damage_taken":7,"max_hp_gain":0,"max_hp_loss":0,"event_name":"Golden Wing","floor":3,"gold_loss":0},{"damage_healed":0,"gold_gain":0,"player_choice":"Lose Max HP","damage_taken":0,"relics_obtained":["Golden Idol"],"max_hp_gain":0,"max_hp_loss":5,"event_name":"Golden Idol","floor":4,"gold_loss":0}],"is_beta":false,"boss_relics":[],"items_purged_floors":[],"is_endless":false,"potions_floor_spawned":[1,5],"killed_by":"3 Sentries","ascension_level":0}}