{"host":"Connor","time":1610485688,"event":{"mods":["Aspiration","BaseMod","Downfall","Hubris","Marisa????????","Minty Spire (QoL Compilation)","Replay The Spire","StSLib","The Cursed","The Jungle","The Servant 0.9.4"],"gold_per_floor":[111,36,36,51,51,51,78,78,78,133,133,144,221,238,238,311,311,328,328,65,80,80,80,109,109,109,59,75,75,75,75,75],"floor_reached":31,"language":"ENG","playtime":809,"items_purged":["Strike_R"],"score":534,"play_id":"0c3a5519-593d-42a7-aee6-58486aac843c","local_time":"20210112130808","is_ascension_mode":true,"campfire_choices":[{"data":"Iron Wave","floor":6,"key":"SMITH"},{"data":"Feel No Pain","floor":8,"key":"SMITH"},{"floor":15,"key":"REST"},{"data":"Armaments","floor":23,"key":"SMITH"},{"floor":25,"key":"RECALL"},{"data":"Bash","floor":30,"key":"SMITH"}],"circlet_count":0,"master_deck":["AscendersBane","Strike_R","Strike_R","Strike_R","Strike_R","Defend_R","Defend_R","Defend_R","Defend_R","Bash+1","Cleave+1","Iron Wave+1","ReplayTheSpireMod:Stacked","Feel No Pain+1","Berserk+1","Defy Death","Flex","Feed+1","Armaments+1","Ghostly","Ghostly","Ghostly","Barricade+1","expansioncontent:CaCaw+1","Second Wind+1","J.A.X.","Iron Wave"],"relics":["Burning Blood","NeowsBlessing","hubris:Towel","Replay:Ringing Soul","hubris:IronBody","Golden Egg","hubris:EvacipatedBox","hubris:AstralHammer","aspiration:FetidBarrel","StrikeDummy","Runic Dome","ReplayTheSpireMod:Shallot"],"acts_visited":["Exordium","TheCity"],"potions_floor_usage":[10,14,16,28],"damage_taken":[{"damage":0,"enemies":"Cultist","floor":1,"turns":1},{"damage":0,"enemies":"Jaw Worm","floor":4,"turns":1},{"damage":0,"enemies":"3 Sentries","floor":7,"turns":1},{"damage":28,"enemies":"Gremlin Nob","floor":10,"turns":4},{"damage":0,"enemies":"2 Louse","floor":12,"turns":2},{"damage":8,"enemies":"Blue Slaver","floor":14,"turns":4},{"damage":24,"enemies":"Slime Boss","floor":16,"turns":11},{"damage":15,"enemies":"Chosen","floor":18,"turns":4},{"damage":6,"enemies":"Spheric Guardian","floor":21,"turns":7},{"damage":28,"enemies":"Book of Stabbing","floor":24,"turns":7},{"damage":8,"enemies":"Snake Plant","floor":28,"turns":4},{"damage":56,"enemies":"Slavers","floor":31,"turns":5}],"seed_played":"-3562048285154006675","potions_obtained":[{"floor":7,"key":"PowerPotion"},{"floor":12,"key":"SpeedPotion"},{"floor":14,"key":"LiquidBronze"},{"floor":21,"key":"Fire Potion"},{"floor":24,"key":"hexamod:EctoCoolerPotion"},{"floor":28,"key":"Block Potion"}],"is_trial":false,"path_per_floor":["M","$","?","M","?","R","E","R","T","?","$","M","T","M","R","B",null,"M","?","$","M","?","R","E","R","T","?","M","$","R","E"],"character_chosen":"IRONCLAD","items_purchased":["hubris:EvacipatedBox","hubris:AstralHammer","aspiration:FetidBarrel","Barricade","expansioncontent:CaCaw"],"campfire_rested":1,"item_purchase_floors":[11,11,11,20,20],"current_hp_per_floor":[74,74,74,75,75,75,75,75,75,56,2,11,11,12,37,22,71,65,48,51,54,57,57,38,38,38,38,36,36,36,0,0],"gold":75,"neow_bonus":"THREE_ENEMY_KILL","is_daily":false,"chose_seed":false,"campfire_upgraded":4,"win_rate":0.0,"timestamp":1610485688,"path_taken":["M","$","?","M","?","R","E","R","T","?","?","M","?","M","R","BOSS","M","?","$","M","?","R","E","R","T","?","?","?","R","E"],"items_purchased_type":["Relic","Relic","Relic","Card","Card"],"build_version":"2020-12-18","purchased_purges":1,"victory":false,"max_hp_per_floor":[75,75,75,75,75,75,75,75,75,78,78,81,81,84,84,87,87,90,48,51,54,57,57,60,60,60,60,60,60,60,60,60],"card_choices":[{"not_picked":["Clash","Wild Strike"],"picked":"Cleave","floor":1},{"not_picked":["Anger","Clash"],"picked":"ReplayTheSpireMod:Stacked","floor":4},{"not_picked":["Infernal Blade","Sentinel"],"picked":"Feel No Pain","floor":7},{"not_picked":["Dual Wield","Twin Strike"],"picked":"Berserk","floor":10},{"not_picked":["Heavy Blade","Carnage"],"picked":"Defy Death","floor":12},{"not_picked":["Reckless Charge","Thunderclap"],"picked":"Flex","floor":14},{"not_picked":["Offering","Fiend Fire"],"picked":"Feed","floor":16},{"not_picked":["Shrug It Off","Thunderclap"],"picked":"Armaments","floor":18},{"not_picked":["Power Through","Body Slam"],"picked":"Second Wind+1","floor":21},{"not_picked":["Havoc","Disarm"],"picked":"Iron Wave","floor":24},{"not_picked":["Run Through","Replay:Undeath\u0027s Touch","Life Link"],"picked":"SKIP","floor":28}],"player_experience":616971,"relics_obtained":[{"floor":7,"key":"Replay:Ringing Soul"},{"floor":9,"key":"hubris:IronBody"},{"floor":10,"key":"Golden Egg"},{"floor":13,"key":"StrikeDummy"},{"floor":24,"key":"ReplayTheSpireMod:Shallot"}],"event_choices":[{"damage_healed":0,"gold_gain":30,"player_choice":"Searched \u00272\u0027 times","damage_taken":0,"max_hp_gain":0,"max_hp_loss":0,"event_name":"Dead Adventurer","floor":10,"gold_loss":0},{"damage_healed":0,"gold_gain":0,"player_choice":"Became a Ghost","damage_taken":0,"max_hp_gain":0,"max_hp_loss":45,"event_name":"Ghosts","floor":19,"gold_loss":0,"cards_obtained":["Ghostly","Ghostly","Ghostly"]},{"damage_healed":0,"gold_gain":0,"player_choice":"Obtain J.A.X.","damage_taken":0,"max_hp_gain":0,"max_hp_loss":0,"event_name":"Drug Dealer","floor":22,"gold_loss":0,"cards_obtained":["J.A.X."]},{"damage_healed":0,"gold_gain":0,"player_choice":"Upgrade","damage_taken":0,"max_hp_gain":0,"max_hp_loss":0,"event_name":"Designer","floor":27,"gold_loss":50,"cards_upgraded":["Cleave"]}],"is_beta":true,"boss_relics":[{"not_picked":["aspiration:RitualDagger","Ring of Chaos","hubris:HollowSoul"],"picked":"Runic Dome"}],"items_purged_floors":[2],"is_endless":false,"potions_floor_spawned":[7,12,14,21,24,28],"killed_by":"Slavers","ascension_level":19}}