{"host":"ishme5wb80o83upk","time":1610452601,"event":{"mods":["BaseMod","HololiveMod","Minty Spire (QoL Compilation)","StSLib"],"gold_per_floor":[83,103,178,353,366,404,404,424,424,453,453,465,502,517,517,617,617,633,633,558,598,598,639,657,684,711,755,777,823,853,880,892,1009,1021,1048,985,666,681,413,458,458,494,566,476,504,521,521,539,539,544,544,544,24,59,76],"floor_reached":56,"playtime":2336,"items_purged":["Hololive_Defend","Hololive_Strike","Hololive_Strike","Hololive_Sequa"],"score":2219,"play_id":"2ce5993b-a903-4662-a10d-38a4d146af30","local_time":"20210112205641","is_ascension_mode":true,"campfire_choices":[{"data":"Hololive_IdolExercise","floor":7.0,"key":"SMITH"},{"data":"Hololive_CallAmaneKanata","floor":11.0,"key":"SMITH"},{"data":"Hololive_CallHoshimachiSuisei","floor":15.0,"key":"SMITH"},{"data":"Hololive_Nanodesu","floor":32.0,"key":"SMITH"},{"floor":41.0,"key":"RECALL"},{"data":"Hololive_FlareMind","floor":47.0,"key":"SMITH"},{"data":"Hololive_Rebirth","floor":49.0,"key":"SMITH"},{"data":"Hololive_CallHimemoriLuna","floor":52.0,"key":"SMITH"}],"circlet_count":0,"master_deck":["Hololive_CallRoboco+1","Hololive_CallNatsuiroMatsuri","Hololive_CallAZKi","Hololive_CallAyundaRisu+1","Hololive_CallMoonaHoshinova","Hololive_RevenueBasedLive","Hololive_CallAmaneKanata+1","Hololive_CallTsunomakiWatame","Hololive_IdolExercise+1","Hololive_CallYukihanaLamy","Hololive_CallHoshimachiSuisei+1","Hololive_CandyCastle","Hololive_Rebirth+1","Hololive_CallTokinoSora+1","Hololive_Nanodesu+1","Hololive_CallHoushouMarine","Hololive_CallArtia","Hololive_CallShiroganeNoel","Hololive_CallKiryuuCoco","Hololive_CallUruhaRushia","Hololive_FlareMind+1","Hololive_CallHimemoriLuna+1","Hololive_CallUsadaPekora+1","Hololive_CallRosalyn","Hololive_CallOzoraSubaru+1","Hololive_CallAkiRosenthal+1","Hololive_CallAkaiHaato+1","Hololive_Teleport"],"relics":["Hololive_TheStar","PreservedInsect","Toy Ornithopter","White Beast Statue","Pear","Coffee Dripper","Enchiridion","Red Mask","Letter Opener","Question Card","MawBank","Bottled Tornado","Centennial Puzzle","Runic Dome","Potion Belt","Hololive_LightStick","Gremlin Horn","Molten Egg 2","Vajra","Bag of Preparation","Blood Vial","Anchor"],"acts_visited":["Exordium","TheCity","TheBeyond","TheEnding"],"potions_floor_usage":[55,55],"damage_taken":[{"damage":0.0,"enemies":"Jaw Worm","floor":1.0,"turns":3.0},{"damage":0.0,"enemies":"2 Louse","floor":2.0,"turns":3.0},{"damage":0.0,"enemies":"Small Slimes","floor":5.0,"turns":2.0},{"damage":2.0,"enemies":"Lagavulin","floor":6.0,"turns":6.0},{"damage":2.0,"enemies":"3 Louse","floor":8.0,"turns":3.0},{"damage":3.0,"enemies":"Gremlin Nob","floor":10.0,"turns":3.0},{"damage":0.0,"enemies":"2 Fungi Beasts","floor":12.0,"turns":3.0},{"damage":0.0,"enemies":"Lagavulin","floor":13.0,"turns":4.0},{"damage":0.0,"enemies":"Blue Slaver","floor":14.0,"turns":2.0},{"damage":0.0,"enemies":"Slime Boss","floor":16.0,"turns":5.0},{"damage":2.0,"enemies":"Shell Parasite","floor":18.0,"turns":5.0},{"damage":0.0,"enemies":"Masked Bandits","floor":21.0,"turns":5.0},{"damage":0.0,"enemies":"Slavers","floor":23.0,"turns":5.0},{"damage":0.0,"enemies":"Spheric Guardian","floor":24.0,"turns":2.0},{"damage":0.0,"enemies":"Book of Stabbing","floor":25.0,"turns":2.0},{"damage":0.0,"enemies":"Gremlin Leader","floor":27.0,"turns":2.0},{"damage":0.0,"enemies":"Centurion and Healer","floor":28.0,"turns":4.0},{"damage":0.0,"enemies":"Book of Stabbing","floor":29.0,"turns":2.0},{"damage":0.0,"enemies":"Snake Plant","floor":30.0,"turns":2.0},{"damage":0.0,"enemies":"Snecko","floor":31.0,"turns":2.0},{"damage":0.0,"enemies":"Champ","floor":33.0,"turns":5.0},{"damage":0.0,"enemies":"Orb Walker","floor":35.0,"turns":2.0},{"damage":0.0,"enemies":"3 Shapes","floor":38.0,"turns":3.0},{"damage":0.0,"enemies":"Reptomancer","floor":40.0,"turns":4.0},{"damage":0.0,"enemies":"Nemesis","floor":42.0,"turns":3.0},{"damage":0.0,"enemies":"Reptomancer","floor":45.0,"turns":3.0},{"damage":0.0,"enemies":"Writhing Mass","floor":46.0,"turns":2.0},{"damage":0.0,"enemies":"3 Darklings","floor":48.0,"turns":3.0},{"damage":0.0,"enemies":"Time Eater","floor":50.0,"turns":3.0},{"damage":0.0,"enemies":"Shield and Spear","floor":54.0,"turns":3.0},{"damage":28,"enemies":"The Heart","floor":55,"turns":8}],"seed_played":"4132639284396070709","potions_obtained":[{"floor":1.0,"key":"Dexterity Potion"},{"floor":5.0,"key":"Fire Potion"},{"floor":12.0,"key":"Dexterity Potion"},{"floor":13.0,"key":"Weak Potion"},{"floor":14.0,"key":"EntropicBrew"},{"floor":16.0,"key":"Energy Potion"},{"floor":23.0,"key":"SpeedPotion"},{"floor":29.0,"key":"ColorlessPotion"},{"floor":30.0,"key":"Explosive Potion"},{"floor":38.0,"key":"Dexterity Potion"},{"floor":40.0,"key":"Weak Potion"},{"floor":45.0,"key":"DuplicationPotion"},{"floor":48.0,"key":"PowerPotion"},{"floor":54.0,"key":"FairyPotion"}],"is_trial":false,"path_per_floor":["M","M","?","?","M","E","R","M","T","E","R","M","E","M","R","B",null,"M","?","?","?","?","E","M","E","T","E","M","E","M","M","R","B",null,"M","$","$","M","$","E","R","E","T","?","E","M","R","M","R","B",null,"R","$","E","B",null],"character_chosen":"Hololive_HololiveCharacter","items_purchased":["Potion Belt","Hololive_CallHimemoriLuna","Hololive_LightStick","Bag of Preparation","Blood Vial","Hololive_Teleport"],"campfire_rested":0,"item_purchase_floors":[37,37,39,53,53,53],"current_hp_per_floor":[35,35,24,24,24,22,22,20,20,17,17,17,27,27,27,27,41,39,23,23,23,23,28,28,28,28,28,28,28,33,33,33,37,43,43,43,43,43,43,43,43,43,43,43,43,43,43,43,43,43,45,45,45,45,17],"gold":76,"neow_bonus":"UPGRADE_CARD","is_daily":false,"chose_seed":false,"campfire_upgraded":7,"win_rate":0.0,"timestamp":1610452601,"path_taken":["M","M","?","?","M","E","R","M","T","E","R","?","E","M","R","BOSS","M","?","?","?","?","E","?","E","T","E","M","E","M","M","R","BOSS","M","?","$","M","$","E","R","E","T","?","E","M","R","M","R","BOSS","R","$","E","BOSS"],"items_purchased_type":["Relic","Card","Relic","Relic","Relic","Card"],"build_version":"2020-12-22","purchased_purges":4,"victory":true,"max_hp_per_floor":[35,35,35,35,35,35,35,35,35,35,35,35,45,45,45,45,45,45,45,45,45,45,45,45,45,45,45,45,45,45,45,45,45,45,45,45,45,45,45,45,45,45,45,45,45,45,45,45,45,45,45,45,45,45,45],"card_choices":[{"not_picked":["Hololive_LuckPotion","Hololive_Breathe","Hololive_FlyingPonyTail"],"picked":"Hololive_RevenueBasedLive","floor":1.0},{"not_picked":["Hololive_CallTokoyamiTowa","Hololive_CallShiranuiFlare","Hololive_Trident"],"picked":"Hololive_CallAmaneKanata","floor":2.0},{"not_picked":["Hololive_CocoNews","Hololive_RevenueBasedLive","Hololive_Sequa"],"picked":"Hololive_CallTsunomakiWatame","floor":5.0},{"not_picked":["Hololive_Rebound","Hololive_CallOzoraSubaru","Hololive_Psychosis"],"picked":"Hololive_IdolExercise","floor":6.0},{"not_picked":["Hololive_Breathe","Hololive_FlyingPonyTail","Hololive_Trident","Hololive_DevilCharm"],"picked":"SKIP","floor":8.0},{"not_picked":["Hololive_CallOkamiMio","Hololive_CallHoshimachiSuisei","Hololive_StarCraft"],"picked":"Hololive_CallYukihanaLamy","floor":10.0},{"not_picked":["Hololive_Rebound","Hololive_FlyingPonyTail","Hololive_RevenueBasedLive"],"picked":"Hololive_CallHoshimachiSuisei","floor":12.0},{"not_picked":["Hololive_OvertimeWork","Hololive_CallInugamiKorone","Hololive_Sequa"],"picked":"Hololive_CandyCastle","floor":13.0},{"not_picked":["Hololive_CallCivia","Hololive_Rebound","Hololive_Sequa","Hololive_Spy"],"picked":"SKIP","floor":14.0},{"not_picked":["Hololive_DiamondStrike","Hololive_StarCraft","Hololive_FlareMind"],"picked":"Hololive_Rebirth","floor":16.0},{"not_picked":["Hololive_Drill","Hololive_Psychosis+1","Hololive_Sequa"],"picked":"Hololive_CallTokinoSora+1","floor":18.0},{"not_picked":["Hololive_StrengthChampion","Hololive_CallOkamiMio","Hololive_HuntDinosaur","Hololive_Sequa"],"picked":"SKIP","floor":23.0},{"not_picked":["Hololive_Breathe","Hololive_RevenueBasedLive","Hololive_CallYuzukiChoco"],"picked":"Hololive_Nanodesu","floor":24.0},{"not_picked":["Hololive_Psychosis","Hololive_CallArtia","Hololive_CallMurasakiShion"],"picked":"Hololive_CallHoushouMarine","floor":25.0},{"not_picked":["Hololive_CocoNews+1","Hololive_Breathe","Hololive_CallCivia","Hololive_FlyingPonyTail"],"picked":"Hololive_CallArtia","floor":27.0},{"not_picked":["Hololive_CallSpadeEcho+1","Hololive_CallOzoraSubaru","Hololive_CallManoAloe","Hololive_RevenueBasedLive"],"picked":"Hololive_CallShiroganeNoel","floor":28.0},{"not_picked":["Hololive_OvertimeWork","Hololive_Sequa","Hololive_Watashimo","Hololive_CallAmaneKanata"],"picked":"Hololive_CallKiryuuCoco","floor":29.0},{"not_picked":["Hololive_Sequa","Hololive_OvertimeWork+1","Hololive_LuckPotion","Hololive_BeCareful"],"picked":"Hololive_CallUruhaRushia","floor":30.0},{"not_picked":["Hololive_CallSpadeEcho+1","Hololive_RevenueBasedLive","Hololive_HuntDinosaur","Hololive_CandyCastle","Hololive_Drill"],"picked":"SKIP","floor":31.0},{"not_picked":["Hololive_BeCareful","Hololive_Recruit","Hololive_MaximGun","Hololive_AWSL"],"picked":"Hololive_FlareMind","floor":33.0},{"not_picked":["Hololive_StrengthChampion+1","Hololive_LuckPotion","Hololive_Breathe","Hololive_OvertimeWork","Hololive_DevilCharm+1"],"picked":"SKIP","floor":35.0},{"not_picked":["Hololive_RevenueBasedLive+1","Hololive_StrengthChampion","Hololive_Drill","Hololive_CallRosalyn"],"picked":"Hololive_CallUsadaPekora+1","floor":38.0},{"not_picked":["Hololive_CallInugamiKorone+1","Hololive_Sequa","Hololive_CallShiranuiFlare","Hololive_ManjiGathering+1"],"picked":"Hololive_CallRosalyn","floor":40.0},{"not_picked":["Hololive_HuntDinosaur+1","Hololive_StrengthChampion+1","Hololive_CallSpadeEcho","Hololive_CallMinatoAqua"],"picked":"Hololive_CallOzoraSubaru+1","floor":42.0},{"not_picked":["Hololive_StrengthChampion+1","Hololive_HuntDinosaur","Hololive_Breathe+1","Hololive_Thief"],"picked":"Hololive_CallAkiRosenthal+1","floor":45.0},{"not_picked":["Hololive_RevenueBasedLive+1","Hololive_OvertimeWork+1","Hololive_CocoNews+1","Hololive_Rebound+1","Hololive_FlyingPonyTail+1"],"picked":"SKIP","floor":46.0},{"not_picked":["Hololive_CallInugamiKorone+1","Hololive_LuckPotion+1","Hololive_CallTsunomakiWatame","Hololive_Sequa+1"],"picked":"Hololive_CallAkaiHaato+1","floor":48.0},{"not_picked":["Hololive_CocoNews+1","Hololive_CallRoboco","Hololive_CallOzoraSubaru","Hololive_Breathe","Hololive_Yoholoon+1"],"picked":"SKIP","floor":54.0}],"player_experience":1076406,"relics_obtained":[{"floor":6.0,"key":"PreservedInsect"},{"floor":9.0,"key":"Toy Ornithopter"},{"floor":10.0,"key":"White Beast Statue"},{"floor":13.0,"key":"Pear"},{"floor":19.0,"key":"Enchiridion"},{"floor":21.0,"key":"Red Mask"},{"floor":23.0,"key":"Letter Opener"},{"floor":25.0,"key":"Question Card"},{"floor":26.0,"key":"MawBank"},{"floor":27.0,"key":"Bottled Tornado"},{"floor":29.0,"key":"Centennial Puzzle"},{"floor":40.0,"key":"Gremlin Horn"},{"floor":42.0,"key":"Molten Egg 2"},{"floor":45.0,"key":"Vajra"},{"floor":54.0,"key":"Anchor"}],"event_choices":[{"damage_healed":0.0,"max_hp_gain":0.0,"max_hp_loss":0.0,"gold_gain":75.0,"event_name":"World of Goop","player_choice":"Gather Gold","floor":3.0,"gold_loss":0.0,"damage_taken":11.0},{"damage_healed":0.0,"max_hp_gain":0.0,"max_hp_loss":0.0,"gold_gain":175.0,"event_name":"Liars Game","player_choice":"AGREE","floor":4.0,"gold_loss":0.0,"damage_taken":0.0,"cards_obtained":["Doubt"]},{"damage_healed":0.0,"max_hp_gain":0.0,"max_hp_loss":0.0,"gold_gain":0.0,"event_name":"Cursed Tome","player_choice":"Obtained Book","floor":19.0,"gold_loss":0.0,"damage_taken":16.0},{"cards_removed":["Doubt"],"damage_healed":0.0,"max_hp_gain":0.0,"max_hp_loss":0.0,"gold_gain":0.0,"event_name":"Beggar","player_choice":"Gave Gold","floor":20.0,"gold_loss":75.0,"damage_taken":0.0},{"damage_healed":0.0,"max_hp_gain":0.0,"max_hp_loss":0.0,"gold_gain":0.0,"event_name":"Masked Bandits","player_choice":"Fought Bandits","floor":21.0,"gold_loss":0.0,"damage_taken":0.0},{"damage_healed":0.0,"max_hp_gain":0.0,"max_hp_loss":0.0,"gold_gain":0.0,"event_name":"Ghosts","player_choice":"Ignored","floor":22.0,"gold_loss":0.0,"damage_taken":0.0},{"cards_removed":["Hololive_Defend"],"damage_healed":0.0,"max_hp_gain":0.0,"max_hp_loss":0.0,"gold_gain":0.0,"event_name":"Designer","player_choice":"Upgrade and Remove","floor":44.0,"gold_loss":90.0,"damage_taken":0.0,"cards_upgraded":["Hololive_CallAyundaRisu"]}],"is_beta":false,"boss_relics":[{"not_picked":["Hololive_TopUpMoneyS","SlaversCollar"],"picked":"Coffee Dripper"},{"not_picked":["Fusion Hammer","Cursed Key"],"picked":"Runic Dome"}],"items_purged_floors":[36,37,39,53],"is_endless":false,"potions_floor_spawned":[1,5,12,13,14,16,18,21,23,24,25,27,28,29,30,31,33,35,38,40,42,45,46,48,54],"ascension_level":5}}