{"host":"t57cmx9i4dws44v8","time":1610463732,"event":{"mods":["BaseMod","Hermit","Minty Spire (QoL Compilation)","StSLib","The Servant 0.9.4"],"gold_per_floor":[114,165,182,193,46,71,71,71,71,71,104,117,117,145,145,245,245,261,275,286,211,231,231,266,278,278,578,578,503,503,503],"floor_reached":30,"playtime":1255,"items_purged":["Pain"],"score":268,"play_id":"65b8e7ef-6b15-44ec-9ca8-f4dbdd37feea","local_time":"20210112230212","is_ascension_mode":false,"campfire_choices":[{"data":"hermit:Brawl","floor":7.0,"key":"SMITH"},{"data":"hermit:PistolWhip","floor":10.0,"key":"SMITH"},{"floor":13.0,"key":"REST"},{"data":"hermit:PistolWhip","floor":15.0,"key":"SMITH"},{"floor":23,"key":"REST"},{"floor":28,"key":"REST"}],"circlet_count":0,"master_deck":["hermit:Strike_Hermit","hermit:Strike_Hermit","hermit:Strike_Hermit","hermit:Strike_Hermit","hermit:Defend_Hermit","hermit:Defend_Hermit","hermit:Defend_Hermit","hermit:Defend_Hermit","hermit:Snapshot","hermit:Covet+1","Sadistic Nature","hermit:Glare+1","hermit:PistolWhip+1","hermit:Horror","hermit:Brawl+1","hermit:PistolWhip+1","hermit:TakeAim","hermit:Maintenance","hermit:LoneWolf","CurseOfTheBell","hermit:FullyLoaded"],"relics":["hermit:Momento","War Paint","Blood Vial","WarpedTongs","Mummified Hand","Dream Catcher","Bag of Marbles","Calling Bell","Anchor","hermit:RedScarf","StrikeDummy","Gambling Chip","Thread and Needle","Old Coin"],"acts_visited":["Exordium","TheCity"],"potions_floor_usage":[25,25],"damage_taken":[{"damage":7.0,"enemies":"Cultist","floor":1.0,"turns":5.0},{"damage":2.0,"enemies":"Jaw Worm","floor":3.0,"turns":4.0},{"damage":0.0,"enemies":"2 Louse","floor":4.0,"turns":3.0},{"damage":24.0,"enemies":"Gremlin Nob","floor":6.0,"turns":4.0},{"damage":21.0,"enemies":"3 Sentries","floor":11.0,"turns":5.0},{"damage":5.0,"enemies":"Large Slime","floor":12.0,"turns":4.0},{"damage":6.0,"enemies":"Gremlin Nob","floor":14.0,"turns":3.0},{"damage":20.0,"enemies":"Hexaghost","floor":16.0,"turns":8.0},{"damage":15,"enemies":"2 Thieves","floor":18,"turns":5},{"damage":4,"enemies":"Chosen","floor":19,"turns":5},{"damage":12,"enemies":"Centurion and Healer","floor":20,"turns":4},{"damage":18,"enemies":"Snake Plant","floor":22,"turns":4},{"damage":34,"enemies":"Slavers","floor":24,"turns":6},{"damage":20,"enemies":"Shelled Parasite and Fungi","floor":25,"turns":6},{"damage":33,"enemies":"Book of Stabbing","floor":30,"turns":4}],"seed_played":"3328817127568838427","potions_obtained":[{"floor":4.0,"key":"DistilledChaos"},{"floor":6.0,"key":"SteroidPotion"},{"floor":20,"key":"ColorlessPotion"},{"floor":22,"key":"GamblersBrew"}],"is_trial":false,"path_per_floor":["M","T","M","M","$","E","R","?","T","R","E","M","R","E","R","B",null,"M","M","M","$","M","R","E","M","T","T","R","?","E"],"character_chosen":"HERMIT","items_purchased":["hermit:Brawl","hermit:PistolWhip"],"campfire_rested":3,"item_purchase_floors":[5,5],"current_hp_per_floor":[68,68,66,66,66,42,42,42,42,42,23,20,42,38,38,20,75,60,58,48,48,32,54,22,4,4,4,26,26,0,0],"gold":503,"neow_bonus":"RANDOM_COLORLESS_2","is_daily":false,"chose_seed":false,"campfire_upgraded":3,"win_rate":0.0,"timestamp":1610463732,"path_taken":["M","?","M","M","$","E","R","?","T","R","E","M","R","E","R","BOSS","M","M","M","$","M","R","E","M","T","?","R","?","E"],"items_purchased_type":["Card","Card"],"build_version":"2020-12-22","purchased_purges":1,"victory":false,"max_hp_per_floor":[75,75,75,75,75,75,75,75,75,75,75,75,75,75,75,75,75,75,75,75,75,75,75,75,75,75,75,75,75,75,75],"card_choices":[{"not_picked":["Master of Strategy","Secret Weapon"],"picked":"Sadistic Nature","floor":0.0},{"not_picked":["hermit:Roulette","hermit:Horror"],"picked":"hermit:Glare","floor":1.0},{"not_picked":["hermit:TrackingShot","hermit:LowProfile"],"picked":"hermit:PistolWhip","floor":3.0},{"not_picked":["hermit:Snipe","hermit:HighCaliber"],"picked":"hermit:Horror","floor":4.0},{"not_picked":["hermit:Feint","hermit:HoleUp","hermit:SprayPray"],"picked":"SKIP","floor":6.0},{"not_picked":["hermit:BlackWind","hermit:Coalescence","hermit:Headshot"],"picked":"SKIP","floor":11.0},{"not_picked":["hermit:Scavenge","hermit:Grudge"],"picked":"hermit:TakeAim","floor":12.0},{"not_picked":["hermit:Enervate","hermit:Gestalt"],"picked":"hermit:Maintenance","floor":13.0},{"not_picked":["hermit:BigShot","hermit:Manifest"],"picked":"hermit:LoneWolf","floor":14.0},{"not_picked":["hermit:Vantage","hermit:ItchyTrigger+1","hermit:Quickdraw"],"picked":"SKIP","floor":18},{"not_picked":["hermit:BigShot","hermit:TakeAim","hermit:Scavenge"],"picked":"SKIP","floor":19},{"not_picked":["hermit:Manifest","hermit:BodyArmor+1","hermit:TrackingShot"],"picked":"SKIP","floor":20},{"not_picked":["hermit:Gestalt","hermit:BodyArmor"],"picked":"hermit:FullyLoaded","floor":22},{"not_picked":["hermit:HighCaliber","hermit:Feint","hermit:Horror"],"picked":"SKIP","floor":24},{"not_picked":["hermit:Ricochet+1","hermit:TrackingShot","hermit:HighCaliber"],"picked":"SKIP","floor":25}],"player_experience":1019788,"relics_obtained":[{"floor":2.0,"key":"War Paint"},{"floor":6.0,"key":"Blood Vial"},{"floor":9.0,"key":"Mummified Hand"},{"floor":11.0,"key":"Dream Catcher"},{"floor":14.0,"key":"Bag of Marbles"},{"floor":17.0,"key":"Anchor"},{"floor":17.0,"key":"hermit:RedScarf"},{"floor":17.0,"key":"StrikeDummy"},{"floor":24,"key":"Gambling Chip"},{"floor":26,"key":"Thread and Needle"},{"floor":27,"key":"Old Coin"}],"event_choices":[{"damage_healed":0.0,"max_hp_gain":0.0,"max_hp_loss":0.0,"gold_gain":0.0,"event_name":"Accursed Blacksmith","player_choice":"Rummage","floor":8.0,"gold_loss":0.0,"damage_taken":0.0,"relics_obtained":["WarpedTongs"],"cards_obtained":["Pain"]},{"cards_removed":["Decay"],"damage_healed":0,"gold_gain":0,"player_choice":"Gave Gold","damage_taken":0,"max_hp_gain":0,"max_hp_loss":0,"event_name":"Beggar","floor":29,"gold_loss":75}],"is_beta":false,"boss_relics":[{"not_picked":["Coffee Dripper","SlaversCollar"],"picked":"Calling Bell"}],"items_purged_floors":[21],"is_endless":false,"potions_floor_spawned":[4,6,20,22],"killed_by":"Book of Stabbing","ascension_level":0}}