{"host":"gk336il5jfnqajsw","time":1610446134,"event":{"mods":["2.2 Compatiblity","AchievementEnabler","BaseMod","Colored Powertips","Downfall","Hero for Fun","Marisa????????","Minty Spire (QoL Compilation)","Relic Stats","StSLib","The Servant 0.9.4"],"gold_per_floor":[99,99,99,99,113,113,113,113,132,167,4,14,14,25,38,134,134,134,146,146,160,175,125,125,155,80,15,26,41,41,55,65,65,65,65],"floor_reached":33,"playtime":1704,"items_purged":["Guardian:Strike_Guardian"],"score":269,"play_id":"ad4f3c08-da7a-444d-9c7c-bc37d0d549e9","local_time":"20210112030854","is_ascension_mode":false,"campfire_choices":[{"data":"Guardian:TwinSlam","floor":1,"key":"SMITH"},{"data":"Guardian:WalkerClaw","floor":6,"key":"SMITH"},{"data":"Guardian:SpikerProtocol","floor":13,"key":"SMITH"},{"data":"Guardian:BaubleBeam","floor":18,"key":"SMITH"},{"data":"Guardian:ShieldCharger","floor":26,"key":"SMITH"},{"floor":30,"key":"REST"}],"circlet_count":0,"master_deck":["Guardian:Strike_Guardian","Guardian:Strike_Guardian","Guardian:Strike_Guardian","Guardian:Defend_Guardian","Guardian:Defend_Guardian","Guardian:Defend_Guardian","Guardian:Defend_Guardian","Guardian:CurlUp","Guardian:TwinSlam+1","Guardian:WalkerClaw+1","Guardian:RevengeProtocol","Guardian:RollAttack","Guardian:ShieldCharger+1","Guardian:ChargeCore","Guardian:SpikerProtocol+1","Guardian:ChargeCore","Guardian:Emergency","Guardian:BaubleBeam+1","Guardian:Harden+1","Guardian:BronzeOrb+1","Guardian:RefractedBeam+1","Guardian:Gem_Crimson","Guardian:Gem_Blue","Guardian:StasisField+1"],"relics":["Guardian:ModeShifter","downfall:HeartsMalice","Matryoshka","Blue Candle","Philosopher\u0027s Stone","Smiling Mask","Bottled Flame","Toxic Egg 2","downfall:HeartBlessingGreen"],"acts_visited":["Exordium","TheCity"],"potions_floor_usage":[10,12,16,16,25,33,33,33],"damage_taken":[{"damage":0,"enemies":"Cultist","floor":2,"turns":1},{"damage":0,"enemies":"Small Slimes","floor":3,"turns":1},{"damage":0,"enemies":"Jaw Worm","floor":4,"turns":1},{"damage":8,"enemies":"Exordium Thugs","floor":5,"turns":5},{"damage":0,"enemies":"Blue Slaver","floor":9,"turns":3},{"damage":15,"enemies":"Gremlin Nob","floor":10,"turns":4},{"damage":0,"enemies":"downfall:FleeingMerchant","floor":11,"turns":4},{"damage":7,"enemies":"Exordium Wildlife","floor":12,"turns":6},{"damage":11,"enemies":"Exordium Thugs","floor":14,"turns":5},{"damage":4,"enemies":"Gremlin Gang","floor":15,"turns":3},{"damage":17,"enemies":"downfall:Watcher","floor":16,"turns":7},{"damage":17,"enemies":"Spheric Guardian","floor":19,"turns":4},{"damage":5,"enemies":"3 Byrds","floor":21,"turns":5},{"damage":18,"enemies":"Shelled Parasite and Fungi","floor":22,"turns":5},{"damage":17,"enemies":"Slavers","floor":25,"turns":7},{"damage":8,"enemies":"downfall:FleeingMerchant","floor":27,"turns":4},{"damage":14,"enemies":"Snake Plant","floor":28,"turns":2},{"damage":17,"enemies":"Centurion and Healer","floor":29,"turns":4},{"damage":7,"enemies":"3 Cultists","floor":31,"turns":4},{"damage":5,"enemies":"Snake Plant","floor":32,"turns":4},{"damage":26,"enemies":"downfall:Silent","floor":33,"turns":7}],"seed_played":"3147901098762268479","potions_obtained":[{"floor":5,"key":"Block Potion"},{"floor":9,"key":"Regen Potion"},{"floor":12,"key":"LiquidBronze"},{"floor":14,"key":"CultistPotion"},{"floor":22,"key":"champ:CounterPotion"},{"floor":25,"key":"Guardian:AcceleratePotion"},{"floor":28,"key":"Guardian:BlockOnCardUsePotion"},{"floor":31,"key":"Weak Potion"}],"is_trial":false,"path_per_floor":["R","M","M","M","M","R","T","?","M","E","$","M","R","M","M","B",null,"R","M","?","M","M","?","T","E","R","$","M","M","R","M","M","B"],"character_chosen":"GUARDIAN","items_purchased":["Guardian:SpikerProtocol","Guardian:Gem_Purple"],"campfire_rested":1,"item_purchase_floors":[11,11],"current_hp_per_floor":[80,80,80,80,72,72,72,72,72,57,57,65,65,54,50,33,80,80,63,63,58,40,70,70,53,53,45,31,14,38,31,26,0,0,0],"gold":65,"neow_bonus":"THREE_ENEMY_KILL","is_daily":false,"chose_seed":false,"campfire_upgraded":5,"win_rate":0.0,"timestamp":1610446134,"path_taken":["R","M","M","M","?","R","T","?","M","E","?","M","R","M","M","BOSS","R","M","?","M","?","?","T","E","R","?","M","M","R","M","M","BOSS"],"items_purchased_type":["Card","Card"],"build_version":"2020-12-22","purchased_purges":1,"victory":false,"max_hp_per_floor":[80,80,80,80,80,80,80,80,80,80,80,80,80,80,80,80,80,80,80,80,80,80,80,80,80,80,80,80,80,80,80,80,80,80,80],"relic_stats":{"counters":[21,83],"Blue Candle":[0],"Smiling Mask":25,"obtain_stats":[{"Bottled Flame":24,"Matryoshka":7,"Blue Candle":10,"Guardian:ModeShifter":0,"downfall:HeartsMalice":0,"Philosopher\u0027s Stone":17,"downfall:HeartBlessingGreen":26,"Toxic Egg 2":25,"Smiling Mask":24},{"Bottled Flame":14,"Matryoshka":4,"Blue Candle":6,"Guardian:ModeShifter":0,"downfall:HeartsMalice":0,"Philosopher\u0027s Stone":11,"downfall:HeartBlessingGreen":15,"Toxic Egg 2":15,"Smiling Mask":14},{"Bottled Flame":51,"Matryoshka":5,"Blue Candle":12,"Guardian:ModeShifter":0,"downfall:HeartsMalice":0,"Philosopher\u0027s Stone":37,"downfall:HeartBlessingGreen":58,"Toxic Egg 2":58,"Smiling Mask":51}]},"card_choices":[{"not_picked":["Guardian:PiercingHide","Guardian:Preprogram"],"picked":"Guardian:WalkerClaw","floor":2},{"not_picked":["Guardian:Emergency","Guardian:Incinerate","Guardian:PrismaticBarrier"],"picked":"SKIP","floor":3},{"not_picked":["Guardian:Gem_Cyan","Guardian:Gem_Green"],"picked":"Guardian:RevengeProtocol","floor":4},{"not_picked":["Guardian:ShieldSpikes","Guardian:Gem_Cyan"],"picked":"Guardian:RollAttack","floor":5},{"not_picked":["Guardian:RevengeProtocol","Guardian:Gem_Green"],"picked":"Guardian:Gem_Lightblue","floor":9},{"not_picked":["Guardian:Planning","Guardian:TimeSifter"],"picked":"Guardian:ShieldCharger","floor":10},{"not_picked":["Guardian:Incinerate","Guardian:StasisStrike"],"picked":"Guardian:ChargeCore","floor":11},{"not_picked":["Guardian:WalkerClaw","Guardian:CrystalBeam"],"picked":"Guardian:ChargeCore","floor":12},{"not_picked":["Guardian:CrystalBeam","Guardian:Recover"],"picked":"Guardian:Gem_Red","floor":14},{"not_picked":["Guardian:TimeCapacitor","Guardian:Clone"],"picked":"Guardian:Emergency","floor":15},{"not_picked":["Guardian:ConstructionForm","Guardian:AncientConstruct"],"picked":"Guardian:BaubleBeam","floor":16},{"not_picked":["Guardian:PrimingBeam","Guardian:GuardianWhirl"],"picked":"Guardian:Gem_Green","floor":19},{"not_picked":["Guardian:Planning","Guardian:Gem_Crimson"],"picked":"Guardian:Harden+1","floor":21},{"not_picked":["Guardian:Emergency","Guardian:TemporalStrike+1"],"picked":"Guardian:BronzeOrb+1","floor":22},{"not_picked":["Guardian:Suspension+1","Guardian:PrismaticBeam+1"],"picked":"Guardian:Gem_Red","floor":25},{"not_picked":["Guardian:Preprogram+1","Guardian:TemporalShield+1"],"picked":"Guardian:RefractedBeam+1","floor":27},{"not_picked":["Guardian:PrismaticBarrier+1","Guardian:VentSteam+1"],"picked":"Guardian:Gem_Crimson","floor":28},{"not_picked":["Guardian:Incinerate+1","Guardian:Gem_Cyan","Guardian:RollAttack"],"picked":"SKIP","floor":29},{"not_picked":["Guardian:Gem_White","Guardian:EvasiveProtocol"],"picked":"Guardian:Gem_Blue","floor":31},{"not_picked":["Guardian:FloatingOrbs","Guardian:TemporalStrike"],"picked":"Guardian:StasisField+1","floor":32}],"player_experience":547997,"relics_obtained":[{"floor":7,"key":"Matryoshka"},{"floor":10,"key":"Blue Candle"},{"floor":24,"key":"Smiling Mask"},{"floor":24,"key":"Bottled Flame"},{"floor":25,"key":"Toxic Egg 2"}],"event_choices":[{"damage_healed":0,"gold_gain":0,"player_choice":"Ignored","damage_taken":0,"max_hp_gain":0,"max_hp_loss":0,"event_name":"NoteForYourself","floor":20,"gold_loss":0}],"is_beta":false,"boss_relics":[{"not_picked":["SacredBark","Coffee Dripper"],"picked":"Philosopher\u0027s Stone"}],"items_purged_floors":[27],"is_endless":false,"potions_floor_spawned":[5,9,12,14,22,25,28,31],"killed_by":"downfall:Silent","ascension_level":0}}