{"host":"o7j6aatxjwpw1421","time":1610462601,"event":{"mods":["2.2 Compatiblity","AchievementEnabler","BaseMod","Colored Map","DeckTracker","Highlight Path","Keyboard Shortcuts","Minty Spire (QoL Compilation)","Permanent Neow","Quick Restart","StSLib","SuperFastMode","everything is the same but u backflip on backflip"],"gold_per_floor":[154,79,112,144,181,181,181,181,181,245,245,57,82,100,100,176,176,193,232,232,64,64,64,64,64,64,64,64],"floor_reached":27,"playtime":1710,"items_purged":["Clumsy","Strike_R","Strike_R"],"score":411,"play_id":"09e0440c-b211-4201-86ac-87c3b5e649b5","local_time":"20210112234321","is_ascension_mode":true,"campfire_choices":[{"data":"HandOfGreed","floor":6.0,"key":"SMITH"},{"data":"Dual Wield","floor":8.0,"key":"SMITH"},{"data":"Whirlwind","floor":11.0,"key":"SMITH"},{"data":"Evolve","floor":15.0,"key":"SMITH"},{"floor":23.0,"key":"REST"},{"data":"Immolate","floor":25.0,"key":"SMITH"}],"circlet_count":0,"master_deck":["AscendersBane","Defend_R","Defend_R","Defend_R","Defend_R","Bash","HandOfGreed+1","Headbutt","Dual Wield+1","Pommel Strike+1","Whirlwind+1","Evolve+1","Shrug It Off","Immolate+1","Body Slam","Disarm","Battle Trance","Writhe"],"relics":["Burning Blood","Dead Branch","CaptainsWheel","Empty Cage","White Beast Statue","Bottled Flame"],"acts_visited":["Exordium","TheCity"],"potions_floor_usage":[27],"damage_taken":[{"damage":12.0,"enemies":"Small Slimes","floor":1.0,"turns":5.0},{"damage":0.0,"enemies":"Cultist","floor":3.0,"turns":2.0},{"damage":9.0,"enemies":"Jaw Worm","floor":4.0,"turns":3.0},{"damage":14.0,"enemies":"Blue Slaver","floor":5.0,"turns":5.0},{"damage":0.0,"enemies":"2 Fungi Beasts","floor":10.0,"turns":3.0},{"damage":22.0,"enemies":"Lagavulin","floor":13.0,"turns":6.0},{"damage":2.0,"enemies":"Exordium Thugs","floor":14.0,"turns":4.0},{"damage":15.0,"enemies":"Slime Boss","floor":16.0,"turns":4.0},{"damage":0.0,"enemies":"2 Thieves","floor":18.0,"turns":1.0},{"damage":40.0,"enemies":"3 Byrds","floor":19.0,"turns":7.0},{"damage":30,"enemies":"Book of Stabbing","floor":27,"turns":5}],"seed_played":"-3610528636252959095","potions_obtained":[{"floor":4.0,"key":"GamblersBrew"},{"floor":10.0,"key":"PowerPotion"},{"floor":13.0,"key":"LiquidMemories"},{"floor":18.0,"key":"AttackPotion"},{"floor":19.0,"key":"SkillPotion"}],"is_trial":false,"path_per_floor":["M","$","M","M","M","R","?","R","T","M","R","$","E","M","R","B",null,"M","M","?","$","?","R","?","R","T","E"],"character_chosen":"IRONCLAD","items_purchased":["Evolve","Battle Trance"],"campfire_rested":1,"item_purchase_floors":[12,21],"current_hp_per_floor":[62,62,68,65,57,57,57,57,57,63,63,63,47,51,51,42,67,73,39,18,18,18,42,42,42,42,12,12],"gold":64,"neow_bonus":"RANDOM_COLORLESS_2","is_daily":false,"chose_seed":false,"campfire_upgraded":5,"win_rate":0.0,"timestamp":1610462601,"path_taken":["M","$","M","M","M","R","?","R","T","M","R","?","E","M","R","BOSS","M","M","?","$","?","R","?","R","T","E"],"items_purchased_type":["Card","Card"],"build_version":"2020-12-22","purchased_purges":3,"victory":false,"max_hp_per_floor":[75,75,75,75,75,75,75,75,75,75,75,75,75,75,75,75,75,75,75,80,80,80,80,80,80,80,80,80],"card_choices":[{"not_picked":["Secret Technique","Thinking Ahead"],"picked":"HandOfGreed","floor":0.0},{"not_picked":["Heavy Blade","Feel No Pain"],"picked":"Headbutt","floor":1.0},{"not_picked":["Havoc","Second Wind","True Grit"],"picked":"SKIP","floor":3.0},{"not_picked":["Sever Soul","Uppercut"],"picked":"Dual Wield","floor":4.0},{"not_picked":["Thunderclap","Warcry"],"picked":"Pommel Strike","floor":5.0},{"not_picked":["Rage","Warcry"],"picked":"Whirlwind","floor":10.0},{"not_picked":["Metallicize","Clothesline","Heavy Blade"],"picked":"SKIP","floor":13.0},{"not_picked":["Clothesline","Rampage"],"picked":"Shrug It Off","floor":14.0},{"not_picked":["Impervious","Fiend Fire"],"picked":"Immolate","floor":16.0},{"not_picked":["Flex+1","Intimidate"],"picked":"Body Slam","floor":18.0},{"not_picked":["Iron Wave","Anger"],"picked":"Disarm","floor":19.0}],"player_experience":500183,"relics_obtained":[{"floor":9.0,"key":"Dead Branch"},{"floor":13.0,"key":"CaptainsWheel"},{"floor":26.0,"key":"Bottled Flame"}],"event_choices":[{"damage_healed":0.0,"max_hp_gain":0.0,"max_hp_loss":0.0,"gold_gain":0.0,"event_name":"Accursed Blacksmith","player_choice":"Forge","floor":7.0,"gold_loss":0.0,"damage_taken":0.0,"cards_upgraded":["Pommel Strike"]},{"damage_healed":0.0,"max_hp_gain":5.0,"max_hp_loss":0.0,"gold_gain":0.0,"event_name":"Forgotten Altar","player_choice":"Shed Blood","floor":20.0,"gold_loss":0.0,"damage_taken":26.0},{"cards_removed":["Strike_R"],"damage_healed":0.0,"max_hp_gain":0.0,"max_hp_loss":0.0,"gold_gain":0.0,"event_name":"Back to Basics","player_choice":"Elegance","floor":22.0,"gold_loss":0.0,"damage_taken":0.0},{"damage_healed":0.0,"max_hp_gain":0.0,"max_hp_loss":0.0,"gold_gain":0.0,"event_name":"The Mausoleum","player_choice":"Opened","floor":24.0,"gold_loss":0.0,"damage_taken":0.0,"relics_obtained":["White Beast Statue"],"cards_obtained":["Writhe"]}],"is_beta":false,"boss_relics":[{"not_picked":["Runic Dome","Sozu"],"picked":"Empty Cage"}],"items_purged_floors":[2,12,21],"is_endless":false,"potions_floor_spawned":[4,10,13,18,19],"killed_by":"Book of Stabbing","ascension_level":19}}