{"host":"i5mpj6c318yblse4","time":1610451253,"event":{"mods":["AchievementEnabler","BaseMod","Colored Map","Minty Spire (QoL Compilation)","Shop Mod","StSLib","SuperFastMode"],"gold_per_floor":[115,115,138,138,152,193,193,227,227,267,340,24,24,57,57,57,57],"floor_reached":16,"playtime":239,"items_purged":["Strike_G"],"score":156,"play_id":"a23b388d-3616-4eb5-91b2-b62df954fbb5","local_time":"20210112203413","is_ascension_mode":true,"campfire_choices":[{"data":"Skewer","floor":7.0,"key":"SMITH"},{"floor":13.0,"key":"REST"},{"floor":15.0,"key":"DIG"}],"circlet_count":0,"master_deck":["Strike_G","Strike_G","Strike_G","Strike_G","Defend_G","Defend_G","Defend_G","Defend_G","Survivor","Neutralize","Skewer+1","Burst","Flying Knee"],"relics":["Ring of the Snake","NeowsBlessing","Golden Idol","Art of War","Shovel","Orichalcum","Ornamental Fan","Frozen Egg 2","White Beast Statue","Meat on the Bone","HornCleat","Shuriken"],"acts_visited":["Exordium"],"potions_floor_usage":[16],"damage_taken":[{"damage":0.0,"enemies":"Small Slimes","floor":1.0,"turns":1.0},{"damage":0.0,"enemies":"Jaw Worm","floor":5.0,"turns":1.0},{"damage":0.0,"enemies":"Lagavulin","floor":6.0,"turns":1.0},{"damage":15.0,"enemies":"Gremlin Nob","floor":8.0,"turns":4.0},{"damage":29.0,"enemies":"Lagavulin","floor":10.0,"turns":6.0},{"damage":11.0,"enemies":"Gremlin Nob","floor":14.0,"turns":3.0},{"damage":33,"enemies":"The Guardian","floor":16,"turns":9}],"seed_played":"-6235880640102194178","potions_obtained":[{"floor":5.0,"key":"Strength Potion"},{"floor":14.0,"key":"DistilledChaos"}],"is_trial":false,"path_per_floor":["M","?","T","?","M","E","R","E","T","E","T","$","R","E","R","B"],"character_chosen":"THE_SILENT","items_purchased":["Meat on the Bone"],"campfire_rested":1,"item_purchase_floors":[12],"current_hp_per_floor":[70,53,53,53,53,53,53,38,38,9,9,9,30,31,31,0,0],"gold":57,"neow_bonus":"THREE_ENEMY_KILL","is_daily":false,"chose_seed":false,"campfire_upgraded":1,"win_rate":0.0,"timestamp":1610451253,"path_taken":["M","?","?","?","?","E","R","E","T","E","?","?","R","E","R","BOSS"],"items_purchased_type":["Relic"],"build_version":"2020-12-22","purchased_purges":1,"victory":false,"max_hp_per_floor":[70,70,70,70,70,70,70,70,70,70,70,70,70,70,70,70,70],"card_choices":[{"not_picked":["Sucker Punch","Dash","Dagger Spray"],"picked":"SKIP","floor":1.0},{"not_picked":["Outmaneuver","Backflip"],"picked":"Skewer","floor":5.0},{"not_picked":["Bane","Dagger Throw","Accuracy"],"picked":"SKIP","floor":6.0},{"not_picked":["Cloak And Dagger","Deflect"],"picked":"Burst","floor":8.0},{"not_picked":["PiercingWail","Blade Dance"],"picked":"Flying Knee","floor":10.0},{"not_picked":["PiercingWail","Unload","Blade Dance"],"picked":"SKIP","floor":14.0}],"player_experience":362915,"relics_obtained":[{"floor":3.0,"key":"Art of War"},{"floor":6.0,"key":"Shovel"},{"floor":8.0,"key":"Orichalcum"},{"floor":9.0,"key":"Ornamental Fan"},{"floor":10.0,"key":"Frozen Egg 2"},{"floor":11.0,"key":"White Beast Statue"},{"floor":14.0,"key":"HornCleat"},{"floor":15.0,"key":"Shuriken"}],"event_choices":[{"damage_healed":0.0,"max_hp_gain":0.0,"max_hp_loss":0.0,"gold_gain":0.0,"event_name":"Golden Idol","player_choice":"Take Damage","floor":2.0,"gold_loss":0.0,"damage_taken":17.0,"relics_obtained":["Golden Idol"]},{"cards_removed":["Defend_G"],"damage_healed":0.0,"max_hp_gain":0.0,"max_hp_loss":0.0,"gold_gain":0.0,"event_name":"Bonfire Elementals","player_choice":"Offered Basic","floor":4.0,"gold_loss":0.0,"damage_taken":0.0}],"is_beta":false,"boss_relics":[],"items_purged_floors":[12],"is_endless":false,"potions_floor_spawned":[5,14],"killed_by":"The Guardian","ascension_level":1}}