{"host":"4hkuu26ltn0le3bk","time":1610482208,"event":{"mods":["Astrologer","BaseMod","BetterRewards","Clockwork Mod","Colored Map","Colored Powertips","Friendly Minions","Gremlin Mod","Hermit","Marisa????????","Minty Spire (QoL Compilation)","Quick Restart","StSLib","Td1madao Mod","The Bug Knight","The Construct","The Cursed","The Disciple","The Factory","The Hierophant","The Jungle","The Servant 0.9.4"],"gold_per_floor":[112,123,140,92,106,106,139,158,158,158,173,173,173,193,193,292,292,292],"floor_reached":17,"language":"ENG","playtime":926,"items_purged":[],"score":159,"play_id":"c3a5927a-a051-4661-b05c-0ed07f84c7b1","local_time":"20210112151008","is_ascension_mode":false,"campfire_choices":[{"floor":6,"key":"RECALL"},{"floor":10,"key":"REST"},{"data":"astrologer:Sunrise","floor":12,"key":"SMITH"},{"data":"astrologer:Judgement","floor":15,"key":"SMITH"}],"circlet_count":0,"master_deck":["astrologer:Strike","astrologer:Strike","astrologer:Strike","astrologer:Strike","astrologer:Defend","astrologer:Defend","astrologer:Defend","astrologer:Defend","astrologer:NorthStar","astrologer:TheFool","astrologer:Quincunx","astrologer:FrozenStar","astrologer:ShiningStar","astrologer:FrozenStar","astrologer:Sunrise+1","astrologer:Judgement+1","astrologer:Opposition","astrologer:Trine","CurseOfTheBell"],"relics":["astrologer:SkyMirror","Du-Vu Doll","Incense Burner","Calling Bell","Vajra","HollowMod:LifeEnderRelic","WingedGreaves"],"acts_visited":["Exordium","TheCity"],"potions_floor_usage":[8,8,16],"damage_taken":[{"damage":0,"enemies":"2 Louse","floor":1,"turns":3},{"damage":9,"enemies":"Jaw Worm","floor":2,"turns":4},{"damage":1,"enemies":"Cultist","floor":3,"turns":4},{"damage":6,"enemies":"Exordium Wildlife","floor":5,"turns":6},{"damage":43,"enemies":"3 Sentries","floor":7,"turns":14},{"damage":1,"enemies":"Large Slime","floor":8,"turns":9},{"damage":0,"enemies":"Blue Slaver","floor":11,"turns":5},{"damage":0,"enemies":"Looter","floor":14,"turns":2},{"damage":16,"enemies":"Hexaghost","floor":16,"turns":14}],"seed_played":"-8322721702996993530","potions_obtained":[{"floor":3,"key":"Swift Potion"},{"floor":5,"key":"Energy Potion"},{"floor":8,"key":"Explosive Potion"}],"is_trial":false,"path_per_floor":["M","M","M","$","M","R","E","M","T","R","M","R","?","M","R","B",null],"character_chosen":"ASTROLOGER","items_purchased":["astrologer:FrozenStar"],"campfire_rested":1,"item_purchase_floors":[4],"current_hp_per_floor":[63,54,53,53,47,47,4,3,3,21,21,21,21,21,21,5,63,63],"gold":292,"neow_bonus":"THREE_RARE_CARDS","is_daily":false,"chose_seed":false,"campfire_upgraded":2,"win_rate":0.0,"timestamp":1610482208,"path_taken":["M","M","M","$","M","R","E","M","T","R","M","R","?","M","R","BOSS"],"items_purchased_type":["Card"],"build_version":"2020-12-22","purchased_purges":0,"victory":false,"max_hp_per_floor":[63,63,63,63,63,63,63,63,63,63,63,63,63,63,63,63,63,63],"card_choices":[{"not_picked":["astrologer:Death","astrologer:Starfield"],"picked":"astrologer:TheWorld","floor":0},{"not_picked":["astrologer:Moonlight","astrologer:TheHierophant","astrologer:Opposition"],"picked":"SKIP","floor":1},{"not_picked":["astrologer:TheHierophant","astrologer:Divination","astrologer:MeteorShower"],"picked":"SKIP","floor":2},{"not_picked":["astrologer:Radiance","astrologer:Justice"],"picked":"astrologer:Quincunx","floor":3},{"not_picked":["astrologer:Fireball","astrologer:Quincunx"],"picked":"astrologer:ShiningStar","floor":5},{"not_picked":["astrologer:TheLovers","astrologer:Opposition"],"picked":"astrologer:FrozenStar","floor":7},{"not_picked":["astrologer:Divination","astrologer:MeteorShower","astrologer:Moonlight"],"picked":"SKIP","floor":8},{"not_picked":["astrologer:Judgement","astrologer:Prismatic"],"picked":"astrologer:Sunrise","floor":11},{"not_picked":["astrologer:CometStrike","astrologer:Moonlight"],"picked":"astrologer:Opposition","floor":14},{"not_picked":["astrologer:TheWorld","astrologer:TheChariot"],"picked":"astrologer:Trine","floor":16}],"player_experience":168928,"relics_obtained":[{"floor":7,"key":"Du-Vu Doll"},{"floor":9,"key":"Incense Burner"},{"floor":17,"key":"Vajra"},{"floor":17,"key":"HollowMod:LifeEnderRelic"},{"floor":17,"key":"WingedGreaves"}],"event_choices":[{"damage_healed":0,"gold_gain":0,"cards_transformed":["astrologer:TheWorld"],"player_choice":"Change","damage_taken":0,"max_hp_gain":0,"max_hp_loss":0,"event_name":"Living Wall","floor":13,"gold_loss":0,"cards_obtained":["astrologer:Judgement"]}],"is_beta":false,"boss_relics":[{"not_picked":["Fusion Hammer","Busted Crown"],"picked":"Calling Bell"}],"items_purged_floors":[],"is_endless":false,"potions_floor_spawned":[3,5,8],"ascension_level":0}}