{"host":"2ccem01eblg14btk","time":1610455338,"event":{"mods":["BaseMod","Colored Map","Minty Spire (QoL Compilation)","Quick Restart","StSLib"],"gold_per_floor":[119,119,134,158,178,178,203,203,226,226,267,341,379,397,397,527,527,550,188,188,203,302,302,335,610,685,700,253,253,276,191,191,317,317,335,335,335,351,40,84,84,84,84,97,116,135,135,156,156,156],"floor_reached":51,"playtime":3047,"items_purged":["Injury","Regret"],"score":1166,"play_id":"5e723ef6-0ccf-454c-bafd-74b2cce38cb4","local_time":"20210112134218","is_ascension_mode":true,"campfire_choices":[{"data":"Apotheosis","floor":6.0,"key":"SMITH"},{"data":"Barricade","floor":8.0,"key":"SMITH"},{"floor":15.0,"key":"REST"},{"floor":23.0,"key":"REST"},{"floor":29.0,"key":"REST"},{"floor":32.0,"key":"REST"},{"floor":41.0,"key":"REST"},{"floor":49,"key":"REST"}],"circlet_count":0,"master_deck":["AscendersBane","Defend_R","Defend_R","Defend_R","Defend_R","Bash","Apotheosis+1","Rage","Iron Wave","Cleave","Barricade+1","Double Tap","Disarm","Battle Trance","Body Slam","Seeing Red","Disarm","Flame Barrier+1","Bloodletting","Feel No Pain","Feel No Pain+1","Feel No Pain+1","Juggernaut+1","Impervious+1","Sentinel+1","Intimidate+1","Ghostly Armor+1","Feel No Pain+1","Disarm+1","Body Slam"],"relics":["Burning Blood","Golden Idol","Toy Ornithopter","Blood Vial","Centennial Puzzle","Strawberry","Matryoshka","Runic Pyramid","Dream Catcher","The Courier","Nunchaku","InkBottle","Question Card","Oddly Smooth Stone","Frozen Egg 2","Astrolabe","Pantograph","Singing Bowl","Boot","Pen Nib","Bottled Tornado"],"acts_visited":["Exordium","TheCity","TheBeyond"],"potions_floor_usage":[50],"damage_taken":[{"damage":0.0,"enemies":"Small Slimes","floor":1.0,"turns":4.0},{"damage":7.0,"enemies":"2 Louse","floor":3.0,"turns":3.0},{"damage":0.0,"enemies":"Cultist","floor":4.0,"turns":4.0},{"damage":17.0,"enemies":"2 Fungi Beasts","floor":5.0,"turns":4.0},{"damage":7.0,"enemies":"Exordium Thugs","floor":7.0,"turns":5.0},{"damage":25.0,"enemies":"Gremlin Nob","floor":11.0,"turns":5.0},{"damage":3.0,"enemies":"3 Sentries","floor":12.0,"turns":5.0},{"damage":29.0,"enemies":"3 Sentries","floor":13.0,"turns":8.0},{"damage":7.0,"enemies":"Blue Slaver","floor":14.0,"turns":4.0},{"damage":18.0,"enemies":"The Guardian","floor":16.0,"turns":11.0},{"damage":35.0,"enemies":"Spheric Guardian","floor":18.0,"turns":9.0},{"damage":30.0,"enemies":"3 Byrds","floor":21.0,"turns":5.0},{"damage":37.0,"enemies":"Slavers","floor":24.0,"turns":7.0},{"damage":20.0,"enemies":"Snake Plant","floor":27.0,"turns":8.0},{"damage":16.0,"enemies":"Cultist and Chosen","floor":30.0,"turns":8.0},{"damage":14.0,"enemies":"Champ","floor":33.0,"turns":12.0},{"damage":14.0,"enemies":"Orb Walker","floor":35.0,"turns":6.0},{"damage":14.0,"enemies":"3 Shapes","floor":38.0,"turns":6.0},{"damage":49.0,"enemies":"Reptomancer","floor":40.0,"turns":7.0},{"damage":21.0,"enemies":"Spire Growth","floor":44.0,"turns":6.0},{"damage":13.0,"enemies":"Sphere and 2 Shapes","floor":45.0,"turns":7.0},{"damage":0.0,"enemies":"Maw","floor":46.0,"turns":7.0},{"damage":45,"enemies":"3 Darklings","floor":48,"turns":5},{"damage":19,"enemies":"Donu and Deca","floor":50,"turns":7}],"seed_played":"2012641316989562179","potions_obtained":[{"floor":3.0,"key":"EntropicBrew"},{"floor":4.0,"key":"PowerPotion"},{"floor":16.0,"key":"FairyPotion"},{"floor":21.0,"key":"Block Potion"},{"floor":24.0,"key":"ColorlessPotion"},{"floor":33.0,"key":"Block Potion"},{"floor":40.0,"key":"BlessingOfTheForge"},{"floor":46.0,"key":"Strength Potion"},{"floor":48,"key":"SpeedPotion"}],"is_trial":false,"path_per_floor":["M","?","M","M","M","R","M","R","T","?","E","?","E","M","R","B",null,"M","$","?","M","?","R","E","?","T","M","$","R","M","?","R","B",null,"M","?","?","M","$","E","R","$","T","M","M","M","?","M","R","B",null],"character_chosen":"IRONCLAD","items_purchased":["Body Slam","Seeing Red","Block Potion","Dream Catcher","Question Card","Oddly Smooth Stone","Feel No Pain","PowerPotion","Feel No Pain+1","Singing Bowl"],"campfire_rested":6,"item_purchase_floors":[19,19,19,19,28,28,28,39,39,39],"current_hp_per_floor":[72,72,71,72,61,61,60,60,60,27,10,32,11,12,35,30,67,45,45,45,28,28,51,27,27,27,15,15,38,35,35,58,52,72,66,66,66,60,60,24,49,49,49,36,38,48,48,13,41,60],"gold":156,"neow_bonus":"RANDOM_COLORLESS_2","is_daily":false,"chose_seed":false,"campfire_upgraded":2,"win_rate":0.0,"timestamp":1610455338,"path_taken":["M","?","M","M","M","R","M","R","T","?","E","?","E","M","R","BOSS","M","$","?","?","?","R","E","?","T","M","$","R","?","?","R","BOSS","M","?","?","?","$","E","R","$","T","M","?","M","?","M","R","BOSS"],"items_purchased_type":["Card","Card","Potion","Relic","Relic","Relic","Card","Potion","Card","Relic"],"build_version":"2020-12-22","purchased_purges":2,"victory":true,"max_hp_per_floor":[72,72,72,72,72,72,72,72,72,72,72,79,79,79,79,79,79,79,79,79,79,79,79,79,79,79,79,79,79,79,79,79,79,79,79,79,79,79,79,79,81,81,81,81,83,85,85,87,89,89],"card_choices":[{"not_picked":["Violence","The Bomb"],"picked":"Apotheosis","floor":0.0},{"not_picked":["Bloodletting","Rampage"],"picked":"Rage","floor":1.0},{"not_picked":["Havoc","Sentinel"],"picked":"Iron Wave","floor":3.0},{"not_picked":["Clash","Wild Strike"],"picked":"Cleave","floor":4.0},{"not_picked":["Shrug It Off","Entrench"],"picked":"Barricade","floor":5.0},{"not_picked":["Twin Strike","Sever Soul","Clash"],"picked":"SKIP","floor":7.0},{"not_picked":["Warcry","Twin Strike"],"picked":"Double Tap","floor":11.0},{"not_picked":["Headbutt","Thunderclap"],"picked":"Disarm","floor":13.0},{"not_picked":["Evolve","Sword Boomerang"],"picked":"Battle Trance","floor":14.0},{"not_picked":["Carnage","Burning Pact","Perfected Strike"],"picked":"SKIP","floor":18.0},{"not_picked":["Thunderclap","Rampage","Searing Blow"],"picked":"SKIP","floor":21.0},{"not_picked":["Heavy Blade","Uppercut"],"picked":"Disarm","floor":23.0},{"not_picked":["Clothesline","Wild Strike"],"picked":"Flame Barrier+1","floor":24.0},{"not_picked":["Twin Strike","Iron Wave"],"picked":"Bloodletting","floor":27.0},{"not_picked":["Reckless Charge","Pummel","Clothesline"],"picked":"Feel No Pain+1","floor":30.0},{"not_picked":["Fire Breathing+1","Rage","Dropkick"],"picked":"Feel No Pain+1","floor":32.0},{"not_picked":["Immolate","Brutality+1","Bludgeon"],"picked":"Juggernaut+1","floor":33.0},{"not_picked":["Rampage+1","Headbutt","Sword Boomerang"],"picked":"Intimidate+1","floor":35.0},{"not_picked":["Spot Weakness+1","Power Through","Sword Boomerang"],"picked":"Ghostly Armor+1","floor":38.0},{"not_picked":["Warcry+1","Twin Strike+1","Clash"],"picked":"Disarm+1","floor":40.0},{"not_picked":["Rupture+1","Immolate","Twin Strike","Iron Wave"],"picked":"Singing Bowl","floor":41.0},{"not_picked":["Warcry","Power Through","Perfected Strike"],"picked":"Body Slam","floor":44.0},{"not_picked":["Bloodletting","Anger","Hemokinesis","Heavy Blade+1"],"picked":"Singing Bowl","floor":45.0},{"not_picked":["Shrug It Off","Flex","Brutality+1","Heavy Blade"],"picked":"Singing Bowl","floor":46.0},{"not_picked":["Flame Barrier","Flex","Sword Boomerang","Pommel Strike"],"picked":"Singing Bowl","floor":48},{"not_picked":["Rage","Clash","Iron Wave","Dual Wield"],"picked":"Singing Bowl","floor":49}],"player_experience":103584,"relics_obtained":[{"floor":9.0,"key":"Toy Ornithopter"},{"floor":11.0,"key":"Centennial Puzzle"},{"floor":12.0,"key":"Strawberry"},{"floor":13.0,"key":"Matryoshka"},{"floor":24.0,"key":"The Courier"},{"floor":26.0,"key":"Nunchaku"},{"floor":26.0,"key":"InkBottle"},{"floor":40.0,"key":"Boot"},{"floor":43.0,"key":"Pen Nib"},{"floor":43.0,"key":"Bottled Tornado"}],"event_choices":[{"damage_healed":0.0,"max_hp_gain":0.0,"max_hp_loss":0.0,"gold_gain":0.0,"event_name":"Golden Idol","player_choice":"Take Wound","floor":2.0,"gold_loss":0.0,"damage_taken":0.0,"relics_obtained":["Golden Idol"],"cards_obtained":["Injury"]},{"damage_healed":0.0,"max_hp_gain":0.0,"max_hp_loss":0.0,"gold_gain":0.0,"event_name":"Scrap Ooze","player_choice":"Success","floor":10.0,"gold_loss":0.0,"damage_taken":33.0,"relics_obtained":["Blood Vial"]},{"damage_healed":0.0,"max_hp_gain":0.0,"max_hp_loss":0.0,"gold_gain":0.0,"event_name":"Dead Adventurer","player_choice":"Searched \u00272\u0027 times","floor":12.0,"gold_loss":0.0,"damage_taken":0.0},{"cards_removed":["Strike_R"],"damage_healed":0.0,"max_hp_gain":0.0,"max_hp_loss":0.0,"gold_gain":0.0,"event_name":"Bonfire Elementals","player_choice":"Offered Basic","floor":20.0,"gold_loss":0.0,"damage_taken":0.0},{"damage_healed":0.0,"max_hp_gain":0.0,"max_hp_loss":0.0,"gold_gain":99.0,"event_name":"Nest","player_choice":"Stole From Cult","floor":22.0,"gold_loss":0.0,"damage_taken":0.0},{"damage_healed":0.0,"max_hp_gain":0.0,"max_hp_loss":0.0,"gold_gain":275.0,"event_name":"Golden Shrine","player_choice":"Desecrate","floor":25.0,"gold_loss":0.0,"damage_taken":0.0,"cards_obtained":["Regret"]},{"damage_healed":0.0,"max_hp_gain":0.0,"max_hp_loss":0.0,"gold_gain":0.0,"event_name":"Addict","player_choice":"Obtained Relic","floor":31.0,"gold_loss":85.0,"damage_taken":0.0,"relics_obtained":["Frozen Egg 2"]},{"cards_removed":["Strike_R"],"damage_healed":0.0,"max_hp_gain":0.0,"max_hp_loss":0.0,"gold_gain":0.0,"event_name":"Falling","player_choice":"Removed Attack","floor":36.0,"gold_loss":0.0,"damage_taken":0.0},{"cards_removed":["Iron Wave"],"damage_healed":0.0,"max_hp_gain":0.0,"max_hp_loss":0.0,"gold_gain":0.0,"event_name":"WeMeetAgain","player_choice":"Gave Card","floor":37.0,"gold_loss":0.0,"damage_taken":0.0,"relics_obtained":["Pantograph"]},{"damage_healed":0,"gold_gain":0,"player_choice":"Ignored","damage_taken":0,"max_hp_gain":0,"max_hp_loss":0,"event_name":"Mysterious Sphere","floor":47,"gold_loss":0}],"is_beta":false,"boss_relics":[{"not_picked":["Runic Cube","Black Blood"],"picked":"Runic Pyramid"},{"not_picked":["Coffee Dripper","Pandora\u0027s Box"],"picked":"Astrolabe"}],"items_purged_floors":[19,28],"is_endless":false,"potions_floor_spawned":[3,4,11,16,21,24,33,40,46,48],"ascension_level":12}}