{"host":"wfcf39wm1vkwpcs0","time":1610434198,"event":{"mods":["BaseMod","Hermit","Minty Spire (QoL Compilation)","StSLib","The Cursed","The Necromancer","The Servant 0.9.4"],"gold_per_floor":[113,126,126,301,301,339,363,384,384,397,410,410,410,429,429,550,550,569,172,87,105,105,144,162,162,188,208,9,27,75,99,99,228,228,243,38,1037,1053,986,1005,1005,1005],"floor_reached":41,"playtime":1969,"items_purged":["Doubt"],"score":517,"play_id":"61ad9c10-7d36-4d29-9498-51beba923f81","local_time":"20210112144958","is_ascension_mode":false,"campfire_choices":[{"floor":12,"key":"RECALL"},{"data":"Catalyst","floor":15,"key":"SMITH"},{"floor":32,"key":"REST"}],"circlet_count":0,"master_deck":["Strike_G","Strike_G","Strike_G","Strike_G","Strike_G","Defend_G","Defend_G","Defend_G","Defend_G","Defend_G","Survivor","Neutralize","Bouncing Flask+1","Deadly Poison","Catalyst+1","PiercingWail","Crippling Poison","Deadly Poison","Noxious Fumes","PiercingWail","A Thousand Cuts","Bane","PiercingWail","Catalyst","Corpse Explosion","J.A.X.","Deadly Poison","Poisoned Stab","Flying Knee","Deflect+1","Expertise+1","Doppelganger","Masterful Stab+1","Outmaneuver","Normality","Normality","Calculated Gamble","Catalyst+1"],"relics":["Ring of the Snake","NeowsBlessing","Golden Idol","Bag of Marbles","Snecko Eye","Ornamental Fan","Strange Spoon","Kunai","Bronze Scales","Vajra","Happy Flower","Busted Crown","Blood Vial","Sundial"],"acts_visited":["Exordium","TheCity","TheBeyond"],"potions_floor_usage":[7,14,16,23,27,29,29,40],"damage_taken":[{"damage":0,"enemies":"2 Louse","floor":1,"turns":1},{"damage":0,"enemies":"Small Slimes","floor":2,"turns":1},{"damage":0,"enemies":"Gremlin Nob","floor":6,"turns":1},{"damage":0,"enemies":"Cultist","floor":7,"turns":2},{"damage":4,"enemies":"2 Fungi Beasts","floor":8,"turns":4},{"damage":4,"enemies":"Looter","floor":10,"turns":3},{"damage":0,"enemies":"3 Louse","floor":11,"turns":3},{"damage":22,"enemies":"Exordium Thugs","floor":14,"turns":5},{"damage":16,"enemies":"Hexaghost","floor":16,"turns":7},{"damage":5,"enemies":"Shell Parasite","floor":18,"turns":3},{"damage":5,"enemies":"3 Byrds","floor":21,"turns":3},{"damage":26,"enemies":"Book of Stabbing","floor":23,"turns":5},{"damage":11,"enemies":"Centurion and Healer","floor":24,"turns":4},{"damage":5,"enemies":"Cultist and Chosen","floor":27,"turns":3},{"damage":22,"enemies":"Sentry and Sphere","floor":29,"turns":5},{"damage":6,"enemies":"Centurion and Healer","floor":31,"turns":4},{"damage":46,"enemies":"Collector","floor":33,"turns":8},{"damage":3,"enemies":"3 Shapes","floor":35,"turns":3},{"damage":26,"enemies":"Orb Walker","floor":38,"turns":4},{"damage":2,"enemies":"Transient","floor":40,"turns":5},{"damage":96,"enemies":"Reptomancer","floor":41,"turns":5}],"seed_played":"1649229431014905253","potions_obtained":[{"floor":2,"key":"DuplicationPotion"},{"floor":8,"key":"FairyPotion"},{"floor":10,"key":"Regen Potion"},{"floor":14,"key":"CunningPotion"},{"floor":16,"key":"Regen Potion"},{"floor":24,"key":"CultistPotion"},{"floor":27,"key":"Dexterity Potion"},{"floor":33,"key":"FairyPotion"},{"floor":35,"key":"Ancient Potion"}],"is_trial":false,"path_per_floor":["M","M","?","?","?","E","M","M","T","M","M","R","?","M","R","B",null,"M","$","?","M","?","E","M","?","T","M","$","M","T","M","R","B",null,"M","$","?","M","?","M","E"],"character_chosen":"THE_SILENT","items_purchased":["Ornamental Fan","Strange Spoon","PowerPotion","Poisoned Stab","Flying Knee","Blood Vial","Outmaneuver"],"campfire_rested":1,"item_purchase_floors":[19,19,28,28,28,36,36],"current_hp_per_floor":[70,70,70,70,70,70,70,66,66,62,62,62,67,59,59,43,75,70,70,70,65,65,52,41,41,41,36,36,14,14,8,30,22,75,72,72,72,48,48,48,0,0],"gold":1005,"neow_bonus":"THREE_ENEMY_KILL","is_daily":false,"chose_seed":false,"campfire_upgraded":1,"win_rate":0.0,"timestamp":1610434198,"path_taken":["M","M","?","?","?","E","M","M","T","?","M","R","?","M","R","BOSS","M","$","?","M","?","E","M","?","T","M","$","M","?","M","R","BOSS","M","$","?","M","?","?","E"],"items_purchased_type":["Relic","Relic","Potion","Card","Card","Relic","Card"],"build_version":"2020-12-22","purchased_purges":1,"victory":false,"max_hp_per_floor":[70,70,70,70,70,70,70,70,70,70,70,70,75,75,75,75,75,75,75,75,75,75,75,75,75,75,75,75,75,75,75,75,75,75,75,75,75,75,75,75,75,75],"card_choices":[{"not_picked":["Cloak And Dagger","Underhanded Strike"],"picked":"Bouncing Flask","floor":1},{"not_picked":["Noxious Fumes","Sucker Punch"],"picked":"Deadly Poison","floor":2},{"not_picked":["Bane","All Out Attack"],"picked":"Catalyst","floor":6},{"not_picked":["Die Die Die","Caltrops"],"picked":"PiercingWail","floor":7},{"not_picked":["Choke","Deadly Poison"],"picked":"Crippling Poison","floor":8},{"not_picked":["Quick Slash","Dagger Spray"],"picked":"Deadly Poison","floor":10},{"not_picked":["All Out Attack","Cloak And Dagger"],"picked":"Noxious Fumes","floor":11},{"not_picked":["Poisoned Stab","Predator"],"picked":"PiercingWail","floor":14},{"not_picked":["Storm of Steel","Die Die Die"],"picked":"A Thousand Cuts","floor":16},{"not_picked":["Escape Plan+1","Tactician"],"picked":"Bane","floor":18},{"not_picked":["Prepared","Poisoned Stab+1"],"picked":"PiercingWail","floor":21},{"not_picked":["Quick Slash","PiercingWail"],"picked":"Catalyst","floor":23},{"not_picked":["Acrobatics","Flying Knee+1"],"picked":"Corpse Explosion","floor":24},{"not_picked":["Acrobatics","Dagger Throw"],"picked":"Deadly Poison","floor":27},{"not_picked":["Underhanded Strike","Setup+1"],"picked":"Deflect+1","floor":29},{"not_picked":["Sucker Punch","Choke"],"picked":"Expertise+1","floor":31},{"not_picked":["Unload","Grand Finale"],"picked":"Doppelganger","floor":33},{"not_picked":[],"picked":"Masterful Stab+1","floor":35},{"not_picked":[],"picked":"Calculated Gamble","floor":38},{"not_picked":[],"picked":"Catalyst+1","floor":40}],"player_experience":131771,"relics_obtained":[{"floor":6,"key":"Bag of Marbles"},{"floor":23,"key":"Bronze Scales"},{"floor":26,"key":"Vajra"},{"floor":30,"key":"Happy Flower"}],"event_choices":[{"damage_healed":0,"gold_gain":0,"player_choice":"Take Wound","damage_taken":0,"relics_obtained":["Golden Idol"],"max_hp_gain":0,"max_hp_loss":0,"event_name":"Golden Idol","floor":3,"gold_loss":0,"cards_obtained":["Injury"]},{"damage_healed":0,"gold_gain":175,"player_choice":"AGREE","damage_taken":0,"max_hp_gain":0,"max_hp_loss":0,"event_name":"Liars Game","floor":4,"gold_loss":0,"cards_obtained":["Doubt"]},{"damage_healed":0,"gold_gain":0,"player_choice":"Forge","damage_taken":0,"max_hp_gain":0,"max_hp_loss":0,"event_name":"Accursed Blacksmith","floor":5,"gold_loss":0,"cards_upgraded":["Bouncing Flask"]},{"damage_healed":0,"gold_gain":0,"player_choice":"Donut","damage_taken":0,"max_hp_gain":5,"max_hp_loss":0,"event_name":"Big Fish","floor":13,"gold_loss":0},{"damage_healed":0,"gold_gain":0,"player_choice":"Obtained Relic","damage_taken":0,"relics_obtained":["Kunai"],"max_hp_gain":0,"max_hp_loss":0,"event_name":"Addict","floor":20,"gold_loss":85},{"cards_removed":["Injury"],"damage_healed":0,"gold_gain":0,"player_choice":"Elegance","damage_taken":0,"max_hp_gain":0,"max_hp_loss":0,"event_name":"Back to Basics","floor":22,"gold_loss":0},{"damage_healed":0,"gold_gain":0,"player_choice":"Obtain J.A.X.","damage_taken":0,"max_hp_gain":0,"max_hp_loss":0,"event_name":"Drug Dealer","floor":25,"gold_loss":0,"cards_obtained":["J.A.X."]},{"damage_healed":0,"gold_gain":999,"player_choice":"Gold","damage_taken":0,"max_hp_gain":0,"max_hp_loss":0,"event_name":"MindBloom","floor":37,"gold_loss":0,"cards_obtained":["Normality","Normality"]},{"damage_healed":0,"gold_gain":0,"player_choice":"Paid Gold","damage_taken":0,"relics_obtained":["Sundial"],"max_hp_gain":0,"max_hp_loss":0,"event_name":"WeMeetAgain","floor":39,"gold_loss":67}],"is_beta":false,"boss_relics":[{"not_picked":["Astrolabe","Calling Bell"],"picked":"Snecko Eye"},{"not_picked":["Fusion Hammer","Velvet Choker"],"picked":"Busted Crown"}],"items_purged_floors":[28],"is_endless":false,"potions_floor_spawned":[2,8,10,14,16,24,27,33,35],"killed_by":"Reptomancer","ascension_level":0}}