{"host":"jscggscbx0p7706o","time":1610422902,"event":{"mods":["AchievementEnabler","BaseMod","Block Reminder","Colored Powertips","Minty Spire (QoL Compilation)","Permanent Neow","Quick Restart","StSLib"],"gold_per_floor":[110,110,110,124,139,172,172,8,8,23,39,39,39,68,68,173,173,189,175,5,22,35,69,69,100,135,147,147],"floor_reached":27,"playtime":2062,"items_purged":["Strike_G"],"score":327,"play_id":"ac923fef-6f1f-47a5-ace4-ba7ccf396455","local_time":"20210112114142","is_ascension_mode":true,"campfire_choices":[{"data":"Accuracy","floor":7.0,"key":"SMITH"},{"data":"Neutralize","floor":13.0,"key":"SMITH"},{"data":"After Image","floor":15.0,"key":"SMITH"},{"floor":24.0,"key":"REST"}],"circlet_count":0,"master_deck":["Strike_G","Strike_G","Strike_G","Strike_G","Defend_G","Defend_G","Defend_G","Defend_G","Defend_G","Survivor","Neutralize","After Image+1","Good Instincts","Accuracy+1","Backflip","Neutralize+1","Dagger Spray","Cloak And Dagger","Noxious Fumes+1","Deflect","Outmaneuver","After Image","Noxious Fumes","Backflip","Acrobatics","Noxious Fumes","Tactician","Noxious Fumes","After Image"],"relics":["Ring of the Snake","NeowsBlessing","Paper Crane","Bottled Flame","Regal Pillow","Question Card","Philosopher\u0027s Stone","PreservedInsect","Oddly Smooth Stone","MawBank","Happy Flower"],"acts_visited":["Exordium","TheCity"],"potions_floor_usage":[25],"damage_taken":[{"damage":0.0,"enemies":"2 Louse","floor":1.0,"turns":1.0},{"damage":0.0,"enemies":"Jaw Worm","floor":4.0,"turns":1.0},{"damage":0.0,"enemies":"Cultist","floor":5.0,"turns":1.0},{"damage":2.0,"enemies":"Lagavulin","floor":6.0,"turns":10.0},{"damage":14.0,"enemies":"Gremlin Gang","floor":10.0,"turns":5.0},{"damage":0.0,"enemies":"Large Slime","floor":11.0,"turns":7.0},{"damage":1.0,"enemies":"Gremlin Nob","floor":14.0,"turns":6.0},{"damage":4.0,"enemies":"Hexaghost","floor":16.0,"turns":12.0},{"damage":2.0,"enemies":"Spheric Guardian","floor":18.0,"turns":7.0},{"damage":5.0,"enemies":"2 Thieves","floor":19.0,"turns":4.0},{"damage":10.0,"enemies":"3 Cultists","floor":21.0,"turns":6.0},{"damage":27.0,"enemies":"Chosen and Byrds","floor":22.0,"turns":7.0},{"damage":11.0,"enemies":"Book of Stabbing","floor":23.0,"turns":6.0},{"damage":28,"enemies":"Slavers","floor":25,"turns":5},{"damage":23,"enemies":"Gremlin Leader","floor":27,"turns":5}],"seed_played":"8366573539400000598","potions_obtained":[{"floor":4.0,"key":"PowerPotion"},{"floor":10.0,"key":"SpeedPotion"},{"floor":11.0,"key":"Strength Potion"},{"floor":18.0,"key":"SkillPotion"},{"floor":23.0,"key":"DuplicationPotion"}],"is_trial":false,"path_per_floor":["M","?","?","M","M","E","R","$","T","M","M","?","R","E","R","B",null,"M","M","$","M","M","E","R","E","T","E"],"character_chosen":"THE_SILENT","items_purchased":["Noxious Fumes","Deflect","Acrobatics","PreservedInsect"],"campfire_rested":1,"item_purchase_floors":[8,8,20,20],"current_hp_per_floor":[70,63,63,63,63,61,61,61,61,47,47,47,47,46,46,42,70,68,63,63,53,26,15,51,23,23,0,0],"gold":147,"neow_bonus":"THREE_ENEMY_KILL","is_daily":false,"chose_seed":false,"campfire_upgraded":3,"win_rate":0.0,"timestamp":1610422902,"path_taken":["M","?","?","?","M","E","R","$","T","?","?","?","R","E","R","BOSS","M","M","$","?","M","E","R","E","T","E"],"items_purchased_type":["Card","Card","Card","Relic"],"build_version":"2020-12-22","purchased_purges":1,"victory":false,"max_hp_per_floor":[70,70,70,70,70,70,70,70,70,70,70,70,70,70,70,70,70,70,70,70,70,70,70,70,70,70,70,70],"card_choices":[{"not_picked":["PiercingWail","Distraction","Setup"],"picked":"SKIP","floor":1.0},{"not_picked":["Crippling Poison","Skewer"],"picked":"Dagger Spray","floor":4.0},{"not_picked":["PiercingWail","Skewer","Quick Slash"],"picked":"SKIP","floor":5.0},{"not_picked":["PiercingWail","Terror"],"picked":"Cloak And Dagger","floor":6.0},{"not_picked":["Dodge and Roll","Dagger Throw","Quick Slash"],"picked":"SKIP","floor":10.0},{"not_picked":["Slice","Choke","Bane"],"picked":"SKIP","floor":11.0},{"not_picked":["Flechettes","Sucker Punch"],"picked":"Outmaneuver","floor":14.0},{"not_picked":["Wraith Form v2","Grand Finale","Glass Knife"],"picked":"After Image","floor":16.0},{"not_picked":["Calculated Gamble","Choke","Dodge and Roll"],"picked":"Noxious Fumes","floor":18.0},{"not_picked":["Deflect+1","Sucker Punch","Dagger Throw"],"picked":"Backflip","floor":19.0},{"not_picked":["Choke","Sucker Punch","Predator"],"picked":"Noxious Fumes","floor":21.0},{"not_picked":["Acrobatics","Dagger Spray","Flying Knee"],"picked":"Tactician","floor":22.0},{"not_picked":["PiercingWail","Outmaneuver","Slice"],"picked":"Noxious Fumes","floor":23.0},{"not_picked":["Setup","Die Die Die","Slice+1"],"picked":"After Image","floor":25}],"player_experience":201367,"relics_obtained":[{"floor":6.0,"key":"Bottled Flame"},{"floor":9.0,"key":"Regal Pillow"},{"floor":14.0,"key":"Question Card"},{"floor":23.0,"key":"Oddly Smooth Stone"},{"floor":25,"key":"MawBank"},{"floor":26,"key":"Happy Flower"}],"event_choices":[{"damage_healed":0.0,"max_hp_gain":0.0,"max_hp_loss":0.0,"gold_gain":0.0,"event_name":"Scrap Ooze","player_choice":"Success","floor":2.0,"gold_loss":0.0,"damage_taken":7.0,"relics_obtained":["Paper Crane"]},{"damage_healed":0.0,"max_hp_gain":0.0,"max_hp_loss":0.0,"gold_gain":0.0,"event_name":"Match and Keep!","player_choice":"5 cards matched","floor":3.0,"gold_loss":0.0,"damage_taken":0.0,"cards_obtained":["After Image","Good Instincts","Accuracy","Backflip","Neutralize"]},{"damage_healed":0.0,"max_hp_gain":0.0,"max_hp_loss":0.0,"gold_gain":0.0,"event_name":"Match and Keep!","player_choice":"5 cards matched","floor":3.0,"gold_loss":0.0,"damage_taken":0.0,"cards_obtained":["After Image","Good Instincts","Accuracy","Backflip","Neutralize"]},{"damage_healed":0.0,"max_hp_gain":0.0,"max_hp_loss":0.0,"gold_gain":0.0,"event_name":"Accursed Blacksmith","player_choice":"Forge","floor":12.0,"gold_loss":0.0,"damage_taken":0.0,"cards_upgraded":["Noxious Fumes"]}],"is_beta":false,"boss_relics":[{"not_picked":["HoveringKite","Black Star"],"picked":"Philosopher\u0027s Stone"}],"items_purged_floors":[8],"is_endless":false,"potions_floor_spawned":[4,10,11,18,23],"killed_by":"Gremlin Leader","ascension_level":3}}