{"host":"5dzuyvrjb30uqvwu","time":1610487143,"event":{"mods":["AchievementEnabler","BaseMod","Colored Powertips","Lobotomy","Minty Spire (QoL Compilation)","Quick Restart","slay the spire mod where everything is the same but ironclad has a cowboy hat"],"gold_per_floor":[118,118,43,62,77,111,111,142,142,142,171,189,189,207,207,310,310,321,340,389,404,417,417],"floor_reached":22,"playtime":1310,"items_purged":["Defend_R"],"score":243,"play_id":"e815d1e3-ea2f-4cdc-95d9-0b667f0ac5a2","local_time":"20210112133223","is_ascension_mode":true,"campfire_choices":[{"data":"Rampage","floor":7,"key":"SMITH"},{"data":"Rupture","floor":10,"key":"SMITH"},{"data":"Rampage","floor":15,"key":"SMITH"}],"circlet_count":0,"master_deck":["Strike_R","Strike_R","Strike_R","Strike_R+1","Strike_R","Defend_R+1","Defend_R","Defend_R","Bash","DreamingCurrent","Rupture+1","GalaxyChild","Thunderclap","QueenBee","Rampage+1","Woodsman","MHz","Spot Weakness","PunishingBird","Impervious","BigBadWolf","Demon Form","Yin","Perfected Strike+1","Armaments+1","FairyFestival","Heavy Blade+1","Laetitia","Reaper"],"relics":["Burning Blood","CogitoBucket","RabbitCall","Sundial","Ice Cream","Question Card","Potion Belt","LuminousBracelet","Eternal Feather","Philosopher\u0027s Stone","Strawberry","FleshIdol","Yang_Lob"],"acts_visited":["Exordium","TheCity"],"potions_floor_usage":[19],"damage_taken":[{"damage":7,"enemies":"Jaw Worm","floor":1,"turns":5},{"damage":8,"enemies":"Small Slimes","floor":4,"turns":4},{"damage":6,"enemies":"Cultist","floor":5,"turns":3},{"damage":20,"enemies":"Lagavulin","floor":6,"turns":6},{"damage":22,"enemies":"Gremlin Nob","floor":8,"turns":3},{"damage":36,"enemies":"3 Sentries","floor":11,"turns":5},{"damage":45,"enemies":"Red Slaver","floor":12,"turns":5},{"damage":30,"enemies":"2 Fungi Beasts","floor":14,"turns":3},{"damage":74,"enemies":"Slime Boss","floor":16,"turns":6},{"damage":51,"enemies":"Shell Parasite","floor":18,"turns":4},{"damage":71,"enemies":"3 Byrds","floor":19,"turns":4},{"damage":123,"enemies":"Centurion and Healer","floor":21,"turns":6},{"damage":72,"enemies":"Shelled Parasite and Fungi","floor":22,"turns":6}],"seed_played":"-5874122159283414423","potions_obtained":[{"floor":6,"key":"DuplicationPotion"},{"floor":12,"key":"ColorlessPotion"},{"floor":14,"key":"EssenceOfSteel"},{"floor":16,"key":"BloodPotion"},{"floor":18,"key":"Fruit Juice"},{"floor":19,"key":"Dexterity Potion"}],"is_trial":false,"path_per_floor":["M","?","$","M","M","E","R","E","T","R","E","M","?","M","R","B",null,"M","M","T","M","M"],"character_chosen":"IRONCLAD","items_purchased":[],"campfire_rested":0,"item_purchase_floors":[],"current_hp_per_floor":[79,63,63,80,80,72,72,74,74,74,69,87,87,83,95,77,95,75,67,74,93,107,107],"gold":417,"neow_bonus":"","is_daily":false,"chose_seed":false,"campfire_upgraded":3,"win_rate":0.0,"timestamp":1610487143,"path_taken":["M","?","$","M","M","E","R","E","T","R","E","M","?","M","R","BOSS","M","?","?","M","M"],"items_purchased_type":[],"build_version":"2020-12-22","purchased_purges":1,"victory":false,"max_hp_per_floor":[80,80,80,80,80,80,80,80,80,80,80,95,95,95,95,95,95,95,100,107,107,107,107],"card_choices":[{"not_picked":["MeatLantern","OldLady"],"picked":"DreamingCurrent","floor":1},{"not_picked":["Anger","Wild Strike"],"picked":"Rupture","floor":1},{"not_picked":["Rudolta","Wellcheers"],"picked":"GalaxyChild","floor":4},{"not_picked":["Clash","Cleave"],"picked":"Thunderclap","floor":4},{"not_picked":["WallGazer","OSAHOGD"],"picked":"QueenBee","floor":5},{"not_picked":["Perfected Strike","Pummel"],"picked":"Rampage","floor":5},{"not_picked":["FairyFestival","OSAHOGD"],"picked":"SingingMachine","floor":6},{"not_picked":["Perfected Strike","Blood for Blood","Hemokinesis"],"picked":"SKIP","floor":6},{"not_picked":["Perfected Strike","Blood for Blood","Hemokinesis"],"picked":"SKIP","floor":6},{"not_picked":["FairyFestival","OSAHOGD"],"picked":"Bloodbath","floor":8},{"not_picked":["Sword Boomerang","Sentinel","True Grit"],"picked":"SKIP","floor":8},{"not_picked":["Sword Boomerang","Sentinel","True Grit"],"picked":"SKIP","floor":8},{"not_picked":["MeatLantern","CrumblingArmor"],"picked":"Woodsman","floor":11},{"not_picked":["Blood for Blood","Perfected Strike","Second Wind"],"picked":"Rampage","floor":11},{"not_picked":["OSAHOGD","CherryBlossoms"],"picked":"MHz","floor":12},{"not_picked":["Rage","Fire Breathing","Reckless Charge"],"picked":"Spot Weakness","floor":12},{"not_picked":["Mercenary","Wellcheers"],"picked":"PunishingBird","floor":14},{"not_picked":["Cleave","Intimidate","Sever Soul"],"picked":"Impervious","floor":14},{"not_picked":["MeatLantern","WallGazer"],"picked":"BigBadWolf","floor":16},{"not_picked":["Impervious","Berserk","Immolate"],"picked":"Demon Form","floor":16},{"not_picked":["NothingThere","Rudolta"],"picked":"Yin","floor":18},{"not_picked":["Flame Barrier","Headbutt","Sever Soul+1"],"picked":"Perfected Strike+1","floor":18},{"not_picked":["Wild Strike","Iron Wave","Body Slam+1"],"picked":"Armaments+1","floor":19},{"not_picked":["Scarecrow","RedShoes"],"picked":"FairyFestival","floor":21},{"not_picked":["Warcry","Wild Strike+1","Havoc"],"picked":"Heavy Blade+1","floor":21},{"not_picked":["LittlePrince","Bloodbath"],"picked":"Laetitia","floor":22},{"not_picked":["Feel No Pain+1","Inflame","Iron Wave"],"picked":"Reaper","floor":22}],"player_experience":329287,"relics_obtained":[{"floor":6,"key":"Sundial"},{"floor":8,"key":"Ice Cream"},{"floor":9,"key":"Question Card"},{"floor":11,"key":"Potion Belt"},{"floor":20,"key":"Strawberry"}],"event_choices":[{"damage_healed":0,"gold_gain":0,"player_choice":"Entered Light","damage_taken":16,"max_hp_gain":0,"max_hp_loss":0,"event_name":"Shining Light","floor":2,"gold_loss":0,"cards_upgraded":["Defend_R","Strike_R"]},{"damage_healed":0,"gold_gain":0,"player_choice":"Gave Potion","damage_taken":0,"relics_obtained":["Eternal Feather"],"max_hp_gain":0,"max_hp_loss":0,"event_name":"WeMeetAgain","floor":13,"gold_loss":0}],"is_beta":false,"boss_relics":[{"not_picked":["Tiny House","Pandora\u0027s Box"],"picked":"Philosopher\u0027s Stone"}],"items_purged_floors":[3],"is_endless":false,"potions_floor_spawned":[6,12,14,16,18,19],"killed_by":"Shelled Parasite and Fungi","ascension_level":1}}