{"host":"gk9qdtkqd8dwfeg2","time":1610460662,"event":{"mods":["Aspiration","BaseMod","Colored Powertips","KomeijiMod","Minty Spire (QoL Compilation)","Quick Restart","Replay The Spire","Shop Mod","StSLib","TestMod","The Gatherer","The Servant 0.9.4","Waifu the Spire","WarShipGirlsR/’ΩΩ¢…Ÿ≈ÆR mod","Yuri Mod","vexMod"],"gold_per_floor":[114,129,144,159,9,39,54,84,84,99,147,177,207,222,222,322,322,337,387,417,179,89,89,119,119,144,159,189,204,219,249,249,349,349,364,364,379,242,257,287,302,317,317,347,377,377,402,423,423,431],"floor_reached":51,"playtime":1354,"items_purged":[],"score":1426,"play_id":"a85f1de0-ae30-4206-86f0-189aa26c5725","local_time":"20210112221102","daily_mods":["Cursed Run","Hoarder","DeadlyEvents"],"is_ascension_mode":false,"campfire_choices":[{"data":"Eruption","floor":15.0,"key":"SMITH"},{"data":"TalkToTheHand","floor":23.0,"key":"SMITH"},{"data":"TalkToTheHand","floor":25.0,"key":"SMITH"},{"data":"Scrawl","floor":32.0,"key":"SMITH"},{"floor":49,"key":"REST"}],"circlet_count":0,"master_deck":["Strike_P+1","Strike_P+1","Strike_P+1","Strike_P+1","Defend_P+1","Defend_P+1","Defend_P+1","Defend_P+1","Eruption+1","Vigilance+1","Wallop+1","Wallop+1","Wallop+1","TalkToTheHand+1","TalkToTheHand+1","TalkToTheHand+1","EmptyMind+1","EmptyMind+1","EmptyMind+1","Halt+1","Halt+1","Halt+1","Clumsy","Clumsy","Clumsy","Confused","Confused","Confused","DevaForm+1","DevaForm+1","Confused","Confused","Confused","yuri:MarkovCurse","yuri:MarkovCurse","yuri:MarkovCurse","Amnesia","Amnesia","CutThroughFate+1","CutThroughFate+1","CutThroughFate+1","Replay:LoomingThreat+1","Replay:LoomingThreat+1","Replay:LoomingThreat+1","Injury","Injury","Injury","CrushJoints+1","CrushJoints+1","CrushJoints+1","Scrawl+1","Scrawl+1","Scrawl+1","ReplayTheSpireMod:Faulty Equipment+1","ReplayTheSpireMod:Faulty Equipment+1","ReplayTheSpireMod:Faulty Equipment+1","Establishment+1","Establishment+1","Establishment+1","Adaptation+1","Adaptation+1","Adaptation+1","Adaptation+1","Adaptation+1","Adaptation+1","Delirium","Delirium","Delirium","DeusExMachina+1","DeusExMachina+1","DeusExMachina+1","Fasting2+1","Fasting2+1","Fasting2+1","vexMod:UltimateCard","vexMod:UltimateCard","vexMod:UltimateCard"],"relics":["Cursed Key","Darkstone Periapt","Du-Vu Doll","testmod-TestBox","testmod-AssaultLearning","MerchantsRug","Ancient Tea Set","Garlic","Replay:Wax Seal","Bag of Marbles","Regal Pillow","Whetstone","Replay:Ancient Bell","Pen Nib","Mummified Hand","CloakClasp","MawBank","testmod-Justice","testmod-ArcanaOfDestiny","Pet Ghost","War Paint","aspiration:Stabinomicon","ChewingGum","BargainBundle","Replay:Towering Pillar of Hats","testmod-Antiphasic","Bronze Scales","Replay:Bandana","Mark of the Bloom"],"acts_visited":["Exordium","TheCity","TheBeyond"],"potions_floor_usage":[50],"damage_taken":[{"damage":0.0,"enemies":"Cultist","floor":1.0,"turns":2.0},{"damage":0.0,"enemies":"2 Louse","floor":2.0,"turns":2.0},{"damage":0.0,"enemies":"Jaw Worm","floor":3.0,"turns":2.0},{"damage":0.0,"enemies":"Looter","floor":4.0,"turns":3.0},{"damage":0.0,"enemies":"Lagavulin","floor":6.0,"turns":6.0},{"damage":3.0,"enemies":"Gremlin Gang","floor":7.0,"turns":4.0},{"damage":8.0,"enemies":"Gremlin Nob","floor":8.0,"turns":5.0},{"damage":0.0,"enemies":"Large Slime","floor":10.0,"turns":3.0},{"damage":6.0,"enemies":"3 Sentries","floor":11.0,"turns":3.0},{"damage":0.0,"enemies":"Lagavulin","floor":12.0,"turns":3.0},{"damage":0.0,"enemies":"3 Sentries","floor":13.0,"turns":6.0},{"damage":0.0,"enemies":"Red Slaver","floor":14.0,"turns":2.0},{"damage":0.0,"enemies":"Slime Boss","floor":16.0,"turns":3.0},{"damage":3.0,"enemies":"Chosen","floor":18.0,"turns":4.0},{"damage":45.0,"enemies":"Slavers","floor":20.0,"turns":5.0},{"damage":6.0,"enemies":"Gremlin Leader","floor":24.0,"turns":4.0},{"damage":0.0,"enemies":"Spheric Guardian","floor":27.0,"turns":1.0},{"damage":2.0,"enemies":"Slavers","floor":28.0,"turns":3.0},{"damage":0.0,"enemies":"Cultist and Chosen","floor":29.0,"turns":2.0},{"damage":3.0,"enemies":"Sentry and Sphere","floor":30.0,"turns":3.0},{"damage":5.0,"enemies":"Book of Stabbing","floor":31.0,"turns":2.0},{"damage":5.0,"enemies":"Champ","floor":33.0,"turns":4.0},{"damage":0.0,"enemies":"Orb Walker","floor":35.0,"turns":1.0},{"damage":1.0,"enemies":"3 Shapes","floor":37.0,"turns":2.0},{"damage":0.0,"enemies":"Sphere and 2 Shapes","floor":39.0,"turns":1.0},{"damage":0.0,"enemies":"Giant Head","floor":40.0,"turns":1.0},{"damage":0.0,"enemies":"Writhing Mass","floor":41.0,"turns":1.0},{"damage":0.0,"enemies":"Jaw Worm Horde","floor":42.0,"turns":2.0},{"damage":0.0,"enemies":"Nemesis","floor":44.0,"turns":1.0},{"damage":0.0,"enemies":"Reptomancer","floor":45.0,"turns":2.0},{"damage":13.0,"enemies":"Maw","floor":47.0,"turns":3.0},{"damage":81,"enemies":"4 Shapes","floor":48,"turns":3},{"damage":46,"enemies":"Time Eater","floor":50,"turns":5}],"seed_played":"-5514344210177769252","potions_obtained":[{"floor":1.0,"key":"Languid Potion"},{"floor":7.0,"key":"LiquidMemories"},{"floor":10.0,"key":"Strength Potion"},{"floor":12.0,"key":"SteroidPotion"},{"floor":14.0,"key":"BottledMiracle"},{"floor":20.0,"key":"Weak Potion"},{"floor":27.0,"key":"Milkshake"},{"floor":30.0,"key":"SteroidPotion"}],"is_trial":false,"path_per_floor":["M","M","M","M","$","E","M","E","T","M","?","E","E","M","R","B",null,"M","?","E","$","?","R","E","R","T","M","E","M","M","E","R","B",null,"M","?","M","$","M","E","M","M","T","E","E","?","M","M","R","B",null],"character_chosen":"WATCHER","items_purchased":["MerchantsRug","testmod-Justice","BargainBundle","SmokeBomb","Strength Potion","BlessingOfTheForge"],"campfire_rested":1,"item_purchase_floors":[5,21,38,38,38,38],"current_hp_per_floor":[72,72,72,72,72,72,69,61,79,79,73,73,73,73,73,91,162,159,159,114,114,114,114,108,108,126,126,124,124,121,116,116,129,198,198,208,207,207,207,207,207,207,225,225,225,225,212,131,131,85],"gold":431,"neow_bonus":"","is_daily":true,"chose_seed":false,"campfire_upgraded":4,"win_rate":0.0,"timestamp":1610460662,"path_taken":["M","?","M","M","$","E","M","E","T","M","?","?","E","M","R","BOSS","M","?","?","$","?","R","E","R","T","M","E","M","M","?","R","BOSS","M","?","M","$","M","E","M","?","T","E","?","?","?","M","R","BOSS"],"items_purchased_type":["Relic","Relic","Relic","Potion","Potion","Potion"],"build_version":"2020-12-22","purchased_purges":0,"victory":true,"max_hp_per_floor":[72,72,72,72,72,72,72,72,90,90,90,90,90,90,90,108,162,162,162,162,162,162,162,162,162,180,180,180,180,180,180,180,198,198,198,208,208,208,208,208,208,208,226,226,226,226,226,226,226,244],"card_choices":[{"not_picked":["EmptyBody","Replay:DivineShield"],"picked":"Wallop","floor":1.0},{"not_picked":["Replay:ManipulateFuture","Perseverance"],"picked":"TalkToTheHand","floor":2.0},{"not_picked":["ClearTheMind","Wallop","FlyingSleeves"],"picked":"SKIP","floor":3.0},{"not_picked":["Protect","ThirdEye"],"picked":"EmptyMind","floor":4.0},{"not_picked":["BattleHymn","Replay:AtTheReady","Sanctity"],"picked":"SKIP","floor":6.0},{"not_picked":["EmptyMind","Replay:Battleflow","WreathOfFlame"],"picked":"SKIP","floor":7.0},{"not_picked":["Replay:DivineShield","Meditate"],"picked":"Halt","floor":8.0},{"not_picked":["EmptyBody","Sanctity","PathToVictory"],"picked":"SKIP","floor":10.0},{"not_picked":["Nirvana","Wallop","Prostrate"],"picked":"SKIP","floor":12.0},{"not_picked":["ClearTheMind","Nirvana","Protect"],"picked":"SKIP","floor":13.0},{"not_picked":["Replay:BluntJabs","ClearTheMind","Halt"],"picked":"SKIP","floor":14.0},{"not_picked":["Devotion","Replay:AllIn"],"picked":"DevaForm","floor":16.0},{"not_picked":["ReplayTheSpireMod:Doomed","Parasite"],"picked":"Confused","floor":17.0},{"not_picked":["vexMod:UltimateCard","Pain"],"picked":"yuri:MarkovCurse","floor":17.0},{"not_picked":["yuri:RhapsodyCurse","Regret"],"picked":"Amnesia","floor":17.0},{"not_picked":["Protect","Halt"],"picked":"CutThroughFate+1","floor":18.0},{"not_picked":["Prostrate","Replay:AtTheReady"],"picked":"Replay:LoomingThreat","floor":20.0},{"not_picked":["CrushJoints+1","Protect+1","WheelKick"],"picked":"SKIP","floor":24.0},{"not_picked":["EmptyMind+1","Replay:Vibes"],"picked":"CrushJoints+1","floor":27.0},{"not_picked":["Conclude+1","Prostrate","MentalFortress"],"picked":"SKIP","floor":28.0},{"not_picked":["FollowUp","CrushJoints"],"picked":"Scrawl","floor":29.0},{"not_picked":["SashWhip","CutThroughFate","Protect+1"],"picked":"SKIP","floor":30.0},{"not_picked":["PathToVictory","Halt","CutThroughFate+1"],"picked":"SKIP","floor":31.0},{"not_picked":["Judgement","ConjureBlade"],"picked":"Establishment","floor":33.0},{"not_picked":["ThirdEye+1","FlyingSleeves+1"],"picked":"Adaptation+1","floor":35.0},{"not_picked":["Prostrate","Replay:Battleflow+1"],"picked":"Adaptation+1","floor":37.0},{"not_picked":["FollowUp","Replay:ManipulateFuture","JustLucky+1"],"picked":"SKIP","floor":39.0},{"not_picked":["Vengeance+1","Crescendo","Replay:BluntJabs+1"],"picked":"SKIP","floor":40.0},{"not_picked":["EmptyBody","FollowUp+1","FlyingSleeves"],"picked":"SKIP","floor":41.0},{"not_picked":["FollowUp","Replay:Anticipation","Crescendo"],"picked":"SKIP","floor":42.0},{"not_picked":["Replay:Battleflow+1","WindmillStrike","WheelKick+1"],"picked":"SKIP","floor":44.0},{"not_picked":["Replay:Cycle+1","SashWhip+1"],"picked":"DeusExMachina","floor":45.0},{"not_picked":["FollowUp+1","ThirdEye+1","ClearTheMind"],"picked":"SKIP","floor":47.0},{"not_picked":["PathToVictory","LikeWater"],"picked":"Fasting2+1","floor":48}],"player_experience":627504,"relics_obtained":[{"floor":6.0,"key":"Ancient Tea Set"},{"floor":8.0,"key":"Garlic"},{"floor":9.0,"key":"Replay:Wax Seal"},{"floor":11.0,"key":"Bag of Marbles"},{"floor":12.0,"key":"Regal Pillow"},{"floor":13.0,"key":"Whetstone"},{"floor":20.0,"key":"MawBank"},{"floor":24.0,"key":"testmod-ArcanaOfDestiny"},{"floor":26.0,"key":"Pet Ghost"},{"floor":28.0,"key":"War Paint"},{"floor":31.0,"key":"aspiration:Stabinomicon"},{"floor":40.0,"key":"Replay:Towering Pillar of Hats"},{"floor":43.0,"key":"testmod-Antiphasic"},{"floor":44.0,"key":"Bronze Scales"},{"floor":45.0,"key":"Replay:Bandana"}],"event_choices":[{"damage_healed":0.0,"max_hp_gain":0.0,"max_hp_loss":0.0,"gold_gain":30.0,"event_name":"Dead Adventurer","player_choice":"Searched \u00273\u0027 times","floor":11.0,"gold_loss":0.0,"damage_taken":0.0},{"damage_healed":0.0,"max_hp_gain":0.0,"max_hp_loss":0.0,"gold_gain":100.0,"event_name":"The Joust","player_choice":"Bet on Murderer","floor":19.0,"gold_loss":50.0,"damage_taken":0.0},{"cards_removed":["Amnesia"],"damage_healed":0.0,"max_hp_gain":0.0,"max_hp_loss":0.0,"gold_gain":0.0,"event_name":"Designer","player_choice":"Upgrade and Remove","floor":22.0,"gold_loss":90.0,"damage_taken":0.0,"cards_upgraded":["Halt"]},{"cards_removed":["DevaForm"],"damage_healed":0.0,"max_hp_gain":10.0,"max_hp_loss":0.0,"gold_gain":0.0,"event_name":"Bonfire Elementals","player_choice":"Offered Rare","floor":36.0,"gold_loss":0.0,"damage_taken":0.0},{"damage_healed":0.0,"max_hp_gain":0.0,"max_hp_loss":0.0,"gold_gain":0.0,"event_name":"MindBloom","player_choice":"Upgrade","floor":46.0,"gold_loss":0.0,"damage_taken":0.0,"cards_upgraded":["Strike_P","Strike_P","Strike_P","Defend_P","Defend_P","Vigilance","Wallop","Wallop","Wallop","EmptyMind","EmptyMind","EmptyMind","Halt","Halt","DevaForm","DevaForm","Replay:LoomingThreat","Replay:LoomingThreat","Replay:LoomingThreat","Scrawl","Scrawl","ReplayTheSpireMod:Faulty Equipment","ReplayTheSpireMod:Faulty Equipment","ReplayTheSpireMod:Faulty Equipment","Establishment","Establishment","Establishment","DeusExMachina","DeusExMachina","DeusExMachina"],"relics_obtained":["Mark of the Bloom"]}],"is_beta":false,"boss_relics":[{"not_picked":["Black Star","testmod-Recursion"],"picked":"Replay:Ancient Bell"},{"not_picked":["Blue Doll","Toy Ornithopter"],"picked":"Pen Nib"},{"not_picked":["Pear","testmod-HeartOfDaVinci"],"picked":"Mummified Hand"},{"not_picked":["GoldenEye","testmod-Muramasa"],"picked":"CloakClasp"},{"not_picked":["Honey Jar","vexMod:DeviousBotling"],"picked":"ChewingGum"}],"items_purged_floors":[],"is_endless":false,"potions_floor_spawned":[1,7,10,12,13,14,20,27,30,31,33,35,39,44,45,48],"ascension_level":0}}