{"host":"480qzmvu0s2e3e6w","time":1610468742,"event":{"mods":["BaseMod","Colored Map","DeckTracker","Lobotomy","Minty Spire (QoL Compilation)","StSLib","SuperFastMode"],"gold_per_floor":[20,31,49,49,124,124,142,175,230,248,228,245,245,52,52,152,152,166,166,166,149,167,167,167,167],"floor_reached":24,"playtime":1155,"items_purged":[],"score":307,"play_id":"be614565-47fb-42bf-99f8-92c6b25c09e4","local_time":"20210113012542","is_ascension_mode":true,"campfire_choices":[{"data":"Dualcast","floor":6,"key":"SMITH"},{"data":"Blizzard","floor":13,"key":"SMITH"},{"data":"Turbo","floor":15,"key":"SMITH"},{"floor":23,"key":"REST"}],"circlet_count":0,"master_deck":["AscendersBane","Strike_B","Strike_B+1","Strike_B","Strike_B","Defend_B","Defend_B","Defend_B+1","Defend_B","Zap","Dualcast+1","Lockon","Conserve Battery","Cold Snap","Skim","Coolheaded","Blizzard+1","Streamline","Turbo+1","Core Surge","Genetic Algorithm","Coolheaded","Turbo"],"relics":["Cracked Core","Gambling Chip","Pantograph","Medical Kit","Philosopher\u0027s Stone"],"acts_visited":["Exordium","TheCity"],"potions_floor_usage":[8,16,21,22],"damage_taken":[{"damage":0.0,"enemies":"2 Louse","floor":1.0,"turns":3.0},{"damage":2.0,"enemies":"Jaw Worm","floor":2.0,"turns":2.0},{"damage":0.0,"enemies":"Cultist","floor":3.0,"turns":2.0},{"damage":0,"enemies":"Exordium Wildlife","floor":7,"turns":3},{"damage":6,"enemies":"3 Sentries","floor":8,"turns":7},{"damage":6,"enemies":"Exordium Thugs","floor":10,"turns":6},{"damage":4,"enemies":"2 Fungi Beasts","floor":12,"turns":3},{"damage":8,"enemies":"Slime Boss","floor":16,"turns":8},{"damage":17,"enemies":"3 Byrds","floor":18,"turns":5},{"damage":2,"enemies":"2 Thieves","floor":21,"turns":4},{"damage":27,"enemies":"Sentry and Sphere","floor":22,"turns":7},{"damage":34,"enemies":"Slavers","floor":24,"turns":1}],"seed_played":"-9110120759736231152","potions_obtained":[{"floor":2.0,"key":"Strength Potion"},{"floor":8,"key":"BlessingOfTheForge"},{"floor":11,"key":"PowerPotion"},{"floor":18,"key":"Energy Potion"}],"is_trial":false,"path_per_floor":["M","M","M","?","?","R","M","E","T","M","?","M","R","$","R","B",null,"M","?","?","M","M","R","E"],"character_chosen":"DEFECT","items_purchased":["Turbo","Medical Kit"],"campfire_rested":1,"item_purchase_floors":[14,14],"current_hp_per_floor":[68,66,66,51,44,44,44,38,38,32,32,28,28,28,28,45,68,51,37,37,35,8,32,0,0],"gold":167,"neow_bonus":"ONE_RARE_RELIC","is_daily":false,"chose_seed":false,"campfire_upgraded":3,"win_rate":0.0,"timestamp":1610468742,"path_taken":["M","M","M","?","?","R","?","E","T","M","?","M","R","$","R","BOSS","M","?","?","M","M","R","E"],"items_purchased_type":["Card","Relic"],"build_version":"2020-12-22","purchased_purges":0,"victory":false,"max_hp_per_floor":[75,75,75,75,75,75,75,75,75,75,75,75,75,75,75,75,75,75,80,80,80,80,80,80,80],"card_choices":[{"not_picked":["Beam Cell","Compile Driver"],"picked":"Lockon","floor":1.0},{"not_picked":["Leap","Hologram"],"picked":"Conserve Battery","floor":2.0},{"not_picked":["Sweeping Beam","Barrage"],"picked":"Cold Snap","floor":3.0},{"not_picked":["Redo","Leap"],"picked":"Skim","floor":7},{"not_picked":["Skim","Leap"],"picked":"Coolheaded","floor":8},{"not_picked":["Reprogram","Stack"],"picked":"Blizzard","floor":10},{"not_picked":["Rebound","Conserve Battery"],"picked":"Streamline","floor":12},{"not_picked":["All For One","Thunder Strike"],"picked":"Core Surge","floor":16},{"not_picked":["Steam","Leap","Stack"],"picked":"SKIP","floor":18},{"not_picked":["Sweeping Beam","Ball Lightning"],"picked":"Coolheaded","floor":21},{"not_picked":["Redo","Compile Driver"],"picked":"Turbo","floor":22}],"player_experience":711457,"relics_obtained":[{"floor":8,"key":"Pantograph"}],"event_choices":[{"damage_healed":0.0,"max_hp_gain":0.0,"max_hp_loss":0.0,"gold_gain":0.0,"event_name":"Shining Light","player_choice":"Entered Light","floor":4.0,"gold_loss":0.0,"damage_taken":15.0,"cards_upgraded":["Defend_B","Strike_B"]},{"damage_healed":0,"gold_gain":75,"player_choice":"Touch","damage_taken":7,"max_hp_gain":0,"max_hp_loss":0,"event_name":"FaceTrader","floor":5,"gold_loss":0},{"damage_healed":0,"gold_gain":0,"player_choice":"Bought 1 Potion","damage_taken":0,"max_hp_gain":0,"max_hp_loss":0,"event_name":"The Woman in Blue","floor":11,"gold_loss":0},{"damage_healed":0,"gold_gain":0,"player_choice":"Shed Blood","damage_taken":19,"max_hp_gain":5,"max_hp_loss":0,"event_name":"Forgotten Altar","floor":19,"gold_loss":0},{"damage_healed":0,"gold_gain":0,"player_choice":"Read","damage_taken":0,"max_hp_gain":0,"max_hp_loss":0,"event_name":"The Library","floor":20,"gold_loss":0,"cards_obtained":["Genetic Algorithm"]}],"is_beta":false,"boss_relics":[{"not_picked":["Velvet Choker","Cursed Key"],"picked":"Philosopher\u0027s Stone"}],"items_purged_floors":[],"is_endless":false,"potions_floor_spawned":[2,8,12,18],"killed_by":"Slavers","ascension_level":11}}