{"host":"1n288js6hgq5nx1s","time":1610474346,"event":{"mods":["AchievementEnabler","BaseMod","Block Reminder","Colored Powertips","Googly Eyes","Minty Spire (QoL Compilation)","Rare Cards Sparkle","StSLib"],"gold_per_floor":[115,115,130,145,145,173,187,187,187,187,201,231,249,249,249,346,346,364,375,3,14,31,31,51,51,77,89,101,101,111,143,143,242,242,261,261,280,280,280],"floor_reached":38,"playtime":1815,"items_purged":[],"score":433,"play_id":"8b87abeb-6d32-414a-9908-88aeec0f7b08","local_time":"20210112215906","is_ascension_mode":true,"campfire_choices":[{"data":"Beam Cell","floor":8.0,"key":"SMITH"},{"floor":10.0,"key":"REST"},{"floor":15.0,"key":"REST"},{"floor":23.0,"key":"REST"},{"floor":25.0,"key":"REST"},{"data":"Creative AI","floor":29.0,"key":"SMITH"},{"floor":32.0,"key":"REST"}],"circlet_count":0,"master_deck":["Strike_B","Strike_B","Strike_B","Strike_B","Defend_B","Defend_B","Defend_B","Zap","Dualcast","Defragment+1","Chill","Capacitor","Creative AI+1","Beam Cell+1","Conserve Battery","Heatsinks","Barrage+1","Thunder Strike+1","Leap","Static Discharge+1","Melter+1","Go for the Eyes+1","Cold Snap+1","Loop+1","Sunder+1","Conserve Battery","Consume","Defragment","Streamline+1","Buffer","Melter+1","Redo+1"],"relics":["Cracked Core","NeowsBlessing","Pantograph","Molten Egg 2","Mummified Hand","Sozu","Eternal Feather","Omamori","Toy Ornithopter","Fusion Hammer"],"acts_visited":["Exordium","TheCity","TheBeyond"],"potions_floor_usage":[],"damage_taken":[{"damage":0.0,"enemies":"Jaw Worm","floor":1.0,"turns":1.0},{"damage":0.0,"enemies":"2 Louse","floor":3.0,"turns":1.0},{"damage":0.0,"enemies":"Small Slimes","floor":4.0,"turns":1.0},{"damage":28.0,"enemies":"3 Sentries","floor":6.0,"turns":8.0},{"damage":16.0,"enemies":"Gremlin Gang","floor":7.0,"turns":6.0},{"damage":5.0,"enemies":"Looter","floor":11.0,"turns":3.0},{"damage":17.0,"enemies":"Gremlin Nob","floor":12.0,"turns":3.0},{"damage":4.0,"enemies":"Exordium Wildlife","floor":13.0,"turns":3.0},{"damage":36.0,"enemies":"Hexaghost","floor":16.0,"turns":7.0},{"damage":13.0,"enemies":"3 Byrds","floor":18.0,"turns":6.0},{"damage":13.0,"enemies":"2 Thieves","floor":19.0,"turns":5.0},{"damage":17.0,"enemies":"3 Cultists","floor":21.0,"turns":5.0},{"damage":25.0,"enemies":"Cultist and Chosen","floor":22.0,"turns":6.0},{"damage":34.0,"enemies":"Chosen and Byrds","floor":24.0,"turns":6.0},{"damage":3.0,"enemies":"3 Cultists","floor":27.0,"turns":3.0},{"damage":5.0,"enemies":"Snecko","floor":28.0,"turns":4.0},{"damage":0.0,"enemies":"Sentry and Sphere","floor":30.0,"turns":3.0},{"damage":30.0,"enemies":"Book of Stabbing","floor":31.0,"turns":3.0},{"damage":22,"enemies":"Collector","floor":33,"turns":8},{"damage":12,"enemies":"3 Darklings","floor":35,"turns":6},{"damage":37,"enemies":"3 Shapes","floor":37,"turns":4},{"damage":30,"enemies":"2 Orb Walkers","floor":38,"turns":2}],"seed_played":"-5633343259419760202","potions_obtained":[{"floor":4.0,"key":"ColorlessPotion"},{"floor":7.0,"key":"Energy Potion"},{"floor":11.0,"key":"ColorlessPotion"},{"floor":12.0,"key":"DuplicationPotion"},{"floor":13.0,"key":"Fire Potion"}],"is_trial":false,"path_per_floor":["M","?","M","M","?","E","M","R","T","R","M","E","M","?","R","B",null,"M","M","$","M","M","R","M","R","T","M","M","R","M","E","R","B",null,"M","?","M","?"],"character_chosen":"DEFECT","items_purchased":["Melter+1","Eternal Feather","Go for the Eyes+1"],"campfire_rested":5,"item_purchase_floors":[20,20,20],"current_hp_per_floor":[75,75,75,75,75,47,31,31,31,53,48,31,27,27,49,38,75,62,49,49,32,7,44,10,47,47,44,39,54,54,24,64,53,75,63,63,26,0,0],"gold":280,"neow_bonus":"THREE_ENEMY_KILL","is_daily":false,"chose_seed":false,"campfire_upgraded":2,"win_rate":0.0,"timestamp":1610474346,"path_taken":["M","?","M","M","?","E","M","R","T","R","M","E","M","?","R","BOSS","M","M","$","M","M","R","M","R","T","?","?","R","M","E","R","BOSS","M","?","M","?"],"items_purchased_type":["Card","Relic","Card"],"build_version":"2020-12-22","purchased_purges":0,"victory":false,"max_hp_per_floor":[75,75,75,75,75,75,75,75,75,75,75,75,75,75,75,75,75,75,75,75,75,75,75,75,75,75,75,75,75,75,75,75,75,75,75,75,75,75,75],"card_choices":[{"not_picked":["Hologram","Sunder"],"picked":"Defragment","floor":1.0},{"not_picked":["Leap","Auto Shields"],"picked":"Chill","floor":3.0},{"not_picked":["Defragment","Reinforced Body"],"picked":"Capacitor","floor":4.0},{"not_picked":["Steam","Hologram"],"picked":"Creative AI","floor":6.0},{"not_picked":["Consume","Hologram"],"picked":"Beam Cell","floor":7.0},{"not_picked":["Stack","Leap"],"picked":"Conserve Battery","floor":11.0},{"not_picked":["Streamline+1","Gash+1"],"picked":"Heatsinks","floor":12.0},{"not_picked":["Streamline+1","Leap"],"picked":"Barrage+1","floor":13.0},{"not_picked":["Fission","Seek"],"picked":"Thunder Strike+1","floor":16.0},{"not_picked":["Self Repair","Steam"],"picked":"Leap","floor":18.0},{"not_picked":["Cold Snap+1","Scrape+1"],"picked":"Static Discharge+1","floor":19.0},{"not_picked":["Hologram","Chaos"],"picked":"Cold Snap+1","floor":21.0},{"not_picked":["Steam","Reprogram"],"picked":"Loop+1","floor":22.0},{"not_picked":["Amplify","Skim"],"picked":"Sunder+1","floor":24.0},{"not_picked":["Heatsinks","Go for the Eyes+1"],"picked":"Conserve Battery","floor":27.0},{"not_picked":["Rebound+1","Coolheaded"],"picked":"Consume","floor":28.0},{"not_picked":["Cold Snap+1","Rip and Tear+1"],"picked":"Defragment","floor":30.0},{"not_picked":["Go for the Eyes+1","Cold Snap+1"],"picked":"Streamline+1","floor":31.0},{"not_picked":["Machine Learning","Thunder Strike+1"],"picked":"Buffer","floor":33},{"not_picked":["Rip and Tear+1","Rebound+1"],"picked":"Melter+1","floor":35},{"not_picked":["Sunder+1","Doom and Gloom+1"],"picked":"Redo+1","floor":37}],"player_experience":54213,"relics_obtained":[{"floor":6.0,"key":"Pantograph"},{"floor":9.0,"key":"Molten Egg 2"},{"floor":12.0,"key":"Mummified Hand"},{"floor":26.0,"key":"Omamori"},{"floor":31.0,"key":"Toy Ornithopter"}],"event_choices":[{"damage_healed":0.0,"max_hp_gain":0.0,"max_hp_loss":0.0,"gold_gain":0.0,"event_name":"Living Wall","player_choice":"Grow","floor":2.0,"gold_loss":0.0,"damage_taken":0.0,"cards_upgraded":["Defragment"]},{"damage_healed":0.0,"max_hp_gain":0.0,"max_hp_loss":0.0,"gold_gain":0.0,"event_name":"Golden Wing","player_choice":"Ignored","floor":5.0,"gold_loss":0.0,"damage_taken":0.0},{"damage_healed":0.0,"max_hp_gain":0.0,"max_hp_loss":0.0,"gold_gain":0.0,"event_name":"Lab","player_choice":"Got Potions","floor":14.0,"gold_loss":0.0,"damage_taken":0.0},{"cards_removed":["Defend_B"],"damage_healed":0,"gold_gain":0,"player_choice":"Removed Skill","damage_taken":0,"max_hp_gain":0,"max_hp_loss":0,"event_name":"Falling","floor":36,"gold_loss":0},{"damage_healed":0,"gold_gain":0,"player_choice":"Fight","damage_taken":0,"max_hp_gain":0,"max_hp_loss":0,"event_name":"Mysterious Sphere","floor":38,"gold_loss":0}],"is_beta":false,"boss_relics":[{"not_picked":["Coffee Dripper","Tiny House"],"picked":"Sozu"},{"not_picked":["Runic Pyramid","FrozenCore"],"picked":"Fusion Hammer"}],"items_purged_floors":[],"is_endless":false,"potions_floor_spawned":[4,7,11,12,13,19,24,31,33,37],"killed_by":"2 Orb Walkers","ascension_level":1}}