{"host":"qwv9nni2x0umspiu","time":1610445610,"event":{"mods":["BaseMod","Downfall","Minty Spire (QoL Compilation)","Replay The Spire","StSLib","The Hierophant","Wandering Minibosses"],"gold_per_floor":[115,40,54,72,63,63,83,83,83,111,111,111,130,130,30,40,40,20,20],"floor_reached":18,"playtime":513,"items_purged":["hierophant:Strike_Hierophant","hierophant:Strike_Hierophant"],"score":278,"play_id":"824e72b6-f4db-4027-8a2a-48701d007b7b","local_time":"20210112020010","is_ascension_mode":true,"campfire_choices":[{"data":"hierophant:Punish","floor":6,"key":"SMITH"},{"data":"hierophant:ChurchCoffers","floor":8,"key":"SMITH"},{"data":"hierophant:Community","floor":14,"key":"SMITH"},{"data":"hierophant:Chorus","floor":17,"key":"SMITH"}],"circlet_count":0,"master_deck":["AscendersBane","hierophant:Strike_Hierophant","hierophant:Strike_Hierophant","hierophant:Punish+1","hierophant:Defend_Hierophant","hierophant:Defend_Hierophant","hierophant:Defend_Hierophant","hierophant:Defend_Hierophant","hierophant:ChurchCoffers+1","hierophant:Zeal","hierophant:Smite","hierophant:Community+1","hierophant:Racketeering","hierophant:Chorus+1"],"relics":["hierophant:PropheticMaskRelic","NeowsBlessing","ReplayTheSpireMod:Shallot","Darkstone Periapt"],"acts_visited":["Exordium"],"potions_floor_usage":[10,10,18],"damage_taken":[{"damage":0,"enemies":"Jaw Worm","floor":1,"turns":1},{"damage":0,"enemies":"Small Slimes","floor":3,"turns":1},{"damage":0,"enemies":"2 Louse","floor":4,"turns":1},{"damage":11,"enemies":"Blue Slaver","floor":5,"turns":3},{"damage":9,"enemies":"Large Slime","floor":7,"turns":4},{"damage":0,"enemies":"3 Sentries","floor":10,"turns":4},{"damage":0,"enemies":"3 Louse","floor":13,"turns":1},{"damage":0,"enemies":"Exordium Thugs","floor":16,"turns":4},{"damage":24,"enemies":"Hexaghost","floor":18,"turns":7}],"seed_played":"-7574931586484849905","potions_obtained":[{"floor":4,"key":"Adrenaline Potion"},{"floor":7,"key":"BlessingOfTheForge"},{"floor":13,"key":"Elixir"}],"is_trial":false,"path_per_floor":["M","$","M","M","M","R","M","R","T","E","PTL","PTL","M","R","$","M","R","B"],"character_chosen":"HIEROPHANT","items_purchased":[],"campfire_rested":0,"item_purchase_floors":[],"current_hp_per_floor":[68,68,68,68,57,57,48,48,48,48,48,48,48,48,48,48,48,24,24],"gold":20,"neow_bonus":"THREE_ENEMY_KILL","is_daily":false,"chose_seed":false,"campfire_upgraded":4,"win_rate":0.0,"timestamp":1610445610,"path_taken":["M","$","M","M","M","R","M","R","T","E","PTL","PTL","M","M","R","$","M","R","BOSS"],"items_purchased_type":[],"build_version":"2020-12-22","purchased_purges":2,"victory":false,"max_hp_per_floor":[75,75,75,75,75,75,75,75,75,75,75,75,75,75,75,75,75,75,75],"card_choices":[{"not_picked":["hierophant:Purify","hierophant:PristineSoul"],"picked":"hierophant:Zeal","floor":1},{"not_picked":["hierophant:OrnateBuckler","hierophant:Blessing","hierophant:DisplayOfPower"],"picked":"SKIP","floor":3},{"not_picked":["hierophant:RecallFunds","hierophant:RepressedViolence","hierophant:ThreeLashes"],"picked":"SKIP","floor":4},{"not_picked":["hierophant:Endure","hierophant:RustyCrate"],"picked":"hierophant:Smite","floor":5},{"not_picked":["hierophant:Sermon","hierophant:OrnateBuckler"],"picked":"hierophant:Community","floor":7},{"not_picked":["hierophant:PristineSoul","hierophant:Remorse","hierophant:RecallFunds"],"picked":"SKIP","floor":10},{"not_picked":["hierophant:SolarFlare","hierophant:Shelter"],"picked":"hierophant:Racketeering","floor":13},{"not_picked":["hierophant:Sermon","hierophant:MintersHammer"],"picked":"hierophant:Chorus","floor":16}],"player_experience":1351774,"relics_obtained":[{"floor":9,"key":"ReplayTheSpireMod:Shallot"},{"floor":10,"key":"Darkstone Periapt"}],"event_choices":[],"is_beta":false,"boss_relics":[],"items_purged_floors":[2,15],"is_endless":false,"potions_floor_spawned":[4,7,13],"killed_by":"Hexaghost","ascension_level":20}}