{"host":"l84l8xigz5v5foa2","time":1610467794,"event":{"mods":["2.2 Compatiblity","AchievementEnabler","BaseMod","Better Note","Better Vampires","Card Filter","Colored Map","DeckTracker","Downfall","Gremlin Skip","Highlight Path","Keyboard Shortcuts","Minty Spire (QoL Compilation)","Permanent Neow","Quick Restart","Relic Filter","Relic Stats","StSLib","SuperFastMode","Transform Curses","Unknown Chances"],"gold_per_floor":[349,368,8,8,8,27,27,27,57,42,58,89,89,89,107,180,180,180,194,194,213,224,224,224,238,238,254,269,194,194,222,241,318,318,243,254,139,193,203,218,298,440,451,468,393,424,440,440,456,456,456,481,10,10,10],"floor_reached":56,"playtime":4065,"items_purged":["Guardian:Strike_Guardian","Guardian:Defend_Guardian","Guardian:Strike_Guardian","Guardian:Strike_Guardian"],"score":2677,"play_id":"c7202c06-e7ba-466d-9034-d79d4b8d6f3c","local_time":"20210113010954","is_ascension_mode":true,"campfire_choices":[{"data":"Guardian:TwinSlam","floor":1.0,"key":"SMITH"},{"data":"Guardian:CurlUp","floor":8.0,"key":"SMITH"},{"data":"Guardian:PiercingHide","floor":13.0,"key":"SMITH"},{"data":"Guardian:Suspension","floor":18.0,"key":"SMITH"},{"data":"Guardian:Recover","floor":23.0,"key":"SMITH"},{"floor":26.0,"key":"RECALL"},{"data":"Guardian:FuturePlans","floor":29.0,"key":"SMITH"},{"data":"Guardian:Harden","floor":35.0,"key":"SMITH"},{"data":"Guardian:FastForward","floor":45,"key":"SMITH"},{"data":"Guardian:StasisEngine","floor":54,"key":"SMITH"}],"circlet_count":0,"master_deck":["AscendersBane","Guardian:CurlUp+1","Guardian:TwinSlam+1","Guardian:PiercingHide+1","Guardian:Incinerate","Guardian:RevengeProtocol+1","Guardian:Suspension+1","Guardian:Reroute+1","Guardian:ShieldCharger","Guardian:TimeCapacitor","Guardian:FuturePlans+1","Guardian:Orbwalk","Guardian:Harden+1","Guardian:FastForward+1","Guardian:Recover+1","Guardian:GuardianWhirl","Guardian:BronzeOrb","Guardian:SentryBeam","Guardian:FloatingOrbs","Guardian:StasisEngine+1","Guardian:Repulse+1"],"relics":["Guardian:ModeShifter","Gremlin Horn","Kunai","Odd Mushroom","Ancient Tea Set","expansioncontent:StudyCardRelic","White Beast Statue","downfall:HeartBlessingRed","HornCleat","Empty Cage","downfall:HeartBlessingGreen","TungstenRod","downfall:HeartBlessingBlue","Bag of Marbles","Nunchaku","sneckomod:BlankCard","HandDrill"],"acts_visited":["Exordium","TheCity","TheBeyond","TheEnding"],"potions_floor_usage":[42,44,52,55,55],"damage_taken":[{"damage":3.0,"enemies":"2 Louse","floor":2.0,"turns":3.0},{"damage":0.0,"enemies":"downfall:FleeingMerchant","floor":3.0,"turns":4.0},{"damage":1.0,"enemies":"Jaw Worm","floor":6.0,"turns":3.0},{"damage":2.0,"enemies":"The Mushroom Lair","floor":9.0,"turns":5.0},{"damage":4.0,"enemies":"downfall:FleeingMerchant","floor":10.0,"turns":4.0},{"damage":6.0,"enemies":"Cultist","floor":11.0,"turns":4.0},{"damage":15.0,"enemies":"3 Sentries","floor":12.0,"turns":12.0},{"damage":1.0,"enemies":"2 Fungi Beasts","floor":15.0,"turns":3.0},{"damage":6.0,"enemies":"downfall:Ironclad","floor":16.0,"turns":9.0},{"damage":0.0,"enemies":"Chosen","floor":19.0,"turns":5.0},{"damage":0.0,"enemies":"Shell Parasite","floor":21.0,"turns":3.0},{"damage":2.0,"enemies":"Snake Plant","floor":22.0,"turns":3.0},{"damage":8.0,"enemies":"Centurion and Healer","floor":25.0,"turns":5.0},{"damage":0.0,"enemies":"Sentry and Sphere","floor":27.0,"turns":4.0},{"damage":0.0,"enemies":"Cultist and Chosen","floor":28.0,"turns":5.0},{"damage":26.0,"enemies":"Slavers","floor":31.0,"turns":5.0},{"damage":0.0,"enemies":"Centurion and Healer","floor":32.0,"turns":4.0},{"damage":0.0,"enemies":"downfall:Defect","floor":33.0,"turns":7.0},{"damage":7.0,"enemies":"3 Darklings","floor":36.0,"turns":4.0},{"damage":0.0,"enemies":"downfall:FleeingMerchant","floor":37.0,"turns":4.0},{"damage":25.0,"enemies":"2 Orb Walkers","floor":38.0,"turns":5.0},{"damage":0.0,"enemies":"3 Shapes","floor":39.0,"turns":5.0},{"damage":0.0,"enemies":"Writhing Mass","floor":40.0,"turns":5.0},{"damage":0,"enemies":"downfall:FleeingMerchant","floor":42,"turns":3},{"damage":0,"enemies":"Sphere and 2 Shapes","floor":43,"turns":3},{"damage":0,"enemies":"4 Shapes","floor":44,"turns":5},{"damage":0,"enemies":"Reptomancer","floor":46,"turns":4},{"damage":1,"enemies":"Jaw Worm Horde","floor":47,"turns":4},{"damage":0,"enemies":"Maw","floor":49,"turns":5},{"damage":0,"enemies":"downfall:Watcher","floor":50,"turns":4},{"damage":0,"enemies":"downfall:CharBossMerchant","floor":52,"turns":5},{"damage":0,"enemies":"downfall:NeowBoss","floor":55,"turns":10}],"seed_played":"3269540699279207771","potions_obtained":[{"floor":11.0,"key":"SneckoOil"},{"floor":12.0,"key":"SpeedPotion"},{"floor":16.0,"key":"Explosive Potion"},{"floor":21.0,"key":"CultistPotion"},{"floor":25.0,"key":"DuplicationPotion"},{"floor":31.0,"key":"Regen Potion"},{"floor":32.0,"key":"Energy Potion"},{"floor":38.0,"key":"Swift Potion"},{"floor":39.0,"key":"Block Potion"},{"floor":40.0,"key":"PowerPotion"},{"floor":42,"key":"FearPotion"},{"floor":43,"key":"Fire Potion"},{"floor":44,"key":"sneckomod:MuddlingPotion"},{"floor":46,"key":"Block Potion"},{"floor":52,"key":"ColorlessPotion"}],"is_trial":false,"path_per_floor":["R","M","$","?","?","M","T","R","?","$","M","E","R","?","M","B",null,"R","M","?","M","M","R","T","M","R","M","M","R","?","E","M","B",null,"R","M","$","?","M","M","T","$","M","M","R","E","M","?","M","B",null,"E","$","R","B",null],"character_chosen":"GUARDIAN","items_purchased":["Gremlin Horn","Guardian:SentryBeam","sneckomod:BlankCard","HandDrill"],"campfire_rested":0,"item_purchase_floors":[3,42,53,53],"current_hp_per_floor":[65,62,62,62,62,61,61,61,59,55,49,34,34,34,33,27,56,56,56,56,56,54,54,54,46,46,46,46,46,46,20,32,32,57,57,50,50,25,25,25,25,25,25,25,35,35,34,34,34,34,65,65,65,65,65],"gold":10,"neow_bonus":"TWO_FIFTY_GOLD","is_daily":false,"chose_seed":false,"campfire_upgraded":9,"win_rate":0.0,"timestamp":1610467794,"path_taken":["R","M","$","?","?","M","T","R","?","?","?","E","R","?","M","BOSS","R","M","?","M","M","R","T","M","R","M","M","R","?","E","M","BOSS","R","M","$","?","M","M","T","$","M","M","R","E","M","?","M","BOSS","E","$","R","BOSS"],"items_purchased_type":["Relic","Card","Relic","Relic"],"build_version":"2020-12-22","purchased_purges":4,"victory":true,"max_hp_per_floor":[65,65,65,65,65,65,65,65,65,65,65,65,65,65,65,65,65,65,65,65,65,65,65,65,65,65,65,65,65,65,65,65,65,65,65,65,65,65,65,65,65,65,65,65,75,75,75,75,75,75,75,75,75,75,75],"relic_stats":{"Nunchaku":[4],"Gremlin Horn":[33,33],"counters":[32,154],"HandDrill":[0],"Kunai":[66],"obtain_stats":[{"Gremlin Horn":3,"downfall:HeartBlessingRed":29,"sneckomod:BlankCard":53,"Guardian:ModeShifter":0,"downfall:HeartBlessingGreen":35,"expansioncontent:StudyCardRelic":17,"Odd Mushroom":9,"Ancient Tea Set":12,"Empty Cage":34,"White Beast Statue":24,"Nunchaku":52,"HornCleat":31,"downfall:HeartBlessingBlue":45,"Bag of Marbles":46,"HandDrill":53,"Kunai":7,"TungstenRod":38},{"Gremlin Horn":2,"downfall:HeartBlessingRed":15,"sneckomod:BlankCard":31,"Guardian:ModeShifter":0,"downfall:HeartBlessingGreen":18,"expansioncontent:StudyCardRelic":9,"Odd Mushroom":4,"Ancient Tea Set":7,"Empty Cage":18,"White Beast Statue":12,"Nunchaku":31,"HornCleat":16,"downfall:HeartBlessingBlue":26,"Bag of Marbles":27,"HandDrill":31,"Kunai":3,"TungstenRod":21},{"Gremlin Horn":7,"downfall:HeartBlessingRed":72,"sneckomod:BlankCard":144,"Guardian:ModeShifter":0,"downfall:HeartBlessingGreen":88,"expansioncontent:StudyCardRelic":47,"Odd Mushroom":15,"Ancient Tea Set":35,"Empty Cage":88,"White Beast Statue":58,"Nunchaku":144,"HornCleat":77,"downfall:HeartBlessingBlue":122,"Bag of Marbles":126,"HandDrill":144,"Kunai":10,"TungstenRod":101}],"TungstenRod":3},"card_choices":[{"not_picked":["Guardian:CrystalBeam","Guardian:VentSteam"],"picked":"Guardian:PiercingHide","floor":2.0},{"not_picked":["Guardian:ShieldCharger","Guardian:Planning"],"picked":"Guardian:Incinerate","floor":3.0},{"not_picked":["Guardian:Gem_Crimson","Guardian:DecasProtection"],"picked":"Guardian:Recover","floor":6.0},{"not_picked":["Guardian:WalkerClaw","Guardian:PrismaticBeam"],"picked":"Guardian:Gem_Synthetic","floor":10.0},{"not_picked":["Guardian:Planning","Guardian:ChargeCore"],"picked":"Guardian:Gem_Cyan","floor":11.0},{"not_picked":["Guardian:Harden","Guardian:TimeSifter"],"picked":"Guardian:RevengeProtocol","floor":12.0},{"not_picked":["Guardian:WalkerClaw","Guardian:VentSteam"],"picked":"Guardian:Suspension","floor":15.0},{"not_picked":["Guardian:RevengeProtocol","Guardian:SphericShield"],"picked":"Guardian:Gem_Synthetic","floor":16.0},{"not_picked":["Guardian:DonusPower+1","Guardian:ChargeCore"],"picked":"Guardian:Reroute+1","floor":19.0},{"not_picked":["Guardian:Gem_Green","Guardian:Planning+1"],"picked":"Guardian:Gem_Fragmented","floor":21.0},{"not_picked":["Guardian:PrimingBeam","Guardian:Gem_Crimson"],"picked":"Guardian:ShieldCharger","floor":22.0},{"not_picked":["Guardian:WalkerClaw","Guardian:TemporalShield"],"picked":"Guardian:TimeCapacitor","floor":25.0},{"not_picked":["Guardian:Gem_Blue","Guardian:Incinerate"],"picked":"Guardian:FuturePlans","floor":27.0},{"not_picked":["Guardian:TimeCapacitor","Guardian:TimeSifter"],"picked":"Guardian:Gem_Cyan","floor":28.0},{"not_picked":["Guardian:Incinerate+1","Guardian:ShieldSpikes"],"picked":"Guardian:Orbwalk","floor":31.0},{"not_picked":["Guardian:Preprogram","Guardian:CrystalBeam"],"picked":"Guardian:Harden","floor":32.0},{"not_picked":["Guardian:StasisStrike","Guardian:HyperBeam_Guardian"],"picked":"Guardian:FastForward","floor":33.0},{"not_picked":["Guardian:RollAttack","Guardian:WalkerClaw"],"picked":"Guardian:Recover+1","floor":36.0},{"not_picked":["Guardian:CrystalBeam","Guardian:ConstructionForm","Guardian:Emergency"],"picked":"SKIP","floor":37.0},{"not_picked":["Guardian:Gem_Cyan","Guardian:TemporalStrike"],"picked":"Guardian:GuardianWhirl","floor":38.0},{"not_picked":["Guardian:RollAttack","Guardian:VentSteam"],"picked":"Guardian:BronzeOrb","floor":39.0},{"not_picked":["Guardian:PiercingHide","Guardian:ChargeCore+1","Guardian:RollAttack+1"],"picked":"SKIP","floor":40.0},{"not_picked":["Guardian:ShieldSpikes","Guardian:AncientConstruct","Guardian:RollAttack"],"picked":"SKIP","floor":42},{"not_picked":["Guardian:ChargeUp","Guardian:PiercingHide","Guardian:ShieldCharger"],"picked":"SKIP","floor":43},{"not_picked":["Guardian:ChargeUp","Guardian:PiercingHide","Guardian:ShieldCharger"],"picked":"SKIP","floor":43},{"not_picked":["Guardian:GuardianWhirl","Guardian:ChargeCore"],"picked":"Guardian:Gem_Cyan","floor":44},{"not_picked":["Guardian:Preprogram","Guardian:PrimingBeam"],"picked":"Guardian:FloatingOrbs","floor":46},{"not_picked":["Guardian:PrimingBeam","Guardian:WalkerClaw","Guardian:Gem_Yellow"],"picked":"SKIP","floor":47},{"not_picked":["Guardian:DecasProtection+1","Guardian:PiercingHide"],"picked":"Guardian:StasisEngine","floor":49},{"not_picked":["Guardian:GuardianWhirl+1","Guardian:GatlingBeam"],"picked":"Guardian:Repulse+1","floor":52}],"player_experience":3132221,"relics_obtained":[{"floor":7.0,"key":"Kunai"},{"floor":9.0,"key":"Odd Mushroom"},{"floor":12.0,"key":"Ancient Tea Set"},{"floor":24.0,"key":"White Beast Statue"},{"floor":31.0,"key":"HornCleat"},{"floor":38.0,"key":"TungstenRod"},{"floor":46,"key":"Bag of Marbles"},{"floor":52,"key":"Nunchaku"}],"event_choices":[{"cards_removed":["Guardian:Defend_Guardian"],"damage_healed":0.0,"max_hp_gain":0.0,"max_hp_loss":0.0,"gold_gain":0.0,"event_name":"The Cleric","player_choice":"Card Removal","floor":4.0,"gold_loss":0.0,"damage_taken":0.0},{"damage_healed":0.0,"max_hp_gain":0.0,"max_hp_loss":0.0,"gold_gain":0.0,"event_name":"Mushrooms","player_choice":"Fought Mushrooms","floor":9.0,"gold_loss":0.0,"damage_taken":0.0},{"damage_healed":0.0,"max_hp_gain":0.0,"max_hp_loss":0.0,"gold_gain":0.0,"event_name":"Upgrade Shrine","player_choice":"Upgraded","floor":14.0,"gold_loss":0.0,"damage_taken":0.0,"cards_upgraded":["Guardian:RevengeProtocol"]},{"damage_healed":0.0,"max_hp_gain":0.0,"max_hp_loss":0.0,"gold_gain":0.0,"event_name":"Vampires","player_choice":"Ignored","floor":30.0,"gold_loss":0.0,"damage_taken":0.0},{"damage_healed":0.0,"max_hp_gain":0.0,"max_hp_loss":0.0,"gold_gain":0.0,"event_name":"Mysterious Sphere","player_choice":"Fight","floor":38.0,"gold_loss":0.0,"damage_taken":0.0},{"cards_removed":["Guardian:Recover"],"damage_healed":0,"gold_gain":0,"player_choice":"Removed Skill","damage_taken":0,"max_hp_gain":0,"max_hp_loss":0,"event_name":"Falling","floor":48,"gold_loss":0}],"is_beta":false,"boss_relics":[{"not_picked":["Calling Bell","Runic Pyramid"],"picked":"expansioncontent:StudyCardRelic"},{"not_picked":["Fusion Hammer","Guardian:StasisSlotReductionRelic"],"picked":"Empty Cage"}],"items_purged_floors":[3,37,42,53],"is_endless":false,"potions_floor_spawned":[11,12,16,21,25,27,28,31,32,33,36,37,38,39,40,42,43,44,46,47,49,52],"ascension_level":20}}