{"host":"jfbo3eu2ui08ej1u","time":1610471679,"event":{"mods":["2.2 Compatiblity","AchievementEnabler","Act Like it!","Aspiration","BaseMod","Better Altar","Better Match","Better Note","Better Sensory Stone","Better Skull","Better Third Choice","Block Reminder","Colored Map","Colored Powertips","Conspire","DeckTracker","Displayed Cursed Tome","Downfall","Energized Spire","Fox Events","GifTheSpireLib","Hermit","Hubris","Infinite Spire","Marked Mod","Minty Spire (QoL Compilation)","Pale of the Ancients","Quick Restart","RRrroohrrRGHHhhh!!","Relic Filter","Reorder Act Four","Replay The Spire","Shop Mod","Spicy Shops","StSLib","Stuff the Spire","The Blue Laboratory","The Disciple","The Forsaken","The Hierophant","The Marked","Uncapped","Unceasing Turn Reminder","Wandering Minibosses"],"gold_per_floor":[99,113,124,47,47,47,74,74,85,85,97,7,7,42,61,175,175,100,110,110,119,169,169,169,182,226,276,276,301,301,82,99,99,99,99],"floor_reached":33,"playtime":1166,"items_purged":["champ:Strike","champ:Strike"],"score":306,"play_id":"6a500a67-193a-4719-9f15-82ec3fed6614","local_time":"20210112121439","is_ascension_mode":false,"campfire_choices":[{"data":"champ:Taunt","floor":1.0,"key":"SMITH"},{"data":"champ:AdrenalArmor","floor":6.0,"key":"SMITH"},{"data":"champ:RecklessLeap","floor":8.0,"key":"SMITH"},{"data":"champ:BerserkerStyle","floor":10,"key":"SMITH"},{"data":"champ:Backstep","floor":13,"key":"SMITH"},{"data":"champ:IgnorePain","floor":18,"key":"SMITH"},{"data":"champ:StanceDance","floor":23,"key":"SMITH"},{"data":"champ:Encircle","floor":28,"key":"SMITH"},{"data":"champ:Execute","floor":30,"key":"SMITH"}],"circlet_count":0,"master_deck":["champ:Strike","champ:Strike","champ:Defend","champ:Defend","champ:Taunt+1","champ:RecklessLeap+1","champ:ShieldWall","champ:AdrenalArmor+1","champ:Execute+1","champ:BerserkerStyle+1","champ:Backstep+1","champ:Encircle+1","champ:IgnorePain+1","champ:StanceDance+1","champ:RecklessLeap+1","champ:RecklessLeap"],"relics":["champ:ChampionCrown","StuffTheSpire:Mouthbags","CeramicFish","StuffTheSpire:RunicConfusion","downfall:HeartBlessingGreen","SsserpentHead","PreservedInsect","Bronze Scales","ReplayTheSpireMod:Lightbulb","aspiration:HiddenCompartment"],"acts_visited":["Exordium","TheCity"],"potions_floor_usage":[11],"damage_taken":[{"damage":10.0,"enemies":"Jaw Worm","floor":2.0,"turns":4.0},{"damage":8.0,"enemies":"Small Slimes","floor":3.0,"turns":4.0},{"damage":33.0,"enemies":"downfall:FleeingMerchant","floor":4.0,"turns":4.0},{"damage":30,"enemies":"2 Louse","floor":9,"turns":3},{"damage":5,"enemies":"3 Louse","floor":11,"turns":2},{"damage":44,"enemies":"downfall:FleeingMerchant","floor":12,"turns":4},{"damage":46,"enemies":"Lagavulin","floor":14,"turns":6},{"damage":38,"enemies":"Large Slime","floor":15,"turns":3},{"damage":71,"enemies":"downfall:Watcher","floor":16,"turns":6},{"damage":50,"enemies":"Shell Parasite","floor":19,"turns":4},{"damage":0,"enemies":"Chosen","floor":21,"turns":1},{"damage":70,"enemies":"Centurion and Healer","floor":25,"turns":7},{"damage":57,"enemies":"Replay:Snechameleon","floor":26,"turns":4},{"damage":77,"enemies":"conspire:SneckoGhost","floor":29,"turns":5},{"damage":42,"enemies":"downfall:FleeingMerchant","floor":31,"turns":4},{"damage":47,"enemies":"Snake Plant","floor":32,"turns":3},{"damage":85,"enemies":"downfall:Ironclad","floor":33,"turns":5}],"seed_played":"-4783612395503170197","potions_obtained":[{"floor":0.0,"key":"blueLaboratory:StoneskinPotion"},{"floor":0.0,"key":"blueLaboratory:ImpenetrablePotion"},{"floor":0.0,"key":"Reflective Coating"},{"floor":2.0,"key":"Explosive Potion"},{"floor":15,"key":"blueLaboratory:BottledHope"},{"floor":26,"key":"Explosive Potion"},{"floor":32,"key":"Flashbang"}],"is_trial":false,"path_per_floor":["R","M","M","$","?","R","T","R","M","R","M","$","R","E","M","B",null,"R","M","?","M","?","R","T","M","E","?","R","E","R","$","M","B"],"character_chosen":"THE_CHAMP","items_purchased":["champ:AdrenalArmor","aspiration:HiddenCompartment","champ:RecklessLeap"],"campfire_rested":0,"item_purchase_floors":[4,31,31],"current_hp_per_floor":[90,90,90,85,85,85,85,85,85,85,85,85,85,85,85,73,90,90,81,81,81,81,81,81,81,82,74,74,73,73,73,73,0,0,0],"gold":99,"neow_bonus":"THREE_SMALL_POTIONS","is_daily":false,"chose_seed":false,"campfire_upgraded":9,"win_rate":0.0,"timestamp":1610471679,"path_taken":["R","M","M","$","?","R","T","R","M","R","M","$","R","E","M","BOSS","R","M","?","M","?","R","T","M","E","?","R","E","R","$","M","BOSS"],"items_purchased_type":["Card","Relic","Card"],"build_version":"2020-12-22","purchased_purges":2,"victory":false,"max_hp_per_floor":[90,90,90,90,90,90,90,90,90,90,90,90,90,90,90,90,90,90,90,90,90,90,90,90,90,90,90,90,90,90,90,90,90,90,90],"card_choices":[{"not_picked":["champ:FaceSlap","champ:StanceDance"],"picked":"champ:RecklessLeap","floor":2.0},{"not_picked":["champ:ArenaPreparation","champ:Circumvent","champ:Riposte"],"picked":"SKIP","floor":3.0},{"not_picked":["champ:Haymaker","champ:StanceDance"],"picked":"champ:ShieldWall","floor":4.0},{"not_picked":["champ:RisingSlash","champ:PerfectedStrike"],"picked":"champ:BerserkerStyle","floor":9},{"not_picked":["champ:IronFortress","champ:BladeFlurry"],"picked":"champ:Backstep","floor":11},{"not_picked":["champ:StanceDance","champ:PerfectedStrike"],"picked":"champ:Encircle","floor":12},{"not_picked":["champ:GladiatorsShout","champ:RapidStrikes","champ:Circumvent"],"picked":"SKIP","floor":14},{"not_picked":["champ:AdrenalArmor","champ:GladiatorStyle","champ:ViciousMockery"],"picked":"SKIP","floor":15},{"not_picked":["champ:DancingMaster","champ:PerfectForm"],"picked":"champ:IgnorePain","floor":16},{"not_picked":["champ:Circumvent","champ:CrookedStrike","champ:FanOfKnives"],"picked":"SKIP","floor":19},{"not_picked":["champ:AdrenalArmor","champ:DeathBlow"],"picked":"champ:StanceDance","floor":21},{"not_picked":["champ:FlashCut","champ:EnGarde","champ:Backstep"],"picked":"SKIP","floor":25},{"not_picked":["champ:GutPunch","champ:FalseCounter"],"picked":"champ:RecklessLeap","floor":26},{"not_picked":["champ:Riposte+1","champ:AdrenalArmor","champ:FlashCut+1"],"picked":"SKIP","floor":29},{"not_picked":["champ:TornadoPunch","champ:VampiricStrike","champ:StanceDance"],"picked":"SKIP","floor":31},{"not_picked":["champ:Backstep","champ:Haymaker","champ:GladiatorStyle"],"picked":"SKIP","floor":32}],"player_experience":1227774,"relics_obtained":[{"floor":7.0,"key":"StuffTheSpire:Mouthbags"},{"floor":14,"key":"CeramicFish"},{"floor":24,"key":"PreservedInsect"},{"floor":26,"key":"Bronze Scales"},{"floor":29,"key":"ReplayTheSpireMod:Lightbulb"}],"event_choices":[{"damage_healed":0,"gold_gain":0,"player_choice":"Trade","damage_taken":0,"relics_obtained":["SsserpentHead"],"max_hp_gain":0,"max_hp_loss":0,"event_name":"FaceTrader","floor":20,"gold_loss":0},{"cards_removed":["champ:Defend"],"damage_healed":0,"gold_gain":0,"player_choice":"Offered Basic","damage_taken":0,"max_hp_gain":0,"max_hp_loss":0,"event_name":"Bonfire Elementals","floor":22,"gold_loss":0}],"is_beta":false,"boss_relics":[{"not_picked":["aspiration:SecretTechniqueScroll","energizedSpire:MagnifyingGlass"],"picked":"StuffTheSpire:RunicConfusion"}],"items_purged_floors":[12,31],"is_endless":false,"potions_floor_spawned":[2,9,15,16,26,32],"killed_by":"downfall:Ironclad","ascension_level":0}}