{"host":"9n00qg11haooyz80","time":1610489032,"event":{"mods":["BaseMod","Downfall","Minty Spire (QoL Compilation)","Rare Cards Sparkle","StSLib"],"gold_per_floor":[99,99,99,99,99,199,199,219,23,88,88,100,25,40,57,152,202,127,143,153,153,253,265,291,8,8,8,8],"floor_reached":26,"language":"ENG","playtime":5912,"items_purged":["hexamod:CouncilsJustice"],"score":194,"play_id":"6d02a57a-0327-4078-9f55-0162dfcebfba","local_time":"20210112230352","is_ascension_mode":false,"campfire_choices":[{"floor":1.0,"key":"RECALL"},{"data":"hexamod:SpectralAdrenaline","floor":13.0,"key":"SMITH"},{"data":"hexamod:BurningTouch","floor":18,"key":"SMITH"}],"circlet_count":0,"master_deck":["hexamod:Defend","hexamod:Defend","hexamod:Defend","hexamod:Defend+1","hexamod:Sear+1","hexamod:Float","hexamod:HeatShield","hexamod:EtherealExpedition","hexamod:ThirdSeal","hexamod:Rewind","hexamod:HeatCrush+1","hexamod:SkipABeat","hexamod:BurningTouch","hexamod:ChargedBarrage","hexamod:BurningTouch+1","hexamod:SpectralAdrenaline+1","hexamod:HauntingEcho+1","hexamod:UnleashSpirits","hexamod:GhostOfSpirePast+1","hexamod:UnleashSpirits","hexamod:FifthSeal","hexamod:SixthSeal","hexamod:GhostLash","hexamod:SixthSeal","hexamod:GhostflameBarrier","hexamod:WildfireWeapon","hexamod:CouncilsJustice","hexamod:CouncilsJustice","hexamod:RadiantFlame","hexamod:FirstSeal","hexamod:ThermalTransfer+1","hexamod:SecondSeal","hexamod:WildfireWeapon","hexamod:FourthSeal"],"relics":["hexamod:SpiritBrand","downfall:HeartsMalice","Dream Catcher","downfall:HeartBlessingRed","Tiny House","downfall:HeartBlessingBlue","downfall:CloakOfManyFaces","CultistMask","FaceOfCleric","NlothsMask","GremlinMask","SsserpentHead","PreservedInsect"],"acts_visited":["Exordium","TheCity"],"potions_floor_usage":[23,23,23,26],"damage_taken":[{"damage":0.0,"enemies":"Small Slimes","floor":2.0,"turns":1.0},{"damage":0.0,"enemies":"Jaw Worm","floor":3.0,"turns":1.0},{"damage":0.0,"enemies":"Cultist","floor":4.0,"turns":1.0},{"damage":9.0,"enemies":"Blue Slaver","floor":8.0,"turns":6.0},{"damage":0.0,"enemies":"downfall:FleeingMerchant","floor":9.0,"turns":4.0},{"damage":30.0,"enemies":"Gremlin Nob","floor":10.0,"turns":4.0},{"damage":7.0,"enemies":"2 Fungi Beasts","floor":12.0,"turns":5.0},{"damage":13.0,"enemies":"Red Slaver","floor":14.0,"turns":3.0},{"damage":4.0,"enemies":"Lots of Slimes","floor":15.0,"turns":4.0},{"damage":30.0,"enemies":"downfall:Ironclad","floor":16.0,"turns":9.0},{"damage":16,"enemies":"Chosen","floor":19,"turns":7},{"damage":29,"enemies":"Shell Parasite","floor":20,"turns":6},{"damage":14,"enemies":"downfall:FaceTrader","floor":22,"turns":6},{"damage":37,"enemies":"Snake Plant","floor":23,"turns":8},{"damage":4,"enemies":"downfall:FleeingMerchant","floor":25,"turns":4},{"damage":18,"enemies":"Sentry and Sphere","floor":26,"turns":3}],"seed_played":"-5911173844996909122","potions_obtained":[{"floor":8.0,"key":"SteroidPotion"},{"floor":12.0,"key":"hexamod:InfernoChargePotion"},{"floor":15.0,"key":"Regen Potion"},{"floor":16.0,"key":"Weak Potion"},{"floor":17,"key":"Guardian:BlockOnCardUsePotion"}],"is_trial":false,"path_per_floor":["R","M","M","M","?","?","T","M","$","?","?","M","R","M","M","B",null,"R","M","M","?","?","M","T","$","M"],"character_chosen":"THE_SPIRIT","items_purchased":["hexamod:TimeWarp","hexamod:BurningTouch","PreservedInsect","Swift Potion"],"campfire_rested":0,"item_purchase_floors":[9,9,25,25],"current_hp_per_floor":[70,70,70,70,70,70,70,61,61,31,80,73,73,60,56,26,85,95,79,50,47,33,13,13,17,0,0,0],"gold":8,"neow_bonus":"THREE_ENEMY_KILL","is_daily":false,"chose_seed":false,"campfire_upgraded":2,"win_rate":0.0,"timestamp":1610489032,"path_taken":["R","M","M","M","?","?","T","?","?","?","?","M","R","M","M","BOSS","R","M","M","?","?","M","T","$","M"],"items_purchased_type":["Card","Card","Relic","Potion"],"build_version":"2020-12-22","purchased_purges":1,"victory":false,"max_hp_per_floor":[70,70,70,70,70,70,70,70,70,70,80,80,80,80,80,80,85,95,95,95,47,47,48,48,49,49,49,49],"card_choices":[{"not_picked":["hexamod:RainOfEmbers","hexamod:GhostOfSpireFuture"],"picked":"hexamod:HeatShield","floor":2.0},{"not_picked":["hexamod:ExtraCrispy","hexamod:Again"],"picked":"hexamod:BacktrackSmack","floor":3.0},{"not_picked":["hexamod:BacktrackSmack","hexamod:AdvancingGuard"],"picked":"hexamod:EtherealExpedition","floor":4.0},{"not_picked":["hexamod:BacktrackSmack","hexamod:EmpoweringStance"],"picked":"hexamod:Rewind","floor":8.0},{"not_picked":["hexamod:RainOfEmbers","hexamod:ChargedBarrage"],"picked":"hexamod:HeatCrush","floor":8.0},{"not_picked":["hexamod:RetreatToShadows","hexamod:HauntingEcho"],"picked":"hexamod:SkipABeat","floor":9.0},{"not_picked":["hexamod:SwordOfDarkness","hexamod:InspiringFlames"],"picked":"hexamod:ChargedBarrage","floor":10.0},{"not_picked":["hexamod:EmpoweredFlame","hexamod:RetreatToShadows"],"picked":"hexamod:BurningTouch","floor":12.0},{"not_picked":["hexamod:NightmareStrike","hexamod:GhostLash"],"picked":"hexamod:SpectralAdrenaline","floor":12.0},{"not_picked":["hexamod:AdvancingGuard","hexamod:SwordOfDarkness"],"picked":"hexamod:HauntingEcho","floor":14.0},{"not_picked":["hexamod:NightmareStrike","hexamod:SpectersWail"],"picked":"hexamod:UnleashSpirits","floor":14.0},{"not_picked":["hexamod:InspiringFlames","hexamod:BacktrackSmack"],"picked":"hexamod:GhostOfSpirePast","floor":15.0},{"not_picked":["hexamod:InspiringFlames","hexamod:Firestarter"],"picked":"hexamod:UnleashSpirits","floor":15.0},{"not_picked":["hexamod:SearingWound","hexamod:HexaLevel"],"picked":"hexamod:FifthSeal","floor":16.0},{"not_picked":["hexamod:UnleashSpirits","hexamod:GhostflameInferno"],"picked":"hexamod:SixthSeal","floor":16.0},{"not_picked":["hexamod:AdvancingGuard","hexamod:GhostShield"],"picked":"hexamod:GhostLash","floor":17},{"not_picked":["hexamod:ThirdSeal","hexamod:SecondSeal"],"picked":"hexamod:SixthSeal","floor":19},{"not_picked":["hexamod:FourthSeal","hexamod:FirstSeal"],"picked":"hexamod:GhostflameBarrier","floor":19},{"not_picked":["hexamod:AdvancingGuard","hexamod:HeatShield+1"],"picked":"hexamod:WildfireWeapon","floor":20},{"not_picked":["hexamod:GhostOfSpireFuture","hexamod:SkipABeat","hexamod:ShieldOfDarkness"],"picked":"SKIP","floor":20},{"not_picked":["hexamod:FirstSeal","hexamod:Hexaguard"],"picked":"hexamod:RadiantFlame","floor":22},{"not_picked":["hexamod:SixthSeal","hexamod:ThirdSeal"],"picked":"hexamod:FirstSeal","floor":22},{"not_picked":["hexamod:Hexaguard+1","hexamod:NecessarySacrifice"],"picked":"hexamod:ThermalTransfer+1","floor":22},{"not_picked":["hexamod:FourthSeal","hexamod:ThirdSeal"],"picked":"hexamod:SecondSeal","floor":23},{"not_picked":["hexamod:RetreatToShadows","hexamod:HeatCrush"],"picked":"hexamod:WildfireWeapon","floor":23},{"not_picked":["hexamod:BacktrackSmack","hexamod:Hexaguard"],"picked":"hexamod:FourthSeal","floor":23},{"not_picked":["hexamod:SixthSeal","hexamod:RainOfEmbers","hexamod:FastForward"],"picked":"SKIP","floor":25},{"not_picked":["hexamod:InspiringFlames","hexamod:SwordOfDarkness","hexamod:Hexaguard"],"picked":"SKIP","floor":25}],"player_experience":98312,"relics_obtained":[{"floor":22,"key":"downfall:CloakOfManyFaces"}],"event_choices":[{"cards_removed":["hexamod:TimeWarp"],"damage_healed":39.0,"max_hp_gain":10.0,"max_hp_loss":0.0,"gold_gain":0.0,"event_name":"Bonfire Elementals","player_choice":"Offered Rare","floor":11.0,"gold_loss":0.0,"damage_taken":0.0}],"is_beta":false,"boss_relics":[{"not_picked":["Coffee Dripper","downfall:Hecktoplasm"],"picked":"Tiny House"}],"items_purged_floors":[25],"is_endless":false,"potions_floor_spawned":[8,12,15,16,19],"killed_by":"Sentry and Sphere","ascension_level":0}}