{"host":"x21cvmfdo17nyhii","time":1610495157,"event":{"mods":["AchievementEnabler","BaseMod","Colored Map","Colored Powertips","DeckTracker","Highlight Path","Minty Spire (QoL Compilation)","Quick Restart","Rare Cards Sparkle","SuperFastMode"],"gold_per_floor":[111,111,111,111,130,130,163,163,163,176,192,39,39,52,52,152,152,162,19,19,19,19,19,45,45,118,153,7,39,39,39,39,142,142,158,0,0,16,16,51,51,78,78,78,98,144,144,177,177,177,177],"floor_reached":50,"language":"ENG","playtime":1515,"items_purged":["Defend_R"],"score":723,"play_id":"21cdf553-776c-4a2a-ace9-6409e8b5dbf9","local_time":"20210112154557","is_ascension_mode":true,"campfire_choices":[{"data":"Perfected Strike","floor":6.0,"key":"SMITH"},{"floor":8.0,"key":"REST"},{"data":"Perfected Strike","floor":13.0,"key":"SMITH"},{"floor":15.0,"key":"REST"},{"data":"Havoc","floor":23.0,"key":"SMITH"},{"floor":30.0,"key":"REST"},{"floor":32.0,"key":"REST"},{"floor":41.0,"key":"REST"},{"floor":44.0,"key":"REST"},{"floor":49.0,"key":"REST"}],"circlet_count":0,"master_deck":["Strike_R","Strike_R+1","Strike_R+1","Strike_R+1","Strike_R","Bash+1","CurseOfTheBell","Perfected Strike+1","Shrug It Off","Pommel Strike","Perfected Strike+1","Pommel Strike","Flex","Clothesline+1","True Grit","RitualDagger","Shrug It Off","Pommel Strike","Warcry+1","True Grit+1","True Grit+1"],"relics":["Calling Bell","Juzu Bracelet","StrikeDummy","Charon\u0027s Ashes","Darkstone Periapt","Question Card","Busted Crown","Medical Kit","MutagenicStrength","Whetstone","InkBottle","PreservedInsect","TheAbacus","Bottled Lightning","Empty Cage","Red Mask","Matryoshka","Peace Pipe","Pear","Paper Frog","Bird Faced Urn","Sundial"],"acts_visited":["Exordium","TheCity","TheBeyond"],"potions_floor_usage":[50],"damage_taken":[{"damage":7.0,"enemies":"2 Louse","floor":1.0,"turns":3.0},{"damage":0.0,"enemies":"Cultist","floor":5.0,"turns":2.0},{"damage":16.0,"enemies":"Gremlin Nob","floor":7.0,"turns":3.0},{"damage":0.0,"enemies":"Small Slimes","floor":10.0,"turns":2.0},{"damage":0.0,"enemies":"3 Louse","floor":11.0,"turns":2.0},{"damage":8.0,"enemies":"Lots of Slimes","floor":14.0,"turns":3.0},{"damage":43.0,"enemies":"The Guardian","floor":16.0,"turns":8.0},{"damage":7.0,"enemies":"3 Byrds","floor":18.0,"turns":4.0},{"damage":30.0,"enemies":"Gremlin Leader","floor":24.0,"turns":3.0},{"damage":32.0,"enemies":"Slavers","floor":27.0,"turns":4.0},{"damage":14.0,"enemies":"Book of Stabbing","floor":29.0,"turns":2.0},{"damage":47.0,"enemies":"Champ","floor":33.0,"turns":6.0},{"damage":0.0,"enemies":"Orb Walker","floor":35.0,"turns":2.0},{"damage":14.0,"enemies":"3 Shapes","floor":38.0,"turns":3.0},{"damage":52.0,"enemies":"Reptomancer","floor":40.0,"turns":5.0},{"damage":13.0,"enemies":"Giant Head","floor":42.0,"turns":5.0},{"damage":7.0,"enemies":"Sphere and 2 Shapes","floor":45.0,"turns":3.0},{"damage":40.0,"enemies":"2 Orb Walkers","floor":46.0,"turns":4.0},{"damage":24.0,"enemies":"Nemesis","floor":48.0,"turns":5.0},{"damage":91,"enemies":"Awakened One","floor":50,"turns":9}],"seed_played":"-916399390476319599","potions_obtained":[{"floor":7.0,"key":"SneckoOil"},{"floor":11.0,"key":"Strength Potion"},{"floor":14.0,"key":"SteroidPotion"},{"floor":16.0,"key":"Regen Potion"},{"floor":21.0,"key":"CultistPotion"},{"floor":21.0,"key":"Fruit Juice"},{"floor":21.0,"key":"EntropicBrew"},{"floor":29.0,"key":"Swift Potion"},{"floor":33.0,"key":"Energy Potion"},{"floor":42.0,"key":"SkillPotion"},{"floor":48.0,"key":"CultistPotion"}],"is_trial":false,"path_per_floor":["M","?","?","?","M","R","E","R","T","M","M","$","R","M","R","B",null,"M","$","?","?","$","R","E","?","T","E","$","E","R","?","R","B",null,"M","?","?","M","?","E","R","E","T","R","M","?","?","E","R","B"],"character_chosen":"IRONCLAD","items_purchased":["Pommel Strike","Flex","Medical Kit","TheAbacus"],"campfire_rested":7,"item_purchase_floors":[12,12,19,28],"current_hp_per_floor":[73,73,78,61,61,61,45,70,70,70,70,70,70,62,85,42,74,67,67,67,72,72,72,42,72,72,40,40,26,53,47,74,27,74,74,74,74,60,60,8,35,22,32,62,55,15,87,63,87,0,0],"gold":177,"neow_bonus":"BOSS_RELIC","is_daily":false,"chose_seed":false,"campfire_upgraded":3,"win_rate":0.0,"timestamp":1610495157,"path_taken":["M","?","?","?","M","R","E","R","T","M","M","$","R","M","R","BOSS","M","$","?","?","$","R","E","?","T","E","$","E","R","?","R","BOSS","M","?","?","M","?","E","R","E","T","R","M","?","?","E","R","BOSS"],"items_purchased_type":["Card","Card","Relic","Relic"],"build_version":"2020-12-22","purchased_purges":1,"victory":false,"max_hp_per_floor":[80,80,85,85,85,85,85,85,85,85,85,85,85,85,85,85,85,85,85,85,90,90,90,90,90,90,90,90,90,90,90,90,90,90,90,90,90,90,90,90,90,90,100,100,100,100,87,87,87,87,87],"card_choices":[{"not_picked":["Pummel","Combust"],"picked":"Perfected Strike","floor":1.0},{"not_picked":["Wild Strike","Twin Strike","Sever Soul"],"picked":"SKIP","floor":5.0},{"not_picked":["Anger","Warcry"],"picked":"Shrug It Off","floor":7.0},{"not_picked":["Body Slam","Intimidate","Juggernaut"],"picked":"Pommel Strike","floor":10.0},{"not_picked":["Heavy Blade","Power Through","Clash"],"picked":"Perfected Strike","floor":11.0},{"not_picked":["Carnage","Dropkick","Rupture","Flex"],"picked":"SKIP","floor":14.0},{"not_picked":["Perfected Strike"],"picked":"Havoc","floor":18.0},{"not_picked":["Rupture"],"picked":"Clothesline+1","floor":24.0},{"not_picked":["Thunderclap","Anger"],"picked":"SKIP","floor":27.0},{"not_picked":["Headbutt"],"picked":"True Grit","floor":29.0},{"not_picked":["Clothesline"],"picked":"Shrug It Off","floor":35.0},{"not_picked":["Sword Boomerang+1","Bloodletting+1"],"picked":"SKIP","floor":38.0},{"not_picked":["Seeing Red"],"picked":"Pommel Strike","floor":40.0},{"not_picked":["Second Wind+1"],"picked":"Warcry+1","floor":42.0},{"not_picked":["Dual Wield+1"],"picked":"True Grit+1","floor":45.0},{"not_picked":["Wild Strike+1"],"picked":"True Grit+1","floor":46.0},{"not_picked":["Impervious","Disarm+1"],"picked":"SKIP","floor":48.0}],"player_experience":317614,"relics_obtained":[{"floor":0.0,"key":"Juzu Bracelet"},{"floor":0.0,"key":"StrikeDummy"},{"floor":0.0,"key":"Charon\u0027s Ashes"},{"floor":7.0,"key":"Darkstone Periapt"},{"floor":9.0,"key":"Question Card"},{"floor":24.0,"key":"Whetstone"},{"floor":26.0,"key":"InkBottle"},{"floor":27.0,"key":"PreservedInsect"},{"floor":29.0,"key":"Bottled Lightning"},{"floor":40.0,"key":"Matryoshka"},{"floor":42.0,"key":"Peace Pipe"},{"floor":43.0,"key":"Pear"},{"floor":43.0,"key":"Paper Frog"},{"floor":46.0,"key":"Bird Faced Urn"},{"floor":48.0,"key":"Sundial"}],"event_choices":[{"cards_removed":["Defend_R"],"damage_healed":0.0,"max_hp_gain":0.0,"max_hp_loss":0.0,"gold_gain":0.0,"event_name":"Bonfire Elementals","player_choice":"Offered Basic","floor":2.0,"gold_loss":0.0,"damage_taken":0.0},{"damage_healed":0.0,"max_hp_gain":5.0,"max_hp_loss":0.0,"gold_gain":0.0,"event_name":"Big Fish","player_choice":"Donut","floor":3.0,"gold_loss":0.0,"damage_taken":0.0},{"damage_healed":0.0,"max_hp_gain":0.0,"max_hp_loss":0.0,"gold_gain":0.0,"event_name":"Shining Light","player_choice":"Entered Light","floor":4.0,"gold_loss":0.0,"damage_taken":17.0,"cards_upgraded":["Strike_R","Bash"]},{"damage_healed":0.0,"max_hp_gain":0.0,"max_hp_loss":0.0,"gold_gain":0.0,"event_name":"Drug Dealer","player_choice":"Inject Mutagens","floor":20.0,"gold_loss":0.0,"damage_taken":0.0,"relics_obtained":["MutagenicStrength"]},{"damage_healed":0.0,"max_hp_gain":0.0,"max_hp_loss":0.0,"gold_gain":0.0,"event_name":"Lab","player_choice":"Got Potions","floor":21.0,"gold_loss":0.0,"damage_taken":0.0},{"damage_healed":30.0,"max_hp_gain":0.0,"max_hp_loss":0.0,"gold_gain":0.0,"event_name":"The Library","player_choice":"Heal","floor":25.0,"gold_loss":0.0,"damage_taken":0.0},{"damage_healed":0.0,"max_hp_gain":0.0,"max_hp_loss":0.0,"gold_gain":0.0,"event_name":"Nest","player_choice":"Joined the Cult","floor":31.0,"gold_loss":0.0,"damage_taken":6.0,"cards_obtained":["RitualDagger"]},{"damage_healed":0.0,"max_hp_gain":0.0,"max_hp_loss":0.0,"gold_gain":0.0,"event_name":"Tomb of Lord Red Mask","player_choice":"Paid","floor":36.0,"gold_loss":158.0,"damage_taken":0.0,"relics_obtained":["Red Mask"]},{"damage_healed":0.0,"max_hp_gain":0.0,"max_hp_loss":0.0,"gold_gain":0.0,"event_name":"SensoryStone","player_choice":"Memory 1","floor":37.0,"gold_loss":0.0,"damage_taken":0.0},{"cards_removed":["Havoc"],"damage_healed":0.0,"max_hp_gain":0.0,"max_hp_loss":0.0,"gold_gain":0.0,"event_name":"Falling","player_choice":"Removed Skill","floor":39.0,"gold_loss":0.0,"damage_taken":0.0},{"damage_healed":0.0,"max_hp_gain":0.0,"max_hp_loss":0.0,"gold_gain":0.0,"event_name":"Mysterious Sphere","player_choice":"Fight","floor":46.0,"gold_loss":0.0,"damage_taken":0.0},{"damage_healed":87.0,"max_hp_gain":0.0,"max_hp_loss":13.0,"gold_gain":0.0,"event_name":"The Moai Head","player_choice":"Heal","floor":47.0,"gold_loss":0.0,"damage_taken":0.0}],"is_beta":false,"boss_relics":[{"not_picked":["Cursed Key","Pandora\u0027s Box"],"picked":"Busted Crown"},{"not_picked":["Snecko Eye","Runic Pyramid"],"picked":"Empty Cage"}],"items_purged_floors":[12],"is_endless":false,"potions_floor_spawned":[7,11,14,16,29,33,38,42,48],"killed_by":"Awakened One","ascension_level":5}}