{"host":"ldbx2jhnvtia1ouf","time":1610466108,"event":{"mods":["BaseMod","Better Note","Better Sensory Stone","Better Skull","Better Third Choice","Block Reminder","Colored Map","Colored Powertips","Curses Come First","Highlight Path","Minty Spire (QoL Compilation)","Permanent Neow","Spicy Shops","StSLib","Transform Curses","Unceasing Turn Reminder"],"gold_per_floor":[135,349,48,88,120,120,145,125,151,151,186,224,224,254,254,356,356,349,384,384,397,397,397],"floor_reached":22,"playtime":1247,"items_purged":["Strike_B"],"score":188,"play_id":"7d984845-2fb6-4f4c-8212-f1280c7c3fee","local_time":"20210113014148","is_ascension_mode":false,"campfire_choices":[{"data":"Creative AI","floor":6,"key":"SMITH"},{"floor":10,"key":"REST"},{"floor":13,"key":"REST"},{"floor":15,"key":"REST"}],"circlet_count":0,"master_deck":["Strike_B","Strike_B","Defend_B","Defend_B","Defend_B","Zap","Dualcast","HandOfGreed","Go for the Eyes","Creative AI+1","BootSequence","Loop","Darkness","FTL","Capacitor","Glacier","Amplify","Leap","Ball Lightning","Berserk+1","Ball Lightning+1"],"relics":["Cracked Core","Art of War","Blood Vial","Strawberry","Empty Cage"],"acts_visited":["Exordium","TheCity"],"potions_floor_usage":[11,16,18,19],"damage_taken":[{"damage":0,"enemies":"Small Slimes","floor":1,"turns":2},{"damage":1,"enemies":"Cultist","floor":4,"turns":3},{"damage":0,"enemies":"2 Louse","floor":5,"turns":2},{"damage":37,"enemies":"Gremlin Nob","floor":7,"turns":5},{"damage":25,"enemies":"Exordium Thugs","floor":11,"turns":4},{"damage":10,"enemies":"Lots of Slimes","floor":12,"turns":4},{"damage":0,"enemies":"Looter","floor":14,"turns":3},{"damage":50,"enemies":"The Guardian","floor":16,"turns":9},{"damage":19,"enemies":"2 Thieves","floor":18,"turns":5},{"damage":37,"enemies":"3 Byrds","floor":19,"turns":7},{"damage":25,"enemies":"Centurion and Healer","floor":21,"turns":11},{"damage":16,"enemies":"Snake Plant","floor":22,"turns":4}],"seed_played":"5163567522859144216","potions_obtained":[{"floor":4,"key":"LiquidMemories"},{"floor":5,"key":"PowerPotion"},{"floor":8,"key":"Regen Potion"},{"floor":12,"key":"Regen Potion"}],"is_trial":false,"path_per_floor":["M","?","$","M","M","R","E","?","T","R","M","M","R","M","R","B",null,"M","M","?","M","M"],"character_chosen":"DEFECT","items_purchased":["Creative AI","Blood Vial"],"campfire_rested":3,"item_purchase_floors":[3,3],"current_hp_per_floor":[68,41,41,42,44,44,16,16,16,38,27,19,41,43,65,17,75,56,36,36,13,0,0],"gold":397,"neow_bonus":"RANDOM_COLORLESS_2","is_daily":false,"chose_seed":false,"campfire_upgraded":1,"win_rate":0.0,"timestamp":1610466108,"path_taken":["M","?","?","M","M","R","E","?","T","R","M","M","R","M","R","BOSS","M","M","?","M","M"],"items_purchased_type":["Card","Relic"],"build_version":"2020-12-22","purchased_purges":1,"victory":false,"max_hp_per_floor":[68,68,68,68,68,68,75,75,75,75,75,75,75,75,75,75,75,75,75,75,75,75,75],"card_choices":[{"not_picked":["Master of Strategy","Secret Technique"],"picked":"HandOfGreed","floor":0},{"not_picked":["Tempest","Compile Driver"],"picked":"Go for the Eyes","floor":1},{"not_picked":["Redo","Go for the Eyes"],"picked":"BootSequence","floor":4},{"not_picked":["Recycle","Coolheaded"],"picked":"Loop","floor":5},{"not_picked":["Thunder Strike","Ball Lightning"],"picked":"Darkness","floor":7},{"not_picked":["Glacier","Leap"],"picked":"FTL","floor":11},{"not_picked":["Redo","Chaos"],"picked":"Capacitor","floor":12},{"not_picked":["Hello World","Rebound"],"picked":"Glacier","floor":14},{"not_picked":["Meteor Strike","Multi-Cast"],"picked":"Amplify","floor":16},{"not_picked":["Barrage","Coolheaded"],"picked":"Leap","floor":18},{"not_picked":["Stack+1","Beam Cell"],"picked":"Ball Lightning","floor":19},{"not_picked":["Storm","Barrage"],"picked":"Ball Lightning+1","floor":21}],"player_experience":115401,"relics_obtained":[{"floor":7,"key":"Strawberry"}],"event_choices":[{"damage_healed":0,"gold_gain":214,"player_choice":"GO GO RE ","damage_taken":31,"relics_obtained":["Art of War"],"max_hp_gain":0,"max_hp_loss":0,"event_name":"betterSkull:BetterSkull","floor":2,"gold_loss":0,"cards_upgraded":[]},{"damage_healed":0,"gold_gain":0,"player_choice":"Bought 1 Potion","damage_taken":0,"max_hp_gain":0,"max_hp_loss":0,"event_name":"The Woman in Blue","floor":8,"gold_loss":0},{"cards_removed":["Creative AI"],"damage_healed":0,"gold_gain":0,"player_choice":"Take \u0026 Give","damage_taken":0,"max_hp_gain":0,"max_hp_loss":0,"event_name":"betterNote:BetterNote","floor":20,"gold_loss":0,"cards_obtained":["Berserk"]}],"is_beta":false,"boss_relics":[{"not_picked":["Philosopher\u0027s Stone","Snecko Eye"],"picked":"Empty Cage"}],"items_purged_floors":[3],"is_endless":false,"potions_floor_spawned":[4,5,12,14,16],"killed_by":"Snake Plant","ascension_level":0}}