{"host":"x21cvmfdo17nyhii","time":1610495429,"event":{"mods":["AchievementEnabler","BaseMod","Colored Map","Colored Powertips","DeckTracker","Highlight Path","Minty Spire (QoL Compilation)","Quick Restart","Rare Cards Sparkle","SuperFastMode"],"gold_per_floor":[111,36,36,61,13,52,70,70,97,97,115,131,131,131,131,131,131],"floor_reached":16,"language":"ENG","playtime":270,"items_purged":["Decay"],"score":125,"play_id":"9141cb5d-90de-44aa-8831-a0ea0ca296e0","local_time":"20210112155029","is_ascension_mode":true,"campfire_choices":[{"floor":8,"key":"REST"},{"floor":13,"key":"REST"},{"floor":15,"key":"REST"}],"circlet_count":0,"master_deck":["Strike_R","Strike_R","Strike_R","Strike_R","Strike_R","Defend_R+1","Defend_R","Defend_R","Defend_R","Bash","Cleave","Warcry+1","Clash"],"relics":["Burning Blood","Ice Cream","Golden Idol","Centennial Puzzle","Pen Nib"],"acts_visited":["Exordium"],"potions_floor_usage":[12,16],"damage_taken":[{"damage":12,"enemies":"Small Slimes","floor":1,"turns":3},{"damage":4,"enemies":"2 Louse","floor":4,"turns":2},{"damage":44,"enemies":"Gremlin Nob","floor":6,"turns":5},{"damage":0,"enemies":"Cultist","floor":7,"turns":2},{"damage":0,"enemies":"3 Louse","floor":11,"turns":2},{"damage":20,"enemies":"Lots of Slimes","floor":12,"turns":2},{"damage":103,"enemies":"Hexaghost","floor":16,"turns":12}],"seed_played":"7348137374772564153","potions_obtained":[{"floor":1,"key":"Ancient Potion"},{"floor":4,"key":"LiquidBronze"},{"floor":7,"key":"FairyPotion"}],"is_trial":false,"path_per_floor":["M","$","?","M","$","E","M","R","T","?","M","M","R","?","R","B"],"character_chosen":"IRONCLAD","items_purchased":["Warcry"],"campfire_rested":3,"item_purchase_floors":[5],"current_hp_per_floor":[74,74,54,56,56,18,24,48,48,32,38,24,48,48,72,0,0],"gold":131,"neow_bonus":"ONE_RARE_RELIC","is_daily":false,"chose_seed":false,"campfire_upgraded":0,"win_rate":0.0,"timestamp":1610495429,"path_taken":["M","$","?","M","$","E","M","R","T","?","M","M","R","?","R","BOSS"],"items_purchased_type":["Card"],"build_version":"2020-12-22","purchased_purges":1,"victory":false,"max_hp_per_floor":[80,80,80,80,80,80,80,80,80,80,80,80,80,80,80,80,80],"card_choices":[{"not_picked":["Havoc","Power Through"],"picked":"Cleave","floor":1},{"not_picked":["Power Through","Armaments","Havoc"],"picked":"SKIP","floor":4},{"not_picked":["Sever Soul","Pummel"],"picked":"Clash","floor":6},{"not_picked":["Rampage","Heavy Blade","Inflame"],"picked":"SKIP","floor":7},{"not_picked":["Heavy Blade","Clothesline","Carnage"],"picked":"SKIP","floor":11},{"not_picked":["Heavy Blade","Clothesline","Carnage"],"picked":"SKIP","floor":11},{"not_picked":["Ghostly Armor","Dropkick","Anger"],"picked":"SKIP","floor":12}],"player_experience":317614,"relics_obtained":[{"floor":6,"key":"Centennial Puzzle"},{"floor":9,"key":"Pen Nib"}],"event_choices":[{"damage_healed":0,"gold_gain":0,"player_choice":"Take Damage","damage_taken":20,"relics_obtained":["Golden Idol"],"max_hp_gain":0,"max_hp_loss":0,"event_name":"Golden Idol","floor":3,"gold_loss":0},{"damage_healed":0,"gold_gain":0,"player_choice":"Entered Light","damage_taken":16,"max_hp_gain":0,"max_hp_loss":0,"event_name":"Shining Light","floor":10,"gold_loss":0,"cards_upgraded":["Defend_R","Warcry"]},{"damage_healed":0,"gold_gain":0,"player_choice":"Ignored","damage_taken":0,"max_hp_gain":0,"max_hp_loss":0,"event_name":"Liars Game","floor":14,"gold_loss":0}],"is_beta":false,"boss_relics":[],"items_purged_floors":[2],"is_endless":false,"potions_floor_spawned":[1,4,7],"killed_by":"Hexaghost","ascension_level":5}}