{"host":"s6mlqkqtr3ey2mm2","time":1610423554,"event":{"mods":["2.2 Compatiblity","AchievementEnabler","Aspiration","BaseMod","Beaked The Cultist","Better Note","Better Vampires","BetterRewards","Challenge The Spire","Clawfect","Colored Map","Colored Powertips","Conspire","Curses Come First","Dark Map","Downfall","Emptier Cage","Energized Spire","GifTheSpireLib","GungeonMod","Halation","Hermit","Hubris","Infinite Spire","Ironclad Rager","Magitek Elite","Marked Mod","Minty Spire (QoL Compilation)","Poor People Problems","Quick Restart","RatMod","Replay The Spire","Retaliation","Robot Space Explorer","Shade Mod","Somnambulant","Spicy Shops","StSLib","Stuff the Spire","The Blue Laboratory","The Construct","The Druid","The Hierophant","The IronCluck","The Necromancer","The Poker Player","The Runesmith","The Servant 0.9.4","The Valiant","vexMod"],"gold_per_floor":[119,119,119,142,186,221,221,5,29,68,91,114,114,138,138,262,262,283,299,299,299],"floor_reached":20,"playtime":1652,"items_purged":[],"score":257,"play_id":"c0cf2523-13b1-4c5f-bf8c-b6fbb22018f0","local_time":"20210111225234","is_ascension_mode":false,"campfire_choices":[{"data":"infinitespire:Oblivion","floor":7,"key":"SMITH"},{"data":"Initiator","floor":13,"key":"SMITH"},{"floor":15,"key":"REST"}],"circlet_count":0,"master_deck":["Strike_S","Strike_S","Strike_S","Defend_S","Defend_S","Defend_S","KidneyShot","Exchange","Misdirection","infinitespire:Oblivion+1","Advance","Starlight","Moonlight","Initiator+1","LightFlow","Revamp","FlawlessForm","SoulSculpture","Ricochet","Spin"],"relics":["Uniform","Golden Idol","halation:QuantumPhysicsTextbook","Replay:PocketPolymizer","Blood Vial","DemoMod:Metronome","Mummified Hand","vexMod:BarristanHead","hubris:Backtick","vexMod:PlasmaPancake","Sundial"],"acts_visited":["Exordium","TheCity"],"potions_floor_usage":[6,6,6],"damage_taken":[{"damage":2,"enemies":"Small Slimes","floor":1,"turns":4},{"damage":7,"enemies":"2 Louse","floor":4,"turns":3},{"damage":0,"enemies":"3 Sentries","floor":6,"turns":5},{"damage":13,"enemies":"Lagavulin","floor":10,"turns":4},{"damage":2,"enemies":"Jaw Worm","floor":11,"turns":3},{"damage":10,"enemies":"Exordium Thugs","floor":14,"turns":4},{"damage":0,"enemies":"Slime Boss","floor":16,"turns":6},{"damage":19,"enemies":"2 Thieves","floor":18,"turns":2},{"damage":0,"enemies":"Spheric Guardian","floor":19,"turns":3}],"seed_played":"5204658014482227398","potions_obtained":[{"floor":4,"key":"Guardian:BlockOnCardUsePotion"},{"floor":5,"key":"EntropicBrew"},{"floor":5,"key":"BlessingOfTheForge"},{"floor":6,"key":"Strength Potion"},{"floor":11,"key":"PowerPotion"}],"is_trial":false,"path_per_floor":["M","?","?","M","?","E","R","$","T","E","M","T","R","M","R","B",null,"M","M","AVR"],"character_chosen":"THE_SERVANT","items_purchased":["Replay:PocketPolymizer","Blood Vial"],"campfire_rested":1,"item_purchase_floors":[8,8],"current_hp_per_floor":[69,66,50,43,27,27,27,27,27,16,16,16,16,8,27,29,72,53,55,55,55],"gold":299,"neow_bonus":"TEN_PERCENT_HP_BONUS","is_daily":false,"chose_seed":false,"campfire_upgraded":2,"win_rate":0.0,"timestamp":1610423554,"path_taken":["M","?","?","M","?","E","R","?","T","E","M","?","R","M","R","BOSS","M","M","AVR"],"items_purchased_type":["Relic","Relic"],"build_version":"2020-12-22","purchased_purges":0,"victory":false,"max_hp_per_floor":[71,66,66,66,66,66,66,66,66,66,66,66,66,66,66,66,72,72,72,72,72],"card_choices":[{"not_picked":["FastForward","ShatteredReality"],"picked":"Misdirection","floor":1},{"not_picked":["hubris:Fate","hubris:InfiniteBlow"],"picked":"infinitespire:Oblivion","floor":3},{"not_picked":["StarChef","DoubleEdge"],"picked":"Advance","floor":4},{"not_picked":["Defy","Replace"],"picked":"Starlight","floor":5},{"not_picked":["LightFlow","RealityMarble"],"picked":"Moonlight","floor":6},{"not_picked":["Snipe","Defy"],"picked":"Initiator","floor":10},{"not_picked":["Replace","Read","Starlight"],"picked":"SKIP","floor":11},{"not_picked":["Starlight","Replace"],"picked":"Revamp","floor":14},{"not_picked":["TheWorld","LightFlow"],"picked":"SoulSculpture","floor":16},{"not_picked":["Advance","FastForward"],"picked":"Ricochet","floor":18},{"not_picked":["Barrier","Revamp"],"picked":"Spin","floor":19}],"player_experience":80540,"relics_obtained":[{"floor":6,"key":"halation:QuantumPhysicsTextbook"},{"floor":9,"key":"DemoMod:Metronome"},{"floor":10,"key":"Mummified Hand"},{"floor":12,"key":"vexMod:BarristanHead"}],"event_choices":[{"damage_healed":0,"gold_gain":0,"player_choice":"Lose Max HP","damage_taken":0,"relics_obtained":["Golden Idol"],"max_hp_gain":0,"max_hp_loss":5,"event_name":"Golden Idol","floor":2,"gold_loss":0}],"is_beta":false,"boss_relics":[{"not_picked":["StuffTheSpire:RunicConfusion","beaked:SacredDeck"],"picked":"hubris:Backtick"}],"items_purged_floors":[],"is_endless":false,"potions_floor_spawned":[4,6,11,16,18],"ascension_level":0}}