{"host":"q98mp5s7e93e1jw5","time":1610487705,"event":{"mods":["BaseMod","Minty Spire (QoL Compilation)","StSLib","The Cursed","??????REMEMod"],"gold_per_floor":[366,224,241,251,46,46,81,81,81,81,94,59,85,85,85,183,183,198,125,141,141,158,158,190,207,207,207,207,207,207,232,232,331,331,341,87,87,1086,1086,1086,1101,1112,1112,1112,615,615,632,632,632,632,632],"floor_reached":50,"language":"ENG","playtime":1903,"items_purged":[],"score":664,"play_id":"a46cf190-4dbd-44a0-8dfa-cfa6c9a183a9","local_time":"20210112134145","is_ascension_mode":true,"campfire_choices":[{"data":"Catalyst","floor":6,"key":"SMITH"},{"floor":15,"key":"REST"},{"floor":23,"key":"REST"},{"data":"Footwork","floor":28,"key":"SMITH"},{"floor":30,"key":"REST"},{"floor":32,"key":"REST"},{"data":"Poisoned Stab","floor":40,"key":"SMITH"},{"data":"PiercingWail","floor":44,"key":"SMITH"},{"floor":46,"key":"REST"},{"data":"REME_CopyPotion","floor":49,"key":"SMITH"}],"circlet_count":0,"master_deck":["Strike_G","Strike_G","Strike_G","Strike_G","Defend_G","Defend_G","Defend_G","Defend_G","Defend_G","Survivor","Neutralize","REME_HeartOfCthun+1","Catalyst+1","REME_GreenPollution","Bane","Poisoned Stab+1","PiercingWail+1","Corpse Explosion","Outmaneuver+1","Noxious Fumes","PiercingWail+1","Poisoned Stab+1","Footwork+1","REME_CopyPotion+1","Sucker Punch+1"],"relics":["Ring of the Snake","REME_ComplimentaryCards","Potion Belt","CaptainsWheel","WingedGreaves","Calipers","Smiling Mask","Runic Pyramid","Omamori","Pocketwatch","Nilry\u0027s Codex","REME_PoisonedDagger","SacredBark","TwistedFunnel","Meat on the Bone","Membership Card","Shuriken","Paper Crane"],"acts_visited":["Exordium","TheCity","TheBeyond"],"potions_floor_usage":[13,16,31,33,35,50,50,50,50,50],"damage_taken":[{"damage":6,"enemies":"Cultist","floor":1,"turns":3},{"damage":0,"enemies":"2 Louse","floor":3,"turns":2},{"damage":0,"enemies":"Small Slimes","floor":4,"turns":1},{"damage":28,"enemies":"Gremlin Nob","floor":7,"turns":4},{"damage":10,"enemies":"Red Slaver","floor":11,"turns":2},{"damage":12,"enemies":"3 Sentries","floor":13,"turns":4},{"damage":22,"enemies":"The Guardian","floor":16,"turns":10},{"damage":12,"enemies":"3 Byrds","floor":18,"turns":2},{"damage":14,"enemies":"Shell Parasite","floor":20,"turns":4},{"damage":0,"enemies":"Snake Plant","floor":22,"turns":5},{"damage":12,"enemies":"Slavers","floor":24,"turns":4},{"damage":1,"enemies":"3 Cultists","floor":25,"turns":5},{"damage":0,"enemies":"Gremlin Leader","floor":31,"turns":5},{"damage":46,"enemies":"Collector","floor":33,"turns":9},{"damage":13,"enemies":"3 Darklings","floor":35,"turns":3},{"damage":10,"enemies":"3 Shapes","floor":41,"turns":2},{"damage":7,"enemies":"Maw","floor":42,"turns":8},{"damage":4,"enemies":"Writhing Mass","floor":47,"turns":7},{"damage":64,"enemies":"Time Eater","floor":50,"turns":8}],"seed_played":"-766045299835470150","potions_obtained":[{"floor":1,"key":"DistilledChaos"},{"floor":3,"key":"Dexterity Potion"},{"floor":13,"key":"SneckoOil"},{"floor":20,"key":"Dexterity Potion"},{"floor":25,"key":"Poison Potion"}],"is_trial":false,"path_per_floor":["M","$","M","M","$","R","E","?","T","?","M","?","E","$","R","B",null,"M","$","M","?","M","R","E","M","T","?","R","?","R","E","R","B",null,"M","$","?","?","?","R","M","M","T","R","$","R","M","?","R","B"],"character_chosen":"THE_SILENT","items_purchased":["Catalyst","REME_GreenPollution","Potion Belt","SkillPotion","Noxious Fumes","TwistedFunnel","ColorlessPotion","SteroidPotion","BlessingOfTheForge","Membership Card","Shuriken","Paper Crane","Swift Potion","ColorlessPotion"],"campfire_rested":5,"item_purchase_floors":[2,2,5,5,19,36,36,36,45,45,45,45,45,45],"current_hp_per_floor":[57,57,57,57,57,57,29,16,16,16,6,21,9,9,27,5,63,51,51,37,37,37,55,43,42,42,26,26,26,44,44,62,16,63,50,50,63,63,63,63,53,46,46,46,46,63,59,59,59,0,0],"gold":632,"neow_bonus":"TWO_FIFTY_GOLD","is_daily":false,"chose_seed":false,"campfire_upgraded":5,"win_rate":0.0,"timestamp":1610487705,"path_taken":["M","$","?","M","$","R","E","?","T","?","?","?","E","?","R","BOSS","M","$","M","?","?","R","E","M","T","?","R","?","R","E","R","BOSS","M","$","?","?","?","R","?","M","T","R","$","R","M","?","R","BOSS"],"items_purchased_type":["Card","Card","Relic","Potion","Card","Relic","Potion","Potion","Potion","Relic","Relic","Relic","Potion","Potion"],"build_version":"2020-12-22","purchased_purges":0,"victory":false,"max_hp_per_floor":[63,63,63,63,63,63,63,63,63,63,63,63,63,63,63,63,63,63,63,63,63,63,63,63,63,63,63,63,63,63,63,63,63,63,63,63,63,63,63,63,63,63,63,63,63,63,63,63,63,63,63],"card_choices":[{"not_picked":["Bouncing Flask","Slice","Eviscerate"],"picked":"SKIP","floor":1},{"not_picked":["Deflect","Acrobatics"],"picked":"Bane","floor":3},{"not_picked":["Dodge and Roll","Well Laid Plans"],"picked":"Poisoned Stab","floor":4},{"not_picked":["Leg Sweep","Prepared","Slice"],"picked":"SKIP","floor":7},{"not_picked":["Accuracy","REME_ShadowStrike","Dodge and Roll"],"picked":"SKIP","floor":11},{"not_picked":["Storm of Steel","Sucker Punch"],"picked":"PiercingWail","floor":13},{"not_picked":["Envenom","Doppelganger"],"picked":"Corpse Explosion","floor":16},{"not_picked":["Sucker Punch","Blade Dance"],"picked":"Outmaneuver+1","floor":18},{"not_picked":["Bouncing Flask","Underhanded Strike"],"picked":"PiercingWail+1","floor":20},{"not_picked":["Calculated Gamble","Underhanded Strike"],"picked":"Poisoned Stab","floor":22},{"not_picked":["Dagger Spray","Underhanded Strike","Flechettes+1"],"picked":"SKIP","floor":24},{"not_picked":["Dagger Spray+1","Backflip"],"picked":"Footwork","floor":25},{"not_picked":["Bane+1","Reflex","Flying Knee+1"],"picked":"SKIP","floor":31},{"not_picked":["REME_LeechingPoison","A Thousand Cuts"],"picked":"REME_CopyPotion","floor":33},{"not_picked":["Dodge and Roll","Expertise"],"picked":"Sucker Punch+1","floor":35},{"not_picked":["Leg Sweep+1","Dash+1","Finisher"],"picked":"SKIP","floor":41},{"not_picked":["Flying Knee+1","Concentrate","Crippling Poison"],"picked":"SKIP","floor":42},{"not_picked":["Endless Agony","Expertise","REME_ShadowStrike"],"picked":"SKIP","floor":47}],"player_experience":375558,"relics_obtained":[{"floor":7,"key":"CaptainsWheel"},{"floor":9,"key":"WingedGreaves"},{"floor":13,"key":"Smiling Mask"},{"floor":24,"key":"Omamori"},{"floor":26,"key":"Pocketwatch"},{"floor":27,"key":"Nilry\u0027s Codex"},{"floor":31,"key":"REME_PoisonedDagger"},{"floor":43,"key":"Meat on the Bone"}],"event_choices":[{"damage_healed":0,"gold_gain":0,"player_choice":"Entered Light","damage_taken":13,"max_hp_gain":0,"max_hp_loss":0,"event_name":"Shining Light","floor":8,"gold_loss":0,"cards_upgraded":["Poisoned Stab","REME_HeartOfCthun"]},{"damage_healed":0,"gold_gain":0,"player_choice":"Gave Potion","damage_taken":0,"relics_obtained":["Calipers"],"max_hp_gain":0,"max_hp_loss":0,"event_name":"WeMeetAgain","floor":10,"gold_loss":0},{"damage_healed":15,"gold_gain":0,"player_choice":"Healed","damage_taken":0,"max_hp_gain":0,"max_hp_loss":0,"event_name":"The Cleric","floor":12,"gold_loss":35},{"cards_removed":["Strike_G"],"damage_healed":0,"gold_gain":0,"player_choice":"Offered Basic","damage_taken":0,"max_hp_gain":0,"max_hp_loss":0,"event_name":"Bonfire Elementals","floor":21,"gold_loss":0},{"damage_healed":0,"gold_gain":0,"player_choice":"Obtained Book","damage_taken":16,"max_hp_gain":0,"max_hp_loss":0,"event_name":"Cursed Tome","floor":27,"gold_loss":0},{"damage_healed":0,"gold_gain":0,"player_choice":"Ignored","damage_taken":0,"max_hp_gain":0,"max_hp_loss":0,"event_name":"Ghosts","floor":29,"gold_loss":0},{"damage_healed":16,"gold_gain":0,"player_choice":"Writhe","damage_taken":0,"max_hp_gain":0,"max_hp_loss":0,"event_name":"Winding Halls","floor":37,"gold_loss":0,"cards_obtained":["Writhe"]},{"damage_healed":0,"gold_gain":999,"player_choice":"Gold","damage_taken":0,"max_hp_gain":0,"max_hp_loss":0,"event_name":"MindBloom","floor":38,"gold_loss":0,"cards_obtained":["Normality","Normality"]},{"cards_removed":["Normality"],"damage_healed":0,"gold_gain":0,"player_choice":"Purged","damage_taken":0,"max_hp_gain":0,"max_hp_loss":0,"event_name":"Purifier","floor":39,"gold_loss":0},{"damage_healed":0,"gold_gain":0,"player_choice":"Ignored","damage_taken":0,"max_hp_gain":0,"max_hp_loss":0,"event_name":"Tomb of Lord Red Mask","floor":48,"gold_loss":0}],"is_beta":false,"boss_relics":[{"not_picked":["WristBlade","REME_ChargedStone"],"picked":"Runic Pyramid"},{"not_picked":["Ring of the Serpent","HoveringKite"],"picked":"SacredBark"}],"items_purged_floors":[],"is_endless":false,"potions_floor_spawned":[1,3,13,20,25,47],"killed_by":"Time Eater","ascension_level":3}}