{"host":"mdbnki27vzqujy5q","time":1610440943,"event":{"mods":["BaseMod","Better Note","Better Skull","Colored Map","Colored Powertips","DeckTracker","Highlight Path","Minty Spire (QoL Compilation)","Quick Restart","Rare Cards Sparkle","StSLib"],"gold_per_floor":[363,438,83,98,98,126,126,126,201,201,151,170,203,229,229,331,331,343,343,355,355,370,370,385,385,411,423,435,478,118,118,118],"floor_reached":31,"playtime":1314,"items_purged":["Regret","Strike_P"],"score":272,"play_id":"d17a621e-4721-4d91-a9bb-bc5ffb553d35","local_time":"20210112004223","is_ascension_mode":true,"campfire_choices":[{"floor":8,"key":"REST"},{"data":"Eruption","floor":10,"key":"SMITH"},{"floor":15,"key":"REST"},{"floor":23,"key":"REST"},{"floor":25,"key":"REST"},{"data":"JustLucky","floor":27,"key":"SMITH"}],"circlet_count":0,"master_deck":["Strike_P","Strike_P","Defend_P","Defend_P","Eruption+1","Vigilance","PathToVictory","Study+1","PathToVictory","EmptyBody","FlurryOfBlows","SignatureMove","JustLucky+1","Alpha","EmptyFist+1","CutThroughFate+1","Prostrate+1","ClearTheMind","Mind Blast","Nirvana","Judgement"],"relics":["PureWater","Matryoshka","Du-Vu Doll","Omamori","Eternal Feather","Strawberry","Odd Mushroom","Cursed Key","Blood Vial","MawBank","Orichalcum","Bag of Marbles"],"acts_visited":["Exordium","TheCity"],"potions_floor_usage":[6,18,24,31],"damage_taken":[{"damage":6,"enemies":"Small Slimes","floor":1,"turns":3},{"damage":4,"enemies":"2 Louse","floor":4,"turns":3},{"damage":28,"enemies":"Gremlin Nob","floor":6,"turns":4},{"damage":1,"enemies":"Jaw Worm","floor":12,"turns":3},{"damage":11,"enemies":"Lagavulin","floor":13,"turns":4},{"damage":13,"enemies":"The Mushroom Lair","floor":14,"turns":3},{"damage":34,"enemies":"Slime Boss","floor":16,"turns":5},{"damage":49,"enemies":"Spheric Guardian","floor":18,"turns":4},{"damage":12,"enemies":"Shell Parasite","floor":20,"turns":4},{"damage":14,"enemies":"Shelled Parasite and Fungi","floor":22,"turns":4},{"damage":28,"enemies":"Snake Plant","floor":24,"turns":4},{"damage":48,"enemies":"Book of Stabbing","floor":29,"turns":5},{"damage":9,"enemies":"Centurion and Healer","floor":31,"turns":2}],"seed_played":"-1361664989110835091","potions_obtained":[{"floor":4,"key":"ColorlessPotion"},{"floor":14,"key":"SteroidPotion"},{"floor":16,"key":"SpeedPotion"},{"floor":18,"key":"FearPotion"},{"floor":20,"key":"Energy Potion"}],"is_trial":false,"path_per_floor":["M","?","$","M","?","E","?","R","T","R","?","M","E","?","R","B",null,"M","?","M","?","M","R","M","R","T","R","?","E","$","M"],"character_chosen":"WATCHER","items_purchased":["Matryoshka","Study","Judgement","Bag of Marbles","ColorlessPotion"],"campfire_rested":4,"item_purchase_floors":[3,3,30,30,30],"current_hp_per_floor":[66,55,55,51,51,23,16,37,37,43,43,42,38,25,54,20,79,30,30,18,18,4,36,8,40,40,49,49,3,3,0,0],"gold":118,"neow_bonus":"TWO_FIFTY_GOLD","is_daily":false,"chose_seed":false,"campfire_upgraded":2,"win_rate":0.0,"timestamp":1610440943,"path_taken":["M","?","$","M","?","E","?","R","T","R","?","?","E","?","R","BOSS","M","?","M","?","?","R","M","R","T","R","?","E","$","M"],"items_purchased_type":["Relic","Card","Card","Relic","Potion"],"build_version":"2020-12-22","purchased_purges":2,"victory":false,"max_hp_per_floor":[72,72,72,72,72,72,72,72,72,72,72,72,79,79,79,79,79,79,79,79,79,79,79,79,79,79,79,79,79,79,79,79],"card_choices":[{"not_picked":["FlyingSleeves","Crescendo"],"picked":"PathToVictory","floor":1},{"not_picked":["Conclude","CrushJoints"],"picked":"PathToVictory","floor":4},{"not_picked":["Wallop","Scrawl"],"picked":"EmptyBody","floor":6},{"not_picked":["Evaluate","Swivel"],"picked":"FlurryOfBlows","floor":12},{"not_picked":["CrushJoints","Perseverance"],"picked":"SignatureMove","floor":13},{"not_picked":["CutThroughFate","Protect"],"picked":"JustLucky","floor":14},{"not_picked":["Ragnarok","Judgement"],"picked":"Alpha","floor":16},{"not_picked":["Protect","BowlingBash"],"picked":"EmptyFist+1","floor":18},{"not_picked":["CrushJoints+1","FlurryOfBlows+1"],"picked":"CutThroughFate+1","floor":20},{"not_picked":["WreathOfFlame","SashWhip"],"picked":"Prostrate+1","floor":22},{"not_picked":["EmptyFist","WheelKick"],"picked":"ClearTheMind","floor":24},{"not_picked":["BowlingBash","DeceiveReality"],"picked":"Nirvana","floor":29}],"player_experience":70126,"relics_obtained":[{"floor":6,"key":"Du-Vu Doll"},{"floor":9,"key":"Omamori"},{"floor":9,"key":"Eternal Feather"},{"floor":13,"key":"Strawberry"},{"floor":14,"key":"Odd Mushroom"},{"floor":26,"key":"Blood Vial"},{"floor":26,"key":"MawBank"},{"floor":29,"key":"Orichalcum"}],"event_choices":[{"damage_healed":0,"gold_gain":75,"player_choice":"Gather Gold","damage_taken":11,"max_hp_gain":0,"max_hp_loss":0,"event_name":"World of Goop","floor":2,"gold_loss":0},{"cards_removed":["Strike_P"],"damage_healed":0,"gold_gain":0,"player_choice":"Forget","damage_taken":0,"max_hp_gain":0,"max_hp_loss":0,"event_name":"Living Wall","floor":5,"gold_loss":0},{"cards_removed":["Defend_P"],"damage_healed":0,"gold_gain":0,"player_choice":"Card Removal","damage_taken":7,"max_hp_gain":0,"max_hp_loss":0,"event_name":"Golden Wing","floor":7,"gold_loss":0},{"cards_removed":["Defend_P"],"damage_healed":0,"gold_gain":0,"player_choice":"Card Removal","damage_taken":0,"max_hp_gain":0,"max_hp_loss":0,"event_name":"The Cleric","floor":11,"gold_loss":50},{"damage_healed":0,"gold_gain":0,"player_choice":"Fought Mushrooms","damage_taken":0,"max_hp_gain":0,"max_hp_loss":0,"event_name":"Mushrooms","floor":14,"gold_loss":0},{"damage_healed":0,"gold_gain":0,"player_choice":"Upgraded","damage_taken":0,"max_hp_gain":0,"max_hp_loss":0,"event_name":"Upgrade Shrine","floor":19,"gold_loss":0,"cards_upgraded":["Study"]},{"damage_healed":0,"gold_gain":0,"player_choice":"Ignored","damage_taken":0,"max_hp_gain":0,"max_hp_loss":0,"event_name":"betterNote:BetterNote","floor":21,"gold_loss":0,"cards_obtained":["DevaForm"]},{"damage_healed":0,"gold_gain":0,"player_choice":"1 cards matched","damage_taken":0,"max_hp_gain":0,"max_hp_loss":0,"event_name":"Match and Keep!","floor":28,"gold_loss":0,"cards_obtained":["Mind Blast"]}],"is_beta":false,"boss_relics":[{"not_picked":["Fusion Hammer","VioletLotus"],"picked":"Cursed Key"}],"items_purged_floors":[3,30],"is_endless":false,"potions_floor_spawned":[4,14,16,18,20,22],"killed_by":"Centurion and Healer","ascension_level":1}}