{"host":"da4a6z8aof69aasy","time":1610494207,"event":{"mods":["AchievementEnabler","BaseMod","Block Reminder","Colored Powertips","DeckTracker","Highlight Path","Minty Spire (QoL Compilation)","Permanent Neow","Relic Stats","StSLib"],"gold_per_floor":[117,117,117,132,146,146,186,216,243,243,282,133,133,171,171,269,269,290,308,308,24,95,138,156,239,262,301,346,381,175,189,189,308,308,351,1350,1425,1169,1502,1502,1527,1527,1554,1574,1648,1663,1696,1374,1374,1394,1394,1394,937,964,964],"floor_reached":56,"language":"ENG","playtime":8569,"items_purged":["Strike_R","Pain","Strike_R+1","Anger+1","Rampage+1","HandOfGreed"],"score":2196,"play_id":"ef6688d2-7fd7-4618-b9e1-654037f1ccda","local_time":"20210113013007","is_ascension_mode":true,"campfire_choices":[{"data":"Hemokinesis","floor":6.0,"key":"SMITH"},{"data":"Bash","floor":10.0,"key":"SMITH"},{"data":"Shockwave","floor":15.0,"key":"SMITH"},{"floor":32.0,"key":"REST"},{"data":"1","floor":40,"key":"LIFT"},{"data":"2","floor":42,"key":"LIFT"},{"floor":49,"key":"RECALL"},{"data":"3","floor":52,"key":"LIFT"}],"circlet_count":0,"master_deck":["AscendersBane","Defend_R+1","Defend_R+1","Defend_R+1","Defend_R+1","Bash+1","Hemokinesis+1","Battle Trance","Clothesline","Shockwave+1","Impervious","Pommel Strike+1","Feel No Pain+1","Feed","Flame Barrier+1","Dark Embrace","Shrug It Off","Juggernaut","Immolate+1","Uppercut","True Grit","Limit Break","Shrug It Off","Inflame+1","Reaper","Shrug It Off","Headbutt","Offering","Limit Break"],"relics":["Velvet Choker","Akabeko","Pantograph","Toy Ornithopter","Smiling Mask","WarpedTongs","Anchor","Fusion Hammer","Membership Card","Omamori","Happy Flower","Vajra","PreservedInsect","Art of War","Centennial Puzzle","Medical Kit","Astrolabe","Girya","Mercury Hourglass","Peace Pipe","Strawberry","Incense Burner","Orrery","Ornamental Fan","InkBottle","Pen Nib"],"acts_visited":["Exordium","TheCity","TheBeyond","TheEnding"],"potions_floor_usage":[37,47,55],"damage_taken":[{"damage":0.0,"enemies":"Cultist","floor":1.0,"turns":4.0},{"damage":0.0,"enemies":"2 Louse","floor":4.0,"turns":3.0},{"damage":8.0,"enemies":"Small Slimes","floor":5.0,"turns":3.0},{"damage":14.0,"enemies":"Gremlin Nob","floor":7.0,"turns":3.0},{"damage":11.0,"enemies":"Lagavulin","floor":11.0,"turns":4.0},{"damage":11.0,"enemies":"Gremlin Nob","floor":14.0,"turns":3.0},{"damage":25.0,"enemies":"The Guardian","floor":16.0,"turns":12.0},{"damage":5.0,"enemies":"Spheric Guardian","floor":18.0,"turns":3.0},{"damage":3.0,"enemies":"Chosen","floor":19.0,"turns":3.0},{"damage":2.0,"enemies":"Sentry and Sphere","floor":22.0,"turns":5.0},{"damage":19.0,"enemies":"Book of Stabbing","floor":23.0,"turns":4.0},{"damage":6.0,"enemies":"Snake Plant","floor":24.0,"turns":5.0},{"damage":3.0,"enemies":"Slavers","floor":25.0,"turns":4.0},{"damage":18.0,"enemies":"Gremlin Leader","floor":27.0,"turns":7.0},{"damage":10.0,"enemies":"Centurion and Healer","floor":28.0,"turns":5.0},{"damage":8.0,"enemies":"Book of Stabbing","floor":29.0,"turns":4.0},{"damage":2.0,"enemies":"Cultist and Chosen","floor":31.0,"turns":4.0},{"damage":48,"enemies":"Collector","floor":33,"turns":12},{"damage":0,"enemies":"Orb Walker","floor":35,"turns":4},{"damage":0,"enemies":"3 Shapes","floor":37,"turns":4},{"damage":11,"enemies":"Reptomancer","floor":41,"turns":4},{"damage":0,"enemies":"Jaw Worm Horde","floor":44,"turns":3},{"damage":9,"enemies":"2 Orb Walkers","floor":45,"turns":4},{"damage":2,"enemies":"3 Darklings","floor":46,"turns":4},{"damage":9,"enemies":"Giant Head","floor":47,"turns":7},{"damage":67,"enemies":"Awakened One","floor":50,"turns":14},{"damage":6,"enemies":"Shield and Spear","floor":54,"turns":2},{"damage":64,"enemies":"The Heart","floor":55,"turns":8}],"seed_played":"-245704716348399250","potions_obtained":[{"floor":1.0,"key":"BlessingOfTheForge"},{"floor":11.0,"key":"ColorlessPotion"},{"floor":14.0,"key":"GamblersBrew"},{"floor":16.0,"key":"Weak Potion"},{"floor":18.0,"key":"Fire Potion"},{"floor":29.0,"key":"Energy Potion"},{"floor":37,"key":"Dexterity Potion"},{"floor":46,"key":"BloodPotion"},{"floor":47,"key":"BloodPotion"}],"is_trial":false,"path_per_floor":["M","?","?","M","M","R","E","?","T","R","E","$","?","E","R","B",null,"M","M","?","$","M","E","M","E","T","E","M","E","$","M","R","B",null,"M","?","M","$","?","R","E","R","T","M","?","M","E","$","R","B",null,"R","$","E","B",null],"character_chosen":"IRONCLAD","items_purchased":["Fruit Juice","Membership Card","HandOfGreed","Centennial Puzzle","Medical Kit","Girya","Uppercut","True Grit","Incense Burner","Orrery","Shrug It Off","Headbutt","Ornamental Fan","InkBottle","Offering","Limit Break"],"campfire_rested":1,"item_purchase_floors":[12,21,21,30,30,38,38,38,48,48,48,48,53,53,53,53],"current_hp_per_floor":[68,68,42,42,34,34,20,20,20,20,14,14,14,13,13,13,63,58,55,55,55,53,34,32,33,33,24,17,12,12,13,43,20,81,81,81,89,89,89,89,81,81,81,84,78,79,108,108,108,62,112,112,112,109,131],"gold":964,"neow_bonus":"BOSS_RELIC","is_daily":false,"chose_seed":false,"campfire_upgraded":3,"win_rate":0.0,"timestamp":1610494207,"path_taken":["M","?","?","M","M","R","E","?","T","R","E","$","?","E","R","BOSS","M","M","?","$","M","E","M","E","T","E","M","E","$","M","R","BOSS","M","?","M","$","?","R","E","R","T","M","?","M","E","$","R","BOSS","R","$","E","BOSS"],"items_purchased_type":["Potion","Relic","Card","Relic","Relic","Relic","Card","Card","Relic","Relic","Card","Card","Relic","Relic","Card","Card"],"build_version":"2020-12-22","purchased_purges":6,"victory":true,"max_hp_per_floor":[75,75,75,75,75,75,75,75,75,75,75,75,75,80,80,80,80,80,80,80,80,80,80,84,88,88,92,95,98,98,101,101,101,101,101,101,104,104,104,104,107,107,107,110,113,116,126,126,126,129,129,129,129,132,132],"relic_stats":{"Happy Flower":[28],"counters":[28,142],"Astrolabe":["Immolate","Anger","Rampage"],"PreservedInsect":312,"Pen Nib":[1],"Smiling Mask":151,"Medical Kit":[3],"WarpedTongs":[99],"Mercury Hourglass":[162],"Peace Pipe":0,"Centennial Puzzle":[24],"Ornamental Fan":[12],"Pantograph":91,"Art of War":[15],"obtain_stats":[{"Vajra":26,"Incense Burner":48,"Smiling Mask":11,"Burning Blood":0,"Centennial Puzzle":30,"Pantograph":8,"Strawberry":47,"Fusion Hammer":17,"InkBottle":53,"Girya":38,"Happy Flower":25,"Golden Idol":3,"Astrolabe":34,"Velvet Choker":0,"PreservedInsect":27,"Pen Nib":54,"Omamori":23,"Medical Kit":30,"Akabeko":7,"WarpedTongs":13,"Mercury Hourglass":41,"Peace Pipe":45,"Anchor":14,"Ornamental Fan":53,"Orrery":48,"Art of War":29,"Membership Card":21,"Toy Ornithopter":9},{"Vajra":13,"Incense Burner":25,"Smiling Mask":5,"Burning Blood":0,"Centennial Puzzle":16,"Pantograph":4,"Strawberry":25,"Fusion Hammer":7,"InkBottle":26,"Girya":20,"Happy Flower":13,"Golden Idol":1,"Astrolabe":18,"Velvet Choker":0,"PreservedInsect":14,"Pen Nib":27,"Omamori":11,"Medical Kit":16,"Akabeko":4,"WarpedTongs":5,"Mercury Hourglass":21,"Peace Pipe":23,"Anchor":6,"Ornamental Fan":26,"Orrery":25,"Art of War":16,"Membership Card":9,"Toy Ornithopter":4},{"Vajra":56,"Incense Burner":118,"Smiling Mask":17,"Burning Blood":0,"Centennial Puzzle":72,"Pantograph":13,"Strawberry":118,"Fusion Hammer":32,"InkBottle":132,"Girya":96,"Happy Flower":56,"Golden Idol":4,"Astrolabe":88,"Velvet Choker":0,"PreservedInsect":63,"Pen Nib":134,"Omamori":47,"Medical Kit":72,"Akabeko":13,"WarpedTongs":17,"Mercury Hourglass":100,"Peace Pipe":107,"Anchor":20,"Ornamental Fan":132,"Orrery":118,"Art of War":72,"Membership Card":38,"Toy Ornithopter":13}],"Toy Ornithopter":25,"InkBottle":[4]},"card_choices":[{"not_picked":["Flame Barrier","Pommel Strike"],"picked":"Hemokinesis","floor":1.0},{"not_picked":["Dark Embrace","Warcry"],"picked":"Battle Trance","floor":4.0},{"not_picked":["Dropkick","Cleave"],"picked":"Clothesline","floor":5.0},{"not_picked":["Perfected Strike","Double Tap","Pommel Strike"],"picked":"SKIP","floor":7.0},{"not_picked":["Clothesline","Heavy Blade"],"picked":"Shockwave","floor":11.0},{"not_picked":["Pommel Strike","Thunderclap","Body Slam"],"picked":"SKIP","floor":14.0},{"not_picked":["Demon Form","Offering"],"picked":"Impervious","floor":16.0},{"not_picked":["Whirlwind","Twin Strike"],"picked":"Pommel Strike+1","floor":18.0},{"not_picked":["Headbutt","Flex","Wild Strike"],"picked":"SKIP","floor":19.0},{"not_picked":["Sword Boomerang","Searing Blow+1"],"picked":"Feel No Pain+1","floor":22.0},{"not_picked":["Bludgeon","Heavy Blade"],"picked":"Feed","floor":23.0},{"not_picked":["Rage","Warcry","Intimidate+1"],"picked":"SKIP","floor":24.0},{"not_picked":["True Grit","Clash"],"picked":"Flame Barrier+1","floor":25.0},{"not_picked":["Carnage","Perfected Strike","Corruption"],"picked":"SKIP","floor":27.0},{"not_picked":["Clothesline","Warcry","Headbutt"],"picked":"SKIP","floor":28.0},{"not_picked":["Clash+1","Pommel Strike+1"],"picked":"Dark Embrace","floor":29.0},{"not_picked":["Warcry","Heavy Blade"],"picked":"Shrug It Off","floor":31.0},{"not_picked":["Berserk","Feed"],"picked":"Juggernaut","floor":33},{"not_picked":["Perfected Strike","Havoc","Clothesline"],"picked":"SKIP","floor":35},{"not_picked":["Sword Boomerang+1","Flex","Iron Wave"],"picked":"SKIP","floor":37},{"not_picked":["Dropkick","Body Slam+1"],"picked":"Limit Break","floor":41},{"not_picked":["Clothesline","Anger+1","Clash+1"],"picked":"SKIP","floor":44},{"not_picked":["Clothesline","Anger+1","Clash+1"],"picked":"SKIP","floor":44},{"not_picked":["Wild Strike","Thunderclap"],"picked":"Shrug It Off","floor":45},{"not_picked":["Sword Boomerang","Infernal Blade"],"picked":"Inflame+1","floor":46},{"not_picked":["Fire Breathing","Wild Strike","Searing Blow"],"picked":"SKIP","floor":47},{"not_picked":["Iron Wave","True Grit"],"picked":"Reaper","floor":48},{"not_picked":["Thunderclap","Heavy Blade","Wild Strike"],"picked":"SKIP","floor":54}],"player_experience":2047589,"relics_obtained":[{"floor":7.0,"key":"Akabeko"},{"floor":9.0,"key":"Toy Ornithopter"},{"floor":11.0,"key":"Smiling Mask"},{"floor":14.0,"key":"Anchor"},{"floor":23.0,"key":"Omamori"},{"floor":25.0,"key":"Happy Flower"},{"floor":26.0,"key":"Vajra"},{"floor":27.0,"key":"PreservedInsect"},{"floor":29.0,"key":"Art of War"},{"floor":41,"key":"Mercury Hourglass"},{"floor":45,"key":"Peace Pipe"},{"floor":47,"key":"Strawberry"},{"floor":54,"key":"Pen Nib"}],"event_choices":[{"damage_healed":0.0,"max_hp_gain":0.0,"max_hp_loss":0.0,"gold_gain":0.0,"event_name":"Liars Game","player_choice":"Ignored","floor":2.0,"gold_loss":0.0,"damage_taken":0.0},{"damage_healed":0.0,"max_hp_gain":0.0,"max_hp_loss":0.0,"gold_gain":0.0,"event_name":"Golden Idol","player_choice":"Take Damage","floor":3.0,"gold_loss":0.0,"damage_taken":26.0,"relics_obtained":["Golden Idol"]},{"damage_healed":0.0,"max_hp_gain":0.0,"max_hp_loss":0.0,"gold_gain":30.0,"event_name":"Dead Adventurer","player_choice":"Searched \u00272\u0027 times","floor":8.0,"gold_loss":0.0,"damage_taken":0.0,"relics_obtained":["Pantograph"]},{"damage_healed":0.0,"max_hp_gain":0.0,"max_hp_loss":0.0,"gold_gain":0.0,"event_name":"Accursed Blacksmith","player_choice":"Rummage","floor":13.0,"gold_loss":0.0,"damage_taken":0.0,"relics_obtained":["WarpedTongs"],"cards_obtained":["Pain"]},{"damage_healed":0.0,"max_hp_gain":0.0,"max_hp_loss":0.0,"gold_gain":0.0,"event_name":"Back to Basics","player_choice":"Simplicity","floor":20.0,"gold_loss":0.0,"damage_taken":0.0,"cards_upgraded":["Strike_R","Strike_R","Strike_R","Strike_R","Defend_R","Defend_R","Defend_R","Defend_R"]},{"damage_healed":0,"gold_gain":999,"player_choice":"Gold","damage_taken":0,"max_hp_gain":0,"max_hp_loss":0,"event_name":"MindBloom","floor":36,"gold_loss":0,"cards_obtained":["Normality","Normality"]},{"damage_healed":0,"gold_gain":333,"player_choice":"Gave Idol","damage_taken":0,"max_hp_gain":0,"max_hp_loss":0,"event_name":"The Moai Head","floor":39,"relics_lost":["Golden Idol"],"gold_loss":0},{"damage_healed":0,"gold_gain":0,"player_choice":"Fight","damage_taken":0,"max_hp_gain":0,"max_hp_loss":0,"event_name":"Mysterious Sphere","floor":45,"gold_loss":0}],"is_beta":false,"boss_relics":[{"not_picked":["Philosopher\u0027s Stone","Coffee Dripper"],"picked":"Fusion Hammer"},{"not_picked":["Runic Cube","Mark of Pain"],"picked":"Astrolabe"}],"items_purged_floors":[12,21,30,38,48,53],"is_endless":false,"potions_floor_spawned":[1,11,14,16,18,19,24,29,35,37,44,46,47],"ascension_level":15}}