{"host":"dlskvfecb6rtl9z1","time":1610476383,"event":{"mods":["2.2 Compatiblity","AchievementEnabler","Aspiration","BaseMod","Better Third Choice","Colored Map","Colored Powertips","Downfall","Duelist Mod","Hermit","Hubris","Infinite Spire","KinomotoSakuraMod(????)","Koishi","Marisa????????","Minty Spire (QoL Compilation)","Remilia??????","Replay The Spire","Shop Mod","StSLib","Td1madao Mod","The Administrix","The Bug Knight","The Construct","The Cursed","The Disciple","The Hierophant","The Jungle","The Mystic","The Necromancer","The Runesmith","The Senshi","The Servant 0.9.4"],"gold_per_floor":[112,112,132,151,3,3,30,55,55,55,66,101,120,135,135,233,233,244,244,25,36,36,36,62,62,89,89,105,124,153,169,169,271,271,290,290,290,301,312,312,347,347,418,418,418,418,446,457,457,457],"floor_reached":51,"playtime":2419,"items_purged":["Defend_R","Defend_R","Defend_R","Defend_R","Strike_R"],"score":869,"play_id":"63a76ed2-7a69-4240-a4fb-4fe6d994441b","local_time":"20210112203303","is_ascension_mode":true,"campfire_choices":[{"data":"Bash","floor":6,"key":"SMITH"},{"data":"Storm of Steel","floor":15,"key":"SMITH"},{"data":"EndlessPower","floor":23,"key":"SMITH"},{"floor":27,"key":"REST"},{"data":"Flex","floor":32,"key":"SMITH"},{"floor":40,"key":"REST"},{"floor":42,"key":"REST"},{"data":"Battle Trance","floor":44,"key":"SMITH"},{"data":"Strike_R","floor":46,"key":"SMITH"},{"floor":49,"key":"REST"}],"circlet_count":0,"master_deck":["Strike_R","Strike_R","Strike_R+1","Bash+1","Blade Dance+1","Blade Dance+1","Storm of Steel+1","Rage+1","Defy Death+1","Wrath_TH","EndlessPower+1","Flex+1","Spot Weakness+1","Battle Trance+1"],"relics":["Black Blood","aspiration:Nostalgia","m_TsuchinokoRing","Guide Book","Torii","Odd Mushroom","Mercury Hourglass","Blue Doll","Painkiller Herb","hubris:Towel","Medical Kit","Runesmith:Nanobots","hubris:SlimyHat","construct:FoamFinger","infinitespire:Golems Mask","Golden Egg","theSenshi:SailorFukuRelic"],"acts_visited":["Exordium","TheCity","TheBeyond"],"potions_floor_usage":[7,16,30,33,50],"damage_taken":[{"damage":7,"enemies":"2 Louse","floor":1,"turns":3},{"damage":1,"enemies":"Cultist","floor":3,"turns":3},{"damage":2,"enemies":"Jaw Worm","floor":4,"turns":3},{"damage":4,"enemies":"Gremlin Nob","floor":7,"turns":3},{"damage":15,"enemies":"The Mushroom Lair","floor":8,"turns":3},{"damage":11,"enemies":"Looter","floor":11,"turns":2},{"damage":1,"enemies":"HollowMod:MossKnight","floor":12,"turns":3},{"damage":0,"enemies":"Red Slaver","floor":13,"turns":2},{"damage":0,"enemies":"Lots of Slimes","floor":14,"turns":2},{"damage":2,"enemies":"The Guardian","floor":16,"turns":7},{"damage":14,"enemies":"Shell Parasite","floor":18,"turns":2},{"damage":17,"enemies":"Snake Plant","floor":21,"turns":3},{"damage":12,"enemies":"Slavers","floor":24,"turns":3},{"damage":18,"enemies":"Centurion and Healer","floor":28,"turns":3},{"damage":7,"enemies":"Chosen and Byrds","floor":29,"turns":2},{"damage":24,"enemies":"HollowMod:Nosk","floor":30,"turns":2},{"damage":5,"enemies":"Snecko","floor":31,"turns":1},{"damage":15,"enemies":"Champ","floor":33,"turns":3},{"damage":23,"enemies":"Orb Walker","floor":35,"turns":2},{"damage":11,"enemies":"3 Darklings","floor":38,"turns":2},{"damage":13,"enemies":"Sphere and 2 Shapes","floor":39,"turns":1},{"damage":13,"enemies":"Reptomancer","floor":41,"turns":2},{"damage":43,"enemies":"R_Hoarder","floor":47,"turns":4},{"damage":15,"enemies":"Jaw Worm Horde","floor":48,"turns":1},{"damage":5,"enemies":"hubris:GrandSnecko","floor":50,"turns":1}],"seed_played":"5463257647084196638","potions_obtained":[{"floor":1,"key":"Block Potion"},{"floor":8,"key":"SpeedPotion"},{"floor":12,"key":"Fire Potion"},{"floor":21,"key":"Guardian:BlockOnCardUsePotion"},{"floor":28,"key":"champ:CounterPotion"},{"floor":30,"key":"LiquidBronze"},{"floor":31,"key":"Dexterity Potion"},{"floor":35,"key":"Guardian:BlockOnCardUsePotion"},{"floor":48,"key":"infinitespire:BlackPotion"}],"is_trial":false,"path_per_floor":["M","?","M","M","$","R","E","?","T","?","M","E","M","M","R","B",null,"?","?","T","?","?","T","E","AVR","T","T","?","?","E","?","T","B",null,"?","?","T","?","?","T","E","T","T","T","?","T","E","?","T","B",null],"character_chosen":"IRONCLAD","items_purchased":["Guide Book","Medical Kit"],"campfire_rested":4,"item_purchase_floors":[5,20],"current_hp_per_floor":[71,71,76,80,80,80,80,71,71,71,66,71,77,80,80,80,80,72,72,72,61,61,61,55,55,55,79,67,66,48,49,49,40,70,59,59,38,39,38,62,61,80,80,80,76,76,49,46,68,75],"gold":457,"neow_bonus":"NOSTALGIA","is_daily":false,"chose_seed":false,"campfire_upgraded":6,"win_rate":0.0,"timestamp":1610476383,"path_taken":["M","?","?","M","$","R","E","?","T","?","M","E","M","?","R","BOSS","?","?","T","?","?","T","E","AVR","T","T","?","?","E","?","T","BOSS","?","?","?","?","?","T","E","T","T","T","?","T","E","?","T","BOSS"],"items_purchased_type":["Relic","Relic"],"build_version":"2020-12-22","purchased_purges":5,"victory":true,"max_hp_per_floor":[80,80,80,80,80,80,80,80,80,80,80,80,80,80,80,80,80,80,80,80,80,80,80,80,80,80,80,80,80,80,80,80,80,80,80,80,80,80,80,80,80,80,80,80,76,76,76,76,76,76],"card_choices":[{"not_picked":["Second Wind","Replay:Undeath\u0027s Touch"],"picked":"Blade Dance","floor":1},{"not_picked":["Heavy Blade","Outmaneuver","Havoc"],"picked":"SKIP","floor":3},{"not_picked":["ReplayTheSpireMod:Stacked","Havoc"],"picked":"Blade Dance","floor":4},{"not_picked":["Anger","Cleave"],"picked":"Storm of Steel","floor":7},{"not_picked":["Body Slam","Clothesline"],"picked":"Rage","floor":8},{"not_picked":["Deflect","Warcry","ReplayTheSpireMod:Strike From Hell"],"picked":"SKIP","floor":11},{"not_picked":["ReplayTheSpireMod:Stacked","Riddle With Holes","Distraction"],"picked":"SKIP","floor":12},{"not_picked":["Cloak And Dagger","Sword Boomerang","Tools of the Trade"],"picked":"SKIP","floor":13},{"not_picked":["Deflect","Blood for Blood","Perfected Strike"],"picked":"SKIP","floor":14},{"not_picked":["True Grit","Sword Boomerang+1","Pommel Strike+1"],"picked":"SKIP","floor":18},{"not_picked":["Warcry","Burning Pact"],"picked":"Defy Death+1","floor":21},{"not_picked":["Iron Wave+1","Perfected Strike+1","Clash"],"picked":"SKIP","floor":24},{"not_picked":["Iron Wave","Dual Wield"],"picked":"Flex","floor":28},{"not_picked":["Thunderclap","Shrug It Off","Clothesline"],"picked":"SKIP","floor":29},{"not_picked":["Burning Pact","Cleave","Blood for Blood+1"],"picked":"SKIP","floor":30},{"not_picked":["Life Link","Bloodletting"],"picked":"Spot Weakness+1","floor":31},{"not_picked":["Searing Blow+1","Replay:Undeath\u0027s Touch","Bloodletting"],"picked":"SKIP","floor":35},{"not_picked":["Iron Wave","Replay:Undeath\u0027s Touch","Hemokinesis"],"picked":"SKIP","floor":38},{"not_picked":["Pommel Strike+1","Clothesline"],"picked":"Battle Trance","floor":39},{"not_picked":["Replay:Undeath\u0027s Touch","Havoc","Clothesline"],"picked":"SKIP","floor":41},{"not_picked":["Clothesline+1","Disarm","True Grit"],"picked":"SKIP","floor":47},{"not_picked":["ReplayReversal","Armaments","Thunderclap"],"picked":"SKIP","floor":48}],"player_experience":129264,"relics_obtained":[{"floor":7,"key":"Torii"},{"floor":8,"key":"Odd Mushroom"},{"floor":9,"key":"Mercury Hourglass"},{"floor":12,"key":"Blue Doll"},{"floor":24,"key":"Runesmith:Nanobots"},{"floor":26,"key":"hubris:SlimyHat"},{"floor":30,"key":"construct:FoamFinger"},{"floor":41,"key":"infinitespire:Golems Mask"},{"floor":43,"key":"Golden Egg"},{"floor":47,"key":"theSenshi:SailorFukuRelic"}],"event_choices":[{"cards_removed":["Strike_R"],"damage_healed":0,"gold_gain":0,"player_choice":"Offered Basic","damage_taken":0,"max_hp_gain":0,"max_hp_loss":0,"event_name":"Bonfire Elementals","floor":2,"gold_loss":0},{"damage_healed":0,"gold_gain":0,"player_choice":"Fought Mushrooms","damage_taken":0,"max_hp_gain":0,"max_hp_loss":0,"event_name":"Mushrooms","floor":8,"gold_loss":0},{"damage_healed":0,"gold_gain":0,"player_choice":"Forge","damage_taken":0,"max_hp_gain":0,"max_hp_loss":0,"event_name":"Accursed Blacksmith","floor":10,"gold_loss":0,"cards_upgraded":["Rage"]},{"damage_healed":0,"gold_gain":0,"player_choice":"Got Potions","damage_taken":0,"max_hp_gain":0,"max_hp_loss":0,"event_name":"Lab","floor":36,"gold_loss":0},{"damage_healed":0,"gold_gain":0,"player_choice":"Max HP","damage_taken":0,"max_hp_gain":0,"max_hp_loss":4,"event_name":"Winding Halls","floor":45,"gold_loss":0}],"is_beta":false,"boss_relics":[{"not_picked":["hubris:CrackedHourglass","Pandora\u0027s Box"],"picked":"Painkiller Herb"},{"not_picked":["aspiration:DefectSkillbook","hubris:ScarierMask"],"picked":"Black Blood"}],"items_purged_floors":[20,25,37,37,37],"is_endless":false,"potions_floor_spawned":[1,8,12,21,28,30,31,35,39,47,48],"ascension_level":6}}