{"host":"qkbnayyek6fga752","time":1610434844,"event":{"mods":["2.2 Compatiblity","Aspiration","Astrologer","BaseMod","Beaked The Cultist","Better Altar","Better Match","Better Note","Better Sensory Stone","Better Skull","Better Third Choice","CCEM","CapriCore","ChefMod","Clockwork Mod","Conspire","Ekko","Energized Spire","Evolution","Glutton Mod","Hermit","Hubris","Humility","Jedi Mod","Koishi","Mad Scientist","Marisa????????","Minty Spire (QoL Compilation)","Quarter Circle Forward PUNCH!","Random Character Mod","Replay The Spire","Robot Space Explorer","SIMod","Spicy Shops","StSLib","The Administrix","The Alterego","The Blackbeard","The Blue Laboratory","The Bug Knight","The Construct","The Cursed","The Death Knight","The Disciple","The Druid","The Edgeheg","The Exalted","The Forsaken","The Gatherer","The Hayseed","The Hierophant","The Immortal","The Juggle","The Marked","The Necromancer","The Problem Sleuth","The Runesmith","The Sage","The Senshi","The Vixen","TheArtist","TheBandit","TheFirefly","TheLocksmith","TheSwordswoman","TheVacant","TheVelvet","Trackpad","Wandering Minibosses","Yuri Mod","thorton","vexMod","??????REMEMod"],"gold_per_floor":[147,189,234,209,231,231,312,312,312,312,395,462,264,316,316,431,431,530,576,650,738,791,791,808,808,831,1022,1022,1063,1194,857,857,884,884,920,1014,1076,1142,1251,1251,1408,1437,1462,1462,1558,1481,1351,1472,1472,1297],"floor_reached":51,"playtime":3808,"items_purged":[],"score":1097,"play_id":"aa38add3-457e-4bc5-aee8-3eb77c8b6e31","local_time":"20210112020044","daily_mods":["SealedDeck","Heirloom","DeadlyEvents","Elite Swarm","Uncertain Future"],"is_ascension_mode":false,"campfire_choices":[{"data":"hierophant:PristineSoul","floor":6,"key":"SMITH"},{"data":"hierophant:Racketeering","floor":8,"key":"SMITH"},{"data":"hierophant:Refuge","floor":15,"key":"SMITH"},{"data":"hierophant:Invocation","floor":23,"key":"SMITH"},{"data":"hierophant:AuricForm","floor":25,"key":"SMITH"},{"data":"hierophant:CursedGold","floor":32,"key":"SMITH"},{"data":"hierophant:Invocation","floor":40,"key":"SMITH"},{"data":"REME_PuzzleBox","floor":44,"key":"SMITH"},{"data":"hierophant:AuricForm+1","floor":49,"key":"SMITH"}],"circlet_count":0,"master_deck":["hierophant:MorningPrayer","hierophant:MorningPrayer","hierophant:Racketeering+1","hierophant:RustyCrate","hierophant:Charity","hierophant:Smite","hierophant:Flagellation","hierophant:Smite+1","hierophant:Smite","hierophant:Endure","hierophant:Doubloon","hierophant:Doubloon","hierophant:Doubloon","AdministrixMod:BishamonBlessing","hierophant:Community","hierophant:RepressedViolence","hierophant:PristineSoul+1","hierophant:RustyCrate","hierophant:Doubloon","hierophant:Doubloon+1","hierophant:Anathema","hierophant:Invocation+1","hierophant:Refuge+1","hierophant:Doubloon","hierophant:Patience+1","hierophant:AuricForm+2","hierophant:Cornucopia","hierophant:DivineIntervention","hierophant:Doubloon","hierophant:Smite+1","hierophant:Bribe","hierophant:MorningPrayer","hierophant:Doubloon","hierophant:Refuge","hierophant:Invocation+1","hierophant:Doubloon","hierophant:Generosity","hierophant:Determination","hierophant:CursedGold+1","hierophant:Doubloon","hierophant:Cornucopia","hierophant:MirrorShield+1","hierophant:SecretStash+1","hierophant:Shelter+1","hierophant:Cornucopia","hierophant:AuricForm","hierophant:Invocation","hierophant:Invocation","REME_PuzzleBox+1","hierophant:AuricBeam","Dramatic Entrance","hierophant:AuricForm","hierophant:Invocation","hierophant:AuricForm"],"relics":["hierophant:PropheticMaskRelic","EVO:Axolotl","REME_ComplimentaryCards","vexMod:RetaliationKit","jedi:fakemustache","vexMod:HeadHunter","conspire:BottledYoYo","conspire:InfiniteJournal","Blood Vial","qcfpunch:Primary_Brush","vexMod:CursedCompass","vexMod:FocusSash","hubris:SlimyHat","vexMod:BarristanHead","NlothsMask","Nunchaku","trackpad:BottledTsunami","conspire:SlowCooker","CCEMRelics:OverlyComfyChair","CCEMRelics:GrapeVine","REME_HandOfSuture","qcfpunch:Broken_Tusk","hubris:NiceRug","theSenshi:SailorFukuRelic","Gremlin Food","TheAbacus","ReplayTheSpireMod:TigerMarble","OrangePellets","construct:BoolHorns","Pen Nib"],"acts_visited":["Exordium","TheCity","TheBeyond"],"potions_floor_usage":[11,18,29,33,50,50],"damage_taken":[{"damage":0,"enemies":"2 Louse","floor":1,"turns":2},{"damage":0,"enemies":"conspire:RoseBush","floor":2,"turns":2},{"damage":0,"enemies":"Cultist","floor":3,"turns":2},{"damage":0,"enemies":"Looter","floor":5,"turns":3},{"damage":1,"enemies":"Replay:BlueRogue","floor":7,"turns":7},{"damage":11,"enemies":"Lagavulin","floor":11,"turns":7},{"damage":0,"enemies":"Blue Slaver","floor":12,"turns":3},{"damage":0,"enemies":"Gremlin Nob","floor":14,"turns":6},{"damage":0,"enemies":"Slime Boss","floor":16,"turns":2},{"damage":0,"enemies":"Shell Parasite","floor":18,"turns":8},{"damage":11,"enemies":"2 Thieves","floor":19,"turns":3},{"damage":0,"enemies":"3 Cultists","floor":20,"turns":1},{"damage":0,"enemies":"Sentry and Sphere","floor":21,"turns":3},{"damage":2,"enemies":"Centurion and Healer","floor":22,"turns":5},{"damage":6,"enemies":"conspire:SneckoGhost","floor":24,"turns":5},{"damage":0,"enemies":"conspire:Head Lice","floor":27,"turns":6},{"damage":10,"enemies":"REME_1_Revenger","floor":29,"turns":5},{"damage":0,"enemies":"Snake Plant","floor":30,"turns":2},{"damage":10,"enemies":"Automaton","floor":33,"turns":4},{"damage":14,"enemies":"Orb Walker","floor":35,"turns":3},{"damage":0,"enemies":"3 Darklings","floor":36,"turns":1},{"damage":0,"enemies":"Writhing Mass","floor":37,"turns":2},{"damage":0,"enemies":"HollowMod:StalkingDevout","floor":39,"turns":4},{"damage":12,"enemies":"Reptomancer","floor":41,"turns":4},{"damage":0,"enemies":"hubris:Merchant","floor":42,"turns":3},{"damage":0,"enemies":"beaked:SuperParasite","floor":45,"turns":3},{"damage":0,"enemies":"Maw","floor":46,"turns":4},{"damage":0,"enemies":"Giant Head","floor":47,"turns":2},{"damage":0,"enemies":"Jaw Worm Horde","floor":48,"turns":2},{"damage":0,"enemies":"Replay:Hell Engine","floor":50,"turns":3}],"seed_played":"-8148602508641032655","potions_obtained":[{"floor":2,"key":"Fire Potion"},{"floor":3,"key":"Flashbang"},{"floor":7,"key":"jedi:StrikingPotion"},{"floor":12,"key":"Dexterity Potion"},{"floor":19,"key":"GamblersBrew"},{"floor":24,"key":"Energy Potion"},{"floor":27,"key":"blueLaboratory:FruitPunch"},{"floor":29,"key":"FairyPotion"},{"floor":33,"key":"Swift Potion"},{"floor":47,"key":"Fire Potion"},{"floor":48,"key":"blueLaboratory:ImpenetrablePotion"}],"is_trial":true,"path_per_floor":["M","M","M","?","M","R","E","R","T","?","E","M","$","E","R","B",null,"M","M","M","M","M","R","E","R","T","E","?","E","M","$","R","B",null,"M","M","M","?","E","R","E","$","T","R","E","M","E","M","R","B",null],"character_chosen":"HIEROPHANT","items_purchased":["hierophant:Refuge","hierophant:Patience+1","Blood Vial","trackpad:BottledTsunami","hierophant:CursedGold","REME_PuzzleBox","qcfpunch:Broken_Tusk"],"campfire_rested":0,"item_purchase_floors":[13,13,13,31,31,42,42],"current_hp_per_floor":[75,75,75,75,75,75,74,74,74,59,48,48,63,65,65,67,75,75,64,66,68,68,68,64,64,64,66,66,60,62,72,72,64,77,63,65,67,48,77,77,65,77,77,77,77,77,77,77,77,77],"gold":1297,"neow_bonus":"","is_daily":false,"chose_seed":false,"campfire_upgraded":9,"win_rate":0.0,"timestamp":1610434844,"path_taken":["M","M","M","?","M","R","E","R","T","?","E","?","$","E","R","BOSS","M","?","M","M","M","R","E","R","T","E","?","E","?","$","R","BOSS","M","M","M","?","?","R","E","$","T","R","E","M","E","?","R","BOSS"],"items_purchased_type":["Card","Card","Relic","Relic","Card","Card","Relic"],"build_version":"2020-12-22","purchased_purges":0,"victory":true,"max_hp_per_floor":[75,75,75,75,75,75,75,75,75,75,75,75,75,75,75,75,75,75,75,75,75,75,75,75,75,75,75,75,77,77,77,77,77,77,77,77,77,77,77,77,77,77,77,77,77,77,77,77,77,77],"card_choices":[{"not_picked":["hierophant:Prophecy","hierophant:Dazzle"],"picked":"hierophant:Community","floor":1},{"not_picked":["hierophant:Empathy","hierophant:RecallFunds"],"picked":"hierophant:RepressedViolence","floor":2},{"not_picked":["hierophant:Community","hierophant:Purify"],"picked":"hierophant:PristineSoul","floor":3},{"not_picked":["hierophant:FlamingChariot","hierophant:SealAway"],"picked":"hierophant:RustyCrate","floor":5},{"not_picked":["hierophant:Kindle","hierophant:DeathKnell","hierophant:WrathOfGod"],"picked":"SKIP","floor":7},{"not_picked":["hierophant:MintersHammer","hierophant:Levitation"],"picked":"hierophant:Anathema","floor":11},{"not_picked":["hierophant:Batter","hierophant:MintersHammer"],"picked":"hierophant:Invocation","floor":11},{"not_picked":["hierophant:Upheaval","hierophant:Exaltation","hierophant:Dazzle"],"picked":"SKIP","floor":12},{"not_picked":["hierophant:Invocation","hierophant:DeathKnell"],"picked":"hierophant:AuricForm","floor":14},{"not_picked":["hierophant:Levitation","hierophant:Invocation"],"picked":"hierophant:Cornucopia","floor":14},{"not_picked":["hierophant:Kindle","hierophant:Generosity"],"picked":"hierophant:DivineIntervention","floor":16},{"not_picked":["hierophant:Alms","hierophant:Sermon"],"picked":"hierophant:Doubloon","floor":18},{"not_picked":["hierophant:FaithHealing","hierophant:RustyCrate"],"picked":"hierophant:Smite+1","floor":19},{"not_picked":["hierophant:Encroach","hierophant:Purify"],"picked":"hierophant:Bribe","floor":20},{"not_picked":["hierophant:RustyCrate","hierophant:OrnateBuckler"],"picked":"hierophant:MorningPrayer","floor":21},{"not_picked":["hierophant:RepressedViolence+1","hierophant:OrnateJavelin"],"picked":"hierophant:Refuge","floor":22},{"not_picked":["hierophant:MintersHammer","hierophant:LocustPlague"],"picked":"hierophant:Invocation","floor":24},{"not_picked":["hierophant:Batter","hierophant:WrathOfGod"],"picked":"hierophant:Generosity","floor":24},{"not_picked":["hierophant:WrathOfGod","hierophant:MintersHammer","hierophant:Generosity"],"picked":"SKIP","floor":27},{"not_picked":["hierophant:MintersHammer","hierophant:Kindle","hierophant:Batter"],"picked":"SKIP","floor":27},{"not_picked":["hierophant:Anathema","hierophant:Levitation"],"picked":"hierophant:Determination","floor":29},{"not_picked":["hierophant:Anathema","hierophant:Generosity","hierophant:MintersHammer"],"picked":"SKIP","floor":29},{"not_picked":["hierophant:Community","hierophant:FlamingChariot","hierophant:AuricShield"],"picked":"SKIP","floor":30},{"not_picked":["hierophant:Generosity","hierophant:Kindle"],"picked":"hierophant:Cornucopia","floor":33},{"not_picked":["hierophant:Doubloon","hierophant:PassingBell"],"picked":"hierophant:MirrorShield+1","floor":35},{"not_picked":["hierophant:Glossolalia+1","hierophant:Shelter+1"],"picked":"hierophant:SecretStash+1","floor":36},{"not_picked":["hierophant:HammerAndAnvil","hierophant:Doomsaying+1","hierophant:PassingBell"],"picked":"SKIP","floor":37},{"not_picked":["hierophant:ThreeLashes","hierophant:Glossolalia"],"picked":"hierophant:Shelter+1","floor":38},{"not_picked":["hierophant:MintersHammer","hierophant:WrathOfGod"],"picked":"hierophant:Cornucopia","floor":39},{"not_picked":["hierophant:WrathOfGod","hierophant:BulkyChest"],"picked":"hierophant:AuricForm","floor":39},{"not_picked":["hierophant:Kindle","hierophant:AuricForm"],"picked":"hierophant:Invocation","floor":41},{"not_picked":["hierophant:Kindle","hierophant:DivineIntervention"],"picked":"hierophant:Invocation","floor":41},{"not_picked":[],"picked":"hierophant:AuricBeam","floor":42},{"not_picked":[],"picked":"Dramatic Entrance","floor":42},{"not_picked":["hierophant:Purify"],"picked":"SKIP","floor":42},{"not_picked":["hierophant:DeathKnell"],"picked":"SKIP","floor":42},{"not_picked":["hierophant:OrnateBuckler"],"picked":"SKIP","floor":42},{"not_picked":["hierophant:Community"],"picked":"SKIP","floor":42},{"not_picked":["hierophant:DivineIntervention","hierophant:LocustPlague"],"picked":"hierophant:AuricForm","floor":45},{"not_picked":["hierophant:Kindle","hierophant:LocustPlague","hierophant:WrathOfGod"],"picked":"SKIP","floor":45},{"not_picked":["hierophant:FlamingChariot+1","hierophant:RustyCrate+1","hierophant:EyeForCoin+1"],"picked":"SKIP","floor":46},{"not_picked":["hierophant:DeathKnell","hierophant:Batter"],"picked":"hierophant:Invocation","floor":47},{"not_picked":["hierophant:Anathema","hierophant:DivineIntervention"],"picked":"hierophant:AuricForm","floor":47},{"not_picked":["hierophant:FaithHealing","hierophant:Zeal","hierophant:OrnateBuckler+1"],"picked":"SKIP","floor":48}],"player_experience":390180,"relics_obtained":[{"floor":7,"key":"vexMod:HeadHunter"},{"floor":9,"key":"conspire:BottledYoYo"},{"floor":11,"key":"conspire:InfiniteJournal"},{"floor":14,"key":"qcfpunch:Primary_Brush"},{"floor":24,"key":"vexMod:FocusSash"},{"floor":26,"key":"hubris:SlimyHat"},{"floor":27,"key":"vexMod:BarristanHead"},{"floor":29,"key":"Nunchaku"},{"floor":38,"key":"CCEMRelics:OverlyComfyChair"},{"floor":39,"key":"CCEMRelics:GrapeVine"},{"floor":41,"key":"REME_HandOfSuture"},{"floor":42,"key":"theSenshi:SailorFukuRelic"},{"floor":42,"key":"Gremlin Food"},{"floor":42,"key":"TheAbacus"},{"floor":42,"key":"ReplayTheSpireMod:TigerMarble"},{"floor":42,"key":"OrangePellets"},{"floor":45,"key":"construct:BoolHorns"},{"floor":47,"key":"Pen Nib"}],"event_choices":[{"damage_healed":74,"gold_gain":0,"player_choice":"Upgrade","damage_taken":15,"max_hp_gain":0,"max_hp_loss":75,"event_name":"betterThird:BetterShining","floor":10,"gold_loss":0,"cards_upgraded":["hierophant:Smite","hierophant:Doubloon"]},{"damage_healed":0,"gold_gain":0,"player_choice":"Trade","damage_taken":0,"relics_obtained":["NlothsMask"],"max_hp_gain":0,"max_hp_loss":0,"event_name":"FaceTrader","floor":28,"gold_loss":0}],"is_beta":false,"boss_relics":[{"not_picked":["REME_DemonsWealth","thethorton:GreedFountain"],"picked":"vexMod:CursedCompass"},{"not_picked":["Honey Jar","Cursed Key"],"picked":"conspire:SlowCooker"}],"items_purged_floors":[],"is_endless":false,"potions_floor_spawned":[2,3,7,12,19,21,24,27,29,33,36,37,45,46,47,48],"ascension_level":0}}