{"host":"Ian","time":1610464806,"event":{"mods":["BaseMod","Bestiary","Block Reminder","Colored Map","Highlight Path","Key Reminder","Minty Spire (QoL Compilation)","Relic Stats"],"gold_per_floor":[109,121,133,72,88,88,113,113,138,158,158,4,4,17,17,91,91,105,122,47,47,65,65,65,65],"floor_reached":24,"playtime":786,"items_purged":["Defend_R"],"score":396,"play_id":"d62aaca2-c05c-44a8-8213-8c2a85d2f854","local_time":"20210112152006","is_ascension_mode":true,"campfire_choices":[{"data":"Perfected Strike","floor":6,"key":"SMITH"},{"data":"Bash","floor":8,"key":"SMITH"},{"data":"Pommel Strike","floor":13,"key":"SMITH"},{"data":"Metallicize","floor":15,"key":"SMITH"},{"data":"Corruption","floor":23,"key":"SMITH"}],"circlet_count":0,"master_deck":["AscendersBane","Strike_R","Strike_R","Strike_R","Strike_R","Defend_R","Defend_R","Defend_R","Bash+1","Perfected Strike+1","Armaments","Flame Barrier","Pommel Strike+1","Sever Soul","Spot Weakness","Metallicize+1","Corruption+1","CurseOfTheBell","Feel No Pain","Dropkick"],"relics":["SacredBark","Orichalcum","Anchor","Nunchaku","Calling Bell","Centennial Puzzle","Meat on the Bone","Du-Vu Doll","Singing Bowl"],"acts_visited":["Exordium","TheCity"],"potions_floor_usage":[7,16,16,19],"damage_taken":[{"damage":2,"enemies":"2 Louse","floor":1,"turns":4},{"damage":1,"enemies":"Cultist","floor":2,"turns":3},{"damage":7,"enemies":"Small Slimes","floor":3,"turns":3},{"damage":5,"enemies":"Exordium Wildlife","floor":5,"turns":3},{"damage":2,"enemies":"Gremlin Nob","floor":7,"turns":3},{"damage":20,"enemies":"Large Slime","floor":10,"turns":5},{"damage":1,"enemies":"Looter","floor":14,"turns":3},{"damage":29,"enemies":"The Guardian","floor":16,"turns":11},{"damage":16,"enemies":"Spheric Guardian","floor":18,"turns":4},{"damage":2,"enemies":"Chosen","floor":19,"turns":3},{"damage":4,"enemies":"Centurion and Healer","floor":22,"turns":8},{"damage":42,"enemies":"Slavers","floor":24,"turns":3}],"seed_played":"8810217278729171122","potions_obtained":[{"floor":1,"key":"SkillPotion"},{"floor":2,"key":"LiquidMemories"},{"floor":10,"key":"SkillPotion"},{"floor":16,"key":"AttackPotion"}],"is_trial":false,"path_per_floor":["M","M","M","?","M","R","E","R","T","M","?","$","R","M","R","B",null,"M","M","?","T","M","R","E"],"character_chosen":"IRONCLAD","items_purchased":["Spot Weakness"],"campfire_rested":0,"item_purchase_floors":[12],"current_hp_per_floor":[66,65,58,58,53,53,51,51,51,31,56,56,56,55,55,26,63,47,45,45,45,41,41,0,0],"gold":65,"neow_bonus":"BOSS_RELIC","is_daily":false,"chose_seed":false,"campfire_upgraded":5,"win_rate":0.0,"timestamp":1610464806,"path_taken":["M","M","M","?","?","R","E","R","T","M","?","$","R","M","R","BOSS","M","M","?","?","M","R","E"],"items_purchased_type":["Card"],"build_version":"2020-12-18","purchased_purges":1,"victory":false,"max_hp_per_floor":[75,75,75,75,75,75,75,75,75,75,75,75,75,75,75,75,75,75,75,75,75,75,75,75,75],"relic_stats":{"Nunchaku":[5],"Centennial Puzzle":[12],"Singing Bowl":0,"counters":[12,53],"Orichalcum":[102],"obtain_stats":[{"Calling Bell":17,"Du-Vu Doll":17,"Anchor":7,"Nunchaku":9,"Centennial Puzzle":17,"Singing Bowl":21,"SacredBark":0,"Orichalcum":4,"Burning Blood":0,"Meat on the Bone":17},{"Calling Bell":8,"Du-Vu Doll":8,"Anchor":5,"Nunchaku":5,"Centennial Puzzle":8,"Singing Bowl":10,"SacredBark":0,"Orichalcum":3,"Burning Blood":0,"Meat on the Bone":8},{"Calling Bell":35,"Du-Vu Doll":35,"Anchor":16,"Nunchaku":16,"Centennial Puzzle":35,"Singing Bowl":42,"SacredBark":0,"Orichalcum":10,"Burning Blood":0,"Meat on the Bone":35}],"Meat on the Bone":0},"card_choices":[{"not_picked":["Clothesline","Warcry"],"picked":"Perfected Strike","floor":1},{"not_picked":["Power Through","Flex"],"picked":"Armaments","floor":2},{"not_picked":["True Grit","Headbutt"],"picked":"Flame Barrier","floor":3},{"not_picked":["Armaments","Dark Embrace"],"picked":"Pommel Strike","floor":5},{"not_picked":["Wild Strike","Sword Boomerang"],"picked":"Sever Soul","floor":7},{"not_picked":["Wild Strike","Heavy Blade","Twin Strike"],"picked":"SKIP","floor":10},{"not_picked":["Uppercut","Juggernaut"],"picked":"Metallicize","floor":14},{"not_picked":["Offering","Limit Break"],"picked":"Corruption","floor":16},{"not_picked":["Rupture","True Grit","Flex"],"picked":"SKIP","floor":18},{"not_picked":["Armaments+1","Shrug It Off"],"picked":"Feel No Pain","floor":19},{"not_picked":["Shrug It Off+1","Reckless Charge"],"picked":"Dropkick","floor":22}],"player_experience":2672409,"relics_obtained":[{"floor":7,"key":"Anchor"},{"floor":9,"key":"Nunchaku"},{"floor":17,"key":"Centennial Puzzle"},{"floor":17,"key":"Meat on the Bone"},{"floor":17,"key":"Du-Vu Doll"},{"floor":21,"key":"Singing Bowl"}],"event_choices":[{"damage_healed":0,"gold_gain":0,"player_choice":"Paid Gold","damage_taken":0,"relics_obtained":["Orichalcum"],"max_hp_gain":0,"max_hp_loss":0,"event_name":"WeMeetAgain","floor":4,"gold_loss":61},{"damage_healed":25,"gold_gain":0,"player_choice":"Banana","damage_taken":0,"max_hp_gain":0,"max_hp_loss":0,"event_name":"Big Fish","floor":11,"gold_loss":0},{"cards_removed":["Strike_R"],"damage_healed":0,"gold_gain":0,"player_choice":"Gave Gold","damage_taken":0,"max_hp_gain":0,"max_hp_loss":0,"event_name":"Beggar","floor":20,"gold_loss":75}],"is_beta":true,"boss_relics":[{"not_picked":["Astrolabe","Pandora\u0027s Box"],"picked":"Calling Bell"}],"items_purged_floors":[12],"is_endless":false,"potions_floor_spawned":[1,2,10,16],"killed_by":"Slavers","ascension_level":20}}