{"host":"iv8gkcqs5ryn8eyc","time":1610434836,"event":{"mods":["Astrologer","BaseMod","Colored Map","Colored Powertips","Magitek Elite","Minty Spire (QoL Compilation)","Replay The Spire","Shade Mod","Spire Birthday Party","StSLib","The Blackbeard","The Marked","The Runesmith","The Saiyan","The Servant 0.9.4","TheVacant"],"gold_per_floor":[115,133,143,159,176,176,193,225,248,258,258,269,269,288,288,393,393,404,39,57,57,75,75,75,75,148,13,25,0,18,37,37,136,136,146,160,160,4,4,4],"floor_reached":39,"playtime":1875,"items_purged":["Strike_L"],"score":389,"play_id":"03e2340c-4693-4007-9626-f46bfe08c5fa","local_time":"20210112020036","is_ascension_mode":false,"campfire_choices":[{"floor":6,"key":"REST"},{"floor":11,"key":"REST"},{"floor":13,"key":"REST"},{"data":"Thunder_P","floor":15,"key":"SMITH"},{"floor":23,"key":"REST"},{"floor":25,"key":"REST"},{"floor":32,"key":"REST"}],"circlet_count":0,"master_deck":["Strike_L","Strike_L","Defend_L","Defend_L","Defend_L","Defend_L","Fire2","Cure","Gravity","Rasp","Thunder_P","Mirage_Vest","Falchion","Osmosis","Gaia_Gear","Icebrand","Flametongue","Mirage_Vest","Ultima","Gaia_Gear","Rune_Blade","Blood_Hilt","Valor","Ultima","Quake+1","Circlet","Rune_Blade","Falchion+1","Shell","Focus","Reflect","Thunder_Blade+1","Falchion+1","Midas Touch"],"relics":["Pendant","Bottled Lightning","Nunchaku","Empty Cage","Lee\u0027s Waffle","Kunai","Honey Jar","Replay:Baseball"],"acts_visited":["Exordium","TheCity","TheBeyond"],"potions_floor_usage":[8,12,16,16,33],"damage_taken":[{"damage":25,"enemies":"Jaw Worm","floor":1,"turns":4},{"damage":2,"enemies":"Cultist","floor":2,"turns":6},{"damage":11,"enemies":"Small Slimes","floor":3,"turns":4},{"damage":9,"enemies":"Looter","floor":4,"turns":4},{"damage":6,"enemies":"Exordium Wildlife","floor":5,"turns":5},{"damage":6,"enemies":"Large Slime","floor":7,"turns":5},{"damage":16,"enemies":"Replay:BlueRogue","floor":8,"turns":6},{"damage":7,"enemies":"Looter","floor":10,"turns":4},{"damage":11,"enemies":"2 Fungi Beasts","floor":12,"turns":4},{"damage":0,"enemies":"Exordium Thugs","floor":14,"turns":5},{"damage":10,"enemies":"Hexaghost","floor":16,"turns":10},{"damage":17,"enemies":"2 Thieves","floor":18,"turns":4},{"damage":27,"enemies":"Spheric Guardian","floor":20,"turns":6},{"damage":34,"enemies":"Shelled Parasite and Fungi","floor":22,"turns":7},{"damage":26,"enemies":"Centurion and Healer","floor":28,"turns":9},{"damage":7,"enemies":"Snecko","floor":30,"turns":7},{"damage":20,"enemies":"Snake Plant","floor":31,"turns":8},{"damage":46,"enemies":"Automaton","floor":33,"turns":11},{"damage":52,"enemies":"3 Darklings","floor":35,"turns":5},{"damage":18,"enemies":"3 Shapes","floor":36,"turns":6},{"damage":6,"enemies":"Maw","floor":39,"turns":2}],"seed_played":"8690268870593709737","potions_obtained":[{"floor":2,"key":"Strength Potion"},{"floor":3,"key":"GamblersBrew"},{"floor":8,"key":"LifebloodPotion"},{"floor":12,"key":"Venom Potion"},{"floor":14,"key":"SteroidPotion"},{"floor":18,"key":"Elixir"},{"floor":28,"key":"Strength Potion"}],"is_trial":false,"path_per_floor":["M","M","M","M","M","R","M","E","T","M","R","M","R","M","R","B",null,"M","$","M","?","M","R","?","R","T","$","M","?","M","M","R","B",null,"M","M","?","$","M"],"character_chosen":"MAGITEKELITE","items_purchased":["Rune_Blade","Blood_Hilt","Lee\u0027s Waffle","Circlet","Rune_Blade","PowerPotion","Replay:Baseball"],"campfire_rested":6,"item_purchase_floors":[19,19,19,27,27,27,38],"current_hp_per_floor":[38,42,31,28,22,40,40,30,30,23,41,36,54,60,60,56,63,46,70,47,47,13,34,34,55,55,55,37,37,37,23,44,11,70,21,3,3,3,0,0],"gold":4,"neow_bonus":"ONE_RANDOM_RARE_CARD","is_daily":false,"chose_seed":false,"campfire_upgraded":1,"win_rate":0.0,"timestamp":1610434836,"path_taken":["M","M","M","M","M","R","M","E","T","M","R","M","R","M","R","BOSS","M","$","M","?","?","R","?","R","T","$","M","?","?","M","R","BOSS","M","M","?","$","M"],"items_purchased_type":["Card","Card","Relic","Card","Card","Potion","Relic"],"build_version":"2020-12-22","purchased_purges":1,"victory":false,"max_hp_per_floor":[63,63,63,63,63,63,63,63,63,63,63,63,63,63,63,63,63,63,70,70,70,70,70,70,70,70,70,70,70,70,70,70,70,70,70,70,70,70,70,70],"card_choices":[{"not_picked":["Mythril_Knife","Haste"],"picked":"Rasp","floor":1},{"not_picked":["Water","Mythril_Knife"],"picked":"Thunder_P","floor":2},{"not_picked":["Barrier","Icebrand"],"picked":"Mirage_Vest","floor":3},{"not_picked":["Water","Aero"],"picked":"Falchion","floor":4},{"not_picked":["Icebrand","Magnus_Hat"],"picked":"Osmosis","floor":5},{"not_picked":["Thornlet","Astra"],"picked":"Gaia_Gear","floor":7},{"not_picked":["Vox","Dark"],"picked":"Icebrand","floor":8},{"not_picked":["Magnus_Hat","Vox","Dark"],"picked":"SKIP","floor":10},{"not_picked":["Icebrand","Throw"],"picked":"Flametongue","floor":12},{"not_picked":["Flametongue","Throw"],"picked":"Mirage_Vest","floor":14},{"not_picked":["Diamond_Shield2","Gravity"],"picked":"Ultima","floor":16},{"not_picked":["Heavy_Shield","Thunder_Blade"],"picked":"Gaia_Gear","floor":18},{"not_picked":["Man_Eater+1","Quake"],"picked":"Valor","floor":20},{"not_picked":["Enhancer","Gladius"],"picked":"Quake+1","floor":22},{"not_picked":["Barrier+1","Transpose_P+1"],"picked":"Falchion+1","floor":28},{"not_picked":["Rasp","Protect_M"],"picked":"Shell","floor":30},{"not_picked":["Meteor","Float2_Spell"],"picked":"Focus","floor":31},{"not_picked":["Remember","Ultima"],"picked":"Reflect","floor":33},{"not_picked":["Throw","Rune_Blade","Mirage_Vest+1"],"picked":"Thunder_Blade+1","floor":35},{"not_picked":["Thunder_Blade","Poisona","Circlet"],"picked":"Falchion+1","floor":36},{"not_picked":["Deep Breath","ReplayTheSpireMod:Uncanny Aura","HandOfGreed"],"picked":"Midas Touch","floor":37}],"player_experience":464045,"relics_obtained":[{"floor":8,"key":"Bottled Lightning"},{"floor":9,"key":"Nunchaku"},{"floor":26,"key":"Kunai"}],"event_choices":[{"damage_healed":0,"gold_gain":0,"player_choice":"Copied","damage_taken":0,"max_hp_gain":0,"max_hp_loss":0,"event_name":"Duplicator","floor":21,"gold_loss":0,"cards_obtained":["Ultima"]},{"damage_healed":0,"gold_gain":0,"player_choice":"Ignored","damage_taken":0,"max_hp_gain":0,"max_hp_loss":0,"event_name":"Vampires","floor":24,"gold_loss":0},{"damage_healed":0,"gold_gain":0,"player_choice":"Paid Fearfully","damage_taken":0,"max_hp_gain":0,"max_hp_loss":0,"event_name":"Masked Bandits","floor":29,"gold_loss":25},{"damage_healed":0,"gold_gain":0,"player_choice":"Memory 1","damage_taken":0,"max_hp_gain":0,"max_hp_loss":0,"event_name":"SensoryStone","floor":37,"gold_loss":0}],"is_beta":false,"boss_relics":[{"not_picked":["ReplayTheSpireMod:DimensionalGlitch","Replay:Bronze Core"],"picked":"Empty Cage"},{"not_picked":["Busted Crown","Coffee Dripper"],"picked":"Honey Jar"}],"items_purged_floors":[19],"is_endless":false,"potions_floor_spawned":[2,3,8,12,14,18,28,31],"killed_by":"Maw","ascension_level":0}}