{"host":"Tuck","time":1610478162,"event":{"mods":["BaseMod","Minty Spire (QoL Compilation)","StSLib"],"gold_per_floor":[118,131,151,169,26,59,420,420,445,471,491,491,510,541,541,645,645,659,659,669,685,360,393,393,420,466,486,506,538,569,609,621,729,741,767,798,733,582,593,627,537,571,571,598,615,615,349,380,380,380,380,380,50,79,79],"floor_reached":56,"playtime":4213,"items_purged":["Strike_R","Strike_R","Strike_R","Strike_R+1"],"score":1678,"play_id":"eca94513-0a1e-47b7-b608-0d7f0bd7af1d","local_time":"20210112120242","is_ascension_mode":true,"campfire_choices":[{"data":"Bash","floor":12.0,"key":"SMITH"},{"data":"Limit Break","floor":15.0,"key":"SMITH"},{"data":"Inflame","floor":24.0,"key":"SMITH"},{"data":"Disarm","floor":32.0,"key":"SMITH"},{"data":"True Grit","floor":46.0,"key":"SMITH"},{"data":"Dark Embrace","floor":49.0,"key":"SMITH"},{"data":"Metallicize","floor":52.0,"key":"SMITH"}],"circlet_count":0,"master_deck":["Defend_R+1","Defend_R","Defend_R","Defend_R","Bash+1","Clothesline","Burning Pact","Evolve","Armaments","Shrug It Off","True Grit+1","Carnage","Metallicize+1","Limit Break+1","Reaper","Feed+1","Exhume+1","Shrug It Off","J.A.X.","Disarm+1","Dark Embrace+1","Inflame+1","Feel No Pain+1","Uppercut","Inflame+1","Spot Weakness+1","Heavy Blade+1","Entrench","Rupture+1","Rupture+1"],"relics":["Philosopher\u0027s Stone","Medical Kit","Vajra","Whetstone","Sling","Matryoshka","Red Skull","Bag of Marbles","Happy Flower","Anchor","SlaversCollar","Oddly Smooth Stone","WingedGreaves","Unceasing Top","Boot","MawBank","Runic Pyramid","Juzu Bracelet","Frozen Egg 2","Charon\u0027s Ashes","Calipers","Centennial Puzzle","Toxic Egg 2","Self Forming Clay","Ornamental Fan"],"acts_visited":["Exordium","TheCity","TheBeyond","TheEnding"],"potions_floor_usage":[55,55],"damage_taken":[{"damage":0.0,"enemies":"Cultist","floor":1.0,"turns":2.0},{"damage":7.0,"enemies":"Jaw Worm","floor":2.0,"turns":2.0},{"damage":1.0,"enemies":"2 Louse","floor":3.0,"turns":3.0},{"damage":14.0,"enemies":"Exordium Thugs","floor":4.0,"turns":2.0},{"damage":5.0,"enemies":"Gremlin Nob","floor":6.0,"turns":3.0},{"damage":8.0,"enemies":"3 Sentries","floor":10.0,"turns":5.0},{"damage":0.0,"enemies":"Gremlin Gang","floor":11.0,"turns":3.0},{"damage":0.0,"enemies":"3 Louse","floor":13.0,"turns":3.0},{"damage":4.0,"enemies":"Gremlin Nob","floor":14.0,"turns":3.0},{"damage":9.0,"enemies":"Slime Boss","floor":16.0,"turns":6.0},{"damage":2.0,"enemies":"2 Thieves","floor":18.0,"turns":3.0},{"damage":20.0,"enemies":"Shell Parasite","floor":20.0,"turns":7.0},{"damage":9.0,"enemies":"Centurion and Healer","floor":21.0,"turns":7.0},{"damage":5.0,"enemies":"Slavers","floor":23.0,"turns":4.0},{"damage":7.0,"enemies":"Book of Stabbing","floor":25.0,"turns":3.0},{"damage":21.0,"enemies":"Snake Plant","floor":27.0,"turns":8.0},{"damage":31.0,"enemies":"Shelled Parasite and Fungi","floor":28.0,"turns":5.0},{"damage":9.0,"enemies":"Gremlin Leader","floor":29.0,"turns":7.0},{"damage":29.0,"enemies":"Sentry and Sphere","floor":30.0,"turns":10.0},{"damage":3.0,"enemies":"Book of Stabbing","floor":31.0,"turns":4.0},{"damage":28.0,"enemies":"Champ","floor":33.0,"turns":14.0},{"damage":6.0,"enemies":"3 Shapes","floor":35.0,"turns":6.0},{"damage":0.0,"enemies":"3 Darklings","floor":36.0,"turns":1.0},{"damage":3.0,"enemies":"Transient","floor":39.0,"turns":3.0},{"damage":3.0,"enemies":"Reptomancer","floor":40.0,"turns":1.0},{"damage":3.0,"enemies":"Nemesis","floor":42.0,"turns":1.0},{"damage":3.0,"enemies":"Reptomancer","floor":44.0,"turns":4.0},{"damage":22.0,"enemies":"Sphere and 2 Shapes","floor":45.0,"turns":3.0},{"damage":22.0,"enemies":"Nemesis","floor":48.0,"turns":9.0},{"damage":35.0,"enemies":"Awakened One","floor":50.0,"turns":8.0},{"damage":3,"enemies":"Shield and Spear","floor":54,"turns":3},{"damage":68,"enemies":"The Heart","floor":55,"turns":9}],"seed_played":"8295444072881048303","potions_obtained":[{"floor":3.0,"key":"ElixirPotion"},{"floor":4.0,"key":"BloodPotion"},{"floor":6.0,"key":"PowerPotion"}],"is_trial":false,"path_per_floor":["M","M","M","M","$","E","$","T","T","E","M","R","M","E","R","B",null,"M","?","M","M","$","E","R","E","T","M","M","E","M","E","R","B",null,"M","M","?","$","M","E","?","E","T","E","M","R","$","E","R","B",null,"R","$","E","B",null],"character_chosen":"IRONCLAD","items_purchased":["Medical Kit","Shrug It Off","Bronze Scales","Whetstone","True Grit","Sling","Carnage","Fire Potion","Dark Embrace","Oddly Smooth Stone","Feel No Pain","Entrench","Rupture+1","Self Forming Clay","DuplicationPotion"],"campfire_rested":0,"item_purchase_floors":[5,7,7,7,7,7,7,7,22,22,38,47,47,53,53],"current_hp_per_floor":[80,73,72,58,58,53,53,53,53,45,45,45,45,41,41,32,80,86,86,70,89,89,103,103,96,96,112,104,124,108,131,131,136,136,148,152,152,152,152,156,156,160,160,164,168,168,168,172,172,177,180,180,180,188,188],"gold":79,"neow_bonus":"BOSS_RELIC","is_daily":false,"chose_seed":false,"campfire_upgraded":7,"win_rate":0.0,"timestamp":1610478162,"path_taken":["M","?","M","M","?","E","$","?","T","E","M","R","M","E","R","BOSS","M","?","M","M","$","E","R","E","T","M","M","E","M","E","R","BOSS","M","M","?","?","M","E","?","E","T","E","M","R","$","E","R","BOSS","R","$","E","BOSS"],"items_purchased_type":["Relic","Card","Relic","Relic","Card","Relic","Card","Potion","Card","Relic","Card","Card","Card","Relic","Potion"],"build_version":"2020-12-18","purchased_purges":4,"victory":true,"max_hp_per_floor":[80,80,80,80,80,80,80,80,80,80,80,80,80,80,80,80,80,88,88,92,100,100,108,108,108,108,112,120,124,132,136,136,136,136,148,152,152,152,152,156,156,160,160,164,168,168,168,172,172,180,180,180,180,188,188],"card_choices":[{"not_picked":["Pommel Strike","Hemokinesis"],"picked":"Clothesline","floor":1.0},{"not_picked":["Iron Wave","Cleave"],"picked":"Burning Pact","floor":2.0},{"not_picked":["Clothesline","Pommel Strike"],"picked":"Evolve","floor":3.0},{"not_picked":["Flex","Bloodletting"],"picked":"Armaments","floor":4.0},{"not_picked":["Rage","Perfected Strike","Anger"],"picked":"SKIP","floor":6.0},{"not_picked":["Clash","Combust"],"picked":"Metallicize","floor":10.0},{"not_picked":["Reckless Charge","Evolve","Cleave"],"picked":"SKIP","floor":11.0},{"not_picked":["Rage","Armaments","Thunderclap"],"picked":"SKIP","floor":13.0},{"not_picked":["Wild Strike","Clash"],"picked":"Limit Break","floor":14.0},{"not_picked":["Feed","Corruption"],"picked":"Reaper","floor":16.0},{"not_picked":["Reckless Charge","Clothesline"],"picked":"Shrug It Off","floor":18.0},{"not_picked":["Clash","Blood for Blood","Havoc"],"picked":"SKIP","floor":20.0},{"not_picked":["True Grit","Pummel"],"picked":"Disarm","floor":21.0},{"not_picked":["Corruption","Carnage+1"],"picked":"Inflame","floor":23.0},{"not_picked":["Whirlwind","Anger","Dark Embrace+1"],"picked":"SKIP","floor":25.0},{"not_picked":["Evolve","Heavy Blade","Fire Breathing"],"picked":"SKIP","floor":27.0},{"not_picked":["Flame Barrier","Dual Wield","Rampage"],"picked":"SKIP","floor":28.0},{"not_picked":["Whirlwind+1","Clash","Havoc"],"picked":"SKIP","floor":29.0},{"not_picked":["Body Slam","Thunderclap","Clash"],"picked":"SKIP","floor":30.0},{"not_picked":["Flex+1","Twin Strike","Clash"],"picked":"SKIP","floor":31.0},{"not_picked":["Sword Boomerang","Wild Strike+1","Perfected Strike+1"],"picked":"SKIP","floor":35.0},{"not_picked":["Pommel Strike","Perfected Strike+1","Twin Strike+1"],"picked":"SKIP","floor":36.0},{"not_picked":["Armaments","Dark Embrace+1"],"picked":"Uppercut","floor":39.0},{"not_picked":["Dropkick+1","Second Wind","Heavy Blade+1"],"picked":"SKIP","floor":40.0},{"not_picked":["Sever Soul","Bludgeon"],"picked":"Inflame+1","floor":42.0},{"not_picked":["Fire Breathing+1","Carnage"],"picked":"Spot Weakness+1","floor":44.0},{"not_picked":["Flex","Rupture+1"],"picked":"Heavy Blade+1","floor":45.0},{"not_picked":["Clothesline","Carnage"],"picked":"Rupture+1","floor":48.0},{"not_picked":["Searing Blow+1","Flex+1","Whirlwind+1"],"picked":"SKIP","floor":54}],"player_experience":2255650,"relics_obtained":[{"floor":6.0,"key":"Vajra"},{"floor":8.0,"key":"Matryoshka"},{"floor":9.0,"key":"Red Skull"},{"floor":9.0,"key":"Bag of Marbles"},{"floor":10.0,"key":"Happy Flower"},{"floor":14.0,"key":"Anchor"},{"floor":23.0,"key":"WingedGreaves"},{"floor":25.0,"key":"Unceasing Top"},{"floor":26.0,"key":"Boot"},{"floor":29.0,"key":"MawBank"},{"floor":40.0,"key":"Charon\u0027s Ashes"},{"floor":42.0,"key":"Calipers"},{"floor":44.0,"key":"Centennial Puzzle"},{"floor":48.0,"key":"Toxic Egg 2"},{"floor":54,"key":"Ornamental Fan"}],"event_choices":[{"damage_healed":0.0,"max_hp_gain":0.0,"max_hp_loss":0.0,"gold_gain":0.0,"event_name":"Drug Dealer","player_choice":"Obtain J.A.X.","floor":19.0,"gold_loss":0.0,"damage_taken":0.0,"cards_obtained":["J.A.X."]},{"damage_healed":0.0,"max_hp_gain":0.0,"max_hp_loss":0.0,"gold_gain":0.0,"event_name":"WeMeetAgain","player_choice":"Paid Gold","floor":37.0,"gold_loss":77.0,"damage_taken":0.0,"relics_obtained":["Juzu Bracelet"]},{"cards_removed":["Strike_R"],"damage_healed":0.0,"max_hp_gain":0.0,"max_hp_loss":0.0,"gold_gain":0.0,"event_name":"Designer","player_choice":"Upgrade and Remove","floor":41.0,"gold_loss":90.0,"damage_taken":0.0,"cards_upgraded":["Defend_R"]}],"is_beta":true,"boss_relics":[{"not_picked":["Cursed Key","Mark of Pain"],"picked":"SlaversCollar"},{"not_picked":["Sozu","Velvet Choker"],"picked":"Runic Pyramid"}],"items_purged_floors":[7,22,38,47],"is_endless":false,"potions_floor_spawned":[3,4,6,13,18,23,28,30,35,42,48],"ascension_level":1}}