{"host":"j0pfm12paoskip8g","time":1610452399,"event":{"mods":["AchievementEnabler","BaseMod","Colored Map","Hermit","Marisa????????","Minty Spire (QoL Compilation)","Rare Cards Sparkle","StSLib","SuperFastMode","The Animator","The Bug Knight","The Cursed","The Necromancer","The Runesmith","The Servant 0.9.4"],"gold_per_floor":[110,60,36,56,71,102,102,120,120,120,120],"floor_reached":10,"playtime":364,"items_purged":[],"score":68,"play_id":"806b8004-6fe8-45c2-a6fa-8bbcda85d828","local_time":"20210112125319","is_ascension_mode":false,"campfire_choices":[{"data":"Runesmith:Fortify","floor":7,"key":"SMITH"}],"circlet_count":0,"master_deck":["Runesmith:Strike_RS","Runesmith:Strike_RS","Runesmith:Strike_RS","Runesmith:Defend_RS","Runesmith:Defend_RS","Runesmith:Defend_RS","Runesmith:Defend_RS","Runesmith:CraftFirestone","Runesmith:Fortify+1","Runesmith:RuneHurl","Runesmith:HeatedChisel","Runesmith:EnergizedChisel"],"relics":["Runesmith:BrokenRuby","NeowsBlessing","Toxic Egg 2"],"acts_visited":["Exordium"],"potions_floor_usage":[6,10],"damage_taken":[{"damage":0,"enemies":"Jaw Worm","floor":1,"turns":1},{"damage":0,"enemies":"Small Slimes","floor":4,"turns":1},{"damage":0,"enemies":"2 Louse","floor":5,"turns":1},{"damage":23,"enemies":"Lagavulin","floor":6,"turns":7},{"damage":11,"enemies":"Exordium Thugs","floor":8,"turns":3},{"damage":42,"enemies":"Gremlin Nob","floor":10,"turns":4}],"seed_played":"-7650553926610858189","potions_obtained":[{"floor":1,"key":"DistilledChaos"},{"floor":8,"key":"ColorlessPotion"}],"is_trial":false,"path_per_floor":["M","?","$","M","M","E","R","M","T","E"],"character_chosen":"RUNESMITH_CLASS","items_purchased":["Runesmith:HeatedChisel"],"campfire_rested":0,"item_purchase_floors":[3],"current_hp_per_floor":[70,70,70,70,70,47,47,36,36,0,0],"gold":120,"neow_bonus":"THREE_ENEMY_KILL","is_daily":false,"chose_seed":false,"campfire_upgraded":1,"win_rate":0.0,"timestamp":1610452399,"path_taken":["M","?","$","M","M","E","R","M","T","E"],"items_purchased_type":["Card"],"build_version":"2020-12-22","purchased_purges":0,"victory":false,"max_hp_per_floor":[70,70,70,70,70,70,70,70,70,70,70],"card_choices":[{"not_picked":["Runesmith:ChaoticBlast","Runesmith:EarthShield"],"picked":"Runesmith:RuneHurl","floor":1},{"not_picked":["Runesmith:EnergizedChisel","Runesmith:DuctTape","Runesmith:Malloc"],"picked":"SKIP","floor":4},{"not_picked":["Runesmith:EarthShield","Runesmith:CraftMagma","Runesmith:CraftObretio"],"picked":"SKIP","floor":5},{"not_picked":["Runesmith:ChaoticBlast","Runesmith:CraftSpiculum+1","Runesmith:RuneHurl"],"picked":"SKIP","floor":6},{"not_picked":["Runesmith:MakeshiftArmor+1","Runesmith:HammerThrow"],"picked":"Runesmith:EnergizedChisel","floor":8}],"player_experience":23769,"relics_obtained":[{"floor":6,"key":"Toxic Egg 2"}],"event_choices":[{"cards_removed":["Runesmith:Strike_RS"],"damage_healed":0,"gold_gain":0,"player_choice":"Card Removal","damage_taken":0,"max_hp_gain":0,"max_hp_loss":0,"event_name":"The Cleric","floor":2,"gold_loss":50}],"is_beta":false,"boss_relics":[],"items_purged_floors":[],"is_endless":false,"potions_floor_spawned":[1,8],"killed_by":"Gremlin Nob","ascension_level":0}}