{"host":"gbbz8f5svnnpwo8d","time":1610466200,"event":{"mods":["AchievementEnabler","AlwaysNeverKeys","BaseMod","Bestiary","Better Altar","Better Match","Better Note","Better Sensory Stone","Better Silent Start","Better Skull","Better Third Choice","Better Vampires","Better-Laid Plans","BetterRewards","Block Reminder","Colored Map","Colored Powertips","Curses Come First","Dark Map","Displayed Cursed Tome","GifTheSpireLib","Minty Spire (QoL Compilation)","MonsterHotkey","Permanent Neow","Potion Indicator Mod","Quick Restart","Random Character Button","Rare Cards Sparkle","Relic Stats","Shop Mod","Spicy Shops","Spire Birthday Party","StSLib","Transform Curses"],"gold_per_floor":[109,72,92,109,127,127,127,139,164,164,176,176,176,195,195,321,321,346,421,160,273,296,315,315,315,315,16,16,16,16,54,54,174,174,194,214,214,237,295,295,295,358,409,427,450,450,80,103,103,103,103,103,37,71,71],"floor_reached":56,"playtime":2590,"items_purged":["Defend_G"],"score":1482,"play_id":"42060065-a6d6-4e65-958b-004ac1f9bc0a","local_time":"20210112084320","is_ascension_mode":false,"campfire_choices":[{"data":"Concentrate","floor":6.0,"key":"SMITH"},{"data":"Cloak And Dagger","floor":10.0,"key":"SMITH"},{"data":"Blade Dance","floor":13.0,"key":"SMITH"},{"data":"Tactician","floor":15.0,"key":"SMITH"},{"floor":24.0,"key":"REST"},{"data":"Envenom","floor":32.0,"key":"SMITH"},{"data":"Escape Plan","floor":40.0,"key":"SMITH"},{"data":"Phantasmal Killer","floor":46.0,"key":"SMITH"},{"floor":49.0,"key":"REST"},{"data":"Mayhem","floor":52,"key":"SMITH"}],"circlet_count":0,"master_deck":["Defend_G","Defend_G","Defend_G","Survivor","Neutralize","Concentrate+1","Tactician+1","Prepared","Well Laid Plans","Backflip","Cloak And Dagger+1","Blade Dance+1","Dagger Throw","After Image","Envenom+1","Dodge and Roll+1","Poisoned Stab+1","After Image","Escape Plan+1","Madness","Madness","Blade Dance+1","Finisher","Phantasmal Killer+1","Finisher","Mayhem+1","Choke","Tactician+1","Blur","Footwork","Night Terror"],"relics":["Ring of the Snake","Tingsha","Bag of Marbles","Golden Idol","MerchantsRug","Lantern","Bottled Lightning","Vajra","TwistedFunnel","Ninja Scroll","WristBlade","Unceasing Top","Snake Skull","Incense Burner","Nunchaku","FossilizedHelix","Turnip","Toy Ornithopter"],"acts_visited":["Exordium","TheCity","TheBeyond","TheEnding"],"potions_floor_usage":[50],"damage_taken":[{"damage":1.0,"enemies":"Cultist","floor":1.0,"turns":4.0},{"damage":2.0,"enemies":"Jaw Worm","floor":3.0,"turns":4.0},{"damage":0.0,"enemies":"2 Louse","floor":4.0,"turns":3.0},{"damage":2.0,"enemies":"2 Fungi Beasts","floor":5.0,"turns":4.0},{"damage":1.0,"enemies":"Blue Slaver","floor":8.0,"turns":3.0},{"damage":0.0,"enemies":"Looter","floor":11.0,"turns":1.0},{"damage":0.0,"enemies":"Red Slaver","floor":14.0,"turns":3.0},{"damage":22.0,"enemies":"The Guardian","floor":16.0,"turns":13.0},{"damage":0.0,"enemies":"Shell Parasite","floor":18.0,"turns":5.0},{"damage":1.0,"enemies":"Spheric Guardian","floor":22.0,"turns":4.0},{"damage":13.0,"enemies":"Centurion and Healer","floor":23.0,"turns":7.0},{"damage":1.0,"enemies":"Book of Stabbing","floor":31.0,"turns":5.0},{"damage":38.0,"enemies":"Collector","floor":33.0,"turns":9.0},{"damage":0.0,"enemies":"3 Darklings","floor":35.0,"turns":3.0},{"damage":0.0,"enemies":"3 Shapes","floor":36.0,"turns":2.0},{"damage":1.0,"enemies":"Sphere and 2 Shapes","floor":38.0,"turns":4.0},{"damage":0.0,"enemies":"2 Orb Walkers","floor":39.0,"turns":5.0},{"damage":0.0,"enemies":"Mind Bloom Boss Battle","floor":42.0,"turns":2.0},{"damage":5.0,"enemies":"Transient","floor":44.0,"turns":5.0},{"damage":0.0,"enemies":"Maw","floor":45.0,"turns":4.0},{"damage":2.0,"enemies":"Spire Growth","floor":48.0,"turns":3.0},{"damage":4,"enemies":"Donu and Deca","floor":50,"turns":5},{"damage":0,"enemies":"Shield and Spear","floor":54,"turns":3},{"damage":66,"enemies":"The Heart","floor":55,"turns":8}],"seed_played":"-272105905898861016","potions_obtained":[{"floor":4.0,"key":"Energy Potion"},{"floor":8.0,"key":"Poison Potion"},{"floor":14.0,"key":"LiquidMemories"},{"floor":18.0,"key":"LiquidMemories"},{"floor":33.0,"key":"Block Potion"},{"floor":35.0,"key":"EssenceOfSteel"},{"floor":36.0,"key":"LiquidBronze"},{"floor":42.0,"key":"Explosive Potion"},{"floor":44.0,"key":"SpeedPotion"},{"floor":45.0,"key":"Poison Potion"},{"floor":48.0,"key":"SteroidPotion"}],"is_trial":false,"path_per_floor":["M","$","M","M","M","R","?","M","T","R","M","?","R","M","R","B",null,"M","?","$","?","M","M","R","?","T","$","T","$","?","E","R","B",null,"M","M","?","M","?","R","?","?","T","M","M","R","$","M","R","B",null,"R","$","E","B",null],"character_chosen":"THE_SILENT","items_purchased":["Tingsha","Concentrate","Tactician","Well Laid Plans","MerchantsRug","Lantern","Membership Card","Vajra","TwistedFunnel","Mayhem","Incense Burner","Choke","Nunchaku","FossilizedHelix","Turnip","Blur","Footwork"],"campfire_rested":2,"item_purchase_floors":[0,0,0,2,20,20,27,27,27,47,47,47,47,53,53,53,53],"current_hp_per_floor":[62,62,60,60,58,58,58,57,57,57,57,40,40,40,40,18,70,70,63,63,55,54,41,62,62,62,62,62,62,62,61,61,23,70,70,70,61,60,60,60,60,60,60,55,55,55,55,53,70,66,70,70,70,70,4],"gold":71,"neow_bonus":"","is_daily":false,"chose_seed":false,"campfire_upgraded":8,"win_rate":0.0,"timestamp":1610466200,"path_taken":["M","$","?","M","M","R","?","M","T","R","M","?","R","M","R","BOSS","M","?","$","?","M","M","R","?","T","?","?","?","?","E","R","BOSS","M","M","?","M","?","R","?","?","T","M","M","R","$","?","R","BOSS","R","$","E","BOSS"],"items_purchased_type":["Relic","Card","Card","Card","Relic","Relic","Relic","Relic","Relic","Card","Relic","Card","Relic","Relic","Relic","Card","Card"],"build_version":"2020-12-22","purchased_purges":1,"victory":true,"max_hp_per_floor":[70,70,70,70,70,70,70,70,70,70,70,70,70,70,70,70,70,70,70,70,70,70,70,70,70,70,70,70,70,70,70,70,70,70,70,70,70,70,70,70,70,70,70,70,70,70,70,70,70,70,70,70,70,70,70],"relic_stats":{"Nunchaku":[9],"counters":[115,554],"Golden Idol":184,"Tingsha":[327],"Snake Skull":[100],"Turnip":[4],"obtain_stats":[{"Ice Cream":48,"TwistedFunnel":27,"Gremlin Horn":52,"Vajra":23,"Ginger":39,"Bottled Tornado":45,"Boot":54,"Lizard Tail":48,"MealTicket":0,"Fusion Hammer":17,"Kunai":0,"Toxic Egg 2":47,"Girya":37,"MerchantsRug":0,"Happy Flower":7,"Astrolabe":17,"Eternal Feather":9,"Tingsha":0,"Pen Nib":7,"Letter Opener":8,"Question Card":0,"Akabeko":36,"Du-Vu Doll":42,"SlaversCollar":17,"Bronze Scales":54,"Molten Egg 2":26,"Pandora\u0027s Box":34,"Unceasing Top":0,"Meat on the Bone":10,"Regal Pillow":14,"Lantern":44,"Torii":0,"Singing Bowl":43,"Snake Skull":43,"Incense Burner":47,"Empty Cage":34,"Cursed Key":17,"Emotion Chip":0,"Nunchaku":49,"Shovel":14,"WristBlade":34,"Ninja Scroll":28,"Gambling Chip":54,"Tiny Chest":27,"Red Mask":20,"Cracked Core":0,"InkBottle":43,"Ring of the Snake":0,"Potion Belt":28,"Lee\u0027s Waffle":0,"Golden Idol":11,"PreservedInsect":0,"The Courier":9,"Frozen Egg 2":9,"White Beast Statue":7,"Nuclear Battery":17,"Anchor":42,"Ornamental Fan":0,"Bloody Idol":28,"Turnip":53,"Art of War":26,"Bag of Marbles":53,"Bottled Lightning":26,"Membership Card":27,"FossilizedHelix":53,"Toy Ornithopter":54},{"Ice Cream":30,"TwistedFunnel":102,"Gremlin Horn":64,"Vajra":50,"Ginger":60,"Bottled Tornado":28,"Boot":90,"Lizard Tail":88,"MealTicket":66,"Fusion Hammer":46,"Kunai":37,"Toxic Egg 2":62,"Girya":27,"MerchantsRug":33,"Happy Flower":4,"Astrolabe":99,"Eternal Feather":4,"Tingsha":91,"Pen Nib":69,"Letter Opener":43,"Question Card":66,"Akabeko":82,"Du-Vu Doll":109,"SlaversCollar":7,"Bronze Scales":32,"Molten Egg 2":51,"Pandora\u0027s Box":55,"Unceasing Top":33,"Meat on the Bone":5,"Regal Pillow":45,"Lantern":85,"Torii":37,"Singing Bowl":60,"Snake Skull":85,"Incense Burner":111,"Empty Cage":25,"Cursed Key":72,"Emotion Chip":0,"Nunchaku":63,"Shovel":45,"WristBlade":104,"Ninja Scroll":102,"Gambling Chip":65,"Tiny Chest":51,"Red Mask":48,"Cracked Core":0,"InkBottle":27,"Ring of the Snake":0,"Potion Belt":80,"Lee\u0027s Waffle":66,"Golden Idol":5,"PreservedInsect":0,"The Courier":43,"Frozen Egg 2":15,"White Beast Statue":42,"Nuclear Battery":19,"Anchor":60,"Ornamental Fan":0,"Bloody Idol":23,"Turnip":113,"Art of War":22,"Bag of Marbles":64,"Bottled Lightning":102,"Membership Card":102,"FossilizedHelix":113,"Toy Ornithopter":114},{"Ice Cream":146,"TwistedFunnel":496,"Gremlin Horn":310,"Vajra":253,"Ginger":297,"Bottled Tornado":134,"Boot":434,"Lizard Tail":422,"MealTicket":324,"Fusion Hammer":235,"Kunai":197,"Toxic Egg 2":302,"Girya":121,"MerchantsRug":176,"Happy Flower":12,"Astrolabe":480,"Eternal Feather":12,"Tingsha":445,"Pen Nib":334,"Letter Opener":221,"Question Card":324,"Akabeko":393,"Du-Vu Doll":526,"SlaversCollar":26,"Bronze Scales":170,"Molten Egg 2":258,"Pandora\u0027s Box":275,"Unceasing Top":176,"Meat on the Bone":15,"Regal Pillow":227,"Lantern":407,"Torii":197,"Singing Bowl":297,"Snake Skull":407,"Incense Burner":535,"Empty Cage":106,"Cursed Key":351,"Emotion Chip":0,"Nunchaku":305,"Shovel":227,"WristBlade":510,"Ninja Scroll":496,"Gambling Chip":316,"Tiny Chest":258,"Red Mask":244,"Cracked Core":0,"InkBottle":121,"Ring of the Snake":0,"Potion Belt":378,"Lee\u0027s Waffle":324,"Golden Idol":15,"PreservedInsect":0,"The Courier":221,"Frozen Egg 2":51,"White Beast Statue":214,"Nuclear Battery":66,"Anchor":297,"Ornamental Fan":0,"Bloody Idol":91,"Turnip":543,"Art of War":85,"Bag of Marbles":310,"Bottled Lightning":496,"Membership Card":496,"FossilizedHelix":543,"Toy Ornithopter":546}],"Unceasing Top":[50],"Toy Ornithopter":0,"Ring of the Snake":[0]},"card_choices":[{"not_picked":["Crippling Poison","Poisoned Stab"],"picked":"Prepared","floor":1.0},{"not_picked":["Footwork","PiercingWail"],"picked":"Backflip","floor":3.0},{"not_picked":["Deflect","Dagger Spray"],"picked":"Cloak And Dagger","floor":4.0},{"not_picked":["Finisher","Backflip"],"picked":"Blade Dance","floor":5.0},{"not_picked":["Backflip","Prepared"],"picked":"Dagger Throw","floor":8.0},{"not_picked":["Backflip","Slice"],"picked":"After Image","floor":11.0},{"not_picked":["Deadly Poison","Sucker Punch","Reflex"],"picked":"SKIP","floor":14.0},{"not_picked":["Malaise","Glass Knife"],"picked":"Envenom","floor":16.0},{"not_picked":["Quick Slash","Slice+1","Poisoned Stab"],"picked":"SKIP","floor":18.0},{"not_picked":["Dagger Spray","Endless Agony","Dagger Throw"],"picked":"SKIP","floor":22.0},{"not_picked":["Flying Knee","Dagger Throw+1","Dagger Spray"],"picked":"SKIP","floor":23.0},{"not_picked":["Dagger Throw","Dagger Spray","Sucker Punch"],"picked":"SKIP","floor":31.0},{"not_picked":["Unload","Glass Knife"],"picked":"After Image","floor":33.0},{"not_picked":["Flechettes","Deadly Poison+1","Quick Slash"],"picked":"SKIP","floor":35.0},{"not_picked":["Quick Slash","Poisoned Stab+1"],"picked":"Escape Plan","floor":36.0},{"not_picked":["Outmaneuver","Sucker Punch","Dodge and Roll+1"],"picked":"SKIP","floor":38.0},{"not_picked":["Skewer","Masterful Stab+1"],"picked":"Blade Dance+1","floor":39.0},{"not_picked":["Dodge and Roll+1","Sucker Punch+1"],"picked":"Finisher","floor":42.0},{"not_picked":["Predator+1","Backstab"],"picked":"Phantasmal Killer","floor":44.0},{"not_picked":["Deadly Poison+1","Infinite Blades"],"picked":"Finisher","floor":45.0},{"not_picked":["Expertise","Setup+1"],"picked":"Tactician+1","floor":48.0},{"not_picked":["Crippling Poison","Masterful Stab"],"picked":"Night Terror","floor":54}],"player_experience":3602081,"relics_obtained":[{"floor":9.0,"key":"Bag of Marbles"},{"floor":26.0,"key":"Bottled Lightning"},{"floor":28.0,"key":"Ninja Scroll"},{"floor":31.0,"key":"Art of War"},{"floor":39.0,"key":"Unceasing Top"},{"floor":42.0,"key":"Du-Vu Doll"},{"floor":43.0,"key":"Snake Skull"},{"floor":54,"key":"Toy Ornithopter"}],"event_choices":[{"damage_healed":0.0,"max_hp_gain":0.0,"max_hp_loss":0.0,"gold_gain":0.0,"event_name":"The Cleric","player_choice":"Leave","floor":7.0,"gold_loss":0.0,"damage_taken":0.0},{"damage_healed":0.0,"max_hp_gain":0.0,"max_hp_loss":0.0,"gold_gain":0.0,"event_name":"Golden Idol","player_choice":"Take Damage","floor":12.0,"gold_loss":0.0,"damage_taken":17.0,"relics_obtained":["Golden Idol"]},{"damage_healed":0.0,"max_hp_gain":0.0,"max_hp_loss":0.0,"gold_gain":75.0,"event_name":"FaceTrader","player_choice":"Touch","floor":19.0,"gold_loss":0.0,"damage_taken":7.0},{"damage_healed":0.0,"max_hp_gain":0.0,"max_hp_loss":0.0,"gold_gain":113.0,"event_name":"betterSkull:BetterSkull","player_choice":"GO ","floor":21.0,"gold_loss":0.0,"damage_taken":9.0,"cards_upgraded":[],"relics_obtained":[]},{"cards_removed":["Strike_G"],"damage_healed":0.0,"max_hp_gain":0.0,"max_hp_loss":0.0,"gold_gain":0.0,"event_name":"betterNote:BetterNote","player_choice":"Give","floor":25.0,"gold_loss":0.0,"damage_taken":0.0,"cards_obtained":["Strike_R"]},{"cards_removed":["Strike_G"],"damage_healed":0.0,"max_hp_gain":0.0,"max_hp_loss":0.0,"gold_gain":0.0,"event_name":"Bonfire Elementals","player_choice":"Offered Basic","floor":30.0,"gold_loss":0.0,"damage_taken":0.0},{"damage_healed":0.0,"max_hp_gain":0.0,"max_hp_loss":0.0,"gold_gain":0.0,"event_name":"Winding Halls","player_choice":"Embrace Madness","floor":37.0,"gold_loss":0.0,"damage_taken":9.0,"cards_obtained":["Madness","Madness"]},{"damage_healed":0.0,"max_hp_gain":0.0,"max_hp_loss":0.0,"gold_gain":0.0,"event_name":"Mysterious Sphere","player_choice":"Fight","floor":39.0,"gold_loss":0.0,"damage_taken":0.0},{"cards_removed":["Noxious Fumes"],"damage_healed":0.0,"max_hp_gain":0.0,"max_hp_loss":0.0,"gold_gain":0.0,"event_name":"Falling","player_choice":"Removed Power","floor":41.0,"gold_loss":0.0,"damage_taken":0.0},{"damage_healed":0.0,"max_hp_gain":0.0,"max_hp_loss":0.0,"gold_gain":0.0,"event_name":"MindBloom","player_choice":"Fight","floor":42.0,"gold_loss":0.0,"damage_taken":0.0}],"is_beta":false,"boss_relics":[{"not_picked":["Empty Cage","Tiny House"],"picked":"Astrolabe"},{"not_picked":["Pandora\u0027s Box","SacredBark"],"picked":"WristBlade"}],"items_purged_floors":[47],"is_endless":false,"potions_floor_spawned":[4,8,14,18,33,35,36,42,44,45,48],"ascension_level":0}}