{"host":"dubvjd3hvlwuhjqk","time":1610457076,"event":{"mods":["BaseMod","Better Match","Better Third Choice","BetterRewards","Colored Map","Colored Powertips","Conspire","Curses Come First","Downfall","Energized Spire","Googly Eyes","GungeonMod","Hermit","Hubris","Infinite Spire","Minty Spire (QoL Compilation)","Permanent Neow","Quick Restart","Robot Space Explorer","Shade Mod","Shop Mod","StSLib","The Bladedancer","The Cursed","The Hayseed","The Jungle","TheBandit","UnlockEverythingMod","egg"],"gold_per_floor":[16,16,16,34,34,60,76,101,101,134,134,146,177,191,191,292,292,310,320,410,422,436,471,471,499,499,499,514,514,531,631,631,736,736,755,456,456,456,476,503,503,538,613,628,628,647,647,647],"floor_reached":47,"playtime":2372,"items_purged":["RobotSpaceExplorer:Defend"],"score":680,"play_id":"ad0c6e80-8edb-4e59-95d9-c0270399d3e7","local_time":"20210112151116","is_ascension_mode":false,"campfire_choices":[{"data":"RobotSpaceExplorer:PowerGlove","floor":11,"key":"SMITH"},{"data":"RobotSpaceExplorer:LaserBurst","floor":15,"key":"SMITH"},{"floor":24,"key":"REST"},{"floor":27,"key":"REST"},{"floor":32,"key":"REST"},{"floor":45,"key":"RECALL"}],"circlet_count":0,"master_deck":["RobotSpaceExplorer:Strike","RobotSpaceExplorer:Strike","RobotSpaceExplorer:Strike","RobotSpaceExplorer:Defend","RobotSpaceExplorer:Defend","RobotSpaceExplorer:Scan","RobotSpaceExplorer:MiniLasers+1","Panache","RobotSpaceExplorer:PowerGlove+1","RobotSpaceExplorer:ShovelStrike","RobotSpaceExplorer:LaserBurst+1","RobotSpaceExplorer:Comet","RobotSpaceExplorer:Probe","RobotSpaceExplorer:ScrapMissile","RobotSpaceExplorer:MiniDrones","RobotSpaceExplorer:ScrapShield","RobotSpaceExplorer:PowerGlove+1","RobotSpaceExplorer:RigExplosive+1","RobotSpaceExplorer:Comet","RobotSpaceExplorer:MiniBoosters+1","Panache+1","RobotSpaceExplorer:MiniDrones+1"],"relics":["RobotSpaceExplorer:RoboCore","hubris:Icosahedron","hubris:CrystalStatue","Toy Ornithopter","Frozen Egg 2","Incense Burner","Blood Vial","conspire:SlowCooker","RobotSpaceExplorer:BottledGravity","infinitespire:CursedDice","StrikeDummy","Thread and Needle","conspire:GlowingRock","HornCleat","Empty Cage","Omamori","Bottled Flame","Pear"],"acts_visited":["Exordium","TheCity","TheBeyond"],"potions_floor_usage":[5,6,10,10,16,16,21,22,30,39,40,42,47],"damage_taken":[{"damage":0,"enemies":"Jaw Worm","floor":1,"turns":3},{"damage":0,"enemies":"Small Slimes","floor":4,"turns":2},{"damage":0,"enemies":"Lagavulin","floor":6,"turns":5},{"damage":0,"enemies":"Cultist","floor":7,"turns":3},{"damage":0,"enemies":"3 Sentries","floor":8,"turns":5},{"damage":0,"enemies":"Gremlin Nob","floor":10,"turns":2},{"damage":0,"enemies":"3 Louse","floor":12,"turns":1},{"damage":6,"enemies":"3 Sentries","floor":13,"turns":3},{"damage":0,"enemies":"conspire:2 RoseBushes","floor":14,"turns":2},{"damage":14,"enemies":"Hexaghost","floor":16,"turns":6},{"damage":18,"enemies":"2 Thieves","floor":18,"turns":4},{"damage":0,"enemies":"3 Byrds","floor":19,"turns":3},{"damage":23,"enemies":"Centurion and Healer","floor":21,"turns":5},{"damage":6,"enemies":"3 Cultists","floor":22,"turns":4},{"damage":31,"enemies":"Nightmare","floor":23,"turns":5},{"damage":19,"enemies":"Slavers","floor":25,"turns":2},{"damage":0,"enemies":"Snake Plant","floor":28,"turns":3},{"damage":11,"enemies":"Centurion and Healer","floor":30,"turns":3},{"damage":0,"enemies":"Colosseum Slavers","floor":31,"turns":3},{"damage":17,"enemies":"Colosseum Nobs","floor":31,"turns":3},{"damage":22,"enemies":"hubris:MusketHawk","floor":33,"turns":5},{"damage":0,"enemies":"3 Shapes","floor":35,"turns":4},{"damage":1,"enemies":"Orb Walker","floor":39,"turns":3},{"damage":9,"enemies":"Giant Head","floor":40,"turns":5},{"damage":5,"enemies":"Reptomancer","floor":42,"turns":3},{"damage":12,"enemies":"Jaw Worm Horde","floor":44,"turns":2},{"damage":0,"enemies":"Writhing Mass","floor":46,"turns":4},{"damage":12,"enemies":"infinitespire:Three Voidlings","floor":47,"turns":2},{"damage":77,"enemies":"Nightmare_Alpha","floor":47,"turns":8}],"seed_played":"4789880395860949418","potions_obtained":[{"floor":1,"key":"SteroidPotion"},{"floor":5,"key":"Fruit Juice"},{"floor":5,"key":"SkillPotion"},{"floor":5,"key":"Explosive Potion"},{"floor":6,"key":"FearPotion"},{"floor":13,"key":"Slimebound:ThreeZeroPotion"},{"floor":14,"key":"Block Potion"},{"floor":18,"key":"AttackPotion"},{"floor":19,"key":"RobotSpaceExplorer:RecyclePotion"},{"floor":30,"key":"Energy Potion"},{"floor":46,"key":"Energy Potion"}],"is_trial":false,"path_per_floor":["M","?","?","M","?","E","M","E","T","E","R","M","E","M","R","B",null,"M","M","?","M","M","NM","R","E","T","R","M","?","M","?","R","B",null,"M","$","?","?","M","E","?","E","T","M","R","M","?"],"character_chosen":"RobotSpaceExplorer","items_purchased":["RobotSpaceExplorer:MiniBoosters+1","Panache+1"],"campfire_rested":3,"item_purchase_floors":[36,36],"current_hp_per_floor":[75,75,75,75,80,80,80,80,80,80,80,80,74,76,76,66,80,62,64,52,36,37,8,32,15,15,39,41,41,37,24,48,28,80,80,80,80,80,79,76,76,85,85,75,75,77,0,0],"gold":647,"neow_bonus":"RANDOM_COLORLESS_2","is_daily":false,"chose_seed":false,"campfire_upgraded":2,"win_rate":0.0,"timestamp":1610457076,"path_taken":["M","?","?","M","?","E","M","E","T","E","R","?","E","M","R","BOSS","M","M","?","?","M","NM","R","E","T","R","M","?","M","?","R","BOSS","M","$","?","?","?","E","?","E","T","M","R","M","?"],"items_purchased_type":["Card","Card"],"build_version":"2020-12-22","purchased_purges":1,"victory":false,"max_hp_per_floor":[75,75,75,75,80,80,80,80,80,80,80,80,80,80,80,80,80,80,80,80,80,80,80,80,80,80,80,80,80,80,80,80,80,80,80,80,80,80,80,80,80,90,90,90,90,90,90,90],"card_choices":[{"not_picked":["DemoMod:Invincible","Sadistic Nature"],"picked":"Panache","floor":0},{"not_picked":["RobotSpaceExplorer:ToxicBomb","RobotSpaceExplorer:Counterblock"],"picked":"RobotSpaceExplorer:PowerGlove","floor":1},{"not_picked":["RobotSpaceExplorer:Electropulse","RobotSpaceExplorer:DualCore"],"picked":"RobotSpaceExplorer:ShovelStrike","floor":4},{"not_picked":["RobotSpaceExplorer:Arsenal","RobotSpaceExplorer:Probe"],"picked":"RobotSpaceExplorer:LaserBurst","floor":6},{"not_picked":["RobotSpaceExplorer:SurgingShield","RobotSpaceExplorer:Ammunition"],"picked":"RobotSpaceExplorer:Comet","floor":7},{"not_picked":["RobotSpaceExplorer:StunGrenade","RobotSpaceExplorer:SurgingShield"],"picked":"RobotSpaceExplorer:Probe","floor":8},{"not_picked":["RobotSpaceExplorer:DoubleBlock","RobotSpaceExplorer:Blitz"],"picked":"RobotSpaceExplorer:ScrapMissile","floor":10},{"not_picked":["RobotSpaceExplorer:Probe","RobotSpaceExplorer:Wormhole","RobotSpaceExplorer:DualCore+1"],"picked":"SKIP","floor":12},{"not_picked":["RobotSpaceExplorer:Pulsar","RobotSpaceExplorer:ToxicBomb"],"picked":"RobotSpaceExplorer:MiniDrones","floor":13},{"not_picked":["RobotSpaceExplorer:StarLightning","RobotSpaceExplorer:BigMissile","RobotSpaceExplorer:DualCore+1"],"picked":"SKIP","floor":14},{"not_picked":["RobotSpaceExplorer:ChargingLaser","RobotSpaceExplorer:Multitool+1"],"picked":"RobotSpaceExplorer:Autoloader+1","floor":16},{"not_picked":["RobotSpaceExplorer:StunGrenade+1","RobotSpaceExplorer:MiniDrones"],"picked":"RobotSpaceExplorer:ScrapShield","floor":18},{"not_picked":["RobotSpaceExplorer:FranticSearch+1","RobotSpaceExplorer:MetalStrike+1","RobotSpaceExplorer:GlueSpray"],"picked":"SKIP","floor":19},{"not_picked":["RobotSpaceExplorer:BigMissile","RobotSpaceExplorer:IronShell","RobotSpaceExplorer:Calculate"],"picked":"SKIP","floor":21},{"not_picked":["RobotSpaceExplorer:ShockKick+1","RobotSpaceExplorer:ImprovisedAttack+1"],"picked":"RobotSpaceExplorer:PowerGlove+1","floor":22},{"not_picked":["RobotSpaceExplorer:ShovelStrike","RobotSpaceExplorer:TurboDodge","RobotSpaceExplorer:Arsenal"],"picked":"SKIP","floor":23},{"not_picked":["RobotSpaceExplorer:SurgingStrike+1","RobotSpaceExplorer:FreezeRay+1"],"picked":"RobotSpaceExplorer:RigExplosive+1","floor":25},{"not_picked":["RobotSpaceExplorer:ShovelStrike","RobotSpaceExplorer:ScrapShield","RobotSpaceExplorer:GearShield+1"],"picked":"SKIP","floor":28},{"not_picked":["RobotSpaceExplorer:Calculate+1","RobotSpaceExplorer:PlasmaMissile+1","RobotSpaceExplorer:ShovelStrike+1"],"picked":"SKIP","floor":30},{"not_picked":["RobotSpaceExplorer:Arsenal","RobotSpaceExplorer:Multitool+1"],"picked":"RobotSpaceExplorer:Comet","floor":33},{"not_picked":["RobotSpaceExplorer:BigMissile","RobotSpaceExplorer:ImprovisedAttack","RobotSpaceExplorer:Pulsar"],"picked":"SKIP","floor":35},{"not_picked":["RobotSpaceExplorer:FranticSearch","RobotSpaceExplorer:PowerCollector+1","RobotSpaceExplorer:SurgingStrike+1"],"picked":"SKIP","floor":39},{"not_picked":["RobotSpaceExplorer:TurboDodge","RobotSpaceExplorer:Pulsar","RobotSpaceExplorer:SwiftStep+1"],"picked":"SKIP","floor":40},{"not_picked":["RobotSpaceExplorer:Jetpack+1","RobotSpaceExplorer:SlimeMissile","RobotSpaceExplorer:SurgingStrike"],"picked":"SKIP","floor":42},{"not_picked":["RobotSpaceExplorer:SurgingStrike+1","RobotSpaceExplorer:StarLightning","RobotSpaceExplorer:ShockKick"],"picked":"SKIP","floor":44},{"not_picked":["RobotSpaceExplorer:Discharger+1","RobotSpaceExplorer:SurgingShield+1"],"picked":"RobotSpaceExplorer:MiniDrones+1","floor":46}],"player_experience":80019,"relics_obtained":[{"floor":6,"key":"hubris:CrystalStatue"},{"floor":8,"key":"Toy Ornithopter"},{"floor":9,"key":"Frozen Egg 2"},{"floor":10,"key":"Incense Burner"},{"floor":13,"key":"Blood Vial"},{"floor":23,"key":"RobotSpaceExplorer:BottledGravity"},{"floor":25,"key":"infinitespire:CursedDice"},{"floor":26,"key":"StrikeDummy"},{"floor":31,"key":"conspire:GlowingRock"},{"floor":31,"key":"HornCleat"},{"floor":40,"key":"Bottled Flame"},{"floor":42,"key":"Pear"}],"event_choices":[{"damage_healed":0,"gold_gain":0,"player_choice":"Got Potions","damage_taken":0,"max_hp_gain":0,"max_hp_loss":0,"event_name":"Lab","floor":5,"gold_loss":0},{"damage_healed":0,"gold_gain":90,"player_choice":"GOLD ","damage_taken":12,"max_hp_gain":0,"max_hp_loss":0,"event_name":"Knowing Skull","floor":20,"potions_obtained":[],"gold_loss":0,"cards_obtained":[]},{"damage_healed":0,"gold_gain":0,"player_choice":"Opened","damage_taken":0,"relics_obtained":["Thread and Needle"],"max_hp_gain":0,"max_hp_loss":0,"event_name":"The Mausoleum","floor":29,"gold_loss":0},{"damage_healed":0,"gold_gain":0,"player_choice":"Fight","damage_taken":0,"max_hp_gain":0,"max_hp_loss":0,"event_name":"Colosseum","floor":31,"gold_loss":0},{"damage_healed":0,"gold_gain":0,"player_choice":"Fought Nobs","damage_taken":0,"max_hp_gain":0,"max_hp_loss":0,"event_name":"Colosseum","floor":31,"gold_loss":0},{"damage_healed":0,"gold_gain":0,"player_choice":"Ignored","damage_taken":0,"max_hp_gain":0,"max_hp_loss":0,"event_name":"Tomb of Lord Red Mask","floor":37,"gold_loss":0},{"cards_removed":["RobotSpaceExplorer:Autoloader"],"damage_healed":0,"gold_gain":0,"player_choice":"Gave Card","damage_taken":0,"relics_obtained":["Omamori"],"max_hp_gain":0,"max_hp_loss":0,"event_name":"WeMeetAgain","floor":38,"gold_loss":0},{"damage_healed":0,"gold_gain":0,"player_choice":"Leave","damage_taken":0,"max_hp_gain":0,"max_hp_loss":0,"event_name":"conspire:Investor","floor":41,"gold_loss":0}],"is_beta":false,"boss_relics":[{"not_picked":["hubris:CrackedHourglass","energizedSpire:DeadBattery"],"picked":"conspire:SlowCooker"},{"not_picked":["Tiny House","energizedSpire:EnergizedDie"],"picked":"Empty Cage"}],"items_purged_floors":[36],"is_endless":true,"potions_floor_spawned":[1,6,8,13,14,18,19,30,31,35,46],"killed_by":"Nightmare_Alpha","ascension_level":0}}