{"host":"yfjdi361m7pxsbqz","time":1610470098,"event":{"mods":["BaseMod","Minty Spire (QoL Compilation)","StSLib","SuperFastMode","The Hierophant"],"gold_per_floor":[360,237,187,39,58,58,89,89,89,109,123,142,172,172,172,270,270,280,98,109,208,208,208,221,221,271,302,217,217,217,17,17,118,118,132,145,145,161,161,161,176,176,222,222,232,0,0,0,0,0],"floor_reached":51,"playtime":2111,"items_purged":["Strike_G","Strike_G","Defend_G","Strike_G+1"],"score":820,"play_id":"332f3fcf-8adc-4dc3-918b-cfc343ab3f51","local_time":"20210113014818","is_ascension_mode":true,"campfire_choices":[{"floor":6.0,"key":"REST"},{"floor":8.0,"key":"REST"},{"floor":15.0,"key":"REST"},{"data":"Prepared","floor":23.0,"key":"SMITH"},{"floor":25.0,"key":"REST"},{"data":"Tactician","floor":30.0,"key":"SMITH"},{"floor":32.0,"key":"REST"},{"data":"After Image","floor":40.0,"key":"SMITH"},{"data":"After Image","floor":42.0,"key":"SMITH"},{"data":"Well Laid Plans","floor":44.0,"key":"SMITH"},{"data":"Grand Finale","floor":49,"key":"SMITH"}],"circlet_count":0,"master_deck":["Strike_G+1","Defend_G+1","Defend_G","Survivor","Neutralize","Deadly Poison","Backflip","Grand Finale+1","After Image+1","After Image+1","Tactician+1","Well Laid Plans+1","Prepared+1","Footwork+1","After Image+1","Reflex+1","Escape Plan+1","Grand Finale"],"relics":["Ring of the Snake","White Beast Statue","Unceasing Top","Pocketwatch","Shuriken","Whetstone","Meat on the Bone","Centennial Puzzle","Empty Cage","MealTicket","Red Mask"],"acts_visited":["TheCity","TheBeyond"],"potions_floor_usage":[],"damage_taken":[{"damage":16.0,"enemies":"Jaw Worm","floor":1.0,"turns":7.0},{"damage":0.0,"enemies":"2 Louse","floor":5.0,"turns":4.0},{"damage":21.0,"enemies":"Lagavulin","floor":7.0,"turns":8.0},{"damage":6.0,"enemies":"Small Slimes","floor":10.0,"turns":6.0},{"damage":5.0,"enemies":"3 Louse","floor":11.0,"turns":6.0},{"damage":4.0,"enemies":"Looter","floor":12.0,"turns":4.0},{"damage":8.0,"enemies":"Gremlin Nob","floor":13.0,"turns":3.0},{"damage":24.0,"enemies":"The Guardian","floor":16.0,"turns":11.0},{"damage":9.0,"enemies":"Shell Parasite","floor":18.0,"turns":6.0},{"damage":26.0,"enemies":"2 Thieves","floor":20.0,"turns":4.0},{"damage":31.0,"enemies":"Shelled Parasite and Fungi","floor":24.0,"turns":8.0},{"damage":22.0,"enemies":"Book of Stabbing","floor":27.0,"turns":6.0},{"damage":9.0,"enemies":"Automaton","floor":33.0,"turns":9.0},{"damage":28.0,"enemies":"3 Shapes","floor":35.0,"turns":4.0},{"damage":18.0,"enemies":"Orb Walker","floor":36.0,"turns":4.0},{"damage":8.0,"enemies":"Sphere and 2 Shapes","floor":38.0,"turns":3.0},{"damage":0.0,"enemies":"Maw","floor":41.0,"turns":7.0},{"damage":14.0,"enemies":"Jaw Worm Horde","floor":45.0,"turns":4.0},{"damage":21,"enemies":"Awakened One","floor":50,"turns":7}],"seed_played":"-314328113325710811","potions_obtained":[{"floor":7.0,"key":"Poison Potion"},{"floor":10.0,"key":"SkillPotion"},{"floor":11.0,"key":"Fruit Juice"},{"floor":12.0,"key":"SpeedPotion"},{"floor":13.0,"key":"LiquidMemories"},{"floor":16.0,"key":"FairyPotion"},{"floor":18.0,"key":"Block Potion"},{"floor":20.0,"key":"EssenceOfSteel"},{"floor":24.0,"key":"GamblersBrew"},{"floor":27.0,"key":"Regen Potion"},{"floor":33.0,"key":"Dexterity Potion"},{"floor":35.0,"key":"FairyPotion"},{"floor":36.0,"key":"Energy Potion"},{"floor":41.0,"key":"SteroidPotion"},{"floor":45.0,"key":"Swift Potion"}],"is_trial":false,"path_per_floor":["M","$","?","$","M","R","E","R","T","M","M","M","E","?","R","B",null,"M","$","M","?","T","R","M","R","T","E","?","?","R","$","R","B",null,"M","M","?","M","?","R","M","R","T","R","M","$","?","?","R","B",null],"character_chosen":"THE_SILENT","items_purchased":["Backflip","Grand Finale","Well Laid Plans","Footwork","Grand Finale"],"campfire_rested":5,"item_purchase_floors":[2,4,19,31,46],"current_hp_per_floor":[33,33,33,33,33,54,33,54,54,48,43,44,36,21,43,19,75,66,66,40,40,40,40,9,31,31,9,9,9,9,9,31,49,75,47,41,41,45,45,45,45,45,45,45,43,58,58,58,58,49],"gold":0,"neow_bonus":"TWO_FIFTY_GOLD","is_daily":false,"chose_seed":false,"campfire_upgraded":6,"win_rate":0.0,"timestamp":1610470098,"path_taken":["M","$","?","$","M","R","E","R","T","M","M","M","E","?","R","BOSS","M","$","M","?","?","R","M","R","T","E","?","?","R","?","R","BOSS","M","M","?","M","?","R","?","R","T","R","M","$","?","?","R","BOSS"],"items_purchased_type":["Card","Card","Card","Card","Card"],"build_version":"2020-12-22","purchased_purges":4,"victory":true,"max_hp_per_floor":[70,70,70,70,70,70,70,70,70,70,70,75,75,75,75,75,75,75,75,75,75,75,75,75,75,75,75,75,75,75,75,75,75,75,75,75,75,75,75,75,75,75,75,75,75,75,75,75,75,75],"card_choices":[{"not_picked":["Cloak And Dagger","Sucker Punch"],"picked":"Deadly Poison","floor":1.0},{"not_picked":["Deflect","Dash"],"picked":"After Image","floor":5.0},{"not_picked":["Deadly Poison","Blur","Deflect"],"picked":"SKIP","floor":7.0},{"not_picked":["PiercingWail","Flying Knee","Deadly Poison"],"picked":"SKIP","floor":10.0},{"not_picked":["Slice","Backflip","Quick Slash"],"picked":"SKIP","floor":11.0},{"not_picked":["Poisoned Stab","Sucker Punch","Backflip"],"picked":"SKIP","floor":12.0},{"not_picked":["Slice","Poisoned Stab","Accuracy"],"picked":"SKIP","floor":13.0},{"not_picked":["Tools of the Trade","A Thousand Cuts"],"picked":"After Image","floor":16.0},{"not_picked":["Dagger Throw","Backstab"],"picked":"Tactician","floor":18.0},{"not_picked":["Distraction","Dagger Spray+1"],"picked":"Prepared","floor":20.0},{"not_picked":["Sucker Punch+1","All Out Attack","Accuracy+1"],"picked":"SKIP","floor":24.0},{"not_picked":["Dodge and Roll","Poisoned Stab","Dash+1"],"picked":"SKIP","floor":27.0},{"not_picked":["Die Die Die","Glass Knife"],"picked":"After Image","floor":33.0},{"not_picked":["Deadly Poison+1","Backflip","PiercingWail+1"],"picked":"SKIP","floor":35.0},{"not_picked":["Skewer+1","Choke+1"],"picked":"Reflex+1","floor":36.0},{"not_picked":["Deflect","Deadly Poison","Slice+1"],"picked":"SKIP","floor":38.0},{"not_picked":["Slice","Predator"],"picked":"Escape Plan+1","floor":41.0},{"not_picked":["Deflect+1","Underhanded Strike+1","Bane+1"],"picked":"SKIP","floor":45.0}],"player_experience":219365,"relics_obtained":[{"floor":7.0,"key":"White Beast Statue"},{"floor":9.0,"key":"Unceasing Top"},{"floor":13.0,"key":"Pocketwatch"},{"floor":22.0,"key":"Shuriken"},{"floor":26.0,"key":"Whetstone"},{"floor":27.0,"key":"Meat on the Bone"},{"floor":43.0,"key":"MealTicket"}],"event_choices":[{"cards_removed":["Defend_G"],"damage_healed":0.0,"max_hp_gain":0.0,"max_hp_loss":0.0,"gold_gain":0.0,"event_name":"The Cleric","player_choice":"Card Removal","floor":3.0,"gold_loss":50.0,"damage_taken":0.0},{"damage_healed":0.0,"max_hp_gain":0.0,"max_hp_loss":0.0,"gold_gain":0.0,"event_name":"Shining Light","player_choice":"Entered Light","floor":14.0,"gold_loss":0.0,"damage_taken":15.0,"cards_upgraded":["After Image","Defend_G"]},{"damage_healed":0.0,"max_hp_gain":0.0,"max_hp_loss":0.0,"gold_gain":99.0,"event_name":"Nest","player_choice":"Stole From Cult","floor":21.0,"gold_loss":0.0,"damage_taken":0.0},{"damage_healed":0.0,"max_hp_gain":0.0,"max_hp_loss":0.0,"gold_gain":0.0,"event_name":"Addict","player_choice":"Obtained Relic","floor":28.0,"gold_loss":85.0,"damage_taken":0.0,"relics_obtained":["Centennial Puzzle"]},{"damage_healed":0.0,"max_hp_gain":0.0,"max_hp_loss":0.0,"gold_gain":0.0,"event_name":"The Mausoleum","player_choice":"Ignored","floor":29.0,"gold_loss":0.0,"damage_taken":0.0},{"damage_healed":0.0,"max_hp_gain":0.0,"max_hp_loss":0.0,"gold_gain":0.0,"event_name":"SensoryStone","player_choice":"Memory 1","floor":37.0,"gold_loss":0.0,"damage_taken":0.0},{"damage_healed":0.0,"max_hp_gain":0.0,"max_hp_loss":0.0,"gold_gain":0.0,"event_name":"Accursed Blacksmith","player_choice":"Forge","floor":39.0,"gold_loss":0.0,"damage_taken":0.0,"cards_upgraded":["Footwork"]},{"damage_healed":0.0,"max_hp_gain":0.0,"max_hp_loss":0.0,"gold_gain":0.0,"event_name":"Tomb of Lord Red Mask","player_choice":"Paid","floor":47.0,"gold_loss":0.0,"damage_taken":0.0,"relics_obtained":["Red Mask"]},{"damage_healed":0,"gold_gain":0,"player_choice":"Ignored","damage_taken":0,"max_hp_gain":0,"max_hp_loss":0,"event_name":"Transmorgrifier","floor":48,"gold_loss":0}],"is_beta":false,"boss_relics":[{"not_picked":[]},{"not_picked":["Ring of the Serpent","HoveringKite"],"picked":"Empty Cage"}],"items_purged_floors":[2,19,31,46],"is_endless":false,"potions_floor_spawned":[7,10,11,12,13,16,18,20,24,27,33,35,36,38,41,45],"ascension_level":4}}