{"host":"jl3raagrljzztomj","time":1610470552,"event":{"mods":["BaseMod","BetterRewards","Colored Map","Colored Powertips","Custom Start","Hermit","Highlight Path","Minty Spire (QoL Compilation)","Permanent Neow","StSLib","SuperFastMode"],"gold_per_floor":[210,228,303,355,355,355,389,389,389,413,446,446,467,117,117,117,117],"floor_reached":16,"playtime":791,"items_purged":[],"score":108,"play_id":"be1ec2e0-7d05-40f5-9669-89e3c7cae1a3","local_time":"20210112105552","is_ascension_mode":false,"campfire_choices":[{"data":"hermit:HighCaliber","floor":6,"key":"SMITH"},{"floor":12,"key":"REST"},{"data":"hermit:Dive","floor":15,"key":"SMITH"}],"circlet_count":0,"master_deck":["hermit:Strike_Hermit","hermit:Strike_Hermit","hermit:Strike_Hermit","hermit:Strike_Hermit","hermit:Defend_Hermit","hermit:Defend_Hermit","hermit:Defend_Hermit","hermit:Defend_Hermit","hermit:Snapshot","hermit:Covet","hermit:HighCaliber+1","hermit:ShadowCloak","hermit:Roulette","hermit:Dive+1"],"relics":["hermit:Momento","Toy Ornithopter","Golden Idol","Vajra","Gremlin Horn","Happy Flower","Nunchaku"],"acts_visited":["Exordium"],"potions_floor_usage":[],"damage_taken":[{"damage":2,"enemies":"2 Louse","floor":1,"turns":4},{"damage":2,"enemies":"Small Slimes","floor":2,"turns":4},{"damage":25,"enemies":"Gremlin Nob","floor":7,"turns":4},{"damage":1,"enemies":"Jaw Worm","floor":10,"turns":2},{"damage":4,"enemies":"3 Sentries","floor":11,"turns":8},{"damage":3,"enemies":"Red Slaver","floor":13,"turns":2},{"damage":52,"enemies":"Hexaghost","floor":16,"turns":16}],"seed_played":"1602360081529881040","potions_obtained":[{"floor":2,"key":"DuplicationPotion"},{"floor":10,"key":"Swift Potion"}],"is_trial":false,"path_per_floor":["M","M","?","?","$","R","E","?","T","M","E","R","M","$","R","B"],"character_chosen":"HERMIT","items_purchased":["hermit:Dive","Happy Flower","Nunchaku"],"campfire_rested":1,"item_purchase_floors":[14,14,14],"current_hp_per_floor":[73,71,60,60,60,60,35,35,35,34,30,50,47,47,47,0,0],"gold":117,"neow_bonus":"HUNDRED_GOLD","is_daily":false,"chose_seed":false,"campfire_upgraded":2,"win_rate":0.0,"timestamp":1610470552,"path_taken":["M","M","?","?","$","R","E","?","T","M","E","R","M","$","R","BOSS"],"items_purchased_type":["Card","Relic","Relic"],"build_version":"2020-12-22","purchased_purges":0,"victory":false,"max_hp_per_floor":[75,75,75,75,75,75,75,69,69,69,69,69,69,69,69,69,69],"card_choices":[{"not_picked":["hermit:Glare","hermit:Ricochet","hermit:ItchyTrigger"],"picked":"SKIP","floor":1},{"not_picked":["hermit:Coalescence","hermit:Glare"],"picked":"hermit:HighCaliber","floor":2},{"not_picked":["hermit:ItchyTrigger","hermit:Spite","hermit:Gestalt"],"picked":"SKIP","floor":7},{"not_picked":["hermit:Gestalt","hermit:Coalescence","hermit:Misfire"],"picked":"SKIP","floor":10},{"not_picked":["hermit:Feint","hermit:Misfire"],"picked":"hermit:ShadowCloak","floor":11},{"not_picked":["hermit:ItchyTrigger","hermit:Headshot"],"picked":"hermit:Roulette","floor":13}],"player_experience":903954,"relics_obtained":[{"floor":7,"key":"Toy Ornithopter"},{"floor":9,"key":"Vajra"},{"floor":11,"key":"Gremlin Horn"}],"event_choices":[{"damage_healed":0,"gold_gain":75,"player_choice":"Gather Gold","damage_taken":11,"max_hp_gain":0,"max_hp_loss":0,"event_name":"World of Goop","floor":3,"gold_loss":0},{"damage_healed":0,"gold_gain":52,"player_choice":"Gained Gold","damage_taken":0,"max_hp_gain":0,"max_hp_loss":0,"event_name":"Golden Wing","floor":4,"gold_loss":0},{"damage_healed":0,"gold_gain":0,"player_choice":"Lose Max HP","damage_taken":0,"relics_obtained":["Golden Idol"],"max_hp_gain":0,"max_hp_loss":6,"event_name":"Golden Idol","floor":8,"gold_loss":0}],"is_beta":false,"boss_relics":[],"items_purged_floors":[],"is_endless":false,"potions_floor_spawned":[2,10],"killed_by":"Hexaghost","ascension_level":0}}