{"host":"45gjn1i9lq2ky2i9","time":1610442354,"event":{"mods":["2.2 Compatiblity","Act Like it!","Aspiration","Bard","BaseMod","Beaked The Cultist","Better Altar","Better Match","Better Note","Better Sensory Stone","Better Skull","Better Third Choice","Better Vampires","Conspire","Downfall","Halation","Hubris","Infinite Spire","Jedi Mod","Lobotomy","LobotomyExtend","Minty Spire (QoL Compilation)","Pale of the Ancients","Permanent Neow","Replay The Spire","Shop Mod","Spikes Relics","StSLib","The Mystic","The Runesmith","The Wild Card"],"gold_per_floor":[119,119,139,151,151,151,165,143,189,203,216,245,245,260,260,337,337,355,375,375,391,441,441,441],"floor_reached":23,"playtime":730,"items_purged":[],"score":332,"play_id":"10281a80-7987-4f2a-b8b3-0fe6e67babbe","local_time":"20210112170554","is_ascension_mode":true,"campfire_choices":[{"data":"Gash","floor":6,"key":"SMITH"},{"data":"Self Repair","floor":13,"key":"SMITH"},{"data":"Streamline","floor":15,"key":"SMITH"}],"circlet_count":0,"master_deck":["AscendersBane","Strike_B","Strike_B","Strike_B","Strike_B","Defend_B","Defend_B","Defend_B","Defend_B","Zap+1","Dualcast","Gash","Streamline+1","Gash+1","Self Repair+1","Beam Cell","Coolheaded","ReplayRNGCard"],"relics":["Cracked Core","Bronze Scales","infinitespire:BottledMercury","Busted Crown","Nuclear Battery","Lantern"],"acts_visited":["Exordium","TheCity"],"potions_floor_usage":[11,16,16],"damage_taken":[{"damage":0,"enemies":"conspire:RoseBush","floor":1,"turns":4},{"damage":0,"enemies":"Cultist","floor":3,"turns":3},{"damage":12,"enemies":"Jaw Worm","floor":4,"turns":3},{"damage":6,"enemies":"Blue Slaver","floor":7,"turns":3},{"damage":9,"enemies":"Exordium Wildlife","floor":10,"turns":2},{"damage":0,"enemies":"Lots of Slimes","floor":11,"turns":2},{"damage":15,"enemies":"3 Sentries","floor":12,"turns":6},{"damage":0,"enemies":"2 Fungi Beasts","floor":14,"turns":3},{"damage":21,"enemies":"The Guardian","floor":16,"turns":9},{"damage":17,"enemies":"Spheric Guardian","floor":18,"turns":4},{"damage":13,"enemies":"Shell Parasite","floor":19,"turns":3},{"damage":26,"enemies":"Snecko","floor":21,"turns":5},{"damage":21,"enemies":"Slavers","floor":23,"turns":2}],"seed_played":"1658454779120225082","potions_obtained":[{"floor":1,"key":"SpeedPotion"},{"floor":2,"key":"BlessingOfTheForge"},{"floor":2,"key":"hexamod:EctoCoolerPotion"},{"floor":3,"key":"FocusPotion"},{"floor":7,"key":"ColorlessPotion"},{"floor":12,"key":"Weak Potion"},{"floor":16,"key":"PotionOfCapacity"},{"floor":21,"key":"PowerPotion"}],"is_trial":false,"path_per_floor":["M","?","M","M","?","R","M","?","T","M","M","E","R","M","R","B",null,"M","M","AVR","M","?","E"],"character_chosen":"DEFECT","items_purchased":[],"campfire_rested":0,"item_purchase_floors":[],"current_hp_per_floor":[64,64,64,52,60,60,54,54,54,45,45,37,37,47,47,36,62,45,32,32,16,16,0,0],"gold":441,"neow_bonus":"UPGRADE_CARD","is_daily":false,"chose_seed":false,"campfire_upgraded":3,"win_rate":0.0,"timestamp":1610442354,"path_taken":["M","?","M","?","?","R","M","?","T","?","M","E","R","M","R","BOSS","M","M","AVR","M","?","E"],"items_purchased_type":[],"build_version":"2020-12-22","purchased_purges":0,"victory":false,"max_hp_per_floor":[71,71,71,71,71,71,71,71,71,71,71,71,71,71,71,71,71,71,71,71,71,71,71,71],"card_choices":[{"not_picked":["Beam Cell","Compile Driver"],"picked":"Gash","floor":1},{"not_picked":["Fusion","jedi:BurstFrost"],"picked":"Streamline","floor":3},{"not_picked":["Lockon","Redo"],"picked":"Gash","floor":4},{"not_picked":["Panic Button","Coolheaded"],"picked":"Self Repair","floor":7},{"not_picked":["BasicCrystalCard","jedi:BurstFrost","Redo"],"picked":"SKIP","floor":10},{"not_picked":["Hyperbeam","Recycle"],"picked":"Beam Cell","floor":11},{"not_picked":["Steam","Turbo"],"picked":"Coolheaded","floor":12},{"not_picked":["Go for the Eyes","Doom and Gloom","Sweeping Beam"],"picked":"SKIP","floor":14},{"not_picked":["Fission","jedi:readyaimfire"],"picked":"ReplayRNGCard","floor":16},{"not_picked":["Panic Button"],"picked":"SKIP","floor":18},{"not_picked":["Go for the Eyes"],"picked":"SKIP","floor":19},{"not_picked":["Beam Cell"],"picked":"SKIP","floor":21}],"player_experience":532998,"relics_obtained":[{"floor":9,"key":"Bronze Scales"},{"floor":12,"key":"infinitespire:BottledMercury"}],"event_choices":[{"damage_healed":0,"gold_gain":0,"player_choice":"Got Potions","damage_taken":0,"max_hp_gain":0,"max_hp_loss":0,"event_name":"Lab","floor":2,"gold_loss":0},{"damage_healed":0,"gold_gain":0,"player_choice":"Left","damage_taken":0,"max_hp_gain":0,"max_hp_loss":0,"event_name":"betterThird:BetterGoop","floor":8,"gold_loss":22},{"damage_healed":0,"gold_gain":100,"player_choice":"Bet on Murderer","damage_taken":0,"max_hp_gain":0,"max_hp_loss":0,"event_name":"The Joust","floor":22,"gold_loss":50}],"is_beta":false,"boss_relics":[{"not_picked":["hubris:ScarierMask","halation:CatFaceCupcake"],"picked":"Busted Crown"}],"items_purged_floors":[],"is_endless":false,"potions_floor_spawned":[1,3,7,12,16,21],"killed_by":"Slavers","ascension_level":14}}