{"host":"oy4pyvr762z5n0bb","time":1610420614,"event":{"mods":["AchievementEnabler","BaseMod","Colored Map","Colored Powertips","Googly Eyes","Key Reminder","Minty Spire (QoL Compilation)","Quick Restart","Relic Sorter","Slay the Relics Exporter","StSLib","SuperFastMode","Unceasing Turn Reminder","slay the spire mod where everything is the same but ironclad has a cowboy hat"],"gold_per_floor":[209,229,229,249,59,59,59,94,94,94,94],"floor_reached":10,"playtime":190,"items_purged":["Regret"],"score":76,"play_id":"9d248677-9598-4ee7-be66-771a11f403d5","local_time":"20210111190334","is_ascension_mode":true,"campfire_choices":[{"data":"Study","floor":6,"key":"SMITH"}],"circlet_count":0,"master_deck":["Strike_P","Strike_P","Strike_P","Strike_P","Defend_P","Defend_P","Defend_P","Defend_P","Eruption","Vigilance","PathToVictory","Study+1","EmptyMind","PathToVictory+1","EmptyMind","ForeignInfluence"],"relics":["PureWater","Thread and Needle","Question Card","TungstenRod"],"acts_visited":["Exordium"],"potions_floor_usage":[],"damage_taken":[{"damage":2,"enemies":"Cultist","floor":1,"turns":4},{"damage":5,"enemies":"Small Slimes","floor":2,"turns":2},{"damage":0,"enemies":"2 Louse","floor":4,"turns":2},{"damage":31,"enemies":"Gremlin Nob","floor":8,"turns":4},{"damage":34,"enemies":"3 Sentries","floor":10,"turns":6}],"seed_played":"1502436460670217376","potions_obtained":[{"floor":1,"key":"LiquidBronze"}],"is_trial":false,"path_per_floor":["M","M","?","M","$","R","?","E","T","E"],"character_chosen":"WATCHER","items_purchased":["PathToVictory","EmptyMind"],"campfire_rested":0,"item_purchase_floors":[5,5],"current_hp_per_floor":[70,65,65,65,65,65,65,34,34,0,0],"gold":94,"neow_bonus":"HUNDRED_GOLD","is_daily":false,"chose_seed":false,"campfire_upgraded":1,"win_rate":0.0,"timestamp":1610420614,"path_taken":["M","M","?","M","$","R","?","E","T","E"],"items_purchased_type":["Card","Card"],"build_version":"2020-12-22","purchased_purges":1,"victory":false,"max_hp_per_floor":[72,72,72,72,72,72,72,72,72,72,72],"card_choices":[{"not_picked":["Pray","ThirdEye"],"picked":"PathToVictory","floor":1},{"not_picked":["BattleHymn","WaveOfTheHand"],"picked":"Study","floor":2},{"not_picked":["ForeignInfluence","SashWhip"],"picked":"EmptyMind","floor":4},{"not_picked":["Protect","Halt"],"picked":"ForeignInfluence","floor":8}],"player_experience":733989,"relics_obtained":[{"floor":8,"key":"Question Card"},{"floor":9,"key":"TungstenRod"}],"event_choices":[{"damage_healed":0,"gold_gain":0,"player_choice":"Box","damage_taken":0,"relics_obtained":["Thread and Needle"],"max_hp_gain":0,"max_hp_loss":0,"event_name":"Big Fish","floor":3,"gold_loss":0,"cards_obtained":["Regret"]},{"damage_healed":0,"gold_gain":0,"player_choice":"Forge","damage_taken":0,"max_hp_gain":0,"max_hp_loss":0,"event_name":"Accursed Blacksmith","floor":7,"gold_loss":0,"cards_upgraded":["PathToVictory"]}],"is_beta":false,"boss_relics":[],"items_purged_floors":[5],"is_endless":false,"potions_floor_spawned":[1],"killed_by":"3 Sentries","ascension_level":3}}