{"host":"sc0o2qwpf9j16a4i","time":1610463466,"event":{"mods":["AchievementEnabler","BaseMod","BetterRewards","Block Reminder","Colored Map","Colored Powertips","Custom Start","Highlight Path","Minty Spire (QoL Compilation)","Relic Stats"],"gold_per_floor":[163,176,191,191,171,171,191,225,225,225,225,243,260,285,285,359,359,334,334,379,379,379],"floor_reached":21,"playtime":781,"items_purged":[],"score":407,"play_id":"8d30eedb-7183-4933-943d-32de2bbea1ce","local_time":"20210112165746","is_ascension_mode":true,"campfire_choices":[{"data":"Tantrum","floor":6.0,"key":"SMITH"},{"floor":11.0,"key":"REST"},{"floor":15.0,"key":"REST"}],"circlet_count":0,"master_deck":["AscendersBane","Strike_P","Strike_P","Strike_P","Defend_P","Defend_P","Defend_P+1","Defend_P","Eruption","Vigilance","Tantrum+1","CutThroughFate","Evaluate","EmptyFist","DeceiveReality","ThirdEye","MentalFortress","Adaptation","Halt","Meditate","Wish","SashWhip","Protect"],"relics":["Tiny House","HornCleat","Pear","Darkstone Periapt","Cursed Key"],"acts_visited":["Exordium","TheCity"],"potions_floor_usage":[21],"damage_taken":[{"damage":2.0,"enemies":"2 Louse","floor":1.0,"turns":3.0},{"damage":0.0,"enemies":"Cultist","floor":2.0,"turns":2.0},{"damage":1.0,"enemies":"Jaw Worm","floor":3.0,"turns":4.0},{"damage":14.0,"enemies":"Red Slaver","floor":7.0,"turns":2.0},{"damage":36.0,"enemies":"Gremlin Nob","floor":8.0,"turns":4.0},{"damage":0.0,"enemies":"Exordium Wildlife","floor":12.0,"turns":4.0},{"damage":0.0,"enemies":"Looter","floor":13.0,"turns":3.0},{"damage":30.0,"enemies":"3 Sentries","floor":14.0,"turns":15.0},{"damage":6.0,"enemies":"The Guardian","floor":16.0,"turns":12.0},{"damage":5.0,"enemies":"2 Thieves","floor":18.0,"turns":5.0},{"damage":24.0,"enemies":"Chosen","floor":20.0,"turns":5.0},{"damage":54,"enemies":"Masked Bandits","floor":21,"turns":3}],"seed_played":"986625383130547887","potions_obtained":[{"floor":0.0,"key":"CultistPotion"},{"floor":1.0,"key":"CultistPotion"},{"floor":5.0,"key":"SkillPotion"},{"floor":8.0,"key":"Fruit Juice"},{"floor":12.0,"key":"Energy Potion"}],"is_trial":false,"path_per_floor":["M","M","M","?","?","R","M","E","T","?","R","M","M","E","R","B",null,"M","?","M","?"],"character_chosen":"WATCHER","items_purchased":[],"campfire_rested":2,"item_purchase_floors":[],"current_hp_per_floor":[64,64,63,68,68,68,54,18,28,28,54,59,59,29,56,50,82,77,77,53,0,0],"gold":379,"neow_bonus":"BOSS_RELIC","is_daily":false,"chose_seed":false,"campfire_upgraded":1,"win_rate":0.0,"timestamp":1610463466,"path_taken":["M","M","M","?","?","R","?","E","T","?","R","?","M","E","R","BOSS","M","?","M","?"],"items_purchased_type":[],"build_version":"2020-12-22","purchased_purges":0,"victory":false,"max_hp_per_floor":[73,73,73,78,78,78,78,78,88,88,88,93,93,93,93,93,93,93,93,93,93,93],"relic_stats":{"Darkstone Periapt":0,"counters":[12,62],"Cursed Key":0,"obtain_stats":[{"Darkstone Periapt":14,"Tiny House":0,"HornCleat":8,"Pear":9,"PureWater":0,"Cursed Key":17},{"Darkstone Periapt":8,"Tiny House":0,"HornCleat":5,"Pear":5,"PureWater":0,"Cursed Key":9},{"Darkstone Periapt":37,"Tiny House":0,"HornCleat":15,"Pear":15,"PureWater":0,"Cursed Key":49}]},"card_choices":[{"not_picked":["EmptyBody","FlurryOfBlows"],"picked":"Tantrum","floor":0.0},{"not_picked":["JustLucky","WheelKick"],"picked":"CutThroughFate","floor":1.0},{"not_picked":["JustLucky","Weave"],"picked":"Evaluate","floor":2.0},{"not_picked":["Crescendo","Prostrate"],"picked":"EmptyFist","floor":3.0},{"not_picked":["Evaluate","ReachHeaven"],"picked":"DeceiveReality","floor":7.0},{"not_picked":["SashWhip","Indignation"],"picked":"ThirdEye","floor":8.0},{"not_picked":["ClearTheMind","WindmillStrike"],"picked":"Adaptation","floor":12.0},{"not_picked":["Vengeance","PathToVictory"],"picked":"Halt","floor":13.0},{"not_picked":["ForeignInfluence","Consecrate"],"picked":"Meditate","floor":14.0},{"not_picked":["DeusExMachina","LessonLearned"],"picked":"Wish","floor":16.0},{"not_picked":["Prostrate","ThirdEye"],"picked":"SashWhip","floor":18.0},{"not_picked":["BowlingBash","FlyingSleeves"],"picked":"Protect","floor":20.0}],"player_experience":601846,"relics_obtained":[{"floor":8.0,"key":"HornCleat"},{"floor":9.0,"key":"Pear"},{"floor":14.0,"key":"Darkstone Periapt"}],"event_choices":[{"damage_healed":0.0,"max_hp_gain":5.0,"max_hp_loss":0.0,"gold_gain":0.0,"event_name":"Big Fish","player_choice":"Donut","floor":4.0,"gold_loss":0.0,"damage_taken":0.0},{"damage_healed":0.0,"max_hp_gain":0.0,"max_hp_loss":0.0,"gold_gain":0.0,"event_name":"The Woman in Blue","player_choice":"Bought 1 Potion","floor":5.0,"gold_loss":0.0,"damage_taken":0.0},{"damage_healed":0.0,"max_hp_gain":0.0,"max_hp_loss":0.0,"gold_gain":0.0,"cards_transformed":["Strike_P"],"event_name":"Transmorgrifier","player_choice":"Transformed","floor":10.0,"gold_loss":0.0,"damage_taken":0.0,"cards_obtained":["MentalFortress"]},{"damage_healed":0.0,"max_hp_gain":0.0,"max_hp_loss":0.0,"gold_gain":0.0,"event_name":"The Mausoleum","player_choice":"Ignored","floor":19.0,"gold_loss":0.0,"damage_taken":0.0},{"damage_healed":0,"gold_gain":0,"player_choice":"Fought Bandits","damage_taken":0,"max_hp_gain":0,"max_hp_loss":0,"event_name":"Masked Bandits","floor":21,"gold_loss":0}],"is_beta":false,"boss_relics":[{"not_picked":["Runic Pyramid","Fusion Hammer"],"picked":"Cursed Key"}],"items_purged_floors":[],"is_endless":false,"potions_floor_spawned":[1,8,12,14],"killed_by":"Masked Bandits","ascension_level":20}}