{"host":"waym8cixmimlndgg","time":1610440528,"event":{"mods":["Act Like it!","BaseMod","Colored Powertips","Downfall","Gensokyo","KinomotoSakuraMod(Ä¾Ö®±¾Ó£)","Marisa£¨ìFÓê¡¡Ä§ÀíÉ³£©","Minty Spire (QoL Compilation)","READ ME - Guardian Mod","Replay The Spire","StSLib","The Bug Knight","The Poker Player"],"gold_per_floor":[99,114,134,154,154,154,234,105,125,136,136,165,165,183,195,195,195],"floor_reached":16,"playtime":1554,"items_purged":["ClowCardTheSword"],"score":129,"play_id":"0390a576-2f78-4920-8a6e-033d0c3f7c40","local_time":"20210112163528","is_ascension_mode":false,"campfire_choices":[{"data":"SpellCardSeal","floor":1.0,"key":"SMITH"},{"data":"ClowCardTheVoice","floor":13.0,"key":"SMITH"}],"circlet_count":0,"master_deck":["SakuraCardTheWindy+","ClowCardTheSword","ClowCardTheSword","ClowCardTheSword","ClowCardTheShield","ClowCardTheShield","ClowCardTheShield","SpellCardSeal+1","SpellCardRelease","ClowCardTheVoice","ClowCardTheDream","ClowCardThePower","ClowCardTheIllusion","ClowCardTheIllusion","ClowCardTheSleep","ClowCardTheVoice+1","ClowCardTheIllusion","ClowCardTheMaze"],"relics":["KSMOD_SealedBook","KSMOD_SealedWand","HornCleat","Replay:Ringing Soul"],"acts_visited":["Exordium"],"potions_floor_usage":[],"damage_taken":[{"damage":2.0,"enemies":"Small Slimes","floor":2.0,"turns":4.0},{"damage":0.0,"enemies":"2 Louse","floor":3.0,"turns":3.0},{"damage":2.0,"enemies":"Jaw Worm","floor":4.0,"turns":4.0},{"damage":0.0,"enemies":"downfall:FleeingMerchant","floor":8.0,"turns":4.0},{"damage":0.0,"enemies":"3 Louse","floor":9.0,"turns":8.0},{"damage":0.0,"enemies":"Large Slime","floor":10.0,"turns":8.0},{"damage":14.0,"enemies":"HollowMod:MossKnight","floor":12.0,"turns":5.0},{"damage":4.0,"enemies":"Exordium Wildlife","floor":14.0,"turns":5.0},{"damage":23,"enemies":"Gremlin Gang","floor":15,"turns":6},{"damage":41,"enemies":"downfall:Defect","floor":16,"turns":6}],"seed_played":"-3283336402131611917","potions_obtained":[{"floor":4.0,"key":"Doom Potion"},{"floor":10.0,"key":"AttackPotion"},{"floor":12.0,"key":"Block Potion"},{"floor":14.0,"key":"Adrenaline Potion"}],"is_trial":false,"path_per_floor":["R","M","M","M","?","?","T","$","M","M","?","E","R","M","M","B"],"character_chosen":"KINOMOTOSAKURA","items_purchased":["ClowCardTheIllusion"],"campfire_rested":0,"item_purchase_floors":[8],"current_hp_per_floor":[77,75,75,73,73,73,73,73,73,73,73,62,62,61,41,0,0],"gold":195,"neow_bonus":"TEN_PERCENT_HP_BONUS","is_daily":false,"chose_seed":false,"campfire_upgraded":2,"win_rate":0.0,"timestamp":1610440528,"path_taken":["R","M","M","M","?","?","T","$","?","M","?","E","R","M","M","BOSS"],"items_purchased_type":["Card"],"build_version":"2020-12-22","purchased_purges":1,"victory":false,"max_hp_per_floor":[77,77,77,77,77,77,77,77,77,77,77,80,80,83,86,86,86],"card_choices":[{"not_picked":["ClowCardTheLibra","ClowCardTheShot"],"picked":"ClowCardTheVoice","floor":2.0},{"not_picked":["ClowCardTheCloud","ClowCardTheMaze"],"picked":"ClowCardTheDream","floor":3.0},{"not_picked":["ClowCardTheShot","ClowCardTheVoice"],"picked":"ClowCardThePower","floor":4.0},{"not_picked":["ClowCardTheJump","ClowCardTheFreeze","ClowCardTheLock"],"picked":"SKIP","floor":8.0},{"not_picked":["ClowCardTheLock","ClowCardTheLittle"],"picked":"ClowCardTheWindy","floor":9.0},{"not_picked":["ClowCardTheTime","ClowCardTheShadow"],"picked":"ClowCardTheSleep","floor":10.0},{"not_picked":["ClowCardTheLittle","ClowCardTheSand"],"picked":"ClowCardTheVoice","floor":12.0},{"not_picked":["ClowCardTheLittle","ClowCardTheSweet"],"picked":"ClowCardTheIllusion","floor":14.0},{"not_picked":["ClowCardTheCloud","ClowCardTheBubbles"],"picked":"ClowCardTheMaze","floor":15}],"player_experience":82605,"relics_obtained":[{"floor":7.0,"key":"HornCleat"},{"floor":12.0,"key":"Replay:Ringing Soul"}],"event_choices":[{"damage_healed":0.0,"max_hp_gain":0.0,"max_hp_loss":0.0,"gold_gain":0.0,"event_name":"Scrap Ooze","player_choice":"Fled","floor":6.0,"gold_loss":0.0,"damage_taken":0.0},{"cards_removed":["ClowCardTheShield"],"damage_healed":0.0,"max_hp_gain":0.0,"max_hp_loss":0.0,"gold_gain":0.0,"event_name":"The Cleric","player_choice":"Card Removal","floor":11.0,"gold_loss":0.0,"damage_taken":0.0}],"is_beta":false,"boss_relics":[],"items_purged_floors":[8],"is_endless":false,"potions_floor_spawned":[4,10,12,14,15],"killed_by":"downfall:Defect","ascension_level":0}}