{"host":"0lnx88jdgcrh6gmr","time":1610438801,"event":{"mods":["2.2 Compatiblity","AchievementEnabler","BaseMod","Beaked The Cultist","Better Note","Better Skull","Better Third Choice","Block Reminder","Colored Map","Displayed Cursed Tome","Glutton Mod","Googly Eyes","Hermit","Highlight Path","Minty Spire (QoL Compilation)","Rare Cards Sparkle","Relic Stats","Shade Mod","Spicy Shops","StSLib","The Construct","The Cursed","The Disciple","The Mystic","The Servant 0.9.4","Unceasing Turn Reminder","everything is the same but u backflip on backflip","slay the spire mod where everything is the same but ironclad has a cowboy hat"],"gold_per_floor":[109,120,120,120,130,130,146,158,158,158,177,197,208,226,226,323,323,337,353,112,132,143,143,143],"floor_reached":23,"playtime":1093,"items_purged":[],"score":191,"play_id":"0c570e28-5d84-40cf-8e74-73fdbfb3c75b","local_time":"20210112010641","is_ascension_mode":false,"campfire_choices":[{"data":"Steam","floor":6,"key":"SMITH"},{"floor":10,"key":"REST"},{"data":"Barrage","floor":15,"key":"SMITH"}],"circlet_count":0,"master_deck":["Strike_B","Strike_B+1","Strike_B","Strike_B","Defend_B","Defend_B","Defend_B","Defend_B","Zap","Dualcast","FTL+1","Defragment","Steam+1","Self Repair","Melter","Barrage+1","Double Energy","Go for the Eyes","Dramatic Entrance","Conserve Battery","Leap"],"relics":["Cracked Core","Happy Flower","Smiling Mask","DataDisk","construct:ClawGrip","Whetstone"],"acts_visited":["Exordium","TheCity"],"potions_floor_usage":[],"damage_taken":[{"damage":1.0,"enemies":"Jaw Worm","floor":1.0,"turns":3.0},{"damage":4.0,"enemies":"2 Louse","floor":2.0,"turns":2.0},{"damage":1,"enemies":"Cultist","floor":5,"turns":3},{"damage":26,"enemies":"Gremlin Gang","floor":7,"turns":6},{"damage":3,"enemies":"Large Slime","floor":8,"turns":5},{"damage":7,"enemies":"Blue Slaver","floor":11,"turns":3},{"damage":0,"enemies":"3 Louse","floor":12,"turns":3},{"damage":3,"enemies":"Red Slaver","floor":13,"turns":3},{"damage":15,"enemies":"Gremlin Gang","floor":14,"turns":5},{"damage":42,"enemies":"Hexaghost","floor":16,"turns":9},{"damage":18,"enemies":"Shell Parasite","floor":18,"turns":5},{"damage":6,"enemies":"Chosen","floor":19,"turns":5},{"damage":15,"enemies":"Centurion and Healer","floor":21,"turns":11},{"damage":39,"enemies":"Snake Plant","floor":22,"turns":5},{"damage":28,"enemies":"Sentry and Sphere","floor":23,"turns":5}],"seed_played":"1673053589053920254","potions_obtained":[{"floor":1.0,"key":"Weak Potion"},{"floor":5,"key":"ColorlessPotion"},{"floor":7,"key":"PowerPotion"},{"floor":13,"key":"Dexterity Potion"}],"is_trial":false,"path_per_floor":["M","M","?","?","M","R","M","M","T","R","M","M","M","M","R","B",null,"M","M","$","M","M","M"],"character_chosen":"DEFECT","items_purchased":["Whetstone","Dramatic Entrance"],"campfire_rested":1,"item_purchase_floors":[20,20],"current_hp_per_floor":[74,70,70,70,69,69,43,40,40,62,62,69,73,65,65,30,75,64,65,65,57,25,0,0],"gold":143,"neow_bonus":"RANDOM_COMMON_RELIC","is_daily":false,"chose_seed":false,"campfire_upgraded":2,"win_rate":0.0,"timestamp":1610438801,"path_taken":["M","M","?","?","M","R","M","M","T","R","?","M","M","M","R","BOSS","M","M","$","M","?","M"],"items_purchased_type":["Relic","Card"],"build_version":"2020-12-22","purchased_purges":0,"victory":false,"max_hp_per_floor":[75,75,75,75,75,75,75,75,75,75,75,75,75,75,75,75,75,75,75,75,75,75,75,75],"relic_stats":{"Happy Flower":[24],"counters":[15,73],"Whetstone":["Strike_B","FTL"],"Smiling Mask":0,"obtain_stats":[{"DataDisk":9,"construct:ClawGrip":17,"Happy Flower":0,"Whetstone":20,"Cracked Core":0,"Smiling Mask":4},{"DataDisk":5,"construct:ClawGrip":10,"Happy Flower":0,"Whetstone":12,"Cracked Core":0,"Smiling Mask":2},{"DataDisk":19,"construct:ClawGrip":42,"Happy Flower":0,"Whetstone":52,"Cracked Core":0,"Smiling Mask":5}]},"card_choices":[{"not_picked":["Consume","Stack"],"picked":"FTL","floor":1.0},{"not_picked":["Compile Driver","Barrage"],"picked":"Defragment","floor":2.0},{"not_picked":["Streamline","Coolheaded"],"picked":"Steam","floor":5},{"not_picked":["Coolheaded","Reprogram","Force Field"],"picked":"SKIP","floor":7},{"not_picked":["BootSequence","Redo"],"picked":"Self Repair","floor":8},{"not_picked":["Ball Lightning","Tempest"],"picked":"Melter","floor":11},{"not_picked":["Gash","Stack","Heatsinks"],"picked":"SKIP","floor":12},{"not_picked":["Fusion","Gash","Stack"],"picked":"SKIP","floor":13},{"not_picked":["Stack","White Noise"],"picked":"Barrage","floor":14},{"not_picked":["Barrage","Heatsinks"],"picked":"Double Energy","floor":18},{"not_picked":["Gash","Stack+1"],"picked":"Go for the Eyes","floor":19},{"not_picked":["Steam","Hello World"],"picked":"Conserve Battery","floor":21},{"not_picked":["Rebound","Force Field+1"],"picked":"Leap","floor":22}],"player_experience":245189,"relics_obtained":[{"floor":9,"key":"DataDisk"}],"event_choices":[{"damage_healed":0.0,"max_hp_gain":0.0,"max_hp_loss":0.0,"gold_gain":0.0,"event_name":"betterThird:BetterSerpent","player_choice":"Ignored","floor":3.0,"gold_loss":0.0,"damage_taken":120.0},{"damage_healed":0,"gold_gain":0,"player_choice":"Gave Potion","damage_taken":0,"relics_obtained":["Smiling Mask"],"max_hp_gain":0,"max_hp_loss":0,"event_name":"WeMeetAgain","floor":4,"gold_loss":0}],"is_beta":false,"boss_relics":[{"not_picked":["Calling Bell","Nuclear Battery"],"picked":"construct:ClawGrip"}],"items_purged_floors":[],"is_endless":false,"potions_floor_spawned":[1,5,7,13,21,22],"killed_by":"Sentry and Sphere","ascension_level":0}}