{"host":"qy1e0kd24tpj3i2m","time":1610485740,"event":{"mods":["Act Like it!","Alarm Clock","BaseMod","Better Skull","Better Vampires","Colored Map","Colored Powertips","Custom Start","Faster Ascension Climbing","Friendly Minions","GifTheSpireLib","Gremlin Skip","Highlight Path","Minty Spire (QoL Compilation)","Permanent Neow","Poor People Problems","Quick Restart","Red Circlet Mod","Relic Sorter","Reorder Act Four","SacredBarkPlus","Shop Mod","StSLib","SuperFastMode","Transform Curses","没有小屋子和绿帽子啦"],"gold_per_floor":[111,123,273,253,273,273,287,301,301,317,317,317],"floor_reached":11,"language":"ZHS","playtime":238,"items_purged":[],"score":134,"play_id":"2368ab10-b1ed-4711-b31e-36c78717f338","local_time":"20210113060900","is_ascension_mode":true,"campfire_choices":[{"data":"Bludgeon","floor":6.0,"key":"SMITH"}],"circlet_count":0,"master_deck":["AscendersBane","Strike_R","Strike_R","Strike_R","Strike_R","Strike_R","Defend_R","Defend_R","Defend_R","Defend_R","Bash","Doubt","Bludgeon+1","Rampage","Doubt","Metallicize","Flame Barrier","Whirlwind"],"relics":["Burning Blood"],"acts_visited":["Exordium"],"potions_floor_usage":[7],"damage_taken":[{"damage":1.0,"enemies":"Cultist","floor":1.0,"turns":3.0},{"damage":9.0,"enemies":"2 Louse","floor":2.0,"turns":4.0},{"damage":9.0,"enemies":"Jaw Worm","floor":5.0,"turns":4.0},{"damage":19,"enemies":"Lots of Slimes","floor":7,"turns":5},{"damage":13,"enemies":"3 Louse","floor":8,"turns":5},{"damage":9,"enemies":"Blue Slaver","floor":10,"turns":2},{"damage":10,"enemies":"3 Sentries","floor":11,"turns":2}],"seed_played":"-7760897849489376173","potions_obtained":[{"floor":4.0,"key":"LiquidBronze"},{"floor":7,"key":"FearPotion"},{"floor":10,"key":"CultistPotion"}],"is_trial":false,"path_per_floor":["M","M","?","?","M","R","M","M","T","M","E"],"character_chosen":"IRONCLAD","items_purchased":[],"campfire_rested":0,"item_purchase_floors":[],"current_hp_per_floor":[73,70,70,70,67,67,54,47,47,44,34,34],"gold":317,"neow_bonus":"THREE_RARE_CARDS","is_daily":false,"chose_seed":false,"campfire_upgraded":1,"win_rate":0.0,"timestamp":1610485740,"path_taken":["M","?","?","?","?","R","M","M","T","?","E"],"items_purchased_type":[],"build_version":"2020-12-22","purchased_purges":0,"victory":false,"max_hp_per_floor":[75,75,75,75,75,75,75,75,75,75,75,75],"card_choices":[{"not_picked":["Brutality","Offering"],"picked":"Bludgeon","floor":0.0},{"not_picked":["Havoc","Heavy Blade","Infernal Blade"],"picked":"SKIP","floor":1.0},{"not_picked":["Heavy Blade","Disarm"],"picked":"Rampage","floor":2.0},{"not_picked":["Wild Strike","Perfected Strike"],"picked":"Metallicize","floor":5.0},{"not_picked":["True Grit","Shockwave"],"picked":"Flame Barrier","floor":7},{"not_picked":["Twin Strike","Iron Wave","Cleave"],"picked":"SKIP","floor":8},{"not_picked":["Perfected Strike","Wild Strike"],"picked":"Whirlwind","floor":10}],"player_experience":906381,"relics_obtained":[],"event_choices":[{"damage_healed":0.0,"max_hp_gain":0.0,"max_hp_loss":0.0,"gold_gain":150.0,"event_name":"Liars Game","player_choice":"AGREE","floor":3.0,"gold_loss":0.0,"damage_taken":0.0,"cards_obtained":["Doubt"]},{"damage_healed":0.0,"max_hp_gain":0.0,"max_hp_loss":0.0,"gold_gain":0.0,"event_name":"The Woman in Blue","player_choice":"Bought 1 Potion","floor":4.0,"gold_loss":0.0,"damage_taken":0.0}],"is_beta":false,"boss_relics":[],"items_purged_floors":[],"is_endless":false,"potions_floor_spawned":[7,10],"killed_by":"3 Sentries","ascension_level":20}}