{"host":"9jj9tzo2iym4bpat","time":1610456381,"event":{"mods":["Act Like it!","BaseMod","CapriCore","Gensokyo","Luminous","Marisa????????","Minty Spire (QoL Compilation)","Permanent Neow","StSLib","Td1madao Mod","The Animator","The Bladedancer","The Immortal","The Marked","The Servant 0.9.4"],"gold_per_floor":[116,3,30,48,74,120,120,138,138,1,1,1,1,1,1,1,1],"floor_reached":16,"playtime":954,"items_purged":[],"score":98,"play_id":"f6359422-0915-4f61-bdec-2dd3ce9a92a7","local_time":"20210112065941","is_ascension_mode":false,"campfire_choices":[{"floor":7,"key":"REST"},{"floor":11,"key":"REST"},{"floor":15,"key":"REST"}],"circlet_count":0,"master_deck":["animator:Strike_Konosuba+1","animator:Defend_Konosuba","animator:Strike","animator:Strike","animator:Strike+1","animator:Defend","animator:Defend","animator:Defend","animator:Kazuma","animator:Aqua","animator:Souei","animator:Genos","animator:CrowleyEusford","animator:ChaikaBohdan+1","animator:Megumin","animator:Shigure","animator:Shizu","Gensokyo:CrescentMoonSlash"],"relics":["animator:LivingPicture","animator:TheMissingPiece","animator:PurgingStone","Whetstone","Omamori","Du-Vu Doll","animator:AlchemistGlove","Gensokyo:PortableGap"],"acts_visited":["Gensokyo:Gensokyo"],"potions_floor_usage":[16,16,16],"damage_taken":[{"damage":5,"enemies":"Gensokyo:Gryphon","floor":1,"turns":5},{"damage":13,"enemies":"Gensokyo:2_Kodama","floor":3,"turns":4},{"damage":11,"enemies":"Gensokyo:Python","floor":4,"turns":3},{"damage":33,"enemies":"Gensokyo:Cirno","floor":6,"turns":7},{"damage":17,"enemies":"Gensokyo:5_Fairies","floor":8,"turns":5},{"damage":58,"enemies":"Gensokyo:Reimu","floor":16,"turns":6}],"seed_played":"-6894121234138037512","potions_obtained":[{"floor":1,"key":"CultistPotion"},{"floor":3,"key":"Weak Potion"},{"floor":8,"key":"SpeedPotion"}],"is_trial":false,"path_per_floor":["M","COS","M","M","T","E","R","M","T","$","R","?","?","$","R","B"],"character_chosen":"THE_ANIMATOR","items_purchased":["animator:Shizu"],"campfire_rested":3,"item_purchase_floors":[10],"current_hp_per_floor":[61,61,50,41,41,10,29,14,14,14,33,33,24,24,42,0,0],"gold":1,"neow_bonus":"UPGRADE_CARD","is_daily":false,"chose_seed":false,"campfire_upgraded":0,"win_rate":0.0,"timestamp":1610456381,"path_taken":["M","COS","M","M","?","E","R","?","T","$","R","?","?","?","R","BOSS"],"items_purchased_type":["Card"],"build_version":"2020-12-22","purchased_purges":0,"victory":false,"max_hp_per_floor":[66,66,66,66,66,66,66,66,66,66,66,60,60,60,60,60,60],"card_choices":[{"not_picked":["animator:Aqua","animator:DolaCouronne"],"picked":"animator:Souei","floor":1},{"not_picked":["animator:MumenRider","animator:WinryRockbell+1"],"picked":"animator:Genos","floor":3},{"not_picked":["animator:AcuraAkari","animator:ChaikaBohdan"],"picked":"animator:CrowleyEusford","floor":3},{"not_picked":["animator:Yuuichirou","animator:Genos"],"picked":"animator:ChaikaBohdan","floor":4},{"not_picked":["animator:Aqua","animator:Mitsurugi"],"picked":"animator:Megumin","floor":6},{"not_picked":["animator:Tatsumaki","animator:GazelDwargon"],"picked":"animator:Shigure","floor":8}],"player_experience":216982,"relics_obtained":[{"floor":5,"key":"Whetstone"},{"floor":6,"key":"Omamori"},{"floor":9,"key":"animator:AlchemistGlove"}],"event_choices":[],"is_beta":false,"boss_relics":[],"items_purged_floors":[],"is_endless":false,"potions_floor_spawned":[1,3,8],"killed_by":"Gensokyo:Reimu","ascension_level":0}}