{"host":"0v07cr0k93jhgkpm","time":1610444847,"event":{"mods":["BaseMod","Colored Map","DeckTracker","Minty Spire (QoL Compilation)","Quick Restart","SuperFastMode"],"gold_per_floor":[117,192,192,205,285,1,31,50,50,62,62,75,75,225,225,225,225],"floor_reached":16,"playtime":411,"items_purged":[],"score":250,"play_id":"4f2dd6ff-30b1-4c2a-86cc-7f83ffd2e011","local_time":"20210112184727","is_ascension_mode":true,"campfire_choices":[{"data":"Cloak And Dagger","floor":11,"key":"SMITH"},{"data":"Tools of the Trade","floor":15,"key":"SMITH"}],"circlet_count":0,"master_deck":["AscendersBane","Strike_G","Strike_G","Strike_G","Strike_G","Defend_G","Defend_G","Defend_G+1","Defend_G","Defend_G+1","Survivor","Neutralize+1","Bane","Cloak And Dagger+1","Blur+1","Calculated Gamble+1","Cloak And Dagger+1","Tools of the Trade+1","Doubt"],"relics":["Ring of the Snake","NeowsBlessing","Singing Bowl","Toxic Egg 2","War Paint","Molten Egg 2"],"acts_visited":["Exordium"],"potions_floor_usage":[16,16],"damage_taken":[{"damage":0.0,"enemies":"2 Louse","floor":1.0,"turns":1.0},{"damage":0.0,"enemies":"Jaw Worm","floor":4.0,"turns":1.0},{"damage":0,"enemies":"Lagavulin","floor":7,"turns":1},{"damage":3,"enemies":"Small Slimes","floor":8,"turns":5},{"damage":1,"enemies":"Blue Slaver","floor":10,"turns":7},{"damage":0,"enemies":"Exordium Wildlife","floor":12,"turns":6},{"damage":40,"enemies":"Hexaghost","floor":16,"turns":14}],"seed_played":"-7918224660556795642","potions_obtained":[{"floor":1.0,"key":"DuplicationPotion"},{"floor":7,"key":"AttackPotion"}],"is_trial":false,"path_per_floor":["M","?","?","M","T","$","E","M","T","M","R","M","?","?","R","B"],"character_chosen":"THE_SILENT","items_purchased":["Toxic Egg 2"],"campfire_rested":0,"item_purchase_floors":[6],"current_hp_per_floor":[59,48,48,48,48,48,48,45,45,44,44,44,37,37,37,0,0],"gold":225,"neow_bonus":"THREE_ENEMY_KILL","is_daily":false,"chose_seed":false,"campfire_upgraded":2,"win_rate":0.0,"timestamp":1610444847,"path_taken":["M","?","?","M","?","$","E","?","T","M","R","M","?","?","R","BOSS"],"items_purchased_type":["Relic"],"build_version":"2020-12-22","purchased_purges":0,"victory":false,"max_hp_per_floor":[66,66,66,66,66,66,66,66,66,66,66,66,66,66,66,66,66],"card_choices":[{"not_picked":["Finisher","Choke"],"picked":"Bane","floor":1.0},{"not_picked":["Quick Slash","Outmaneuver"],"picked":"Cloak And Dagger","floor":4.0},{"not_picked":["Deflect+1","Acrobatics+1"],"picked":"Blur+1","floor":7},{"not_picked":["Accuracy","Acrobatics+1"],"picked":"Calculated Gamble+1","floor":8},{"not_picked":["Dodge and Roll+1","Dash+1"],"picked":"Cloak And Dagger+1","floor":10},{"not_picked":["Flying Knee+1","Cloak And Dagger+1"],"picked":"Tools of the Trade","floor":12}],"player_experience":2492142,"relics_obtained":[{"floor":5.0,"key":"Singing Bowl"},{"floor":7,"key":"War Paint"},{"floor":9,"key":"Molten Egg 2"}],"event_choices":[{"damage_healed":0.0,"max_hp_gain":0.0,"max_hp_loss":0.0,"gold_gain":75.0,"event_name":"World of Goop","player_choice":"Gather Gold","floor":2.0,"gold_loss":0.0,"damage_taken":11.0},{"damage_healed":0.0,"max_hp_gain":0.0,"max_hp_loss":0.0,"gold_gain":0.0,"event_name":"Living Wall","player_choice":"Grow","floor":3.0,"gold_loss":0.0,"damage_taken":0.0,"cards_upgraded":["Neutralize"]},{"cards_removed":["Strike_G"],"damage_healed":0,"gold_gain":0,"player_choice":"Card Removal","damage_taken":7,"max_hp_gain":0,"max_hp_loss":0,"event_name":"Golden Wing","floor":13,"gold_loss":0},{"damage_healed":0,"gold_gain":150,"player_choice":"AGREE","damage_taken":0,"max_hp_gain":0,"max_hp_loss":0,"event_name":"Liars Game","floor":14,"gold_loss":0,"cards_obtained":["Doubt"]}],"is_beta":false,"boss_relics":[],"items_purged_floors":[],"is_endless":false,"potions_floor_spawned":[1,7,12],"killed_by":"Hexaghost","ascension_level":20}}