{"host":"a5523bqxi3k68xf3","time":1610452821,"event":{"mods":["BaseMod","BetterRewards","Hermit","Koishi","Marisa????????","Minty Spire (QoL Compilation)","Quick Restart","Random Character Button","Relic Stats","Shop Mod","StSLib","The Animator","The Cursed","The Necromancer","The Servant 0.9.4"],"gold_per_floor":[112,112,287,237,253,284,284,303,303,333,353,240,269,287,287,390,390,402,402,402,402,328,328,355,355,407,432,449,449,464,464,464,561,561,572,81,96,96,149,149,180,37,37,87,115,115,165,184,184,184],"floor_reached":51,"playtime":1414,"items_purged":["Strike_W","Writhe"],"score":1609,"play_id":"1f649b72-ebb5-4b71-a8f4-c0df84f1a3df","local_time":"20210112130021","is_ascension_mode":true,"campfire_choices":[{"data":"Necrotic_Claws","floor":7.0,"key":"SMITH"},{"data":"Vampiric_Strike","floor":15.0,"key":"SMITH"},{"floor":23.0,"key":"REST"},{"data":"Vampiric_Strike","floor":25.0,"key":"SMITH"},{"floor":29.0,"key":"REST"},{"floor":32,"key":"REST"},{"data":"Life_Drain","floor":40,"key":"SMITH"},{"floor":46,"key":"REST"},{"floor":49,"key":"REST"}],"circlet_count":0,"master_deck":["AscendersBane","Defend_W","Defend_W","Defend_W","Negative_Energy_Arrows","Bone_Wall","Vampiric_Strike+1","Vampiric_Strike+1","Negative_Energy_Sphere","Necrotic_Claws+1","Summon_Lich+1","Plague_Bolt+1","Summon_Lich+1","Requiem+1","Summon_Lich+1","Life_Drain+1"],"relics":["Vampire_Amulet","Ice Cream","Frozen Egg 2","Tiny Chest","Sling","Toy Ornithopter","Bottled Flame","Peace Pipe","Pantograph","Astrolabe","Singing Bowl","Ginger","Akabeko","Bag of Preparation","Du-Vu Doll","Busted Crown","Anchor","Mercury Hourglass","Omamori","Smiling Mask","Lee\u0027s Waffle","StrikeDummy","Pocketwatch","White Beast Statue","TungstenRod"],"acts_visited":["Exordium","TheCity","TheBeyond"],"potions_floor_usage":[33,44,50,50],"damage_taken":[{"damage":2.0,"enemies":"2 Louse","floor":1.0,"turns":4.0},{"damage":4.0,"enemies":"Jaw Worm","floor":5.0,"turns":6.0},{"damage":16.0,"enemies":"Gremlin Nob","floor":6.0,"turns":3.0},{"damage":0.0,"enemies":"Small Slimes","floor":8.0,"turns":2.0},{"damage":10.0,"enemies":"3 Sentries","floor":10.0,"turns":5.0},{"damage":0.0,"enemies":"Exordium Wildlife","floor":11.0,"turns":4.0},{"damage":15.0,"enemies":"Gremlin Nob","floor":13.0,"turns":4.0},{"damage":0.0,"enemies":"Large Slime","floor":14.0,"turns":4.0},{"damage":56.0,"enemies":"Hexaghost","floor":16.0,"turns":9.0},{"damage":44.0,"enemies":"2 Thieves","floor":18.0,"turns":4.0},{"damage":41.0,"enemies":"Slavers","floor":27.0,"turns":4.0},{"damage":22.0,"enemies":"3 Byrds","floor":28.0,"turns":4.0},{"damage":30.0,"enemies":"Snake Plant","floor":30.0,"turns":3.0},{"damage":84,"enemies":"Collector","floor":33,"turns":7},{"damage":4,"enemies":"3 Shapes","floor":35,"turns":4},{"damage":12,"enemies":"3 Darklings","floor":37,"turns":3},{"damage":49,"enemies":"Nemesis","floor":41,"turns":5},{"damage":53,"enemies":"2 Orb Walkers","floor":44,"turns":4},{"damage":54,"enemies":"Giant Head","floor":45,"turns":6},{"damage":31,"enemies":"Mind Bloom Boss Battle","floor":47,"turns":6},{"damage":10,"enemies":"Sphere and 2 Shapes","floor":48,"turns":3},{"damage":87,"enemies":"Time Eater","floor":50,"turns":5}],"seed_played":"-5626843021611182145","potions_obtained":[{"floor":6.0,"key":"DuplicationPotion"},{"floor":13.0,"key":"DuplicationPotion"},{"floor":28.0,"key":"SpeedPotion"},{"floor":41,"key":"Fire Potion"},{"floor":44,"key":"ColorlessPotion"},{"floor":47,"key":"Strength Potion"},{"floor":48,"key":"DuplicationPotion"}],"is_trial":false,"path_per_floor":["M","?","?","?","M","E","R","M","T","E","M","$","E","M","R","B",null,"M","T","?","?","$","R","T","R","T","E","M","R","M","?","R","B",null,"M","$","M","?","T","R","E","$","T","?","E","R","?","M","R","B",null],"character_chosen":"NECROMANCER","items_purchased":["Ice Cream","Frozen Egg 2","Tiny Chest","Vampiric_Strike","Vampiric_Strike","Sling","PowerPotion","Summon_Lich+1","DistilledChaos","Anchor","Mercury Hourglass","Lee\u0027s Waffle"],"campfire_rested":5,"item_purchase_floors":[0,0,0,0,0,0,0,12,22,36,36,42],"current_hp_per_floor":[28,53,53,53,53,41,41,49,49,53,57,57,46,54,54,23,62,27,27,27,27,27,49,49,49,49,27,11,33,18,18,41,20,64,74,74,69,69,69,69,36,92,92,45,23,51,65,70,100,36],"gold":184,"neow_bonus":"","is_daily":false,"chose_seed":false,"campfire_upgraded":4,"win_rate":0.0,"timestamp":1610452821,"path_taken":["M","?","?","?","M","E","R","M","T","E","M","$","E","M","R","BOSS","M","?","?","?","?","R","?","R","T","E","?","R","M","?","R","BOSS","M","$","M","?","?","R","E","$","T","?","E","R","?","M","R","BOSS"],"items_purchased_type":["Relic","Relic","Relic","Card","Card","Relic","Potion","Card","Potion","Relic","Relic","Relic"],"build_version":"2020-12-22","purchased_purges":2,"victory":true,"max_hp_per_floor":[75,75,75,75,75,75,75,75,75,75,75,75,75,75,75,75,75,75,75,75,75,75,75,75,75,75,75,75,75,77,77,77,79,79,81,81,83,83,83,83,85,92,92,94,96,96,98,100,100,100],"relic_stats":{"Lee\u0027s Waffle":56,"Singing Bowl":18,"counters":[261,1191],"Astrolabe":["Plague_Bolt","Summon_Lich","Requiem"],"Bag of Preparation":[24],"Ginger":[6],"Smiling Mask":0,"Mercury Hourglass":[116],"Peace Pipe":0,"Busted Crown":14,"Pantograph":71,"Tiny Chest":5,"obtain_stats":[{"Whetstone":24,"Ginger":21,"Bottled Tornado":14,"Sling":0,"Boot":23,"Blood Vial":43,"Sundial":7,"MealTicket":46,"Fusion Hammer":34,"Kunai":26,"Pear":43,"Blue Candle":24,"Eternal Feather":26,"Pen Nib":0,"Akabeko":9,"Runic Dome":34,"hermit:PetGhost":20,"MutagenicStrength":28,"Pandora\u0027s Box":17,"StrikeDummy":40,"Unceasing Top":29,"Regal Pillow":8,"Lantern":9,"Singing Bowl":26,"StoneCalendar":7,"Bag of Preparation":26,"Smiling Mask":26,"Ancient Tea Set":40,"Matryoshka":9,"WingedGreaves":25,"InkBottle":6,"Potion Belt":43,"Lee\u0027s Waffle":42,"Golden Idol":14,"Thread and Needle":41,"PreservedInsect":26,"Omamori":23,"Frozen Egg 2":40,"MawBank":7,"Busted Crown":34,"Ornamental Fan":14,"Art of War":26,"Bottled Lightning":42,"Toy Ornithopter":22,"Ice Cream":9,"Calipers":41,"Tiny House":17,"Gremlin Horn":9,"Nilry\u0027s Codex":30,"CeramicFish":41,"Vajra":37,"Sozu":17,"hermit:RyeStalk":10,"Centennial Puzzle":47,"HornCleat":12,"DollysMirror":29,"Strawberry":6,"Prayer Wheel":7,"Philosopher\u0027s Stone":34,"Vampire_Amulet":0,"Toxic Egg 2":40,"Happy Flower":0,"Astrolabe":34,"Dead Branch":40,"Oddly Smooth Stone":30,"War Paint":28,"Question Card":48,"Du-Vu Doll":45,"Bottled Flame":9,"Shuriken":0,"Bronze Scales":29,"Molten Egg 2":43,"Black Star":34,"hermit:Momento":0,"Meat on the Bone":29,"Pocketwatch":44,"Darkstone Periapt":13,"Mango":44,"Juzu Bracelet":6,"Incense Burner":42,"Empty Cage":17,"Nunchaku":24,"Dream Catcher":14,"TheAbacus":39,"Mummified Hand":9,"Pantograph":10,"Gambling Chip":45,"Tiny Chest":0,"Red Mask":19,"Orichalcum":36,"White Beast Statue":0,"Mercury Hourglass":8,"Peace Pipe":37,"Anchor":40,"CaptainsWheel":10,"hermit:CharredGlove":41,"Bag of Marbles":0,"Membership Card":41,"TungstenRod":38,"FossilizedHelix":41},{"Whetstone":81,"Ginger":249,"Bottled Tornado":97,"Sling":46,"Boot":102,"Blood Vial":43,"Sundial":220,"MealTicket":156,"Fusion Hammer":172,"Kunai":14,"Pear":88,"Blue Candle":58,"Eternal Feather":169,"Pen Nib":46,"Akabeko":117,"Runic Dome":85,"hermit:PetGhost":57,"MutagenicStrength":147,"Pandora\u0027s Box":78,"StrikeDummy":235,"Unceasing Top":16,"Regal Pillow":31,"Lantern":195,"Singing Bowl":38,"StoneCalendar":161,"Bag of Preparation":103,"Smiling Mask":59,"Ancient Tea Set":131,"Matryoshka":52,"WingedGreaves":59,"InkBottle":50,"Potion Belt":22,"Lee\u0027s Waffle":256,"Golden Idol":34,"Thread and Needle":42,"PreservedInsect":59,"Omamori":203,"Frozen Egg 2":21,"MawBank":116,"Busted Crown":41,"Ornamental Fan":9,"Art of War":81,"Bottled Lightning":43,"Toy Ornithopter":101,"Ice Cream":74,"Calipers":88,"Tiny House":121,"Gremlin Horn":221,"Nilry\u0027s Codex":83,"CeramicFish":42,"Vajra":42,"Sozu":144,"hermit:RyeStalk":32,"Centennial Puzzle":45,"HornCleat":8,"DollysMirror":147,"Strawberry":30,"Prayer Wheel":73,"Philosopher\u0027s Stone":128,"Vampire_Amulet":0,"Toxic Egg 2":66,"Happy Flower":0,"Astrolabe":62,"Dead Branch":177,"Oddly Smooth Stone":206,"War Paint":60,"Question Card":69,"Du-Vu Doll":156,"Bottled Flame":243,"Shuriken":25,"Bronze Scales":126,"Molten Egg 2":178,"Black Star":18,"hermit:Momento":0,"Meat on the Bone":16,"Pocketwatch":257,"Darkstone Periapt":54,"Mango":67,"Juzu Bracelet":5,"Incense Burner":133,"Empty Cage":165,"Nunchaku":13,"Dream Catcher":120,"TheAbacus":130,"Mummified Hand":6,"Pantograph":96,"Gambling Chip":179,"Tiny Chest":136,"Red Mask":37,"Orichalcum":19,"White Beast Statue":70,"Mercury Hourglass":52,"Peace Pipe":152,"Anchor":21,"CaptainsWheel":162,"hermit:CharredGlove":66,"Bag of Marbles":46,"Membership Card":42,"TungstenRod":65,"FossilizedHelix":66},{"Whetstone":306,"Ginger":1137,"Bottled Tornado":373,"Sling":185,"Boot":400,"Blood Vial":171,"Sundial":981,"MealTicket":671,"Fusion Hammer":753,"Kunai":56,"Pear":335,"Blue Candle":226,"Eternal Feather":737,"Pen Nib":185,"Akabeko":479,"Runic Dome":324,"hermit:PetGhost":225,"MutagenicStrength":621,"Pandora\u0027s Box":296,"StrikeDummy":1064,"Unceasing Top":66,"Regal Pillow":129,"Lantern":863,"Singing Bowl":152,"StoneCalendar":698,"Bag of Preparation":407,"Smiling Mask":229,"Ancient Tea Set":545,"Matryoshka":209,"WingedGreaves":229,"InkBottle":198,"Potion Belt":99,"Lee\u0027s Waffle":1167,"Golden Idol":138,"Thread and Needle":167,"PreservedInsect":229,"Omamori":902,"Frozen Egg 2":94,"MawBank":476,"Busted Crown":164,"Ornamental Fan":30,"Art of War":306,"Bottled Lightning":171,"Toy Ornithopter":395,"Ice Cream":279,"Calipers":335,"Tiny House":495,"Gremlin Horn":985,"Nilry\u0027s Codex":312,"CeramicFish":167,"Vajra":167,"Sozu":609,"hermit:RyeStalk":132,"Centennial Puzzle":178,"HornCleat":26,"DollysMirror":621,"Strawberry":124,"Prayer Wheel":277,"Philosopher\u0027s Stone":532,"Vampire_Amulet":0,"Toxic Egg 2":253,"Happy Flower":0,"Astrolabe":241,"Dead Branch":781,"Oddly Smooth Stone":914,"War Paint":232,"Question Card":263,"Du-Vu Doll":671,"Bottled Flame":1107,"Shuriken":113,"Bronze Scales":519,"Molten Egg 2":787,"Black Star":78,"hermit:Momento":0,"Meat on the Bone":66,"Pocketwatch":1171,"Darkstone Periapt":215,"Mango":256,"Juzu Bracelet":15,"Incense Burner":556,"Empty Cage":717,"Nunchaku":52,"Dream Catcher":486,"TheAbacus":540,"Mummified Hand":18,"Pantograph":369,"Gambling Chip":794,"Tiny Chest":577,"Red Mask":149,"Orichalcum":81,"White Beast Statue":269,"Mercury Hourglass":209,"Peace Pipe":648,"Anchor":94,"CaptainsWheel":703,"hermit:CharredGlove":253,"Bag of Marbles":185,"Membership Card":167,"TungstenRod":249,"FossilizedHelix":253}],"Toy Ornithopter":61,"TungstenRod":10,"Pocketwatch":[27]},"card_choices":[{"not_picked":["Scare","Necromantic_Selection"],"picked":"Negative_Energy_Sphere","floor":1.0},{"not_picked":["Bone_Prison","Bone_Bullets"],"picked":"Necrotic_Claws","floor":5.0},{"not_picked":["Bone_Shift","Blood_Shield","Hellfire"],"picked":"SKIP","floor":6.0},{"not_picked":["Bone_Prison","Bone_Armory+1","Negative_Energy_Mist"],"picked":"SKIP","floor":8.0},{"not_picked":["Necromantic_Selection","Toxic_Smoke_Screen","Negative_Energy_Javelin"],"picked":"SKIP","floor":10.0},{"not_picked":["Blood_Whip","Bone_Prison","Consume_Illness"],"picked":"SKIP","floor":11.0},{"not_picked":["Negative_Energy_Mist","Shackles_Of_Pain","Bones_to_Steel"],"picked":"SKIP","floor":13.0},{"not_picked":["Bone_Armor","Death_March_Dance","Bone_Armory+1"],"picked":"SKIP","floor":14.0},{"not_picked":["Negative_Energy_Sphere","Bone_Armor","Death_Coil+1"],"picked":"SKIP","floor":18.0},{"not_picked":["Death_Coil","Vampiric_Strike"],"picked":"Summon_Lich+1","floor":27.0},{"not_picked":["Finger_Of_Death+1","Negative_Energy_Sphere"],"picked":"Life_Drain","floor":28.0},{"not_picked":["Necrotic_Claws","Exploit","Negative_Energy_Javelin+1"],"picked":"Singing Bowl","floor":30.0},{"not_picked":["Requiem","Skeleton_Dragon+1","Blood_Magic+1"],"picked":"Singing Bowl","floor":33},{"not_picked":["Finger_Of_Death"],"picked":"Singing Bowl","floor":35},{"not_picked":["Shackles_Of_Pain"],"picked":"Singing Bowl","floor":37},{"not_picked":["Bone_Armor"],"picked":"Singing Bowl","floor":41},{"not_picked":["Death_Coil"],"picked":"Singing Bowl","floor":44},{"not_picked":["Stop_Heart"],"picked":"Singing Bowl","floor":45},{"not_picked":["Toxic_Smoke_Screen"],"picked":"Singing Bowl","floor":47},{"not_picked":["Negative_Energy_Bomb"],"picked":"Singing Bowl","floor":48}],"player_experience":1684625,"relics_obtained":[{"floor":6.0,"key":"Toy Ornithopter"},{"floor":9.0,"key":"Bottled Flame"},{"floor":10.0,"key":"Peace Pipe"},{"floor":13.0,"key":"Pantograph"},{"floor":19.0,"key":"Singing Bowl"},{"floor":24.0,"key":"Akabeko"},{"floor":26.0,"key":"Bag of Preparation"},{"floor":27.0,"key":"Du-Vu Doll"},{"floor":39,"key":"Omamori"},{"floor":41,"key":"Smiling Mask"},{"floor":43,"key":"StrikeDummy"},{"floor":44,"key":"Pocketwatch"},{"floor":45,"key":"White Beast Statue"},{"floor":47,"key":"TungstenRod"}],"event_choices":[{"damage_healed":25.0,"max_hp_gain":0.0,"max_hp_loss":0.0,"gold_gain":0.0,"event_name":"Big Fish","player_choice":"Banana","floor":2.0,"gold_loss":0.0,"damage_taken":0.0},{"damage_healed":0.0,"max_hp_gain":0.0,"max_hp_loss":0.0,"gold_gain":175.0,"event_name":"Liars Game","player_choice":"AGREE","floor":3.0,"gold_loss":0.0,"damage_taken":0.0,"cards_obtained":["Doubt"]},{"cards_removed":["Doubt"],"damage_healed":0.0,"max_hp_gain":0.0,"max_hp_loss":0.0,"gold_gain":0.0,"event_name":"The Cleric","player_choice":"Card Removal","floor":4.0,"gold_loss":50.0,"damage_taken":0.0},{"damage_healed":0.0,"max_hp_gain":0.0,"max_hp_loss":0.0,"gold_gain":0.0,"event_name":"Vampires","player_choice":"Ignored","floor":20.0,"gold_loss":0.0,"damage_taken":0.0},{"damage_healed":0.0,"max_hp_gain":0.0,"max_hp_loss":0.0,"gold_gain":0.0,"event_name":"The Mausoleum","player_choice":"Opened","floor":21.0,"gold_loss":0.0,"damage_taken":0.0,"relics_obtained":["Ginger"],"cards_obtained":["Writhe"]},{"damage_healed":0.0,"max_hp_gain":0.0,"max_hp_loss":0.0,"gold_gain":0.0,"event_name":"Ghosts","player_choice":"Ignored","floor":31.0,"gold_loss":0.0,"damage_taken":0.0},{"cards_removed":["Defend_W"],"damage_healed":0,"gold_gain":0,"player_choice":"Purged","damage_taken":0,"max_hp_gain":0,"max_hp_loss":0,"event_name":"Purifier","floor":38,"gold_loss":0},{"damage_healed":0,"gold_gain":0,"player_choice":"Fight","damage_taken":0,"max_hp_gain":0,"max_hp_loss":0,"event_name":"Mysterious Sphere","floor":44,"gold_loss":0},{"damage_healed":0,"gold_gain":0,"player_choice":"Fight","damage_taken":0,"max_hp_gain":0,"max_hp_loss":0,"event_name":"MindBloom","floor":47,"gold_loss":0}],"is_beta":false,"boss_relics":[{"not_picked":["SacredBark","Runic Pyramid"],"picked":"Astrolabe"},{"not_picked":["Velvet Choker","Sozu"],"picked":"Busted Crown"}],"items_purged_floors":[12,36],"is_endless":false,"potions_floor_spawned":[6,13,14,28,41,44,47,48],"ascension_level":12}}