{"host":"fevvm7bbzuh4s1jc","time":1610482779,"event":{"mods":["BaseMod","Highlight Path","Minty Spire (QoL Compilation)","Relic Stats"],"gold_per_floor":[116,81,81,99,114,146,146,162,210,243,262,262,291,20,20,98,98,109,4,38,38,49,49,49],"floor_reached":23,"language":"ENG","playtime":1258,"items_purged":[],"score":418,"play_id":"70832e3e-8576-455f-8f5e-07c68f29e5a1","local_time":"20210112151939","is_ascension_mode":true,"campfire_choices":[{"floor":7.0,"key":"REST"},{"data":"Sunder","floor":12.0,"key":"SMITH"},{"data":"Consume","floor":15.0,"key":"SMITH"}],"circlet_count":0,"master_deck":["AscendersBane","Strike_B","Strike_B","Strike_B","Strike_B","Defend_B+1","Defend_B","Defend_B+1","Defend_B","Zap","Dualcast","Hello World","Coolheaded","Rip and Tear","Consume+1","Sunder+1","Compile Driver","Compile Driver","Echo Form+1","Coolheaded","Capacitor+1","Compile Driver","Hologram+1","Chill"],"relics":["Cracked Core","Symbiotic Virus","DataDisk","Nunchaku","Akabeko","Frozen Egg 2","Fusion Hammer","Red Mask"],"acts_visited":["Exordium","TheCity"],"potions_floor_usage":[],"damage_taken":[{"damage":7.0,"enemies":"Jaw Worm","floor":1.0,"turns":3.0},{"damage":9.0,"enemies":"2 Louse","floor":4.0,"turns":3.0},{"damage":0.0,"enemies":"Cultist","floor":5.0,"turns":4.0},{"damage":19.0,"enemies":"3 Sentries","floor":6.0,"turns":7.0},{"damage":0.0,"enemies":"2 Fungi Beasts","floor":8.0,"turns":3.0},{"damage":2.0,"enemies":"Lagavulin","floor":10.0,"turns":5.0},{"damage":10.0,"enemies":"Blue Slaver","floor":11.0,"turns":3.0},{"damage":8.0,"enemies":"Gremlin Nob","floor":13.0,"turns":3.0},{"damage":8.0,"enemies":"The Guardian","floor":16.0,"turns":11.0},{"damage":13.0,"enemies":"2 Thieves","floor":18.0,"turns":4.0},{"damage":36.0,"enemies":"Masked Bandits","floor":20.0,"turns":3.0},{"damage":0.0,"enemies":"Chosen","floor":22.0,"turns":3.0},{"damage":33,"enemies":"Gremlin Leader","floor":23,"turns":5}],"seed_played":"4218684487681337919","potions_obtained":[{"floor":5.0,"key":"Fruit Juice"},{"floor":8.0,"key":"Strength Potion"},{"floor":10.0,"key":"AttackPotion"},{"floor":13.0,"key":"EssenceOfSteel"},{"floor":22.0,"key":"PotionOfCapacity"}],"is_trial":false,"path_per_floor":["M","?","?","M","M","E","R","M","T","E","M","R","E","$","R","B",null,"M","$","?","?","M","E"],"character_chosen":"DEFECT","items_purchased":["Frozen Egg 2","Capacitor+1","Compile Driver"],"campfire_rested":1,"item_purchase_floors":[14,19,19],"current_hp_per_floor":[64,78,55,46,46,27,56,56,56,54,44,44,36,36,36,28,69,56,56,20,20,20,0,0],"gold":49,"neow_bonus":"TEN_PERCENT_HP_BONUS","is_daily":false,"chose_seed":false,"campfire_upgraded":2,"win_rate":0.0,"timestamp":1610482779,"path_taken":["M","?","?","M","M","E","R","M","T","E","M","R","E","$","R","BOSS","M","$","?","?","M","E"],"items_purchased_type":["Relic","Card","Card"],"build_version":"2020-12-22","purchased_purges":0,"victory":false,"max_hp_per_floor":[78,78,78,78,78,78,83,83,83,83,83,83,83,83,83,83,83,83,83,83,83,83,83,83],"relic_stats":{"Nunchaku":[6],"counters":[13,57],"obtain_stats":[{"DataDisk":9,"Nunchaku":10,"Fusion Hammer":17,"Red Mask":20,"Frozen Egg 2":14,"Cracked Core":0,"Symbiotic Virus":6,"Akabeko":13},{"DataDisk":5,"Nunchaku":6,"Fusion Hammer":9,"Red Mask":11,"Frozen Egg 2":8,"Cracked Core":0,"Symbiotic Virus":4,"Akabeko":8},{"DataDisk":20,"Nunchaku":25,"Fusion Hammer":42,"Red Mask":49,"Frozen Egg 2":31,"Cracked Core":0,"Symbiotic Virus":17,"Akabeko":31}]},"card_choices":[{"not_picked":["Go for the Eyes","Aggregate"],"picked":"Hello World","floor":1.0},{"not_picked":["White Noise","Conserve Battery"],"picked":"Coolheaded","floor":4.0},{"not_picked":["Auto Shields","Gash"],"picked":"Rip and Tear","floor":5.0},{"not_picked":["Leap","Stack","Heatsinks"],"picked":"SKIP","floor":6.0},{"not_picked":["Coolheaded","Gash"],"picked":"Consume","floor":8.0},{"not_picked":["Melter","Turbo"],"picked":"Sunder","floor":10.0},{"not_picked":["Turbo","Static Discharge"],"picked":"Compile Driver","floor":11.0},{"not_picked":["Beam Cell","Static Discharge"],"picked":"Compile Driver","floor":13.0},{"not_picked":["Hyperbeam","Reboot"],"picked":"Echo Form+1","floor":16.0},{"not_picked":["BootSequence","Gash"],"picked":"Coolheaded","floor":18.0},{"not_picked":["Cold Snap","Steam"],"picked":"Hologram","floor":20.0},{"not_picked":["Conserve Battery","Go for the Eyes"],"picked":"Chill","floor":22.0}],"player_experience":2694894,"relics_obtained":[{"floor":6.0,"key":"Symbiotic Virus"},{"floor":9.0,"key":"DataDisk"},{"floor":10.0,"key":"Nunchaku"},{"floor":13.0,"key":"Akabeko"},{"floor":20.0,"key":"Red Mask"}],"event_choices":[{"damage_healed":19.0,"max_hp_gain":0.0,"max_hp_loss":0.0,"gold_gain":0.0,"event_name":"The Cleric","player_choice":"Healed","floor":2.0,"gold_loss":35.0,"damage_taken":0.0},{"damage_healed":0.0,"max_hp_gain":0.0,"max_hp_loss":0.0,"gold_gain":0.0,"event_name":"Shining Light","player_choice":"Entered Light","floor":3.0,"gold_loss":0.0,"damage_taken":23.0,"cards_upgraded":["Defend_B","Defend_B"]},{"damage_healed":0.0,"max_hp_gain":0.0,"max_hp_loss":0.0,"gold_gain":0.0,"event_name":"Masked Bandits","player_choice":"Fought Bandits","floor":20.0,"gold_loss":0.0,"damage_taken":0.0},{"damage_healed":0.0,"max_hp_gain":0.0,"max_hp_loss":0.0,"gold_gain":0.0,"event_name":"Accursed Blacksmith","player_choice":"Forge","floor":21.0,"gold_loss":0.0,"damage_taken":0.0,"cards_upgraded":["Hologram"]}],"is_beta":false,"boss_relics":[{"not_picked":["Ectoplasm","Inserter"],"picked":"Fusion Hammer"}],"items_purged_floors":[],"is_endless":false,"potions_floor_spawned":[5,8,10,13,22],"killed_by":"Gremlin Leader","ascension_level":20}}