{"host":"dwyzfvnzfcqffr30","time":1610466620,"event":{"mods":["2.2 Compatiblity","Act Like it!","BaseMod","Beaked The Cultist","Better Altar","Better Match","Better Note","Better Sensory Stone","Better Skull","Better Third Choice","Clockwork Mod","Colored Map","Colored Powertips","Conspire","Downfall","Elementarium","GifTheSpireLib","Halation","Hermit","Hubris","Infinite Spire","Ironclad Rager","Jedi Mod","Menagerie","Mimic Mod","Minty Spire (QoL Compilation)","Permanent Neow","Random Character Button","Replay The Spire","Spicy Shops","Spikes Relics","StSLib","Stuff the Spire","The Construct","The Disciple","The Druid","The Marked","TheFirefly","Trackpad","vexMod"],"gold_per_floor":[111,55,63,69,69,69,86,86,86,86,99,113,131,141,141,193,193,206,228,246,93,105,133,133,133,156,156,167,167,187,199,199,255,255,276,276,292,292,292,314,332,332,332,355,360,10,10,25,25,37,37,37,37,61,66,66],"floor_reached":55,"playtime":4571,"items_purged":["hermit:Defend_Hermit+1","hermit:Strike_Hermit+1","hermit:Strike_Hermit+1"],"score":1107,"play_id":"62164c5f-ded7-4354-bdba-80b06c8c61ac","local_time":"20210112075020","is_ascension_mode":true,"campfire_choices":[{"floor":6,"key":"RECALL"},{"data":"hermit:Scavenge+1","floor":10,"key":"SMITH"},{"floor":15,"key":"REST"},{"floor":27,"key":"REST"},{"data":"hermit:BigShot+1","floor":29,"key":"SMITH"},{"floor":32,"key":"REST"},{"floor":42,"key":"REST"},{"data":"hermit:Snipe+1","floor":49,"key":"SMITH"},{"data":"hermit:Snipe+2","floor":52,"key":"SMITH"}],"circlet_count":0,"master_deck":["hermit:Strike_Hermit+1","hermit:Strike_Hermit+1","hermit:Defend_Hermit+1","hermit:Defend_Hermit+1","hermit:Defend_Hermit+1","hermit:Snapshot+1","hermit:Covet+1","Apotheosis+1","MasterReality+1","hermit:Determination+1","hermit:Glare+1","hermit:Scavenge+2","hermit:Feint+1","hermit:Maintenance+1","hermit:Deadeye+1","hermit:BigShot+2","hermit:GhostlyPresence+1","hermit:Headshot+1","hermit:Scavenge+1","hermit:Scavenge+1","hermit:BigShot+1","hermit:Desperado+1","hermit:Ricochet+1","hermit:ItchyTrigger+1","hermit:Snipe+3","hermit:Maintenance+1","hermit:Gestalt+1","hermit:Coalescence+1","hermit:FlashPowder+1","Madness+1","Madness+1","hermit:Enervate+1","hermit:NoHoldsBarred+1","hermit:HoleUp+1"],"relics":["hermit:Momento","Lizard Tail","Toxic Egg 2","Molten Egg 2","Frozen Egg 2","Quantum Egg","conspire:InfiniteJournal","Bottled Tornado","Menagerie:Aurumvore","PreservedInsect","Prayer Wheel","jedi:archwizardhat","hubris:Backtick","jedi:heavyjacket","Elementarium:GoldenMirage","halation:Convergence","Meat on the Bone","Oddly Smooth Stone","Omamori","Elementarium:ElementariumTrophy","halation:Prosthetics","vexMod:BarristanHead","hubris:Towel","MealTicket","conspire:Dentures","Ice Cream","halation:LettersToHer","Strawberry"],"acts_visited":["Menagerie:Menagerie","Elementarium:Elementarium","TheBeyond","TheEnding"],"potions_floor_usage":[13,14,16,18,28,30,33,33,33,33,41,45,48,50,50],"damage_taken":[{"damage":0,"enemies":"Menagerie:MonstrousExperiment","floor":1,"turns":3},{"damage":0,"enemies":"Menagerie:2_RABBITS","floor":3,"turns":2},{"damage":0,"enemies":"Menagerie:WhisperingWraith","floor":4,"turns":3},{"damage":0,"enemies":"Menagerie:Hydra","floor":7,"turns":4},{"damage":0,"enemies":"Menagerie:RedMage","floor":11,"turns":4},{"damage":3,"enemies":"Menagerie:MENAGERIE_WILDLIFE","floor":12,"turns":4},{"damage":24,"enemies":"Menagerie:MaskedSummoner","floor":13,"turns":6},{"damage":1,"enemies":"Menagerie:DREAD_MOTH_AND_GRAFTED_WORMS","floor":14,"turns":3},{"damage":0,"enemies":"Menagerie:Chimera","floor":16,"turns":6},{"damage":0,"enemies":"Elementarium:2_ELEMENTALS","floor":18,"turns":6},{"damage":18,"enemies":"Elementarium:GOLDEN_STATUES","floor":19,"turns":6},{"damage":1,"enemies":"Elementarium:Cyclone","floor":20,"turns":4},{"damage":10,"enemies":"Elementarium:VoidBeast","floor":22,"turns":3},{"damage":3,"enemies":"Elementarium:FIRE_NOBILITY","floor":23,"turns":5},{"damage":3,"enemies":"Elementarium:CYCLONE_AND_LIVING_STORMCLOUD","floor":28,"turns":5},{"damage":27,"enemies":"Elementarium:ElementalPortal","floor":30,"turns":6},{"damage":6,"enemies":"Elementarium:STONE_GOLEMS","floor":31,"turns":5},{"damage":7,"enemies":"Elementarium:GolemEmperor","floor":33,"turns":9},{"damage":2,"enemies":"3 Darklings","floor":35,"turns":5},{"damage":0,"enemies":"Orb Walker","floor":37,"turns":3},{"damage":11,"enemies":"Nemesis","floor":40,"turns":9},{"damage":9,"enemies":"Jaw Worm Horde","floor":41,"turns":7},{"damage":27,"enemies":"Reptomancer","floor":44,"turns":6},{"damage":0,"enemies":"3 Darklings","floor":45,"turns":3},{"damage":1,"enemies":"Transient","floor":48,"turns":5},{"damage":26,"enemies":"Awakened One","floor":50,"turns":9},{"damage":40,"enemies":"Shield and Spear","floor":54,"turns":8},{"damage":40,"enemies":"The Heart","floor":55,"turns":6}],"seed_played":"-8386377326094514922","potions_obtained":[{"floor":1,"key":"Weak Potion"},{"floor":12,"key":"FearPotion"},{"floor":13,"key":"Explosive Potion"},{"floor":16,"key":"SteroidPotion"},{"floor":19,"key":"Energy Potion"},{"floor":23,"key":"Adrenaline Potion"},{"floor":31,"key":"EntropicBrew"},{"floor":37,"key":"jedi:StrikingPotion"},{"floor":41,"key":"Milkshake"},{"floor":45,"key":"jedi:tentaclejuice"}],"is_trial":false,"path_per_floor":["M","?","M","M","$","R","E","?","T","R","M","M","E","M","R","B",null,"M","?","M","$","M","E","?","?","T","R","M","R","E","M","R","B",null,"M","AVR","M","?","?","E","M","R","T","E","M","$","?","M","R","B",null,"R","$","E","B"],"character_chosen":"HERMIT","items_purchased":["halation:Convergence","halation:LettersToHer","PowerPotion"],"campfire_rested":4,"item_purchase_floors":[21,46,46],"current_hp_per_floor":[68,68,68,68,68,68,68,68,68,68,68,65,41,40,62,62,72,72,54,53,53,43,40,40,58,58,75,72,72,45,39,61,54,40,38,38,38,33,33,22,25,37,37,22,22,37,37,36,36,22,36,36,40,39,0,0],"gold":66,"neow_bonus":"ONE_RARE_RELIC","is_daily":false,"chose_seed":false,"campfire_upgraded":4,"win_rate":0.0,"timestamp":1610466620,"path_taken":["M","?","M","?","$","R","E","?","T","R","M","M","E","M","R","BOSS","M","?","M","$","M","E","?","?","T","R","M","R","E","M","R","BOSS","M","AVR","M","?","?","E","?","R","T","E","M","$","?","M","R","BOSS","R","$","E","BOSS"],"items_purchased_type":["Relic","Relic","Potion"],"build_version":"2020-12-22","purchased_purges":3,"victory":false,"max_hp_per_floor":[75,75,75,75,75,75,75,75,75,75,75,75,75,75,75,75,75,75,75,75,75,75,75,75,75,75,75,75,75,75,75,75,75,40,40,40,40,40,40,40,40,40,40,40,40,40,40,40,40,40,40,40,40,47,47,47],"card_choices":[{"not_picked":["hermit:TakeAim+1","hermit:Coalescence+1"],"picked":"hermit:Determination+1","floor":1},{"not_picked":["hermit:EyeOfTheStorm+1","hermit:Misfire+1"],"picked":"hermit:Glare+1","floor":3},{"not_picked":["hermit:BigShot+1","hermit:Roulette+1"],"picked":"hermit:Scavenge+1","floor":4},{"not_picked":["hermit:Determination+1","hermit:Headshot+1"],"picked":"hermit:Feint+1","floor":7},{"not_picked":["hermit:Adapt+1","hermit:Ricochet+1"],"picked":"hermit:Vantage+1","floor":11},{"not_picked":["hermit:EyeOfTheStorm+1","hermit:Roulette+1"],"picked":"hermit:Maintenance+1","floor":11},{"not_picked":["hermit:CalledShot+1","hermit:Headshot+1"],"picked":"hermit:Deadeye+1","floor":12},{"not_picked":["hermit:HighCaliber+1","hermit:Malice+1","hermit:Headshot+1"],"picked":"SKIP","floor":12},{"not_picked":["hermit:FromBeyond+1","hermit:SprayPray+1"],"picked":"hermit:BigShot+1","floor":13},{"not_picked":["hermit:LoneWolf+1","hermit:HighCaliber+1"],"picked":"hermit:GhostlyPresence+1","floor":14},{"not_picked":["hermit:Deadeye+1","hermit:Misfire+1"],"picked":"hermit:Headshot+1","floor":14},{"not_picked":["hermit:HighNoon+1","hermit:FatalDesire+1"],"picked":"hermit:BlackWind+1","floor":16},{"not_picked":["hermit:HighCaliber+1","hermit:Vantage+1"],"picked":"hermit:Scavenge+1","floor":18},{"not_picked":["hermit:Misfire+1","hermit:Virtue+1"],"picked":"hermit:Scavenge+1","floor":18},{"not_picked":["hermit:Scavenge+1","hermit:CursedWeapon+1"],"picked":"hermit:BigShot+1","floor":19},{"not_picked":["hermit:WideOpen+1","hermit:GoldenBullet+1"],"picked":"hermit:Desperado+1","floor":20},{"not_picked":["hermit:Headshot+1","hermit:Misfire+1"],"picked":"hermit:Ricochet+1","floor":20},{"not_picked":["hermit:Glare+1","hermit:Brawl+1"],"picked":"hermit:ItchyTrigger+1","floor":22},{"not_picked":["hermit:CalledShot+1","hermit:LuckOfTheDraw+1","hermit:GhostlyPresence+1"],"picked":"SKIP","floor":22},{"not_picked":["hermit:PistolWhip+1","hermit:TrackingShot+1"],"picked":"hermit:Snipe+1","floor":23},{"not_picked":["hermit:CursedWeapon+1","hermit:HighCaliber+1"],"picked":"hermit:Maintenance+1","floor":28},{"not_picked":["hermit:Desperado+1","hermit:PistolWhip+1","hermit:ShadowCloak+1"],"picked":"SKIP","floor":28},{"not_picked":["hermit:Snipe+1","hermit:TakeAim+1","hermit:Shortfuse+1"],"picked":"SKIP","floor":30},{"not_picked":["hermit:ItchyTrigger+1","hermit:DeadMansHand+1"],"picked":"hermit:Gestalt+1","floor":31},{"not_picked":["hermit:FinalCanter+1","hermit:TrackingShot+1"],"picked":"hermit:Coalescence+1","floor":31},{"not_picked":["hermit:Ricochet+1","hermit:Glare+1"],"picked":"hermit:FlashPowder+1","floor":35},{"not_picked":["hermit:WideOpen+1","hermit:Manifest+1","hermit:Quickdraw+1"],"picked":"SKIP","floor":35},{"not_picked":["hermit:Coalescence+1","hermit:BodyArmor+1","hermit:WideOpen+1"],"picked":"SKIP","floor":37},{"not_picked":["hermit:Vantage+1","hermit:Ricochet+1","hermit:OverwhelmingPower+1"],"picked":"SKIP","floor":37},{"not_picked":["hermit:FullyLoaded+1","hermit:DeadMansHand+1"],"picked":"hermit:Enervate+1","floor":40},{"not_picked":["hermit:Grudge+1","hermit:Desperado+1"],"picked":"hermit:NoHoldsBarred+1","floor":41},{"not_picked":["hermit:ItchyTrigger+1","hermit:Gestalt+1","hermit:Dive+1"],"picked":"SKIP","floor":41},{"not_picked":["hermit:WideOpen+1","hermit:FromBeyond+1","hermit:LowProfile+1"],"picked":"SKIP","floor":44},{"not_picked":["hermit:Roulette+1","hermit:LowProfile+1"],"picked":"hermit:HoleUp+1","floor":45},{"not_picked":["hermit:ShadowCloak+1","hermit:DeadMansHand+1","hermit:BodyArmor+1"],"picked":"SKIP","floor":45},{"not_picked":["hermit:OverwhelmingPower+1","hermit:GoldenBullet+1","hermit:CalledShot+1"],"picked":"SKIP","floor":48},{"not_picked":["hermit:Quickdraw+1","hermit:CursedWeapon+1","hermit:LoneWolf+1"],"picked":"SKIP","floor":48},{"not_picked":["hermit:Desperado+1","hermit:Maintenance+1","hermit:Roughhouse+1"],"picked":"SKIP","floor":54}],"player_experience":2759784,"relics_obtained":[{"floor":7,"key":"PreservedInsect"},{"floor":9,"key":"Prayer Wheel"},{"floor":13,"key":"jedi:archwizardhat"},{"floor":19,"key":"Elementarium:GoldenMirage"},{"floor":23,"key":"Meat on the Bone"},{"floor":30,"key":"Omamori"},{"floor":40,"key":"MealTicket"},{"floor":43,"key":"conspire:Dentures"},{"floor":44,"key":"Ice Cream"},{"floor":54,"key":"Strawberry"}],"event_choices":[{"damage_healed":0,"gold_gain":0,"player_choice":"Simplicity","damage_taken":0,"max_hp_gain":0,"max_hp_loss":8,"event_name":"betterThird:BetterWriting","floor":0,"gold_loss":0},{"damage_healed":0,"gold_gain":0,"player_choice":"Pacify","damage_taken":0,"relics_obtained":["Menagerie:Aurumvore"],"max_hp_gain":0,"max_hp_loss":0,"event_name":"Menagerie:ScentOfGold","floor":2,"gold_loss":0},{"cards_removed":["Injury"],"damage_healed":0,"gold_gain":0,"player_choice":"Snake","damage_taken":0,"max_hp_gain":0,"max_hp_loss":0,"event_name":"Menagerie:ThreeAnimals","floor":8,"gold_loss":0},{"damage_healed":0,"gold_gain":0,"player_choice":"Fight","damage_taken":0,"max_hp_gain":0,"max_hp_loss":0,"event_name":"Elementarium:GoldenStatues","floor":19,"gold_loss":0},{"cards_removed":["hermit:BlackWind"],"damage_healed":0,"gold_gain":0,"player_choice":"Knowledge","damage_taken":0,"relics_obtained":["Oddly Smooth Stone"],"max_hp_gain":0,"max_hp_loss":0,"event_name":"Elementarium:ShatteredPortal","floor":24,"gold_loss":0},{"damage_healed":18,"gold_gain":0,"player_choice":"Rest","damage_taken":0,"max_hp_gain":0,"max_hp_loss":0,"event_name":"Elementarium:HeartOfTheVoid","floor":25,"gold_loss":0},{"damage_healed":0,"gold_gain":0,"player_choice":"Embrace Madness","damage_taken":5,"max_hp_gain":0,"max_hp_loss":0,"event_name":"Winding Halls","floor":38,"gold_loss":0,"cards_obtained":["Madness","Madness"]}],"is_beta":false,"boss_relics":[{"not_picked":["Honey Jar","jedi:hotpepper"],"picked":"hubris:Backtick"},{"not_picked":["hubris:VirtuousBlindfold","vexMod:TanglingVine"],"picked":"halation:Prosthetics"}],"items_purged_floors":[21,36,46],"is_endless":false,"potions_floor_spawned":[1,11,12,13,16,19,23,30,31,37,41,45],"killed_by":"The Heart","ascension_level":6}}