{"host":"appz8zkad29u9482","time":1610435759,"event":{"mods":["2.2 Compatiblity","Act Like it!","Aspiration","BaseMod","Beaked The Cultist","Better Altar","Better Match","Better Note","Better Skull","Better Third Choice","BetterRewards","CapriCore","Conspire","Disable Question Mark Monsters","Energized Spire","Gensokyo","GifTheSpireLib","Gold Saver","Halation","Hermit","Hubris","Infinite Spire","Jedi Mod","Marisa????????","Minty Spire (QoL Compilation)","Permanent Neow","Reimu??????","Replay The Spire","Somnambulant","Spicy Shops","StSLib","Strawberry Spire","Stuff the Spire","The Administrix","The Animator","The Cursed","The Hierophant","The Immortal","yUi"],"gold_per_floor":[111,286,236,268,285,285,318,318,318,351,351,364,374,404,461,562,562,584,366,366,366,383,423,423,445,445,478,478,478,478,498,498,609,609,623,623,639,350,370,385,385,408,462,462,462,462,462,475,475,484,484,484,240,273,278],"floor_reached":56,"playtime":4331,"items_purged":["beaked:Defend_Y"],"score":1003,"play_id":"058e9ef6-f052-4cce-9322-f086abdcb110","local_time":"20210111211559","is_ascension_mode":false,"campfire_choices":[{"data":"beaked:BraceForImpact","floor":6,"key":"SMITH"},{"data":"beaked:AwakenedForm","floor":8,"key":"SMITH"},{"floor":11,"key":"REST"},{"floor":24,"key":"REST"},{"floor":28,"key":"RECALL"},{"floor":30,"key":"REST"},{"data":"StuffTheSpire:PestControl","floor":32,"key":"SMITH"},{"data":"beaked:Insight","floor":44,"key":"SMITH"},{"floor":46,"key":"REST"},{"floor":49,"key":"REST"},{"data":"beaked:BraceForImpact","floor":52,"key":"SMITH"}],"circlet_count":0,"master_deck":["beaked:Strike_Y","beaked:Strike_Y","beaked:Strike_Y","beaked:Strike_Y","beaked:Strike_Y","beaked:Strike_Y","beaked:Defend_Y","beaked:Defend_Y","beaked:Defend_Y","beaked:Ceremony","beaked:Ceremony","beaked:Ceremony","beaked:BraceForImpact+1","beaked:Foresight","ReplayTheSpireMod:RavenHex","beaked:AwakenedForm+1","ReplayTheSpireMod:Prepare the Ceremony","beaked:Hexing","beaked:Recite","beaked:Brace","beaked:ScreechingChant","beaked:Overexert","beaked:VolatileMisfortune","Writhe","somnambulantmod: QuickNap","beaked:SacrificialScars","StuffTheSpire:FreeRealEstate","infinitespire:SevenWalls+1","beaked:BraceForImpact+1","hermit:Maintenance","StuffTheSpire:PestControl+1","beaked:CrazyRituals","beaked:RitualOfBody","beaked:Windmill+1","beaked:MimicWarrior+1","beaked:BraceForImpact","beaked:WildInstinct+1","beaked:LiftOff+1","beaked:Caw","beaked:Daydream+1","beaked:Flinch+1","beaked:Insight+1","beaked:MaddeningMurmurs+1","beaked:WarriorSpirit+1","beaked:CrazyRituals"],"relics":["beaked:MendingPlumage","aspiration:Nostalgia","infinitespire:DarkRift","Dream Catcher","hubris:CuriousFeather","Replay:Wax Seal","InkBottle","Mastiff:ReiMu","Ancient Tea Set","ReplayTheSpireMod:SealedPack","aspiration:Lifesprig","Ginger","Strawberry","SlaversCollar","halation:PinkSoulGem","hubris:MysteriousPyramids","halation:WeightlessCrab","ChewingGum","Bronze Scales","Guide Book","infinitespire:ShieldingShard","Bottled Tornado","RuthlessExorcism:ReiMu"],"acts_visited":["Exordium","TheCity","TheBeyond","TheEnding"],"potions_floor_usage":[13,15,27,29,33,33,37,55,55],"damage_taken":[{"damage":0,"enemies":"2 Louse","floor":1,"turns":3},{"damage":17,"enemies":"conspire:MimicChest","floor":4,"turns":4},{"damage":1,"enemies":"Small Slimes","floor":5,"turns":5},{"damage":23,"enemies":"Lagavulin","floor":7,"turns":9},{"damage":32,"enemies":"3 Sentries","floor":10,"turns":7},{"damage":6,"enemies":"Jaw Worm","floor":12,"turns":5},{"damage":7,"enemies":"3 Louse","floor":13,"turns":3},{"damage":26,"enemies":"Lagavulin","floor":14,"turns":15},{"damage":25,"enemies":"Lagavulin Event","floor":15,"turns":5},{"damage":33,"enemies":"Hexaghost","floor":16,"turns":7},{"damage":31,"enemies":"Spheric Guardian","floor":18,"turns":5},{"damage":6,"enemies":"Chosen","floor":22,"turns":5},{"damage":34,"enemies":"conspire:SneckoGhost","floor":23,"turns":7},{"damage":10,"enemies":"conspire:HollyBat","floor":25,"turns":8},{"damage":43,"enemies":"Gremlin Leader","floor":27,"turns":7},{"damage":10,"enemies":"Masked Bandits","floor":29,"turns":2},{"damage":29,"enemies":"Centurion and Healer","floor":31,"turns":6},{"damage":29,"enemies":"Champ","floor":33,"turns":10},{"damage":19,"enemies":"Orb Walker","floor":35,"turns":4},{"damage":31,"enemies":"3 Darklings","floor":37,"turns":4},{"damage":17,"enemies":"Sphere and 2 Shapes","floor":39,"turns":5},{"damage":22,"enemies":"Jaw Worm Horde","floor":40,"turns":3},{"damage":11,"enemies":"Transient","floor":42,"turns":5},{"damage":14,"enemies":"3 Darklings","floor":48,"turns":2},{"damage":1,"enemies":"Replay:Hell Engine","floor":50,"turns":8},{"damage":65,"enemies":"Shield and Spear","floor":54,"turns":5},{"damage":55,"enemies":"The Heart","floor":55,"turns":8}],"seed_played":"-7149214536382427628","potions_obtained":[{"floor":1,"key":"Milkshake"},{"floor":10,"key":"SmokeBomb"},{"floor":12,"key":"SteroidPotion"},{"floor":14,"key":"PowerPotion"},{"floor":18,"key":"GamblersBrew"},{"floor":22,"key":"Energy Potion"},{"floor":31,"key":"jedi:hoardpotion"},{"floor":33,"key":"Adrenaline Potion"},{"floor":39,"key":"SpeedPotion"},{"floor":40,"key":"beaked:MendingBrew"},{"floor":42,"key":"Fire Potion"}],"is_trial":false,"path_per_floor":["M","?","?","?","M","R","E","R","T","E","R","M","M","E","R","B",null,"M","$","?","?","M","E","R","M","T","E","R","?","R","M","R","B",null,"M","?","M","$","M","M","AVR","M","T","R","$","R","?","M","R","B",null,"R","$","E","B",null],"character_chosen":"BEAKED_THE_CULTIST","items_purchased":["aspiration:Lifesprig","hubris:MysteriousPyramids","beaked:Insight","Guide Book","infinitespire:ShieldingShard","Bottled Tornado"],"campfire_rested":5,"item_purchase_floors":[19,38,38,45,45,53],"current_hp_per_floor":[50,50,50,39,50,50,50,50,50,30,45,50,49,46,41,46,50,33,33,33,13,25,15,31,48,48,30,30,27,47,38,38,56,72,63,63,55,55,46,32,32,46,46,46,20,43,43,37,60,80,80,80,80,40,80],"gold":278,"neow_bonus":"NOSTALGIA","is_daily":false,"chose_seed":false,"campfire_upgraded":5,"win_rate":0.0,"timestamp":1610435759,"path_taken":["M","?","?","?","M","R","E","R","T","E","R","M","M","E","R","BOSS","M","$","?","?","M","E","R","?","T","E","R","?","R","M","R","BOSS","M","?","M","$","M","M","AVR","M","T","R","?","R","?","M","R","BOSS","R","$","E","BOSS"],"items_purchased_type":["Relic","Relic","Card","Relic","Relic","Relic"],"build_version":"2020-12-22","purchased_purges":1,"victory":true,"max_hp_per_floor":[50,50,50,50,50,50,50,50,50,50,50,50,50,50,50,50,50,52,52,52,52,54,56,56,58,58,68,68,68,68,70,70,72,72,72,72,74,74,76,76,76,78,78,78,78,78,78,78,78,80,80,80,80,80,80],"card_choices":[{"not_picked":["beaked:Redirect","beaked:TuckingFeathers"],"picked":"beaked:BraceForImpact","floor":1},{"not_picked":["beaked:Replenish","beaked:StickSmack"],"picked":"beaked:Foresight","floor":4},{"not_picked":["beaked:Insight","beaked:Pecker"],"picked":"ReplayTheSpireMod:RavenHex","floor":5},{"not_picked":["beaked:Foresight","beaked:Windmill"],"picked":"beaked:AwakenedForm","floor":7},{"not_picked":["beaked:Tradeoff","beaked:FeelMyPain"],"picked":"ReplayTheSpireMod:Prepare the Ceremony","floor":10},{"not_picked":["beaked:MimicHuntress","beaked:FeelMyPain"],"picked":"beaked:Hexing","floor":11},{"not_picked":["beaked:StunningBlow","beaked:Poke"],"picked":"beaked:Recite","floor":12},{"not_picked":["beaked:RuinSticks","beaked:TuckingFeathers"],"picked":"beaked:Brace","floor":13},{"not_picked":["beaked:Hexing","beaked:Flinch"],"picked":"beaked:ScreechingChant","floor":14},{"not_picked":["beaked:Evade","beaked:Tweet"],"picked":"beaked:Overexert","floor":15},{"not_picked":["beaked:ScreechingChant","beaked:Sacrifice"],"picked":"beaked:VolatileMisfortune","floor":16},{"not_picked":["AdministrixMod:RedCloak","MasterSpark"],"picked":"somnambulantmod: QuickNap","floor":17},{"not_picked":["beaked:Brainwash","beaked:WildInstinct"],"picked":"beaked:SacrificialScars","floor":17},{"not_picked":["Impatience","jedi:forcepush"],"picked":"StuffTheSpire:FreeRealEstate","floor":17},{"not_picked":["hubris:Rewind","infinitespire:Starlight"],"picked":"infinitespire:SevenWalls","floor":17},{"not_picked":["beaked:BloodForTheGods+1","beaked:Overexert"],"picked":"beaked:BraceForImpact","floor":18},{"not_picked":["beaked:FeelMyPain","beaked:Evade"],"picked":"beaked:CrazyRituals","floor":22},{"not_picked":["beaked:Redirect+1","beaked:TuckingFeathers+1"],"picked":"beaked:RitualOfBody","floor":23},{"not_picked":["beaked:Poke","beaked:Tradeoff"],"picked":"beaked:Windmill+1","floor":24},{"not_picked":["beaked:Redirect","beaked:DarkTribute","beaked:DesperateSwing+1"],"picked":"SKIP","floor":25},{"not_picked":["beaked:RuinSticks+1","beaked:TuckingFeathers"],"picked":"beaked:MimicWarrior+1","floor":27},{"not_picked":["ReplayTheSpireMod:Prepare the Ceremony","beaked:Struggle"],"picked":"beaked:BraceForImpact","floor":30},{"not_picked":["beaked:TuckingFeathers","beaked:Evade+1","beaked:Windmill"],"picked":"SKIP","floor":31},{"not_picked":["beaked:SurvivalInstinct","beaked:WarriorEssence"],"picked":"beaked:Daydream+1","floor":35},{"not_picked":["beaked:DigDeep","ReplayTheSpireMod:RavenHex"],"picked":"beaked:Flinch+1","floor":37},{"not_picked":["beaked:Daydream","beaked:BounceBack+1","beaked:Mantra"],"picked":"SKIP","floor":39},{"not_picked":["beaked:Resilience","beaked:Brace"],"picked":"beaked:MaddeningMurmurs+1","floor":40},{"not_picked":["beaked:Redirect","beaked:Windmill","beaked:Devastation"],"picked":"SKIP","floor":42},{"not_picked":["beaked:LiftOff","beaked:Tweet"],"picked":"beaked:WarriorSpirit+1","floor":46},{"not_picked":["beaked:MimicHuntress","beaked:DesperateSwing+1","beaked:Tradeoff+1"],"picked":"SKIP","floor":48},{"not_picked":["beaked:Molting","beaked:Devastation+1"],"picked":"beaked:CrazyRituals","floor":54}],"player_experience":530267,"relics_obtained":[{"floor":4,"key":"Dream Catcher"},{"floor":7,"key":"hubris:CuriousFeather"},{"floor":9,"key":"Replay:Wax Seal"},{"floor":10,"key":"InkBottle"},{"floor":14,"key":"Mastiff:ReiMu"},{"floor":15,"key":"Ancient Tea Set"},{"floor":23,"key":"Ginger"},{"floor":27,"key":"Strawberry"},{"floor":43,"key":"Bronze Scales"},{"floor":54,"key":"RuthlessExorcism:ReiMu"}],"event_choices":[{"damage_healed":0,"gold_gain":175,"player_choice":"AGREE","damage_taken":111,"max_hp_gain":0,"max_hp_loss":0,"event_name":"betterThird:BetterSerpent","floor":2,"gold_loss":0},{"cards_removed":["Doubt"],"damage_healed":0,"gold_gain":0,"player_choice":"Card Removal","damage_taken":0,"max_hp_gain":0,"max_hp_loss":0,"event_name":"The Cleric","floor":3,"gold_loss":50},{"damage_healed":0,"gold_gain":0,"player_choice":"Searched \u00271\u0027 times","damage_taken":0,"max_hp_gain":0,"max_hp_loss":0,"event_name":"Dead Adventurer","floor":15,"gold_loss":0},{"cards_removed":["beaked:AwakenedForm"],"damage_healed":0,"gold_gain":0,"player_choice":"Take \u0026 Give","damage_taken":0,"max_hp_gain":0,"max_hp_loss":0,"event_name":"betterNote:BetterNote","floor":20,"gold_loss":0,"cards_obtained":["hermit:Maintenance"]},{"damage_healed":0,"gold_gain":0,"player_choice":"Fought Bandits","damage_taken":0,"max_hp_gain":0,"max_hp_loss":0,"event_name":"Masked Bandits","floor":29,"gold_loss":0}],"is_beta":false,"boss_relics":[{"not_picked":["Replay:Bronze Core","Replay:Drink Me"],"picked":"ReplayTheSpireMod:SealedPack"},{"not_picked":["hubris:Stopwatch","hubris:VirtuousBlindfold"],"picked":"SlaversCollar"}],"items_purged_floors":[19],"is_endless":false,"potions_floor_spawned":[1,10,12,14,18,22,31,33,39,40,42],"ascension_level":0}}