{"host":"guwca93h2ke9l2g3","time":1610439857,"event":{"mods":["2.2 Compatiblity","BaseMod","Better Skull","Colored Powertips","Downfall","GungeonMod","Hermit","HololiveMod","Jorbs\u0027s Wanderer Trilogy","Lobotomy","Marked Mod","Minty Spire (QoL Compilation)","MostiFishMod","Potionbrewer","Prisma Mod","Quick Restart","Relic Stats","Replay The Spire","Spicy Shops","StSLib","The Animator","The Bug Knight","The Cursed","The Runesmith","The Servant 0.9.4","TheVacant","Waifu the Spire","WarShipGirlsR/????R mod"],"gold_per_floor":[419,399,413,413,426,457,471,505,528,552,571,584,584,627,627,747,747,771,84,108,121,141,180,194,9,9,50,50,88,88,128,128,256,256,272,3,3,61,61,101,101,144,168,202,222,135,156,156,156,156,156,156,74,74,74],"floor_reached":54,"playtime":5498,"items_purged":["DemoMod:Defend_Huntress","DemoMod:Strike_Huntress","Decay"],"score":1253,"play_id":"4d768731-a277-4f63-bd73-b88fd07cc5d3","local_time":"20210112022417","is_ascension_mode":true,"campfire_choices":[{"data":"DemoMod:SniperShot","floor":13,"key":"SMITH"},{"floor":15,"key":"RECALL"},{"data":"DemoMod:DoubleVision","floor":28,"key":"SMITH"},{"data":"MostiFishMod:SephirahHod","floor":30,"key":"SMITH"},{"data":"DemoMod:Slinger","floor":41,"key":"SMITH"},{"data":"DemoMod:BalloonGun","floor":49,"key":"PURGE"},{"data":"DemoMod:FullFirepower","floor":52,"key":"SMITH"}],"circlet_count":0,"master_deck":["DemoMod:Defend_Huntress","DemoMod:Defend_Huntress","DemoMod:Roll","DemoMod:ManualReload","MostiFishMod:SephirahHod+1","DemoMod:TripleGun","DemoMod:Slinger+1","Pot Of Greed","Pot Of Greed","DemoMod:SniperShot+1","DemoMod:Evolver+","Purity","DemoMod:DoubleVision+1","DemoMod:FullFirepower+1","Pot Of Greed","DemoMod:StrategicReserve"],"relics":["DaveBox","Old Coin","MostiFishMod:Hod","SynthV:TestCard","Golden Idol","Replay:Ringing Soul","Grinning Jar","Question Card","Replay:Bronze Core","DemoMod:MeatBun","Vajra","Ice Cream","Replay:Mystery Machine","potionbrewer:SlideRule","Pen Nib","TungstenRod","DemoMod:MonsterBlood","MutagenicStrength","Kintsugi","potionbrewer:Torch","ReplayTheSpireMod:Ring of Exchange","Ring of Peace","Lantern","Incense Burner","Bag of Preparation","Happy Flower"],"acts_visited":["Exordium","TheCity","TheBeyond","TheEnding"],"potions_floor_usage":[8,8,8,16,16,31,35,40,40,54,54,54],"damage_taken":[{"damage":12,"enemies":"Jaw Worm","floor":1,"turns":2},{"damage":0,"enemies":"Small Slimes","floor":3,"turns":2},{"damage":7,"enemies":"2 Louse","floor":5,"turns":2},{"damage":14,"enemies":"3 Sentries","floor":6,"turns":5},{"damage":0,"enemies":"Exordium Thugs","floor":7,"turns":4},{"damage":18,"enemies":"Gremlin Nob","floor":8,"turns":3},{"damage":7,"enemies":"2 Fungi Beasts","floor":10,"turns":3},{"damage":0,"enemies":"Large Slime","floor":11,"turns":2},{"damage":0,"enemies":"3 Louse","floor":12,"turns":1},{"damage":0,"enemies":"3 Sentries","floor":14,"turns":4},{"damage":0,"enemies":"Fading Forest","floor":16,"turns":11},{"damage":0,"enemies":"3 Byrds","floor":18,"turns":3},{"damage":0,"enemies":"Chosen","floor":20,"turns":2},{"damage":0,"enemies":"3 Cultists","floor":21,"turns":2},{"damage":0,"enemies":"Snecko","floor":22,"turns":1},{"damage":13,"enemies":"Book of Stabbing","floor":23,"turns":3},{"damage":0,"enemies":"Centurion and Healer","floor":24,"turns":3},{"damage":1,"enemies":"Gremlin Leader","floor":27,"turns":3},{"damage":9,"enemies":"Book of Stabbing","floor":29,"turns":3},{"damage":25,"enemies":"Replay:Snechameleon","floor":31,"turns":4},{"damage":0,"enemies":"Automaton","floor":33,"turns":2},{"damage":9,"enemies":"3 Darklings","floor":35,"turns":3},{"damage":5,"enemies":"2 Orb Walkers","floor":38,"turns":3},{"damage":0,"enemies":"Nemesis","floor":40,"turns":3},{"damage":0,"enemies":"Giant Head","floor":42,"turns":2},{"damage":0,"enemies":"Reptomancer","floor":44,"turns":1},{"damage":0,"enemies":"Orb Walker","floor":45,"turns":1},{"damage":0,"enemies":"Transient","floor":46,"turns":3},{"damage":0,"enemies":"Jaw Worm Horde","floor":47,"turns":2},{"damage":0,"enemies":"Replay:Hell Engine","floor":50,"turns":1},{"damage":101,"enemies":"Shield and Spear","floor":54,"turns":3}],"seed_played":"3059299560069919013","potions_obtained":[{"floor":3,"key":"Swift Potion"},{"floor":6,"key":"ColorlessPotion"},{"floor":7,"key":"Ancient Potion"},{"floor":12,"key":"Milkshake"},{"floor":14,"key":"potionbrewer:EndurancePotion"},{"floor":20,"key":"potionbrewer:ToxicPotion"},{"floor":22,"key":"potionbrewer:FreezingPotion"},{"floor":23,"key":"SpeedPotion"},{"floor":24,"key":"Block Potion"},{"floor":31,"key":"potionbrewer:QuicksilverPotion"},{"floor":35,"key":"Strength Potion"},{"floor":44,"key":"Fire Potion"},{"floor":45,"key":"ColorlessPotion"},{"floor":46,"key":"SteroidPotion"}],"is_trial":false,"path_per_floor":["M","?","M","?","M","E","M","E","T","M","M","M","R","E","R","B",null,"M","$","M","M","M","E","M","$","T","E","R","E","R","E","R","B",null,"M","$","?","?","?","E","R","E","T","E","M","M","M","?","R","B",null,"R","$","E"],"character_chosen":"HUNTRESS","items_purchased":["DemoMod:MeatBun","Vajra","Ice Cream","Purity","potionbrewer:Torch","DemoMod:StrategicReserve"],"campfire_rested":0,"item_purchase_floors":[19,19,19,25,36,53],"current_hp_per_floor":[58,58,58,58,51,40,40,29,29,25,25,28,28,28,28,28,65,65,77,77,77,80,67,67,70,70,72,72,63,63,45,45,48,87,78,78,78,76,79,79,79,79,79,79,79,79,79,79,79,79,95,95,98,0,0],"gold":74,"neow_bonus":"BOSS_RELIC","is_daily":false,"chose_seed":false,"campfire_upgraded":5,"win_rate":0.0,"timestamp":1610439857,"path_taken":["M","?","M","?","M","E","M","E","T","M","M","M","R","E","R","BOSS","M","$","M","M","M","E","M","$","T","E","R","E","R","E","R","BOSS","M","$","?","?","?","E","R","E","T","E","?","M","M","?","R","BOSS","R","$","E"],"items_purchased_type":["Relic","Relic","Relic","Card","Relic","Card"],"build_version":"2020-12-22","purchased_purges":3,"victory":false,"max_hp_per_floor":[70,70,70,65,65,68,68,71,71,74,74,77,77,77,77,77,77,77,77,77,77,80,80,80,83,83,86,86,86,86,93,93,96,99,99,99,94,97,100,100,100,100,100,100,100,100,100,100,100,100,100,100,103,103,103],"relic_stats":{"Happy Flower":[3],"counters":[31,87],"Golden Idol":217,"Pen Nib":[11],"Bag of Preparation":[12],"Question Card":32,"obtain_stats":[{"Ice Cream":19,"ReplayTheSpireMod:Ring of Exchange":39,"Lantern":40,"DaveBox":0,"Vajra":19,"DemoMod:GlassGuonStoneRelic":3,"Incense Burner":42,"Bag of Preparation":43,"Replay:Mystery Machine":23,"Old Coin":0,"Replay:Ringing Soul":6,"DemoMod:MonsterBlood":31,"Replay:Bronze Core":17,"Ring of Peace":39,"MostiFishMod:Hod":0,"DemoMod:Dog":0,"Happy Flower":44,"Golden Idol":4,"Pen Nib":27,"Question Card":14,"potionbrewer:Torch":36,"SynthV:TestCard":1,"DemoMod:MeatBun":19,"MutagenicStrength":32,"Grinning Jar":8,"Kintsugi":34,"potionbrewer:SlideRule":26,"TungstenRod":29},{"Ice Cream":12,"ReplayTheSpireMod:Ring of Exchange":23,"Lantern":24,"DaveBox":0,"Vajra":12,"DemoMod:GlassGuonStoneRelic":2,"Incense Burner":25,"Bag of Preparation":25,"Replay:Mystery Machine":16,"Old Coin":0,"Replay:Ringing Soul":4,"DemoMod:MonsterBlood":20,"Replay:Bronze Core":11,"Ring of Peace":23,"MostiFishMod:Hod":0,"DemoMod:Dog":0,"Happy Flower":26,"Golden Idol":2,"Pen Nib":18,"Question Card":10,"potionbrewer:Torch":22,"SynthV:TestCard":1,"DemoMod:MeatBun":12,"MutagenicStrength":20,"Grinning Jar":6,"Kintsugi":21,"potionbrewer:SlideRule":17,"TungstenRod":19},{"Ice Cream":42,"ReplayTheSpireMod:Ring of Exchange":71,"Lantern":74,"DaveBox":0,"Vajra":42,"DemoMod:GlassGuonStoneRelic":4,"Incense Burner":76,"Bag of Preparation":76,"Replay:Mystery Machine":50,"Old Coin":0,"Replay:Ringing Soul":11,"DemoMod:MonsterBlood":63,"Replay:Bronze Core":39,"Ring of Peace":71,"MostiFishMod:Hod":0,"DemoMod:Dog":0,"Happy Flower":77,"Golden Idol":4,"Pen Nib":56,"Question Card":28,"potionbrewer:Torch":68,"SynthV:TestCard":2,"DemoMod:MeatBun":42,"MutagenicStrength":63,"Grinning Jar":18,"Kintsugi":65,"potionbrewer:SlideRule":53,"TungstenRod":59}],"TungstenRod":16},"card_choices":[{"not_picked":["DemoMod:MachoBrace","DemoMod:LifeOrb"],"picked":"DemoMod:TripleGun","floor":1},{"not_picked":["DemoMod:TeaPot","DemoMod:BoxingGlove","DemoMod:Polaris","DemoMod:JK47"],"picked":"DemoMod:Purify","floor":3},{"not_picked":["DemoMod:ShadowBullets","DemoMod:LifeOrb","DemoMod:RadGun","DemoMod:SAA","DemoMod:TeaPot"],"picked":"SKIP","floor":5},{"not_picked":["DemoMod:SniperShot","DemoMod:MachoBrace","DemoMod:GunstockTap","DemoMod:DirectionalPad"],"picked":"DemoMod:Slinger","floor":6},{"not_picked":["DemoMod:GunShield","DemoMod:DirectionalPad","DemoMod:SpreadAmmo","DemoMod:RadGun","DemoMod:TeaPot"],"picked":"SKIP","floor":7},{"not_picked":["DemoMod:Ejector","DemoMod:BoxingGlove","DemoMod:Camera","DemoMod:Unmoved"],"picked":"DemoMod:BalloonGun","floor":8},{"not_picked":["DemoMod:DirectionalPad","DemoMod:CursedBullets","DemoMod:HungryBullets","DemoMod:ConditionalReflex"],"picked":"DemoMod:SniperShot","floor":10},{"not_picked":["DemoMod:Casey","DemoMod:Ejector","DemoMod:ChanceBullets","DemoMod:LifeOrb","DemoMod:ConditionalReflex"],"picked":"SKIP","floor":11},{"not_picked":["DemoMod:BattleInHaste","DemoMod:ProbeStrike","DemoMod:HardPowerCard","DemoMod:CombinedRifle"],"picked":"DemoMod:AWP","floor":12},{"not_picked":["DemoMod:TeaPot","DemoMod:JK47","DemoMod:ConditionalReflex","DemoMod:GunslingerForm","DemoMod:MachoBrace"],"picked":"SKIP","floor":14},{"not_picked":["DemoMod:TripleGun+1","DemoMod:PracticeMakesPerfect","DemoMod:HungryBullets","DemoMod:Ejector","DemoMod:ConditionalReflex","DemoMod:HuntsMan"],"picked":"SKIP","floor":18},{"not_picked":["DemoMod:PotionOfGunFriendShip","DemoMod:TeaPot","DemoMod:JK47","DemoMod:FortunesFavor","DemoMod:Gungine","DemoMod:AbyssalTentacle+1"],"picked":"SKIP","floor":20},{"not_picked":["DemoMod:SAA","DemoMod:CombinedRifle","DemoMod:Replace","DemoMod:EasyReloadBullets","DemoMod:BoxingGlove+1","DemoMod:Unmoved"],"picked":"SKIP","floor":21},{"not_picked":["DemoMod:Elimentaler","DemoMod:MachoBrace","DemoMod:PotionOfGunFriendShip","DemoMod:CombinedRifle","DemoMod:SAA"],"picked":"DemoMod:Evolver","floor":22},{"not_picked":["DemoMod:ShadowBullets+1","DemoMod:HighKaliber+1","DemoMod:SpreadAmmo+1","DemoMod:HuntsMan","DemoMod:DirectionalPad+1","DemoMod:StickyCrossBow"],"picked":"SKIP","floor":23},{"not_picked":["DemoMod:HardPowerCard+1","DemoMod:ZorGun+1","DemoMod:ConditionalReflex","DemoMod:SAA+1","DemoMod:AbyssalTentacle","DemoMod:Unity"],"picked":"SKIP","floor":24},{"not_picked":["DemoMod:FastSwitch","DemoMod:Unmoved","DemoMod:SkilledReload","DemoMod:StrategicReserve","DemoMod:SniperShot"],"picked":"DemoMod:DoubleVision","floor":27},{"not_picked":["DemoMod:PotionOfGunFriendShip","DemoMod:TripleGun+1","DemoMod:ConditionalReflex+1","DemoMod:BoxingGlove","DemoMod:Casey","DemoMod:HighKaliber+1"],"picked":"SKIP","floor":29},{"not_picked":["DemoMod:StickyCrossBow","DemoMod:SkilledReload","DemoMod:Polaris","DemoMod:ConditionalReflex","DemoMod:AbyssalTentacle","DemoMod:CombinedRifle"],"picked":"SKIP","floor":31},{"not_picked":["DemoMod:DarkMarker","DemoMod:BlackHoleGun","DemoMod:FinishedGun","DemoMod:BSG","DemoMod:SuppressiveFire"],"picked":"DemoMod:FullFirepower","floor":33},{"not_picked":["DemoMod:Casey+1","DemoMod:BoxingGlove","DemoMod:SAA","DemoMod:FastSwitch+1","DemoMod:AC15+1","DemoMod:FinishedGun"],"picked":"SKIP","floor":35},{"not_picked":["DemoMod:Evolver","DemoMod:Unmoved","DemoMod:BoxingGlove","DemoMod:PotionOfGunFriendShip+1","DemoMod:Casey+1"],"picked":"DemoMod:Purify+1","floor":38},{"not_picked":["DemoMod:ConditionalReflex","DemoMod:LifeOrb+1","DemoMod:Replace","DemoMod:JK47+1","DemoMod:CursedBullets","DemoMod:Polaris+1"],"picked":"SKIP","floor":40},{"not_picked":["DemoMod:BoxingGlove","DemoMod:FeignSurrender","DemoMod:Unmoved+1","DemoMod:HighKaliber+1","DemoMod:Unity","DemoMod:Replace+1"],"picked":"SKIP","floor":42},{"not_picked":["DemoMod:TeaPot","DemoMod:EasyReloadBullets","DemoMod:FeignSurrender","DemoMod:DoubleSwitch+1","DemoMod:BoxingGlove+1","DemoMod:HardPowerCard+1"],"picked":"SKIP","floor":44},{"not_picked":["DemoMod:AWP+1","DemoMod:BattleInHaste","DemoMod:DoubleSwitch","DemoMod:RadGun+1","DemoMod:BlankBullets","DemoMod:HuntsMan+1"],"picked":"SKIP","floor":45},{"not_picked":["DemoMod:Polaris+1","DemoMod:PotionOfGunFriendShip+1","DemoMod:ConditionalReflex+1","DemoMod:JK47","DemoMod:FastSwitch+1","DemoMod:DirectionalPad+1"],"picked":"SKIP","floor":46},{"not_picked":["DemoMod:TableSutra","DemoMod:GunslingerForm","DemoMod:DoubleSwitch+1","DemoMod:StickyCrossBow+1","DemoMod:AC15","DemoMod:HardPowerCard"],"picked":"SKIP","floor":47}],"player_experience":302551,"relics_obtained":[{"floor":1,"key":"SynthV:TestCard"},{"floor":6,"key":"Replay:Ringing Soul"},{"floor":8,"key":"Grinning Jar"},{"floor":14,"key":"Question Card"},{"floor":23,"key":"Replay:Mystery Machine"},{"floor":26,"key":"potionbrewer:SlideRule"},{"floor":27,"key":"Pen Nib"},{"floor":29,"key":"TungstenRod"},{"floor":31,"key":"DemoMod:MonsterBlood"},{"floor":39,"key":"ReplayTheSpireMod:Ring of Exchange"},{"floor":39,"key":"Ring of Peace"},{"floor":40,"key":"Lantern"},{"floor":42,"key":"Incense Burner"},{"floor":43,"key":"Bag of Preparation"},{"floor":44,"key":"Happy Flower"}],"event_choices":[{"damage_healed":0,"gold_gain":0,"player_choice":"Lose Max HP","damage_taken":0,"relics_obtained":["Golden Idol"],"max_hp_gain":0,"max_hp_loss":5,"event_name":"Golden Idol","floor":4,"gold_loss":0},{"damage_healed":0,"gold_gain":0,"player_choice":"Inject Mutagens","damage_taken":0,"relics_obtained":["MutagenicStrength"],"max_hp_gain":0,"max_hp_loss":0,"event_name":"Drug Dealer","floor":32,"gold_loss":0},{"damage_healed":0,"gold_gain":0,"player_choice":"Max HP","damage_taken":0,"max_hp_gain":0,"max_hp_loss":5,"event_name":"Winding Halls","floor":37,"gold_loss":0},{"damage_healed":0,"gold_gain":0,"player_choice":"Fight","damage_taken":0,"max_hp_gain":0,"max_hp_loss":0,"event_name":"Mysterious Sphere","floor":38,"gold_loss":0},{"damage_healed":0,"gold_gain":0,"player_choice":"Ignored","damage_taken":0,"max_hp_gain":0,"max_hp_loss":0,"event_name":"Tomb of Lord Red Mask","floor":48,"gold_loss":0}],"is_beta":false,"boss_relics":[{"not_picked":["Honey Jar","Runic Dome"],"picked":"Replay:Bronze Core"},{"not_picked":["NightmareShop","SacredBark"],"picked":"Kintsugi"}],"items_purged_floors":[19,25,36],"is_endless":false,"potions_floor_spawned":[3,6,7,12,14,20,22,23,24,31,33,35,44,45,46],"killed_by":"Shield and Spear","ascension_level":5}}