{"host":"wwmqne3dwir10erh","time":1610414171,"event":{"mods":["BaseMod","Better Note","Hubris","Mimic Mod","Minty Spire (QoL Compilation)","Replay The Spire","StSLib","The Bladedancer"],"gold_per_floor":[113,130,144,163,182,208,208,234,234,291,291,326,341,372,372,468,468,485,504,504,579,593,593,611,611,611],"floor_reached":25,"playtime":1262,"items_purged":[],"score":247,"play_id":"88ca6d9d-3537-453e-b17f-f034baac29cc","local_time":"20210111201611","is_ascension_mode":true,"campfire_choices":[{"data":"Dagger Spray","floor":7.0,"key":"SMITH"},{"data":"Neutralize","floor":11.0,"key":"SMITH"},{"floor":15.0,"key":"REST"},{"data":"Replay:Bag of Tricks","floor":23,"key":"SMITH"}],"circlet_count":0,"master_deck":["Strike_G","Strike_G","Strike_G","Strike_G","Strike_G","Defend_G","Defend_G","Defend_G","Defend_G","Defend_G","Survivor","Neutralize+1","Infinite Blades","Cloak And Dagger","Poisoned Stab","Dagger Spray+1","Accuracy","Acrobatics","ReplayTheSpireMod:Scrap Shanks","ReplayTheSpireMod:Splinters","Heel Hook","Well Laid Plans","hubris:Counter","Escape Plan","Replay:Bag of Tricks+1","Blade Dance","ReplayTheSpireMod:Speed Training","Blade Dance","Caltrops+1"],"relics":["Philosopher\u0027s Stone","Potion Belt","Darkstone Periapt","Mummified Hand","hubris:SlimyHat","Replay:Accelerometer","hubris:MedicalManual","WristBlade"],"acts_visited":["Exordium","TheCity"],"potions_floor_usage":[],"damage_taken":[{"damage":0.0,"enemies":"Cultist","floor":1.0,"turns":5.0},{"damage":0.0,"enemies":"Small Slimes","floor":2.0,"turns":4.0},{"damage":0.0,"enemies":"Jaw Worm","floor":3.0,"turns":4.0},{"damage":6.0,"enemies":"Blue Slaver","floor":4.0,"turns":4.0},{"damage":0.0,"enemies":"Looter","floor":5.0,"turns":3.0},{"damage":4.0,"enemies":"Lagavulin","floor":6.0,"turns":7.0},{"damage":10.0,"enemies":"Gremlin Nob","floor":8.0,"turns":4.0},{"damage":11.0,"enemies":"Replay:BlueRogue","floor":12.0,"turns":4.0},{"damage":17.0,"enemies":"Gremlin Gang","floor":13.0,"turns":5.0},{"damage":4.0,"enemies":"Lagavulin","floor":14.0,"turns":7.0},{"damage":2.0,"enemies":"Slime Boss","floor":16.0,"turns":6.0},{"damage":0.0,"enemies":"3 Byrds","floor":18.0,"turns":6.0},{"damage":7.0,"enemies":"2 Thieves","floor":19.0,"turns":4.0},{"damage":23.0,"enemies":"Sentry and Sphere","floor":22.0,"turns":5.0},{"damage":8,"enemies":"Cultist and Chosen","floor":24,"turns":4},{"damage":39,"enemies":"Slavers","floor":25,"turns":3}],"seed_played":"4755426508048773957","potions_obtained":[{"floor":1.0,"key":"Block Potion"},{"floor":2.0,"key":"Weak Potion"},{"floor":10.0,"key":"BlessingOfTheForge"},{"floor":12.0,"key":"SpeedPotion"},{"floor":13.0,"key":"Swift Potion"},{"floor":22,"key":"SmokeBomb"},{"floor":24,"key":"Cursed Concoction"}],"is_trial":false,"path_per_floor":["M","M","M","M","M","E","R","E","T","?","R","E","M","E","R","B",null,"M","M","?","?","M","R","M","E"],"character_chosen":"THE_SILENT","items_purchased":[],"campfire_rested":1,"item_purchase_floors":[],"current_hp_per_floor":[70,70,70,64,64,60,60,50,50,56,56,45,28,24,46,44,76,76,69,76,69,46,46,38,0,0],"gold":611,"neow_bonus":"BOSS_RELIC","is_daily":false,"chose_seed":false,"campfire_upgraded":3,"win_rate":0.0,"timestamp":1610414171,"path_taken":["M","M","M","M","?","E","R","E","T","?","R","E","M","E","R","BOSS","M","M","?","?","M","R","M","E"],"items_purchased_type":[],"build_version":"2020-12-22","purchased_purges":0,"victory":false,"max_hp_per_floor":[70,70,70,70,70,70,70,70,70,76,76,76,76,76,76,76,76,76,76,76,76,76,76,76,76,76],"card_choices":[{"not_picked":["Choke","Calculated Gamble"],"picked":"Infinite Blades","floor":1.0},{"not_picked":["Dodge and Roll","Deflect"],"picked":"Cloak And Dagger","floor":2.0},{"not_picked":["Deflect","PiercingWail"],"picked":"Poisoned Stab","floor":3.0},{"not_picked":["Quick Slash","Hidden Blade"],"picked":"Dagger Spray","floor":4.0},{"not_picked":["Dagger Spray","Poisoned Stab"],"picked":"Accuracy","floor":5.0},{"not_picked":["Tactician","Bouncing Flask"],"picked":"Acrobatics","floor":6.0},{"not_picked":["Atom Bomb","Flying Knee"],"picked":"ReplayTheSpireMod:Scrap Shanks","floor":8.0},{"not_picked":["Backstab","Dagger Throw"],"picked":"Heel Hook","floor":10.0},{"not_picked":["Poisoned Stab","Hidden Blade"],"picked":"Well Laid Plans","floor":10.0},{"not_picked":["Dagger Throw","Hidden Blade"],"picked":"hubris:Counter","floor":12.0},{"not_picked":["Heel Hook","Deadly Poison"],"picked":"Escape Plan","floor":13.0},{"not_picked":["Dagger Throw","Heel Hook","hubris:SlightOfHand"],"picked":"SKIP","floor":14.0},{"not_picked":["A Thousand Cuts","ReplayTheSpireMod:Necrosis"],"picked":"Replay:Bag of Tricks","floor":16.0},{"not_picked":["Flying Knee","Deflect+1"],"picked":"Blade Dance","floor":18.0},{"not_picked":["Crippling Poison","PiercingWail"],"picked":"ReplayTheSpireMod:Speed Training","floor":19.0},{"not_picked":["Masterful Stab","Cloak And Dagger"],"picked":"Blade Dance","floor":22},{"not_picked":["Dagger Spray","Deflect"],"picked":"Caltrops+1","floor":24}],"player_experience":2270049,"relics_obtained":[{"floor":6.0,"key":"Potion Belt"},{"floor":8.0,"key":"Darkstone Periapt"},{"floor":9.0,"key":"Mummified Hand"},{"floor":10.0,"key":"hubris:SlimyHat"},{"floor":12.0,"key":"Replay:Accelerometer"},{"floor":14.0,"key":"hubris:MedicalManual"}],"event_choices":[{"damage_healed":7.0,"max_hp_gain":0.0,"max_hp_loss":0.0,"gold_gain":0.0,"event_name":"Wheel of Change","player_choice":"Full Heal","floor":20.0,"gold_loss":0.0,"damage_taken":0.0},{"damage_healed":0.0,"max_hp_gain":0.0,"max_hp_loss":0.0,"gold_gain":75.0,"event_name":"FaceTrader","player_choice":"Touch","floor":21.0,"gold_loss":0.0,"damage_taken":7.0}],"is_beta":false,"boss_relics":[{"not_picked":["Snecko Scales","Ring of Chaos"],"picked":"WristBlade"}],"items_purged_floors":[],"is_endless":false,"potions_floor_spawned":[1,2,12,13,22,24],"killed_by":"Slavers","ascension_level":1}}