{"host":"i0avyit1s6jb1siw","time":1610481647,"event":{"mods":["BaseMod","DeckTracker","Dota2Spire","Highlight Path","Minty Spire (QoL Compilation)","Quick Restart","StSLib","SuperFastMode"],"gold_per_floor":[111,111,128,128,128,128,148,182,182,198,215,226,236,261,261,335,335,355,280,295,0,50,50,50,85,85,104,13,13,44,44,44,44,44],"floor_reached":33,"language":"ENG","playtime":875,"items_purged":["Defend_G","Strike_G","Strike_G"],"score":690,"play_id":"f71d6feb-8ba7-42db-914d-cb2b9ebff71f","local_time":"20210112210047","is_ascension_mode":true,"campfire_choices":[{"data":"Dash","floor":6,"key":"SMITH"},{"data":"Calculated Gamble","floor":15,"key":"SMITH"},{"data":"A Thousand Cuts","floor":23,"key":"SMITH"},{"floor":29,"key":"REST"},{"floor":32,"key":"REST"}],"circlet_count":0,"master_deck":["AscendersBane","Strike_G","Strike_G","Defend_G","Defend_G","Defend_G","Defend_G","Survivor","Neutralize+1","Endless Agony","Dash+1","Masterful Stab","Backstab","Blade Dance","Calculated Gamble+1","Deadly Poison","Predator","A Thousand Cuts+1","Backstab","Adrenaline","Accuracy","Blade Dance"],"relics":["Runic Pyramid","StrikeDummy","Orichalcum","Dota2Spire:Satanic","Dota2Spire:Bloodstone","Membership Card","Darkstone Periapt","Dota2Spire:LinkenSphere"],"acts_visited":["Exordium","TheCity"],"potions_floor_usage":[8,14,16,16,25,27],"damage_taken":[{"damage":5,"enemies":"Small Slimes","floor":1,"turns":5},{"damage":0,"enemies":"Cultist","floor":3,"turns":4},{"damage":0,"enemies":"Jaw Worm","floor":7,"turns":3},{"damage":11,"enemies":"Gremlin Nob","floor":8,"turns":4},{"damage":3,"enemies":"Looter","floor":10,"turns":2},{"damage":0,"enemies":"Blue Slaver","floor":11,"turns":3},{"damage":0,"enemies":"2 Fungi Beasts","floor":12,"turns":3},{"damage":0,"enemies":"Gremlin Gang","floor":13,"turns":3},{"damage":7,"enemies":"3 Sentries","floor":14,"turns":6},{"damage":0,"enemies":"Hexaghost","floor":16,"turns":10},{"damage":0,"enemies":"Chosen","floor":18,"turns":4},{"damage":7,"enemies":"3 Byrds","floor":20,"turns":4},{"damage":24,"enemies":"Book of Stabbing","floor":25,"turns":5},{"damage":29,"enemies":"Snake Plant","floor":27,"turns":3},{"damage":6,"enemies":"Gremlin Leader","floor":30,"turns":4},{"damage":55,"enemies":"Automaton","floor":33,"turns":6}],"seed_played":"7750693854908868539","potions_obtained":[{"floor":3,"key":"Poison Potion"},{"floor":11,"key":"Poison Potion"},{"floor":14,"key":"EntropicBrew"},{"floor":16,"key":"LiquidMemories"},{"floor":18,"key":"DistilledChaos"}],"is_trial":false,"path_per_floor":["M","?","M","?","?","R","M","E","T","M","M","M","M","E","R","B",null,"M","$","M","$","?","R","?","E","T","M","$","R","E","$","R","B"],"character_chosen":"THE_SILENT","items_purchased":["Membership Card","Adrenaline","Blade Dance"],"campfire_rested":2,"item_purchase_floors":[21,21,28],"current_hp_per_floor":[54,59,59,59,59,59,59,48,48,45,45,45,45,38,38,38,63,63,63,56,56,56,56,56,32,32,3,3,24,18,18,39,0,0],"gold":44,"neow_bonus":"BOSS_RELIC","is_daily":false,"chose_seed":false,"campfire_upgraded":3,"win_rate":0.0,"timestamp":1610481647,"path_taken":["M","?","M","?","?","R","M","E","T","M","?","M","?","E","R","BOSS","M","$","M","$","?","R","?","E","T","M","?","R","E","?","R","BOSS"],"items_purchased_type":["Relic","Card","Card"],"build_version":"2020-12-22","purchased_purges":3,"victory":false,"max_hp_per_floor":[66,71,71,71,71,71,71,71,71,71,71,71,71,71,71,71,71,71,71,71,71,71,71,71,71,71,71,71,71,71,71,71,71,71],"card_choices":[{"not_picked":["Underhanded Strike","PiercingWail"],"picked":"Endless Agony","floor":1},{"not_picked":["Sucker Punch","Cloak And Dagger"],"picked":"Dash","floor":3},{"not_picked":["Dagger Spray","Quick Slash"],"picked":"Masterful Stab","floor":7},{"not_picked":["Sucker Punch","Quick Slash"],"picked":"Backstab","floor":8},{"not_picked":["Concentrate","Caltrops"],"picked":"Blade Dance","floor":10},{"not_picked":["Doppelganger","Slice","Cloak And Dagger"],"picked":"SKIP","floor":11},{"not_picked":["Outmaneuver","Dodge and Roll"],"picked":"Calculated Gamble","floor":12},{"not_picked":["All Out Attack","Leg Sweep"],"picked":"Deadly Poison","floor":13},{"not_picked":["Deadly Poison","Quick Slash"],"picked":"Predator","floor":14},{"not_picked":["Venomology","Die Die Die"],"picked":"A Thousand Cuts","floor":16},{"not_picked":["Acrobatics","Dodge and Roll","Well Laid Plans"],"picked":"SKIP","floor":18},{"not_picked":["Deadly Poison+1","Slice"],"picked":"Backstab","floor":20},{"not_picked":["Flying Knee+1","Setup"],"picked":"Accuracy","floor":25},{"not_picked":["Bane","Predator+1","Choke"],"picked":"SKIP","floor":27},{"not_picked":["Dagger Spray","Choke","Acrobatics"],"picked":"SKIP","floor":30}],"player_experience":2219952,"relics_obtained":[{"floor":8,"key":"StrikeDummy"},{"floor":9,"key":"Orichalcum"},{"floor":14,"key":"Dota2Spire:Satanic"},{"floor":25,"key":"Darkstone Periapt"},{"floor":30,"key":"Dota2Spire:LinkenSphere"}],"event_choices":[{"damage_healed":0,"gold_gain":0,"player_choice":"Donut","damage_taken":0,"max_hp_gain":5,"max_hp_loss":0,"event_name":"Big Fish","floor":2,"gold_loss":0},{"damage_healed":0,"gold_gain":0,"player_choice":"Grow","damage_taken":0,"max_hp_gain":0,"max_hp_loss":0,"event_name":"Living Wall","floor":4,"gold_loss":0,"cards_upgraded":["Neutralize"]},{"cards_removed":["Strike_G"],"damage_healed":0,"gold_gain":0,"player_choice":"Offered Basic","damage_taken":0,"max_hp_gain":0,"max_hp_loss":0,"event_name":"Bonfire Elementals","floor":5,"gold_loss":0},{"damage_healed":0,"gold_gain":50,"player_choice":"Stole From Cult","damage_taken":0,"max_hp_gain":0,"max_hp_loss":0,"event_name":"Nest","floor":22,"gold_loss":0},{"damage_healed":0,"gold_gain":0,"player_choice":"Ignored","damage_taken":0,"max_hp_gain":0,"max_hp_loss":0,"event_name":"Ghosts","floor":24,"gold_loss":0}],"is_beta":false,"boss_relics":[{"not_picked":["Velvet Choker","WristBlade"],"picked":"Dota2Spire:Bloodstone"}],"items_purged_floors":[19,21,28],"is_endless":false,"potions_floor_spawned":[3,11,14,16,18],"killed_by":"Automaton","ascension_level":20}}