{"host":"qyj10gxn865bn2jn","time":1610423938,"event":{"mods":["Act Like it!","BaseMod","Better-Laid Plans","Hallownest","Minty Spire (QoL Compilation)","Quick Restart","Relic Stats","Shop Mod","Spicy Shops","StSLib","The Bug Knight"],"gold_per_floor":[115,115,125,19,32,32,42,58,58,58,386,400,431,443,443,542,542,559,559,574,574,597,625,625,625,625],"floor_reached":25,"playtime":4883,"items_purged":[],"score":233,"play_id":"36a38794-8895-4760-b549-392e88f8d4e9","local_time":"20210112115858","is_ascension_mode":false,"campfire_choices":[{"data":"HollowMod:FocusHealStart","floor":6.0,"key":"SMITH"},{"floor":15.0,"key":"REST"},{"data":"HollowMod:SlysStrikes","floor":24.0,"key":"SMITH"}],"circlet_count":0,"master_deck":["HollowMod:NailStrikeStart","HollowMod:NailStrikeStart","HollowMod:NailStrikeStart","HollowMod:NailStrikeStart","HollowMod:QuickDashStart","HollowMod:QuickDashStart","HollowMod:QuickDashStart","HollowMod:QuickDashStart","HollowMod:FocusHealStart+1","HollowMod:PogoStrike","HollowMod:AbyssShriek","HollowMod:MonarchWings","Dramatic Entrance","HollowMod:LifebloodCocoon","HollowMod:MonarchWings","HollowMod:RecoilStrike","HollowMod:NewJinnsSoul","HollowMod:BlackTendrils","HollowMod:BlackTendrils","HollowMod:SoulMaster","HollowMod:SlysStrikes+1","HollowMod:SiblingsShadow","HollowMod:NewJinnsSoul","Hallownest:pwrSporeShroom","HollowMod:ShadowDash"],"relics":["Black Star","Hallownest:DreamNailRelic","Pear","Old Coin","Omamori","HollowMod:LumaflyLanternRelic","Runic Pyramid","MealTicket","Torii","Blood Vial"],"acts_visited":["Hallownest:Greenpath","Hallownest:CityofTears"],"potions_floor_usage":[25,25],"damage_taken":[{"damage":2.0,"enemies":"Hallownest:monsterHuskGuard","floor":1.0,"turns":3.0},{"damage":1.0,"enemies":"Hallownest:2_MossCreeps","floor":3.0,"turns":4.0},{"damage":0.0,"enemies":"Hallownest:monsterHuskWarrior","floor":5.0,"turns":3.0},{"damage":3.0,"enemies":"Hallownest:Guard_and_Warrior","floor":7.0,"turns":6.0},{"damage":5.0,"enemies":"Hallownest:MossCreep_and_Mosskin","floor":8.0,"turns":5.0},{"damage":10.0,"enemies":"Hallownest:eliteVengeflyKing","floor":11.0,"turns":8.0},{"damage":20.0,"enemies":"Hallownest:1_Ooma_and_2_Uuma","floor":12.0,"turns":7.0},{"damage":40.0,"enemies":"Hallownest:eliteCrystalGuardian","floor":13.0,"turns":11.0},{"damage":0.0,"enemies":"Hallownest:Wandering_and_Horned","floor":14.0,"turns":7.0},{"damage":60.0,"enemies":"Hallownest:BossBrokenVessel","floor":16.0,"turns":16.0},{"damage":12.0,"enemies":"Hallownest:3_Youths","floor":18.0,"turns":8.0},{"damage":24.0,"enemies":"Hallownest:2_Mistakes","floor":20.0,"turns":9.0},{"damage":42.0,"enemies":"Hallownest:Nosk","floor":23.0,"turns":12.0},{"damage":80,"enemies":"Hallownest:eliteWatcherKnight","floor":25,"turns":16}],"seed_played":"-2646620691099104489","potions_obtained":[{"floor":1.0,"key":"Explosive Potion"},{"floor":3.0,"key":"SkillPotion"},{"floor":12.0,"key":"Dexterity Potion"},{"floor":16.0,"key":"SpeedPotion"},{"floor":23.0,"key":"SteroidPotion"}],"is_trial":false,"path_per_floor":["M","?","M","$","M","R","M","M","T","?","E","M","E","M","R","B",null,"M","?","M","?","T","E","R","E"],"character_chosen":"THE_BUGKNIGHT","items_purchased":["Dramatic Entrance","HollowMod:LifebloodCocoon"],"campfire_rested":1,"item_purchase_floors":[4,4],"current_hp_per_floor":[73,73,72,72,72,72,72,70,70,70,70,56,31,45,70,24,85,83,83,77,73,73,57,57,10,10],"gold":625,"neow_bonus":"BOSS_RELIC","is_daily":false,"chose_seed":false,"campfire_upgraded":2,"win_rate":0.0,"timestamp":1610423938,"path_taken":["M","?","?","?","M","R","M","M","T","?","E","M","E","M","R","BOSS","M","?","?","?","?","E","R","E"],"items_purchased_type":["Card","Card"],"build_version":"2020-12-22","purchased_purges":0,"victory":false,"max_hp_per_floor":[75,75,75,75,75,75,75,75,75,75,85,85,85,85,85,85,85,85,85,85,85,85,85,85,85,85],"relic_stats":{"Blood Vial":2,"Torii":16,"counters":[14,115],"MealTicket":0,"Black Star":3,"obtain_stats":[{"Blood Vial":23,"Pear":11,"Torii":23,"HollowMod:LumaflyLanternRelic":13,"HollowMod:VesselMask":0,"MealTicket":22,"Black Star":0,"Hallownest:DreamNailRelic":2,"Omamori":13,"Old Coin":11,"Runic Pyramid":17},{"Blood Vial":13,"Pear":6,"Torii":13,"HollowMod:LumaflyLanternRelic":8,"HollowMod:VesselMask":0,"MealTicket":12,"Black Star":0,"Hallownest:DreamNailRelic":1,"Omamori":8,"Old Coin":6,"Runic Pyramid":10},{"Blood Vial":99,"Pear":29,"Torii":99,"HollowMod:LumaflyLanternRelic":47,"HollowMod:VesselMask":0,"MealTicket":87,"Black Star":0,"Hallownest:DreamNailRelic":3,"Omamori":47,"Old Coin":29,"Runic Pyramid":70}]},"card_choices":[{"not_picked":["HollowMod:HeavyBlow","HollowMod:HowlingWraiths"],"picked":"HollowMod:AbyssShriek","floor":1.0},{"not_picked":["HollowMod:HeavyBlow","HollowMod:SharpenedNail"],"picked":"HollowMod:MonarchWings","floor":3.0},{"not_picked":["HollowMod:SoulVessel","HollowMod:CloakDash"],"picked":"HollowMod:MonarchWings","floor":5.0},{"not_picked":["HollowMod:DungDefenderAura","HollowMod:SoulShaman"],"picked":"HollowMod:RecoilStrike","floor":7.0},{"not_picked":["HollowMod:DungDefenderAura","HollowMod:SoulSplash"],"picked":"HollowMod:NewJinnsSoul","floor":8.0},{"not_picked":["HollowMod:LifebloodCocoon","HollowMod:InfectionAssault"],"picked":"HollowMod:BlackTendrils","floor":11.0},{"not_picked":["HollowMod:NewGlowingWomb","HollowMod:NewLittleFool","HollowMod:SoulStrike"],"picked":"SKIP","floor":12.0},{"not_picked":["HollowMod:DungDefenderAura","HollowMod:PureNailStrike"],"picked":"HollowMod:BlackTendrils","floor":13.0},{"not_picked":["HollowMod:ShadowDash","HollowMod:RecoilStrike"],"picked":"HollowMod:SoulMaster","floor":14.0},{"not_picked":["HollowMod:ZotesMagnificence","HollowMod:theNailsmith"],"picked":"HollowMod:SlysStrikes","floor":16.0},{"not_picked":["HollowMod:DungDefenderAura","HollowMod:DashSlash"],"picked":"HollowMod:SiblingsShadow","floor":18.0},{"not_picked":["HollowMod:NewGlowingWomb","HollowMod:MawleksShell"],"picked":"HollowMod:NewJinnsSoul","floor":20.0},{"not_picked":["HollowMod:ChannelNail","HollowMod:TaintedHusks"],"picked":"HollowMod:ShadowDash","floor":23.0}],"player_experience":76804,"relics_obtained":[{"floor":11.0,"key":"Pear"},{"floor":11.0,"key":"Old Coin"},{"floor":13.0,"key":"Omamori"},{"floor":13.0,"key":"HollowMod:LumaflyLanternRelic"},{"floor":22.0,"key":"MealTicket"},{"floor":23.0,"key":"Torii"},{"floor":23.0,"key":"Blood Vial"}],"event_choices":[],"is_beta":false,"boss_relics":[{"not_picked":["Snecko Eye","Coffee Dripper"],"picked":"Runic Pyramid"}],"items_purged_floors":[],"is_endless":false,"potions_floor_spawned":[1,3,12,16,23],"killed_by":"Hallownest:eliteWatcherKnight","ascension_level":0}}