{"host":"j4g6ia6asvpyu2b0","time":1610490197,"event":{"mods":["BaseMod","Colored Map","Minty Spire (QoL Compilation)","Permanent Neow","Quick Restart","Relic Stats","StSLib","Unceasing Turn Reminder"],"gold_per_floor":[109,109,184,203,222,247,247,274,274,309,327,343,354,59,59,59,59],"floor_reached":16,"language":"ENG","playtime":673,"items_purged":["Strike_B"],"score":228,"play_id":"9f5c21c7-9c78-4efd-90e7-61f353673a45","local_time":"20210112152317","is_ascension_mode":true,"campfire_choices":[{"data":"Buffer","floor":7.0,"key":"SMITH"},{"data":"Storm","floor":15.0,"key":"SMITH"}],"circlet_count":0,"master_deck":["AscendersBane","Strike_B","Strike_B","Strike_B","Defend_B","Defend_B","Defend_B","Defend_B","Zap","Dualcast","Compile Driver","Undo","Chill","Buffer+1","Sweeping Beam+1","Buffer","Cold Snap+1","Ball Lightning+1","Coolheaded","Storm+1"],"relics":["Nuclear Battery","Gremlin Horn","Molten Egg 2","Bottled Lightning","Eternal Feather","Boot","Lee\u0027s Waffle"],"acts_visited":["Exordium"],"potions_floor_usage":[],"damage_taken":[{"damage":2.0,"enemies":"Small Slimes","floor":1.0,"turns":6.0},{"damage":3.0,"enemies":"2 Louse","floor":4.0,"turns":3.0},{"damage":1.0,"enemies":"Cultist","floor":5.0,"turns":5.0},{"damage":1.0,"enemies":"3 Sentries","floor":6.0,"turns":13.0},{"damage":0.0,"enemies":"Lagavulin","floor":8.0,"turns":7.0},{"damage":3.0,"enemies":"Gremlin Nob","floor":10.0,"turns":5.0},{"damage":0.0,"enemies":"Gremlin Gang","floor":11.0,"turns":5.0},{"damage":0.0,"enemies":"Blue Slaver","floor":12.0,"turns":3.0},{"damage":0.0,"enemies":"Exordium Wildlife","floor":13.0,"turns":3.0},{"damage":0,"enemies":"The Guardian","floor":16,"turns":1}],"seed_played":"273019443871654952","potions_obtained":[{"floor":4.0,"key":"Swift Potion"},{"floor":6.0,"key":"AttackPotion"},{"floor":10.0,"key":"SkillPotion"},{"floor":13.0,"key":"DuplicationPotion"}],"is_trial":false,"path_per_floor":["M","?","?","M","M","E","R","E","T","E","M","M","M","$","R","B"],"character_chosen":"DEFECT","items_purchased":["Lee\u0027s Waffle","Storm"],"campfire_rested":0,"item_purchase_floors":[14,14],"current_hp_per_floor":[66,59,48,45,44,43,43,43,43,40,40,40,40,82,82,82,82],"gold":59,"neow_bonus":"BOSS_RELIC","is_daily":false,"chose_seed":false,"campfire_upgraded":2,"win_rate":0.0,"timestamp":1610490197,"path_taken":["M","?","?","M","M","E","R","E","T","E","M","M","M","$","R","BOSS"],"items_purchased_type":["Relic","Card"],"build_version":"2020-12-22","purchased_purges":1,"victory":false,"max_hp_per_floor":[75,75,75,75,75,75,75,75,75,75,75,75,75,82,82,82,82],"relic_stats":{"Lee\u0027s Waffle":42,"Gremlin Horn":[7,7],"counters":[10,50],"Eternal Feather":0,"Boot":[6],"obtain_stats":[{"Lee\u0027s Waffle":14,"Gremlin Horn":2,"Molten Egg 2":6,"Eternal Feather":9,"Bottled Lightning":8,"Cracked Core":0,"Boot":10,"Nuclear Battery":0},{"Lee\u0027s Waffle":9,"Gremlin Horn":1,"Molten Egg 2":4,"Eternal Feather":5,"Bottled Lightning":5,"Cracked Core":0,"Boot":6,"Nuclear Battery":0},{"Lee\u0027s Waffle":50,"Gremlin Horn":6,"Molten Egg 2":27,"Eternal Feather":34,"Bottled Lightning":34,"Cracked Core":0,"Boot":39,"Nuclear Battery":0}]},"card_choices":[{"not_picked":["Conserve Battery","Double Energy"],"picked":"Compile Driver","floor":1.0},{"not_picked":["Hello World","Hologram"],"picked":"Undo","floor":4.0},{"not_picked":["Hologram","Beam Cell"],"picked":"Chill","floor":5.0},{"not_picked":["Hologram","Darkness"],"picked":"Buffer","floor":6.0},{"not_picked":["Stack","Storm"],"picked":"Sweeping Beam+1","floor":8.0},{"not_picked":["Auto Shields","Hologram"],"picked":"Buffer","floor":10.0},{"not_picked":["Melter+1","Compile Driver+1"],"picked":"Cold Snap+1","floor":11.0},{"not_picked":["Undo","Aggregate"],"picked":"Ball Lightning+1","floor":12.0},{"not_picked":["Conserve Battery","Undo"],"picked":"Coolheaded","floor":13.0}],"player_experience":824528,"relics_obtained":[{"floor":6.0,"key":"Molten Egg 2"},{"floor":8.0,"key":"Bottled Lightning"},{"floor":9.0,"key":"Eternal Feather"},{"floor":10.0,"key":"Boot"}],"event_choices":[{"damage_healed":0.0,"max_hp_gain":0.0,"max_hp_loss":0.0,"gold_gain":0.0,"event_name":"Scrap Ooze","player_choice":"Success","floor":2.0,"gold_loss":0.0,"damage_taken":7.0,"relics_obtained":["Gremlin Horn"]},{"damage_healed":0.0,"max_hp_gain":0.0,"max_hp_loss":0.0,"gold_gain":75.0,"event_name":"World of Goop","player_choice":"Gather Gold","floor":3.0,"gold_loss":0.0,"damage_taken":11.0}],"is_beta":false,"boss_relics":[],"items_purged_floors":[14],"is_endless":false,"potions_floor_spawned":[4,6,10,13],"killed_by":"The Guardian","ascension_level":11}}