{"host":"c2zlmc1hlq0427cl","time":1610482906,"event":{"mods":["100% Spire Juice","BaseMod","Googly Eyes","Hermit","Minty Spire (QoL Compilation)","Replay The Spire","StSLib","The Hayseed"],"gold_per_floor":[113,113,38,61,74,109,109,142,210,210,210,231,244,283,283,411,474,492,492,492,507,5,38,38,79,202,202,227,246,246,50,50,169,169,193,193,20,43,58,58,8,8,32,73,73,73,73],"floor_reached":46,"language":"ENG","playtime":4373,"items_purged":["TheSimpletonMod:Strike_TheSimpleton","TheSimpletonMod:Strike_TheSimpleton","hermit:ImpendingDoom","ReplayTheSpireMod:Restless Dread"],"score":604,"play_id":"b8fa787d-9d6d-4212-892a-e28c2d4eab5d","local_time":"20210112142146","is_ascension_mode":true,"campfire_choices":[{"data":"TheSimpletonMod:Surplus","floor":7,"key":"SMITH"},{"floor":15,"key":"REST"},{"floor":27,"key":"REST"},{"floor":30,"key":"REST"},{"data":"TheSimpletonMod:Fertilaser","floor":32,"key":"SMITH"},{"data":"TheSimpletonMod:Photosynthesis","floor":40,"key":"SMITH"},{"data":"TheSimpletonMod:BuzzBomb","floor":42,"key":"SMITH"},{"floor":45,"key":"REST"}],"circlet_count":0,"master_deck":["TheSimpletonMod:Strike_TheSimpleton+1","TheSimpletonMod:Defend_TheSimpleton","TheSimpletonMod:Haymaker","TheSimpletonMod:ReapAndSow+1","TheSimpletonMod:Ferment","TheSimpletonMod:Innovate","TheSimpletonMod:Fertilaser+1","TheSimpletonMod:Surplus+1","TheSimpletonMod:Sunchoke","ReplayTheSpireMod:Faulty Equipment","TheSimpletonMod:Fertilaser","TheSimpletonMod:Sunchoke","TheSimpletonMod:CloseScrape","TheSimpletonMod:BuzzBomb+1","TheSimpletonMod:Sunchoke","TheSimpletonMod:ToughenUp","Necronomicurse","Ghostly","Ghostly","Ghostly","Ghostly","Ghostly","TheSimpletonMod:BumperCrop","TheSimpletonMod:StockTheCellar","TheSimpletonMod:Photosynthesis+1","TheSimpletonMod:Germinate+1","TheSimpletonMod:DoubleBarrel","ReplayTheSpireMod:Necrogeddon","Forethought","Madness","TheSimpletonMod:DoubleBarrel","TheSimpletonMod:Aerate","TheSimpletonMod:CropRotation+1"],"relics":["TheSimpletonMod:SpudOfTheInnocent","TheSimpletonMod:NightSoil","TheSimpletonMod:TheHarvester","Golden Idol","TungstenRod","ReplayTheSpireMod:Lightbulb","Gremlin Horn","ReplayTheSpireMod:Ring of Collecting","Ring of Peace","TheSimpletonMod:WoodChipper","Tiny House","Necronomicon","Paper Crane","Anchor","Replay:WaspNest","Iron Hammer","Ring of Greed","Blue Doll","Smiling Mask","White Beast Statue","Strange Spoon","Replay:Drink Me","ReplayTheSpireMod:ShopPack","Ring of Fury","Bag of Marbles","Nunchaku"],"acts_visited":["Exordium","TheCity","TheBeyond"],"potions_floor_usage":[6,6,14,16,23,23,25,33,33,33,35],"damage_taken":[{"damage":0,"enemies":"Small Slimes","floor":1,"turns":3},{"damage":6,"enemies":"2 Louse","floor":4,"turns":3},{"damage":6,"enemies":"Jaw Worm","floor":5,"turns":3},{"damage":14,"enemies":"Gremlin Nob","floor":6,"turns":3},{"damage":5,"enemies":"Replay:BlueRogue","floor":8,"turns":7},{"damage":3,"enemies":"Red Slaver","floor":12,"turns":4},{"damage":12,"enemies":"Exordium Thugs","floor":13,"turns":5},{"damage":11,"enemies":"Gremlin Nob","floor":14,"turns":4},{"damage":21,"enemies":"The Guardian","floor":16,"turns":15},{"damage":3,"enemies":"Spheric Guardian","floor":18,"turns":6},{"damage":0,"enemies":"Shell Parasite","floor":21,"turns":6},{"damage":23,"enemies":"Book of Stabbing","floor":23,"turns":9},{"damage":5,"enemies":"Slavers","floor":25,"turns":6},{"damage":6,"enemies":"Centurion and Healer","floor":28,"turns":9},{"damage":0,"enemies":"3 Cultists","floor":29,"turns":5},{"damage":34,"enemies":"Champ","floor":33,"turns":21},{"damage":0,"enemies":"3 Darklings","floor":35,"turns":8},{"damage":0,"enemies":"Orb Walker","floor":38,"turns":7},{"damage":0,"enemies":"Transient","floor":39,"turns":5},{"damage":19,"enemies":"R_Hoarder","floor":44,"turns":9},{"damage":44,"enemies":"Giant Head","floor":46,"turns":10}],"seed_played":"-7200038782743228749","potions_obtained":[{"floor":1,"key":"ColorlessPotion"},{"floor":4,"key":"FearPotion"},{"floor":5,"key":"AttackPotion"},{"floor":14,"key":"PowerPotion"},{"floor":17,"key":"DuplicationPotion"},{"floor":18,"key":"Energy Potion"},{"floor":21,"key":"Block Potion"},{"floor":25,"key":"Weak Potion"},{"floor":28,"key":"SpeedPotion"},{"floor":29,"key":"AttackPotion"},{"floor":33,"key":"SkillPotion"},{"floor":35,"key":"Milkshake"},{"floor":36,"key":"Strength Potion"},{"floor":36,"key":"SpeedPotion"}],"is_trial":false,"path_per_floor":["M","?","$","M","M","E","R","E","T","?","?","M","M","E","R","B",null,"M","?","?","M","$","E","?","E","T","R","M","M","R","$","R","B",null,"M","?","$","M","M","R","$","R","T","E","R","E"],"character_chosen":"THE_SIMPLETON","items_purchased":["Paper Crane","Anchor","Strange Spoon","ReplayTheSpireMod:ShopPack","TheSimpletonMod:DoubleBarrel"],"campfire_rested":4,"item_purchase_floors":[22,22,31,37,37],"current_hp_per_floor":[75,57,57,55,49,39,39,34,34,34,34,31,23,16,38,17,80,77,65,40,40,40,25,25,20,20,32,26,26,38,38,38,4,30,30,30,30,30,30,30,30,30,30,11,20,0,0],"gold":73,"neow_bonus":"UPGRADE_CARD","is_daily":false,"chose_seed":false,"campfire_upgraded":4,"win_rate":0.0,"timestamp":1610482906,"path_taken":["M","?","$","M","M","E","R","E","T","?","?","M","?","E","R","BOSS","M","?","?","M","$","E","?","E","T","R","?","M","R","$","R","BOSS","M","?","$","M","M","R","?","R","T","E","R","E"],"items_purchased_type":["Relic","Relic","Relic","Relic","Card"],"build_version":"2020-12-22","purchased_purges":4,"victory":false,"max_hp_per_floor":[75,75,75,75,75,75,75,75,75,75,75,75,75,75,75,75,80,80,80,40,40,40,40,40,40,40,40,40,40,40,40,40,40,30,30,30,30,30,30,30,30,30,30,30,30,30,30],"card_choices":[{"not_picked":["TheSimpletonMod:DigIn","TheSimpletonMod:SpiceUp"],"picked":"TheSimpletonMod:Ferment","floor":1},{"not_picked":["TheSimpletonMod:PestManagement","TheSimpletonMod:CullingStrike"],"picked":"TheSimpletonMod:Innovate","floor":4},{"not_picked":["TheSimpletonMod:Sunchoke","TheSimpletonMod:Mulch"],"picked":"TheSimpletonMod:Fertilaser","floor":5},{"not_picked":["TheSimpletonMod:VineRipen","TheSimpletonMod:BumperCrop"],"picked":"TheSimpletonMod:Surplus","floor":6},{"not_picked":["TheSimpletonMod:Rototilling","TheSimpletonMod:ErosionControl"],"picked":"TheSimpletonMod:Sunchoke","floor":8},{"not_picked":["TheSimpletonMod:DoubleBarrel","TheSimpletonMod:SaladShooter"],"picked":"TheSimpletonMod:Fertilaser","floor":12},{"not_picked":["TheSimpletonMod:GoToMarket","TheSimpletonMod:SpiceUp"],"picked":"TheSimpletonMod:Sunchoke","floor":13},{"not_picked":["TheSimpletonMod:Fertilaser","TheSimpletonMod:OnionBloom"],"picked":"TheSimpletonMod:CloseScrape","floor":14},{"not_picked":["TheSimpletonMod:Biorefinement","TheSimpletonMod:ResearchGrant"],"picked":"TheSimpletonMod:BuzzBomb","floor":16},{"not_picked":["TheSimpletonMod:Swelter","TheSimpletonMod:Rake"],"picked":"TheSimpletonMod:Sunchoke","floor":17},{"not_picked":["TheSimpletonMod:Swelter","TheSimpletonMod:CloseScrape"],"picked":"TheSimpletonMod:ToughenUp","floor":18},{"not_picked":["TheSimpletonMod:Fertilaser","TheSimpletonMod:OnionBloom","TheSimpletonMod:SpiceUp"],"picked":"SKIP","floor":21},{"not_picked":["TheSimpletonMod:KeenEdge","TheSimpletonMod:Sunseed"],"picked":"TheSimpletonMod:BumperCrop","floor":23},{"not_picked":["TheSimpletonMod:KeenEdge","TheSimpletonMod:CloseScrape"],"picked":"TheSimpletonMod:StockTheCellar","floor":25},{"not_picked":["TheSimpletonMod:Pruning","TheSimpletonMod:SaladShooter","TheSimpletonMod:Ferment"],"picked":"SKIP","floor":28},{"not_picked":["TheSimpletonMod:SaladShooter","TheSimpletonMod:SeedCoat","TheSimpletonMod:Ferment"],"picked":"SKIP","floor":29},{"not_picked":["TheSimpletonMod:FlashPasteurize","TheSimpletonMod:Biorefinement"],"picked":"TheSimpletonMod:Photosynthesis","floor":33},{"not_picked":["TheSimpletonMod:PestManagement+1","TheSimpletonMod:Rake+1"],"picked":"TheSimpletonMod:Germinate+1","floor":35},{"not_picked":["Crow Ritual","Magnetism"],"picked":"ReplayTheSpireMod:Necrogeddon","floor":37},{"not_picked":["PanicButton","HandOfGreed"],"picked":"Forethought","floor":37},{"not_picked":["Panacea","HandOfGreed"],"picked":"Madness","floor":37},{"not_picked":["TheSimpletonMod:Potatoes+1","TheSimpletonMod:CloseScrape"],"picked":"TheSimpletonMod:DoubleBarrel","floor":38},{"not_picked":["TheSimpletonMod:ControlledBurn+1","TheSimpletonMod:SpiceUp"],"picked":"TheSimpletonMod:Aerate","floor":39},{"not_picked":["TheSimpletonMod:SpiceUp","TheSimpletonMod:Ferment"],"picked":"TheSimpletonMod:CropRotation+1","floor":44}],"player_experience":31101,"relics_obtained":[{"floor":6,"key":"TungstenRod"},{"floor":8,"key":"ReplayTheSpireMod:Lightbulb"},{"floor":9,"key":"Gremlin Horn"},{"floor":10,"key":"ReplayTheSpireMod:Ring of Collecting"},{"floor":10,"key":"Ring of Peace"},{"floor":14,"key":"TheSimpletonMod:WoodChipper"},{"floor":19,"key":"Necronomicon"},{"floor":23,"key":"Replay:WaspNest"},{"floor":25,"key":"Iron Hammer"},{"floor":26,"key":"Ring of Greed"},{"floor":26,"key":"Blue Doll"},{"floor":26,"key":"Smiling Mask"},{"floor":26,"key":"White Beast Statue"},{"floor":43,"key":"Ring of Fury"},{"floor":43,"key":"Bag of Marbles"},{"floor":44,"key":"Nunchaku"}],"event_choices":[{"damage_healed":0,"gold_gain":0,"player_choice":"Take Damage","damage_taken":18,"relics_obtained":["Golden Idol"],"max_hp_gain":0,"max_hp_loss":0,"event_name":"Golden Idol","floor":2,"gold_loss":0},{"cards_removed":["TheSimpletonMod:Strike_TheSimpleton"],"damage_healed":0,"gold_gain":0,"player_choice":"Purged","damage_taken":0,"max_hp_gain":0,"max_hp_loss":0,"event_name":"Purifier","floor":11,"gold_loss":0},{"damage_healed":0,"gold_gain":0,"player_choice":"Obtained Book","damage_taken":16,"max_hp_gain":0,"max_hp_loss":0,"event_name":"Cursed Tome","floor":19,"gold_loss":0},{"damage_healed":0,"gold_gain":0,"player_choice":"Became a Ghost","damage_taken":0,"max_hp_gain":0,"max_hp_loss":40,"event_name":"Ghosts","floor":20,"gold_loss":0,"cards_obtained":["Ghostly","Ghostly","Ghostly","Ghostly","Ghostly"]},{"damage_healed":0,"gold_gain":0,"player_choice":"Ignored","damage_taken":0,"max_hp_gain":0,"max_hp_loss":0,"event_name":"N\u0027loth","floor":24,"gold_loss":0},{"damage_healed":0,"gold_gain":0,"player_choice":"Got Potions","damage_taken":0,"max_hp_gain":0,"max_hp_loss":0,"event_name":"Lab","floor":36,"gold_loss":0}],"is_beta":false,"boss_relics":[{"not_picked":["Replay:Ancient Bell","Runic Pyramid"],"picked":"Tiny House"},{"not_picked":["Coffee Dripper","Philosopher\u0027s Stone"],"picked":"Replay:Drink Me"}],"items_purged_floors":[3,22,31,41],"is_endless":false,"potions_floor_spawned":[1,4,5,14,18,21,25,28,29,33,35,38,39,44],"killed_by":"Giant Head","ascension_level":1}}