{"host":"vh84ep2bvzg72dp7","time":1610446666,"event":{"mods":["2.2 Compatiblity","AchievementEnabler","Act Like it!","Aspiration","Astrologer","Bard","BaseMod","Beaked The Cultist","Better Altar","Better Match","Better Note","Better Sensory Stone","Better Skull","Better Third Choice","BetterRewards","Conspire","Downfall","Halation","Hallownest","Hermit","Hubris","Infinite Spire","Jorbs\u0027s Wanderer Trilogy","Marisa（霧雨　魔理沙）","Minty Spire (QoL Compilation)","MostiFishMod","Replay The Spire","Shop Mod","Spicy Shops","StSLib","The Alterego","The Animator","The Bug Knight","The Construct","The Cursed","The Hierophant","The Poker Player","The Runesmith","The Servant 0.9.4","The Wild Card","TheArtist","WarShipGirlsR/战舰少女R mod"],"gold_per_floor":[119,137,150,150,163,163,192,192],"floor_reached":7,"playtime":504,"items_purged":[],"score":53,"play_id":"034b2953-4d37-468c-b99d-be372fafee33","local_time":"20210112171746","is_ascension_mode":false,"campfire_choices":[],"circlet_count":0,"master_deck":["construct:Strike_Gold","construct:Strike_Gold","construct:Strike_Gold","construct:Strike_Gold","construct:Strike_Gold","construct:Defend_Gold","construct:Defend_Gold","construct:Defend_Gold","construct:Defend_Gold","construct:Defend_Gold","construct:AttackMode","construct:DefenseMode","construct:ShiftStrike","construct:Analyze","construct:MetalShell+2","construct:ShiftStrike","construct:Chainstrike","construct:Versatility"],"relics":["construct:Cogwheel","DaveBox","ThornShield","HollowMod:PaleOreRelic","SynthV:TestCard","hubris:Towel","construct:MegaBattery"],"acts_visited":["Hallownest:Greenpath"],"potions_floor_usage":[],"damage_taken":[{"damage":9,"enemies":"Hallownest:2_Tiktiks_and_1_Crawlid","floor":1,"turns":3},{"damage":4,"enemies":"Hallownest:2_Baldur","floor":2,"turns":3},{"damage":7,"enemies":"Hallownest:2_MossCreeps","floor":3,"turns":3},{"damage":14,"enemies":"Hallownest:monsterFoolEater","floor":5,"turns":5},{"damage":1,"enemies":"Hallownest:monsterAspidMother","floor":6,"turns":4},{"damage":10,"enemies":"Hallownest:eliteVengeflyKing","floor":7,"turns":4}],"seed_played":"4581544332238168350","potions_obtained":[{"floor":2,"key":"PowerPotion"},{"floor":5,"key":"hexamod:EctoCoolerPotion"}],"is_trial":false,"path_per_floor":["M","M","M","?","M","M","E"],"character_chosen":"THE_CONSTRUCT_MOD","items_purchased":["HollowMod:PaleOreRelic"],"campfire_rested":0,"item_purchase_floors":[0],"current_hp_per_floor":[76,72,65,65,51,50,40,40],"gold":192,"neow_bonus":"","is_daily":false,"chose_seed":false,"campfire_upgraded":0,"win_rate":0.0,"timestamp":1610446666,"path_taken":["M","M","M","?","M","M","E"],"items_purchased_type":["Relic"],"build_version":"2020-12-22","purchased_purges":0,"victory":false,"max_hp_per_floor":[85,85,85,85,85,85,85,85],"card_choices":[{"not_picked":["construct:Construct_Overclock","construct:Forcefield"],"picked":"construct:ShiftStrike","floor":1},{"not_picked":["construct:SyphonStrike","construct:Anticipate","construct:ModeShift","construct:Accumulate"],"picked":"construct:Analyze","floor":2},{"not_picked":["construct:FocusedBeam","construct:ScopeCore","construct:Disrupt","construct:ModeShift"],"picked":"construct:MetalShell","floor":3},{"not_picked":["construct:Accumulate","construct:FocusedBeam","construct:CriticalHit","construct:FlakBarrage"],"picked":"construct:ShiftStrike","floor":5},{"not_picked":["construct:ReactiveShield","construct:FierceBash","construct:Construct_Overclock","construct:VentSteam"],"picked":"construct:Chainstrike","floor":6},{"not_picked":["construct:Overcharge","construct:FierceBash","construct:PointDefense","construct:FocusedBeam"],"picked":"construct:Versatility","floor":7}],"player_experience":346681,"relics_obtained":[{"floor":1,"key":"SynthV:TestCard"},{"floor":7,"key":"construct:MegaBattery"}],"event_choices":[],"is_beta":false,"boss_relics":[],"items_purged_floors":[],"is_endless":false,"potions_floor_spawned":[2,5],"killed_by":"Hallownest:eliteVengeflyKing","ascension_level":0}}