{"host":"foq4mrde4mssg7vt","time":1610464756,"event":{"mods":["AchievementEnabler","BaseMod","Colored Map","Colored Powertips","Highlight Path","Minty Spire (QoL Compilation)","Relic Stats","everything is the same but u backflip on backflip"],"gold_per_floor":[130,186,245,304,376,376,423,66,66,66,104,104,172,172,172,274,274,314,381,381,381,406,406],"floor_reached":22,"playtime":926,"items_purged":["Strike_R"],"score":338,"play_id":"bc07c23d-0650-41f0-9522-ec92a9596ea6","local_time":"20210112231916","is_ascension_mode":true,"campfire_choices":[{"floor":6.0,"key":"REST"},{"data":"HandOfGreed","floor":10.0,"key":"SMITH"},{"data":"True Grit","floor":15.0,"key":"SMITH"}],"circlet_count":0,"master_deck":["AscendersBane","Strike_R","Strike_R","Strike_R","Strike_R","Defend_R","Defend_R","Defend_R","Defend_R","Bash","HandOfGreed+1","Thunderclap","Shrug It Off","Cleave","Dropkick","Reaper","True Grit+1","Limit Break","Shrug It Off","Flame Barrier","Feel No Pain"],"relics":["Burning Blood","Singing Bowl","Eternal Feather","Omamori","WarpedTongs","Coffee Dripper"],"acts_visited":["Exordium","TheCity"],"potions_floor_usage":[22,22],"damage_taken":[{"damage":1.0,"enemies":"Cultist","floor":1.0,"turns":3.0},{"damage":14.0,"enemies":"Small Slimes","floor":2.0,"turns":3.0},{"damage":1.0,"enemies":"2 Louse","floor":3.0,"turns":5.0},{"damage":27.0,"enemies":"Exordium Thugs","floor":4.0,"turns":6.0},{"damage":25.0,"enemies":"3 Louse","floor":5.0,"turns":10.0},{"damage":39.0,"enemies":"Lagavulin","floor":7.0,"turns":10.0},{"damage":14.0,"enemies":"Looter","floor":11.0,"turns":3.0},{"damage":1.0,"enemies":"2 Fungi Beasts","floor":13.0,"turns":4.0},{"damage":50.0,"enemies":"Hexaghost","floor":16.0,"turns":13.0},{"damage":32.0,"enemies":"Shell Parasite","floor":18.0,"turns":7.0},{"damage":25,"enemies":"3 Byrds","floor":19,"turns":7},{"damage":34,"enemies":"Sentry and Sphere","floor":22,"turns":6}],"seed_played":"-32594306094028801","potions_obtained":[{"floor":4.0,"key":"SkillPotion"},{"floor":5.0,"key":"PowerPotion"},{"floor":7.0,"key":"Regen Potion"},{"floor":18.0,"key":"GamblersBrew"}],"is_trial":false,"path_per_floor":["M","M","M","M","M","R","E","$","T","R","M","?","M","?","R","B",null,"M","M","?","?","M"],"character_chosen":"IRONCLAD","items_purchased":["Eternal Feather"],"campfire_rested":1,"item_purchase_floors":[8],"current_hp_per_floor":[68,60,65,44,25,45,12,12,12,21,13,13,24,24,33,10,55,36,26,26,26,0,0],"gold":406,"neow_bonus":"RANDOM_COLORLESS_2","is_daily":false,"chose_seed":false,"campfire_upgraded":2,"win_rate":0.0,"timestamp":1610464756,"path_taken":["M","M","M","M","?","R","E","$","T","R","M","?","?","?","R","BOSS","M","M","?","?","?"],"items_purchased_type":["Relic"],"build_version":"2020-12-22","purchased_purges":1,"victory":false,"max_hp_per_floor":[68,68,68,68,68,68,68,68,68,68,68,68,70,70,70,70,70,70,70,70,70,70,70],"relic_stats":{"Singing Bowl":2,"counters":[12,77],"Eternal Feather":18,"obtain_stats":[{"Singing Bowl":7,"Eternal Feather":8,"Omamori":9,"Coffee Dripper":17,"Burning Blood":0,"WarpedTongs":12},{"Singing Bowl":6,"Eternal Feather":6,"Omamori":6,"Coffee Dripper":9,"Burning Blood":0,"WarpedTongs":7},{"Singing Bowl":37,"Eternal Feather":37,"Omamori":37,"Coffee Dripper":57,"Burning Blood":0,"WarpedTongs":40}],"Burning Blood":61,"WarpedTongs":[34]},"card_choices":[{"not_picked":["Sadistic Nature","Thinking Ahead"],"picked":"HandOfGreed","floor":0.0},{"not_picked":["Entrench","Heavy Blade"],"picked":"Thunderclap","floor":1.0},{"not_picked":["Intimidate","Clash","Warcry"],"picked":"SKIP","floor":2.0},{"not_picked":["Dark Embrace","Combust"],"picked":"Shrug It Off","floor":3.0},{"not_picked":["Headbutt","Blood for Blood"],"picked":"Cleave","floor":4.0},{"not_picked":["Anger","Clash"],"picked":"Dropkick","floor":5.0},{"not_picked":["Twin Strike","Blood for Blood"],"picked":"Reaper","floor":7.0},{"not_picked":["Intimidate","Anger"],"picked":"True Grit","floor":11.0},{"not_picked":["Iron Wave","Warcry","Anger"],"picked":"Singing Bowl","floor":13.0},{"not_picked":["Brutality","Reaper"],"picked":"Limit Break","floor":16.0},{"not_picked":["Perfected Strike","Clash"],"picked":"Shrug It Off","floor":18.0},{"not_picked":["True Grit","Perfected Strike"],"picked":"Flame Barrier","floor":19}],"player_experience":445449,"relics_obtained":[{"floor":7.0,"key":"Singing Bowl"},{"floor":9.0,"key":"Omamori"}],"event_choices":[{"damage_healed":0.0,"max_hp_gain":0.0,"max_hp_loss":0.0,"gold_gain":0.0,"event_name":"Accursed Blacksmith","player_choice":"Rummage","floor":12.0,"gold_loss":0.0,"damage_taken":0.0,"relics_obtained":["WarpedTongs"],"cards_obtained":["Pain"]},{"damage_healed":0.0,"max_hp_gain":0.0,"max_hp_loss":0.0,"gold_gain":0.0,"event_name":"Dead Adventurer","player_choice":"Searched \u00270\u0027 times","floor":14.0,"gold_loss":0.0,"damage_taken":0.0},{"damage_healed":0,"gold_gain":0,"player_choice":"Read","damage_taken":0,"max_hp_gain":0,"max_hp_loss":0,"event_name":"The Library","floor":20,"gold_loss":0,"cards_obtained":["Feel No Pain"]},{"damage_healed":0,"gold_gain":0,"player_choice":"Ignored","damage_taken":0,"max_hp_gain":0,"max_hp_loss":0,"event_name":"N\u0027loth","floor":21,"gold_loss":0}],"is_beta":false,"boss_relics":[{"not_picked":["Black Star","Sozu"],"picked":"Coffee Dripper"}],"items_purged_floors":[8],"is_endless":false,"potions_floor_spawned":[4,5,7,13,18,19],"killed_by":"Sentry and Sphere","ascension_level":16}}