{"host":"3y2rtlgteqp2nuo3","time":1610426523,"event":{"mods":["2.2 Compatiblity","AchievementEnabler","BaseMod","Colored Map","DeckTracker","Highlight Path","Keyboard Shortcuts","Minty Spire (QoL Compilation)","Permanent Neow","Quick Restart","StSLib","SuperFastMode","everything is the same but u backflip on backflip"],"gold_per_floor":[116,126,138,148,164,164,226,238,250,262,307,319,345,386,398,506,518,548,570,601,179,191,191,219,234,234,54,54,54,54,65,65,167,167,177,188,188,5,5,5,336,353,424,440,440,454,454,474,474,474],"floor_reached":51,"playtime":1840,"items_purged":["Defend_G","Slice"],"score":1095,"play_id":"7b53437d-8b30-405a-a3a3-c3a452637fcb","local_time":"20210112134203","is_ascension_mode":true,"campfire_choices":[{"data":"Deadly Poison","floor":6.0,"key":"SMITH"},{"floor":8.0,"key":"REST"},{"data":"Poisoned Stab","floor":10.0,"key":"SMITH"},{"floor":15.0,"key":"REST"},{"floor":23.0,"key":"REST"},{"floor":28.0,"key":"REST"},{"floor":32.0,"key":"REST"},{"data":"Leg Sweep","floor":40.0,"key":"SMITH"},{"floor":45.0,"key":"REST"},{"data":"Footwork","floor":49.0,"key":"SMITH"}],"circlet_count":0,"master_deck":["Defend_G+1","Defend_G+1","Defend_G+1","Defend_G+1","Survivor","Neutralize","Dagger Spray","Crippling Poison","Poisoned Stab+1","Leg Sweep+1","Deadly Poison+1","Escape Plan","After Image","Heel Hook","Corpse Explosion+1","Backflip+1","Predator+1","Skewer+1","Escape Plan+1","Acrobatics+1","Prepared+1","PiercingWail+1","Deadly Poison+1","Well Laid Plans","Footwork+1","Noxious Fumes","Burst+1","Underhanded Strike","Deep Breath+1","Calculated Gamble+1","Concentrate+1","Dodge and Roll+1","Secret Weapon+1","Blind+1","Parasite","Bouncing Flask+1"],"relics":["Ring of the Snake","MawBank","War Paint","Toxic Egg 2","Dream Catcher","Astrolabe","Turnip","Lizard Tail","Mercury Hourglass","TwistedFunnel","HoveringKite","Eternal Feather","Old Coin","Question Card"],"acts_visited":["Exordium","TheCity","TheBeyond"],"potions_floor_usage":[50,50],"damage_taken":[{"damage":0.0,"enemies":"Jaw Worm","floor":1.0,"turns":5.0},{"damage":2.0,"enemies":"2 Louse","floor":2.0,"turns":2.0},{"damage":0.0,"enemies":"Small Slimes","floor":3.0,"turns":4.0},{"damage":5.0,"enemies":"Exordium Wildlife","floor":4.0,"turns":3.0},{"damage":6.0,"enemies":"Gremlin Gang","floor":5.0,"turns":5.0},{"damage":27.0,"enemies":"Gremlin Nob","floor":7.0,"turns":5.0},{"damage":9.0,"enemies":"Gremlin Nob","floor":11.0,"turns":4.0},{"damage":0.0,"enemies":"Large Slime","floor":13.0,"turns":5.0},{"damage":9.0,"enemies":"Lagavulin","floor":14.0,"turns":5.0},{"damage":10.0,"enemies":"The Guardian","floor":16.0,"turns":9.0},{"damage":1.0,"enemies":"Spheric Guardian","floor":18.0,"turns":4.0},{"damage":2.0,"enemies":"Chosen","floor":19.0,"turns":4.0},{"damage":15.0,"enemies":"Snake Plant","floor":20.0,"turns":6.0},{"damage":9.0,"enemies":"Snecko","floor":22.0,"turns":5.0},{"damage":29.0,"enemies":"Slavers","floor":24.0,"turns":5.0},{"damage":13.0,"enemies":"Sentry and Sphere","floor":25.0,"turns":6.0},{"damage":12.0,"enemies":"Snake Plant","floor":31.0,"turns":5.0},{"damage":16.0,"enemies":"Collector","floor":33.0,"turns":11.0},{"damage":20.0,"enemies":"3 Darklings","floor":35.0,"turns":2.0},{"damage":0.0,"enemies":"3 Shapes","floor":36.0,"turns":3.0},{"damage":23.0,"enemies":"Giant Head","floor":41.0,"turns":9.0},{"damage":2.0,"enemies":"Spire Growth","floor":42.0,"turns":6.0},{"damage":4.0,"enemies":"Maw","floor":44.0,"turns":9.0},{"damage":5.0,"enemies":"4 Shapes","floor":46.0,"turns":3.0},{"damage":12.0,"enemies":"Writhing Mass","floor":48.0,"turns":7.0},{"damage":56,"enemies":"Donu and Deca","floor":50,"turns":10}],"seed_played":"470329849715549855","potions_obtained":[{"floor":1.0,"key":"DuplicationPotion"},{"floor":2.0,"key":"LiquidMemories"},{"floor":13.0,"key":"Poison Potion"},{"floor":14.0,"key":"LiquidMemories"},{"floor":19.0,"key":"EssenceOfSteel"},{"floor":25.0,"key":"Block Potion"},{"floor":31.0,"key":"Strength Potion"},{"floor":35.0,"key":"ColorlessPotion"},{"floor":41.0,"key":"Explosive Potion"},{"floor":46.0,"key":"Fire Potion"}],"is_trial":false,"path_per_floor":["M","M","M","M","M","R","?","R","T","R","E","?","M","E","R","B",null,"M","M","M","$","M","R","E","M","T","$","R","?","?","M","R","B",null,"M","M","?","$","?","R","E","M","T","M","R","M","?","M","R","B",null],"character_chosen":"THE_SILENT","items_purchased":["Turnip","PiercingWail+1","TwistedFunnel","Footwork","Deep Breath+1"],"campfire_rested":6,"item_purchase_floors":[21,21,27,27,38],"current_hp_per_floor":[63,61,61,56,50,50,23,44,44,44,35,35,35,26,47,37,62,61,59,44,44,35,56,27,14,14,14,35,35,35,23,44,28,60,40,40,40,40,40,55,32,30,30,26,65,60,50,38,59,3],"gold":474,"neow_bonus":"TRANSFORM_CARD","is_daily":false,"chose_seed":false,"campfire_upgraded":4,"win_rate":0.0,"timestamp":1610426523,"path_taken":["M","M","M","M","M","R","?","R","T","R","E","?","M","E","R","BOSS","M","M","M","$","M","R","E","M","T","$","R","?","?","M","R","BOSS","M","M","?","$","?","R","E","?","T","M","R","M","?","M","R","BOSS"],"items_purchased_type":["Relic","Card","Relic","Card","Card"],"build_version":"2020-12-22","purchased_purges":2,"victory":true,"max_hp_per_floor":[70,70,70,70,70,70,70,70,70,70,70,70,70,70,70,70,70,70,70,70,70,70,70,70,70,70,70,70,70,70,70,70,70,70,70,70,70,70,70,70,70,70,70,70,70,70,70,70,70,70],"card_choices":[{"not_picked":["Caltrops","Blur"],"picked":"Crippling Poison","floor":1.0},{"not_picked":["Dodge and Roll","Masterful Stab"],"picked":"Slice","floor":2.0},{"not_picked":["Deflect","Backflip"],"picked":"Poisoned Stab","floor":3.0},{"not_picked":["Prepared","Heel Hook"],"picked":"Leg Sweep","floor":4.0},{"not_picked":["Leg Sweep","Flechettes"],"picked":"Deadly Poison","floor":5.0},{"not_picked":["Riddle With Holes","Flechettes"],"picked":"Escape Plan","floor":7.0},{"not_picked":["Reflex+1","Bane"],"picked":"After Image","floor":11.0},{"not_picked":["Deflect+1","Outmaneuver+1"],"picked":"Heel Hook","floor":13.0},{"not_picked":["Flying Knee","Expertise+1"],"picked":"Corpse Explosion+1","floor":14.0},{"not_picked":["Eviscerate","Accuracy"],"picked":"Backflip+1","floor":15.0},{"not_picked":["Cloak And Dagger+1","Dagger Throw"],"picked":"Acrobatics+1","floor":18.0},{"not_picked":["Cloak And Dagger+1","Concentrate+1","Blade Dance+1"],"picked":"SKIP","floor":19.0},{"not_picked":["Cloak And Dagger+1","Quick Slash"],"picked":"Prepared+1","floor":20.0},{"not_picked":["Slice","Heel Hook+1"],"picked":"Deadly Poison+1","floor":22.0},{"not_picked":["Finisher","Caltrops"],"picked":"Well Laid Plans","floor":24.0},{"not_picked":["Sucker Punch+1","Dagger Throw","Deadly Poison+1"],"picked":"SKIP","floor":25.0},{"not_picked":["Bane+1","Flying Knee","Underhanded Strike+1"],"picked":"SKIP","floor":31.0},{"not_picked":["Deflect+1","Dodge and Roll+1"],"picked":"Noxious Fumes","floor":32.0},{"not_picked":["Unload","Corpse Explosion+1"],"picked":"Burst+1","floor":33.0},{"not_picked":["Blade Dance+1","Finisher+1","Poisoned Stab"],"picked":"SKIP","floor":35.0},{"not_picked":["Underhanded Strike","Riddle With Holes","Acrobatics+1"],"picked":"SKIP","floor":36.0},{"not_picked":["Riddle With Holes","Acrobatics+1"],"picked":"Underhanded Strike","floor":36.0},{"not_picked":["Backflip+1","Backstab+1"],"picked":"Calculated Gamble+1","floor":41.0},{"not_picked":["Prepared+1","Predator","Sucker Punch"],"picked":"SKIP","floor":42.0},{"not_picked":["Bane","Infinite Blades","Caltrops+1"],"picked":"Concentrate+1","floor":44.0},{"not_picked":["Dodge and Roll+1","Blur+1","Backflip+1","Heel Hook"],"picked":"SKIP","floor":46.0},{"not_picked":["Blur+1","Backflip+1","Heel Hook"],"picked":"Dodge and Roll+1","floor":46.0},{"not_picked":["Swift Strike","Blind+1","Forethought+1"],"picked":"Secret Weapon+1","floor":47.0},{"not_picked":["The Bomb+1","Violence+1","Mind Blast"],"picked":"Blind+1","floor":47.0},{"not_picked":["Dagger Spray+1","Accuracy+1","Flying Knee"],"picked":"Bouncing Flask+1","floor":48.0}],"player_experience":679560,"relics_obtained":[{"floor":9.0,"key":"War Paint"},{"floor":11.0,"key":"Toxic Egg 2"},{"floor":14.0,"key":"Dream Catcher"},{"floor":24.0,"key":"Lizard Tail"},{"floor":26.0,"key":"Mercury Hourglass"},{"floor":41.0,"key":"Old Coin"},{"floor":43.0,"key":"Question Card"}],"event_choices":[{"damage_healed":0.0,"max_hp_gain":0.0,"max_hp_loss":0.0,"gold_gain":0.0,"event_name":"Dead Adventurer","player_choice":"Searched \u00273\u0027 times","floor":7.0,"gold_loss":0.0,"damage_taken":0.0,"relics_obtained":["MawBank"]},{"cards_removed":["Strike_G"],"damage_healed":0.0,"max_hp_gain":0.0,"max_hp_loss":0.0,"gold_gain":0.0,"event_name":"Living Wall","player_choice":"Forget","floor":12.0,"gold_loss":0.0,"damage_taken":0.0},{"damage_healed":0.0,"max_hp_gain":0.0,"max_hp_loss":0.0,"gold_gain":0.0,"event_name":"Cursed Tome","player_choice":"Ignored","floor":29.0,"gold_loss":0.0,"damage_taken":0.0},{"damage_healed":0.0,"max_hp_gain":0.0,"max_hp_loss":0.0,"gold_gain":0.0,"event_name":"Back to Basics","player_choice":"Simplicity","floor":30.0,"gold_loss":0.0,"damage_taken":0.0,"cards_upgraded":["Defend_G","Defend_G"]},{"damage_healed":0.0,"max_hp_gain":0.0,"max_hp_loss":0.0,"gold_gain":0.0,"event_name":"Tomb of Lord Red Mask","player_choice":"Ignored","floor":37.0,"gold_loss":0.0,"damage_taken":0.0},{"damage_healed":0.0,"max_hp_gain":0.0,"max_hp_loss":0.0,"gold_gain":0.0,"event_name":"WeMeetAgain","player_choice":"Gave Potion","floor":39.0,"gold_loss":0.0,"damage_taken":0.0,"relics_obtained":["Eternal Feather"]},{"damage_healed":0.0,"max_hp_gain":0.0,"max_hp_loss":0.0,"gold_gain":0.0,"event_name":"SensoryStone","player_choice":"Memory 3","floor":47.0,"gold_loss":0.0,"damage_taken":10.0}],"is_beta":false,"boss_relics":[{"not_picked":["SacredBark","Philosopher\u0027s Stone"],"picked":"Astrolabe"},{"not_picked":["Sozu","Busted Crown"],"picked":"HoveringKite"}],"items_purged_floors":[21,38],"is_endless":false,"potions_floor_spawned":[1,2,13,14,19,25,31,35,41,46],"ascension_level":9}}