{"host":"l84l8xigz5v5foa2","time":1610428814,"event":{"mods":["2.2 Compatiblity","AchievementEnabler","BaseMod","Better Note","Better Vampires","Card Filter","Colored Map","DeckTracker","Downfall","Gremlin Skip","Highlight Path","Keyboard Shortcuts","Minty Spire (QoL Compilation)","Permanent Neow","Quick Restart","Relic Filter","Relic Stats","StSLib","SuperFastMode","Transform Curses","Unknown Chances"],"gold_per_floor":[99,110,127,127,141,172,198,198,216,233,233,243,243,270,280,357,357,357,373,373,373,373,391,391,491,56,71,96,21,31,16,31,102,102,102,118,135,235,252,267,322,322,335,260,293,218,233,186,199,199,199,230,105,105,105],"floor_reached":56,"playtime":4165,"items_purged":["Guardian:Strike_Guardian","Guardian:Strike_Guardian","Guardian:Strike_Guardian"],"score":2181,"play_id":"fe89b478-5030-4796-a145-d8ef9db2ef5b","local_time":"20210112142014","is_ascension_mode":true,"campfire_choices":[{"data":"Guardian:FierceBash","floor":1.0,"key":"SMITH"},{"data":"Guardian:VentSteam","floor":8.0,"key":"SMITH"},{"data":"Guardian:CurlUp","floor":11.0,"key":"SMITH"},{"data":"Guardian:StasisField","floor":13.0,"key":"SMITH"},{"data":"Guardian:Suspension","floor":18.0,"key":"SMITH"},{"data":"Guardian:CompilePackage","floor":29.0,"key":"SMITH"},{"data":"Guardian:Suspension","floor":35.0,"key":"SMITH"},{"floor":44.0,"key":"RECALL"},{"data":"Guardian:FuturePlans","floor":46.0,"key":"SMITH"},{"data":"Guardian:FastForward","floor":54,"key":"SMITH"}],"circlet_count":0,"master_deck":["AscendersBane","Guardian:Defend_Guardian","Guardian:Defend_Guardian","Guardian:Defend_Guardian","Guardian:Defend_Guardian","Guardian:CurlUp+1","Guardian:TwinSlam","Guardian:FierceBash+1","Guardian:MultiBeam+1","Guardian:VentSteam+1","Guardian:TimeCapacitor","Guardian:StasisField+1","Guardian:Reroute","Guardian:Suspension+1","Guardian:CompilePackage+1","Guardian:Incinerate+1","Guardian:Suspension+1","Guardian:FuturePlans+1","Guardian:PrismaticBarrier","Guardian:BronzeOrb+1","Guardian:ShieldCharger","Guardian:FastForward+1","Guardian:PolyBeam+1","Guardian:PrimingBeam+1","Guardian:TemporalShield+1","Guardian:ShieldSpikes+1","Guardian:Recover","Guardian:Clone"],"relics":["Guardian:ModeShifter","Boot","Guardian:PocketSentry","Odd Mushroom","Sozu","Mummified Hand","Molten Egg 2","Guardian:SackOfGems","Guardian:DefensiveModeMoreBlock","White Beast Statue","downfall:HeartBlessingGreen","Coffee Dripper","downfall:HeartBlessingBlue","Akabeko","downfall:HeartBlessingRed","HandDrill","TungstenRod"],"acts_visited":["Exordium","TheCity","TheBeyond","TheEnding"],"potions_floor_usage":[],"damage_taken":[{"damage":0.0,"enemies":"2 Louse","floor":2.0,"turns":3.0},{"damage":6.0,"enemies":"Cultist","floor":3.0,"turns":5.0},{"damage":0.0,"enemies":"Small Slimes","floor":5.0,"turns":2.0},{"damage":12.0,"enemies":"3 Sentries","floor":6.0,"turns":5.0},{"damage":3.0,"enemies":"3 Louse","floor":9.0,"turns":3.0},{"damage":1.0,"enemies":"Blue Slaver","floor":10.0,"turns":3.0},{"damage":0.0,"enemies":"Gremlin Gang","floor":12.0,"turns":2.0},{"damage":0.0,"enemies":"The Mushroom Lair","floor":14.0,"turns":2.0},{"damage":0.0,"enemies":"Exordium Wildlife","floor":15.0,"turns":2.0},{"damage":34.0,"enemies":"downfall:Silent","floor":16.0,"turns":6.0},{"damage":0.0,"enemies":"3 Byrds","floor":19.0,"turns":3.0},{"damage":7.0,"enemies":"Shell Parasite","floor":23.0,"turns":4.0},{"damage":0.0,"enemies":"downfall:Watcher","floor":25.0,"turns":5.0},{"damage":0.0,"enemies":"downfall:FleeingMerchant","floor":26.0,"turns":4.0},{"damage":18.0,"enemies":"Snake Plant","floor":27.0,"turns":3.0},{"damage":13.0,"enemies":"Slavers","floor":28.0,"turns":2.0},{"damage":12.0,"enemies":"Sentry and Sphere","floor":30.0,"turns":4.0},{"damage":0.0,"enemies":"downfall:FleeingMerchant","floor":31.0,"turns":4.0},{"damage":7.0,"enemies":"Centurion and Healer","floor":32.0,"turns":3.0},{"damage":0.0,"enemies":"downfall:Ironclad","floor":33.0,"turns":7.0},{"damage":0.0,"enemies":"3 Shapes","floor":36.0,"turns":4.0},{"damage":4.0,"enemies":"3 Darklings","floor":37.0,"turns":3.0},{"damage":11.0,"enemies":"3 Darklings","floor":38.0,"turns":4.0},{"damage":0.0,"enemies":"Spire Growth","floor":39.0,"turns":4.0},{"damage":0.0,"enemies":"Transient","floor":40.0,"turns":6.0},{"damage":9.0,"enemies":"Writhing Mass","floor":43.0,"turns":4.0},{"damage":13.0,"enemies":"Reptomancer","floor":45.0,"turns":5.0},{"damage":1.0,"enemies":"4 Shapes","floor":47.0,"turns":4.0},{"damage":0.0,"enemies":"downfall:FleeingMerchant","floor":48.0,"turns":1.0},{"damage":0.0,"enemies":"Maw","floor":49.0,"turns":5.0},{"damage":11,"enemies":"downfall:Watcher","floor":50,"turns":7},{"damage":1,"enemies":"downfall:CharBossMerchant","floor":52,"turns":6},{"damage":13,"enemies":"downfall:NeowBoss","floor":55,"turns":18}],"seed_played":"8990751605777261844","potions_obtained":[{"floor":2.0,"key":"Fruit Juice"},{"floor":5.0,"key":"champ:CounterPotion"},{"floor":9.0,"key":"Strength Potion"},{"floor":15.0,"key":"LiquidBronze"},{"floor":16.0,"key":"FearPotion"}],"is_trial":false,"path_per_floor":["R","M","M","?","M","E","T","R","M","M","R","M","R","?","M","B",null,"R","M","?","?","?","M","T","?","$","M","E","R","M","$","M","B",null,"R","M","M","?","M","M","T","?","M","R","E","R","M","$","M","B",null,"E","$","R","B",null],"character_chosen":"GUARDIAN","items_purchased":["Guardian:FuturePlans","Guardian:Gem_Fragmented","Guardian:DefensiveModeMoreBlock","Guardian:Recover","Guardian:Clone","HandDrill"],"campfire_rested":0,"item_purchase_floors":[26,26,26,48,48,48],"current_hp_per_floor":[65,70,64,64,64,52,52,52,49,48,48,48,48,48,48,14,61,61,61,61,61,61,54,54,54,54,36,23,23,11,11,4,4,59,59,59,55,44,44,44,44,44,35,45,32,32,31,31,31,20,70,69,69,69,56],"gold":105,"neow_bonus":"ONE_RANDOM_RARE_CARD","is_daily":false,"chose_seed":false,"campfire_upgraded":9,"win_rate":0.0,"timestamp":1610428814,"path_taken":["R","M","M","?","M","E","T","R","M","M","R","?","R","?","M","BOSS","R","M","?","?","?","M","T","?","$","?","E","R","?","$","M","BOSS","R","M","M","?","?","M","T","?","M","R","E","R","M","$","M","BOSS","E","$","R","BOSS"],"items_purchased_type":["Card","Card","Relic","Card","Card","Relic"],"build_version":"2020-12-22","purchased_purges":3,"victory":true,"max_hp_per_floor":[72,77,77,77,77,77,77,77,77,77,77,77,77,77,77,77,77,77,77,77,77,77,77,77,77,77,77,77,77,77,77,77,77,77,77,77,77,77,77,77,77,77,77,87,87,87,87,87,87,87,87,87,87,87,87],"relic_stats":{"Sozu":16,"counters":[33,142],"Mummified Hand":[49],"HandDrill":[22],"Boot":[126],"obtain_stats":[{"Guardian:DefensiveModeMoreBlock":26,"downfall:HeartBlessingRed":46,"Guardian:ModeShifter":0,"Guardian:SackOfGems":25,"downfall:HeartBlessingGreen":29,"Guardian:PocketSentry":7,"Odd Mushroom":14,"Boot":6,"White Beast Statue":28,"Akabeko":45,"Sozu":17,"Mummified Hand":24,"downfall:HeartBlessingBlue":44,"Molten Egg 2":25,"Coffee Dripper":34,"HandDrill":48,"TungstenRod":52},{"Guardian:DefensiveModeMoreBlock":14,"downfall:HeartBlessingRed":27,"Guardian:ModeShifter":0,"Guardian:SackOfGems":13,"downfall:HeartBlessingGreen":16,"Guardian:PocketSentry":4,"Odd Mushroom":8,"Boot":4,"White Beast Statue":16,"Akabeko":27,"Sozu":10,"Mummified Hand":12,"downfall:HeartBlessingBlue":26,"Molten Egg 2":13,"Coffee Dripper":20,"HandDrill":29,"TungstenRod":32},{"Guardian:DefensiveModeMoreBlock":48,"downfall:HeartBlessingRed":101,"Guardian:ModeShifter":0,"Guardian:SackOfGems":44,"downfall:HeartBlessingGreen":53,"Guardian:PocketSentry":15,"Odd Mushroom":24,"Boot":15,"White Beast Statue":53,"Akabeko":101,"Sozu":32,"Mummified Hand":39,"downfall:HeartBlessingBlue":96,"Molten Egg 2":44,"Coffee Dripper":71,"HandDrill":106,"TungstenRod":124}],"TungstenRod":2},"card_choices":[{"not_picked":["Guardian:ChargeUp","Guardian:Planning"],"picked":"Guardian:MultiBeam","floor":2.0},{"not_picked":["Guardian:CrystalBeam","Guardian:Gem_Green"],"picked":"Guardian:VentSteam","floor":3.0},{"not_picked":["Guardian:WalkerClaw","Guardian:Planning"],"picked":"Guardian:TimeCapacitor","floor":5.0},{"not_picked":["Guardian:Orbwalk","Guardian:ChargeCore"],"picked":"Guardian:Gem_Yellow","floor":6.0},{"not_picked":["Guardian:WalkerClaw","Guardian:GuardianWhirl"],"picked":"Guardian:StasisField","floor":9.0},{"not_picked":["Guardian:Gem_Red","Guardian:ChargeCore"],"picked":"Guardian:Reroute","floor":10.0},{"not_picked":["Guardian:Preprogram","Guardian:WalkerClaw"],"picked":"Guardian:Gem_Blue","floor":12.0},{"not_picked":["Guardian:Gem_Cyan","Guardian:ChargeUp"],"picked":"Guardian:Suspension","floor":14.0},{"not_picked":["Guardian:Gem_Red","Guardian:BronzeArmor"],"picked":"Guardian:Gem_Fragmented","floor":15.0},{"not_picked":["Guardian:AncientConstruct","Guardian:FastForward"],"picked":"Guardian:CompilePackage","floor":16.0},{"not_picked":["Guardian:ChargeUp","Guardian:Reroute+1","Guardian:CrystalBeam"],"picked":"SKIP","floor":19.0},{"not_picked":["Guardian:CrystalBeam","Guardian:TemporalShield"],"picked":"Guardian:Incinerate+1","floor":23.0},{"not_picked":["Guardian:Gem_Green","Guardian:Gem_Red"],"picked":"Guardian:Suspension","floor":25.0},{"not_picked":["Guardian:WalkerClaw+1","Guardian:Planning","Guardian:SphericShield"],"picked":"SKIP","floor":26.0},{"not_picked":["Guardian:Gem_Cyan","Guardian:ChargeCore+1"],"picked":"Guardian:Gem_White","floor":27.0},{"not_picked":["Guardian:TemporalStrike+1","Guardian:ChargeUp"],"picked":"Guardian:PrismaticBarrier","floor":28.0},{"not_picked":["Guardian:DonusPower+1","Guardian:FloatingOrbs"],"picked":"Guardian:Gem_Cyan","floor":30.0},{"not_picked":["Guardian:PrimingBeam+1","Guardian:Gem_Fragmented"],"picked":"Guardian:BronzeOrb+1","floor":31.0},{"not_picked":["Guardian:ChargeCore+1","Guardian:PrimingBeam+1"],"picked":"Guardian:ShieldCharger","floor":32.0},{"not_picked":["Guardian:Gem_Orange","Guardian:StasisField"],"picked":"Guardian:FastForward","floor":33.0},{"not_picked":["Guardian:Gem_Red","Guardian:TemporalShield"],"picked":"Guardian:PolyBeam+1","floor":36.0},{"not_picked":["Guardian:VentSteam+1","Guardian:ShieldCharger"],"picked":"Guardian:Gem_Green","floor":37.0},{"not_picked":["Guardian:DonusPower","Guardian:Gem_Fragmented","Guardian:Incinerate+1"],"picked":"SKIP","floor":39.0},{"not_picked":["Guardian:CrystalBeam+1","Guardian:PrismaticBarrier"],"picked":"Guardian:PrimingBeam+1","floor":40.0},{"not_picked":["Guardian:TimeCapacitor+1","Guardian:PrimingBeam+1"],"picked":"Guardian:Gem_Blue","floor":43.0},{"not_picked":["Guardian:PiercingHide+1","Guardian:Planning+1"],"picked":"Guardian:TemporalShield+1","floor":45.0},{"not_picked":["Guardian:ShieldSpikes+1","Guardian:RollAttack+1","Guardian:TemporalStrike+1"],"picked":"SKIP","floor":47.0},{"not_picked":["Guardian:RollAttack+1","Guardian:TemporalStrike+1"],"picked":"Guardian:ShieldSpikes+1","floor":47.0},{"not_picked":["Guardian:SphericShield","Guardian:FuturePlans","Guardian:TemporalShield"],"picked":"SKIP","floor":48.0},{"not_picked":["Guardian:MultiBeam+1","Guardian:Incinerate+1","Guardian:PrismaticBeam+1"],"picked":"SKIP","floor":49.0},{"not_picked":["Guardian:Incinerate+1","Guardian:WalkerClaw+1","Guardian:PiercingHide+1"],"picked":"SKIP","floor":52}],"player_experience":3106606,"relics_obtained":[{"floor":6.0,"key":"Boot"},{"floor":7.0,"key":"Guardian:PocketSentry"},{"floor":14.0,"key":"Odd Mushroom"},{"floor":24.0,"key":"Mummified Hand"},{"floor":25.0,"key":"Molten Egg 2"},{"floor":25.0,"key":"Guardian:SackOfGems"},{"floor":28.0,"key":"White Beast Statue"},{"floor":45.0,"key":"Akabeko"},{"floor":52,"key":"TungstenRod"}],"event_choices":[{"damage_healed":0.0,"max_hp_gain":0.0,"max_hp_loss":0.0,"gold_gain":0.0,"event_name":"Upgrade Shrine","player_choice":"Upgraded","floor":4.0,"gold_loss":0.0,"damage_taken":0.0,"cards_upgraded":["Guardian:MultiBeam"]},{"damage_healed":0.0,"max_hp_gain":0.0,"max_hp_loss":0.0,"gold_gain":0.0,"event_name":"Mushrooms","player_choice":"Fought Mushrooms","floor":14.0,"gold_loss":0.0,"damage_taken":0.0},{"damage_healed":0.0,"max_hp_gain":0.0,"max_hp_loss":0.0,"gold_gain":0.0,"event_name":"Vampires","player_choice":"Ignored","floor":22.0,"gold_loss":0.0,"damage_taken":0.0}],"is_beta":false,"boss_relics":[{"not_picked":["Busted Crown","Guardian:StasisSlotReductionRelic"],"picked":"Sozu"},{"not_picked":["Astrolabe","SlaversCollar"],"picked":"Coffee Dripper"}],"items_purged_floors":[26,48,53],"is_endless":false,"potions_floor_spawned":[2,5,9,15,16,25,30,31,32,33,36,37,38,39,40,43,45,47,48,49,52],"ascension_level":20}}