{"host":"qijhzzkmbgiiyux7","time":1610479777,"event":{"mods":["BaseMod","Downfall","Hermit","Minty Spire (QoL Compilation)","Replay The Spire","StSLib","The Cursed"],"gold_per_floor":[99,114,129,144,144,159,159,159,159,159,66,81,81,96,111,211,211,211,226,241,241,241],"floor_reached":21,"playtime":1962,"items_purged":[],"score":273,"play_id":"c8597719-c05f-405e-b58b-e35e57d3d435","local_time":"20210112222937","daily_mods":["Heirloom","Hoarder","Elite Swarm"],"is_ascension_mode":false,"campfire_choices":[{"data":"Eruption","floor":1,"key":"SMITH"},{"data":"Wallop","floor":10,"key":"SMITH"},{"floor":13,"key":"REST"},{"data":"Ragnarok","floor":18,"key":"PURGE"}],"circlet_count":0,"master_deck":["Eruption+1","Vigilance","Wallop","Wallop","Wallop+1","TalkToTheHand","TalkToTheHand","ClearTheMind","ClearTheMind","LikeWater+1","LikeWater+1","LikeWater+1","ThirdEye","ThirdEye","ThirdEye","Sanctity","Sanctity","Sanctity","Ragnarok","Ragnarok","FollowUp","FollowUp","FollowUp","PathToVictory","PathToVictory","PathToVictory","SashWhip","SashWhip","SashWhip","MasterReality","MasterReality","MasterReality","MentalFortress","MentalFortress","MentalFortress","Indignation","Indignation","Indignation","Replay:Anticipation","Replay:Anticipation","Replay:Anticipation","DeceiveReality","DeceiveReality","DeceiveReality","Vault","Vault","Vault","WheelKick","WheelKick","WheelKick","Wallop","Wallop","Wallop","Indignation","Indignation","Indignation","Halt","Halt","Halt","Prostrate","Prostrate","Prostrate"],"relics":["PureWater","Replay:Purple Gloves","Boot","Pandora\u0027s Box"],"acts_visited":["Exordium","TheCity"],"potions_floor_usage":[20],"damage_taken":[{"damage":2,"enemies":"Cultist","floor":2,"turns":3},{"damage":0,"enemies":"2 Louse","floor":3,"turns":2},{"damage":0,"enemies":"Jaw Worm","floor":4,"turns":4},{"damage":5,"enemies":"Looter","floor":6,"turns":3},{"damage":5,"enemies":"downfall:FleeingMerchant","floor":11,"turns":4},{"damage":11,"enemies":"Gremlin Gang","floor":12,"turns":8},{"damage":0,"enemies":"Large Slime","floor":14,"turns":4},{"damage":0,"enemies":"Red Slaver","floor":15,"turns":1},{"damage":15,"enemies":"Slime Boss","floor":16,"turns":14},{"damage":4,"enemies":"Chosen","floor":19,"turns":9},{"damage":21,"enemies":"Spheric Guardian","floor":20,"turns":7},{"damage":50,"enemies":"Cultist and Chosen","floor":21,"turns":11}],"seed_played":"-5514344210177769252","potions_obtained":[{"floor":2,"key":"StancePotion"},{"floor":3,"key":"Fire Potion"},{"floor":14,"key":"Venom Potion"},{"floor":20,"key":"Venom Potion"}],"is_trial":false,"path_per_floor":["R","M","M","M","?","M","T","?","?","R","$","M","R","M","M","B",null,"R","M","M","M"],"character_chosen":"WATCHER","items_purchased":["Ragnarok"],"campfire_rested":1,"item_purchase_floors":[11],"current_hp_per_floor":[72,70,70,70,70,65,65,65,65,65,60,49,70,70,70,55,72,72,68,47,0,0],"gold":241,"neow_bonus":"","is_daily":true,"chose_seed":false,"campfire_upgraded":2,"win_rate":0.0,"timestamp":1610479777,"path_taken":["R","M","M","?","?","M","T","?","?","R","$","M","R","M","M","BOSS","R","M","M","?"],"items_purchased_type":["Card"],"build_version":"2020-12-22","purchased_purges":0,"victory":false,"max_hp_per_floor":[72,72,72,72,72,72,72,72,72,72,72,72,72,72,72,72,72,72,72,72,72,72],"card_choices":[{"not_picked":["EmptyBody","Replay:DivineShield"],"picked":"Wallop","floor":2},{"not_picked":["Replay:ManipulateFuture","Perseverance"],"picked":"TalkToTheHand","floor":3},{"not_picked":["Wallop","FlyingSleeves"],"picked":"ClearTheMind","floor":4},{"not_picked":["Protect","EmptyMind"],"picked":"ThirdEye","floor":6},{"not_picked":["BattleHymn","Replay:AtTheReady"],"picked":"Sanctity","floor":11},{"not_picked":["CrushJoints","TalkToTheHand"],"picked":"FollowUp","floor":12},{"not_picked":["Sanctity","ClearTheMind"],"picked":"PathToVictory","floor":14},{"not_picked":["Alpha","JustLucky"],"picked":"SashWhip","floor":15},{"not_picked":["Scrawl","Replay:AllIn"],"picked":"MasterReality","floor":16},{"not_picked":["Protect","CutThroughFate+1"],"picked":"Halt","floor":19},{"not_picked":["Replay:LoomingThreat","Replay:AtTheReady"],"picked":"Prostrate","floor":20}],"player_experience":40897,"relics_obtained":[{"floor":7,"key":"Boot"}],"event_choices":[{"damage_healed":0,"gold_gain":0,"player_choice":"Ignored","damage_taken":0,"max_hp_gain":0,"max_hp_loss":0,"event_name":"Liars Game","floor":8,"gold_loss":0},{"cards_removed":["ClearTheMind"],"damage_healed":0,"gold_gain":0,"player_choice":"Purged","damage_taken":0,"max_hp_gain":0,"max_hp_loss":0,"event_name":"Purifier","floor":9,"gold_loss":0}],"is_beta":false,"boss_relics":[{"not_picked":["Replay:Bronze Core","Sozu"],"picked":"Pandora\u0027s Box"}],"items_purged_floors":[],"is_endless":false,"potions_floor_spawned":[2,3,14,15,19,20],"killed_by":"Cultist and Chosen","ascension_level":0}}