{"host":"l2dnabsh5e0fsksb","time":1610463495,"event":{"mods":["2.2 Compatiblity","BaseMod","Downfall","Minty Spire (QoL Compilation)","Quick Restart","StSLib"],"gold_per_floor":[99,99,99,99,99,62,62,80,112,37,22,54,54,66,82,180,180,105,119,132,232,232,232,258,258,286,304,304,38,38,38,49,148,148,148,161,211,211,45,79,79,4,4,4,14,14,47,47,58,58,58,58],"floor_reached":50,"playtime":2300,"items_purged":[],"score":830,"play_id":"f6dac47f-e5ac-458f-b4b5-c1310a911e78","local_time":"20210113012815","is_ascension_mode":true,"campfire_choices":[{"floor":1.0,"key":"RECALL"},{"data":"champ:Taunt","floor":10.0,"key":"SMITH"},{"data":"champ:Backstep","floor":13.0,"key":"SMITH"},{"data":"champ:Backstep","floor":18.0,"key":"SMITH"},{"floor":23.0,"key":"REST"},{"floor":28.0,"key":"REST"},{"data":"champ:SwordSigil","floor":30.0,"key":"SMITH"},{"data":"champ:VampiricStrike","floor":35,"key":"SMITH"},{"floor":42,"key":"REST"},{"data":"champ:RecklessLeap","floor":44,"key":"SMITH"}],"circlet_count":0,"master_deck":["AscendersBane","champ:Strike","champ:Strike","champ:Defend","champ:Defend","champ:Defend","champ:Defend+1","champ:Execute+1","champ:Taunt+1","champ:StanceDance+1","champ:IronFortress+1","champ:Backstep+1","champ:BerserkerStyle","champ:PreciseThrust","champ:LastStand+1","champ:Backstep+1","champ:StanceDance","champ:SwordSigil+1","champ:FlashCut+1","champ:Improvising+1","champ:CrookedStrike","champ:BerserkerStyle+1","champ:GladiatorStyle+1","champ:IronFortress+1","champ:BringItOn+1","champ:EnchantCrown","champ:VampiricStrike+1","champ:ShieldWall+1","champ:FalseCounter+1","champ:BerserkerStyle+1","champ:RecklessLeap+1","champ:BerserkerStyle+1","expansioncontent:DefensiveMode+1"],"relics":["champ:ChampionCrownUpgraded","downfall:HeartsMalice","Spirit Poop","Letter Opener","Frozen Egg 2","downfall:HeartBlessingRed","Pear","Runic Pyramid","downfall:HeartBlessingGreen","champ:FightingForDummies","Guardian:PocketSentry","Juzu Bracelet","Eternal Feather","Dead Branch","champ:Barbells","Potion Belt","downfall:HeartBlessingBlue","Prayer Wheel"],"acts_visited":["Exordium","TheCity","TheBeyond"],"potions_floor_usage":[32,47,50,50],"damage_taken":[{"damage":0.0,"enemies":"Jaw Worm","floor":2.0,"turns":1.0},{"damage":0.0,"enemies":"2 Louse","floor":3.0,"turns":1.0},{"damage":0.0,"enemies":"downfall:FleeingMerchant","floor":6.0,"turns":1.0},{"damage":11.0,"enemies":"Cultist","floor":8.0,"turns":5.0},{"damage":34.0,"enemies":"3 Sentries","floor":9.0,"turns":9.0},{"damage":11.0,"enemies":"downfall:FleeingMerchant","floor":11.0,"turns":4.0},{"damage":20.0,"enemies":"Gremlin Nob","floor":12.0,"turns":5.0},{"damage":17.0,"enemies":"Blue Slaver","floor":14.0,"turns":3.0},{"damage":14.0,"enemies":"Exordium Wildlife","floor":15.0,"turns":4.0},{"damage":41.0,"enemies":"downfall:Silent","floor":16.0,"turns":9.0},{"damage":11.0,"enemies":"Shell Parasite","floor":19.0,"turns":5.0},{"damage":48.0,"enemies":"Chosen","floor":20.0,"turns":7.0},{"damage":47.0,"enemies":"Gremlin Leader","floor":26.0,"turns":8.0},{"damage":32.0,"enemies":"Snecko","floor":27.0,"turns":7.0},{"damage":3.0,"enemies":"downfall:FleeingMerchant","floor":29.0,"turns":4.0},{"damage":2,"enemies":"Snake Plant","floor":32,"turns":4},{"damage":45,"enemies":"downfall:Defect","floor":33,"turns":9},{"damage":56,"enemies":"3 Darklings","floor":36,"turns":4},{"damage":50,"enemies":"Mind Bloom Boss Battle","floor":37,"turns":10},{"damage":30,"enemies":"downfall:FleeingMerchant","floor":39,"turns":4},{"damage":97,"enemies":"Nemesis","floor":40,"turns":9},{"damage":37,"enemies":"3 Shapes","floor":45,"turns":4},{"damage":174,"enemies":"Giant Head","floor":47,"turns":9},{"damage":33,"enemies":"Maw","floor":49,"turns":8},{"damage":122,"enemies":"downfall:Watcher","floor":50,"turns":6}],"seed_played":"-8668672901334756519","potions_obtained":[{"floor":8.0,"key":"Explosive Potion"},{"floor":12.0,"key":"SmokeBomb"},{"floor":15.0,"key":"DistilledChaos"},{"floor":16.0,"key":"Guardian:BlockOnCardUsePotion"},{"floor":25.0,"key":"CultistPotion"},{"floor":32,"key":"SpeedPotion"},{"floor":40,"key":"ColorlessPotion"},{"floor":45,"key":"sneckomod:MuddlingPotion"}],"is_trial":false,"path_per_floor":["R","M","M","?","?","$","T","M","E","R","$","E","R","M","M","B",null,"R","M","M","?","?","R","T","?","E","M","R","$","R","?","M","B",null,"R","M","?","?","$","E","T","R","?","R","M","?","E","?","M","B"],"character_chosen":"THE_CHAMP","items_purchased":["champ:BerserkerStyle","Eternal Feather","champ:Barbells"],"campfire_rested":3,"item_purchase_floors":[6,29,39],"current_hp_per_floor":[81,81,81,81,81,81,81,81,56,56,55,58,58,49,42,14,79,79,76,35,35,35,65,65,65,56,29,59,59,74,74,72,47,87,100,97,88,88,73,10,10,71,96,96,96,96,32,32,68,0,0,0],"gold":58,"neow_bonus":"THREE_ENEMY_KILL","is_daily":false,"chose_seed":false,"campfire_upgraded":6,"win_rate":0.0,"timestamp":1610463495,"path_taken":["R","M","M","?","?","$","T","M","E","R","$","E","R","?","M","BOSS","R","M","M","?","?","R","T","?","E","M","R","?","R","?","M","BOSS","R","M","?","?","$","E","T","R","?","R","M","?","E","?","M","BOSS"],"items_purchased_type":["Card","Relic","Relic"],"build_version":"2020-12-22","purchased_purges":0,"victory":false,"max_hp_per_floor":[90,90,90,90,90,90,90,90,90,90,90,100,100,100,100,100,100,100,100,100,100,100,100,100,100,100,100,100,100,100,100,100,100,100,100,100,100,100,100,100,100,110,96,96,96,96,96,96,96,101,101,101],"card_choices":[{"not_picked":["champ:BladeFlurry","champ:ShieldSigil"],"picked":"champ:StanceDance","floor":2.0},{"not_picked":["champ:ShieldWall","champ:FaceSlap"],"picked":"champ:IronFortress","floor":3.0},{"not_picked":["champ:EndlessRage","champ:ShieldSigil"],"picked":"champ:Backstep","floor":6.0},{"not_picked":["champ:Circumvent","champ:FalseCounter"],"picked":"champ:PreciseThrust","floor":8.0},{"not_picked":["champ:ShieldSigil","champ:Backstep"],"picked":"champ:LastStand+1","floor":9.0},{"not_picked":["champ:FanOfKnives","champ:Control"],"picked":"champ:Backstep","floor":11.0},{"not_picked":["champ:Circumvent","champ:Lariat"],"picked":"champ:StanceDance","floor":12.0},{"not_picked":["champ:LastStand+1","champ:Aggression"],"picked":"champ:SwordSigil","floor":14.0},{"not_picked":["champ:RageSigil","champ:DefensiveShout"],"picked":"champ:FlashCut","floor":15.0},{"not_picked":["champ:SteelEdge","champ:PerfectForm+1"],"picked":"champ:Improvising+1","floor":16.0},{"not_picked":["champ:HeartStrike+1","champ:DefensiveShout"],"picked":"champ:CrookedStrike","floor":19.0},{"not_picked":["champ:AdrenalArmor+1","champ:ArenaPreparation"],"picked":"champ:BerserkerStyle+1","floor":20.0},{"not_picked":["champ:Circumvent+1","champ:FightOn"],"picked":"champ:GladiatorStyle+1","floor":26.0},{"not_picked":["champ:FanOfKnives+1","champ:Riposte"],"picked":"champ:IronFortress+1","floor":27.0},{"not_picked":["champ:FlashCut","champ:FocusedDefense"],"picked":"champ:BringItOn+1","floor":29.0},{"not_picked":["champ:Riposte+1","champ:PerfectedStrike"],"picked":"champ:EnchantCrown","floor":32},{"not_picked":["champ:SteelEdge","champ:ShieldSlam"],"picked":"champ:VampiricStrike","floor":33},{"not_picked":["champ:CrookedStrike+1","champ:EndlessRage+1"],"picked":"champ:ShieldWall+1","floor":36},{"not_picked":["champ:RisingSlash+1","champ:PreciseThrust+1"],"picked":"champ:FalseCounter+1","floor":37},{"not_picked":["champ:GladiatorsShout+1","champ:FocusedGladiator"],"picked":"champ:BerserkerStyle+1","floor":39},{"not_picked":["champ:EnragedBash+1","champ:GutPunch"],"picked":"champ:RecklessLeap","floor":40},{"not_picked":["champ:Aggression+1","champ:TornadoPunch"],"picked":"champ:BerserkerStyle+1","floor":45},{"not_picked":["champ:BerserkersShout+1","champ:Circumvent"],"picked":"champ:FightOn","floor":47},{"not_picked":["expansioncontent:ChargeUp","expansioncontent:Sear"],"picked":"expansioncontent:DefensiveMode+1","floor":48},{"not_picked":["champ:ShieldSigil","champ:FightOn","champ:PerfectedStrike+1"],"picked":"SKIP","floor":49},{"not_picked":["champ:Circumvent","champ:Shatter","champ:Haymaker+1"],"picked":"SKIP","floor":49}],"player_experience":1773653,"relics_obtained":[{"floor":7.0,"key":"Letter Opener"},{"floor":9.0,"key":"Frozen Egg 2"},{"floor":12.0,"key":"Pear"},{"floor":24.0,"key":"Guardian:PocketSentry"},{"floor":26.0,"key":"Juzu Bracelet"},{"floor":37,"key":"Dead Branch"},{"floor":40,"key":"Potion Belt"},{"floor":47,"key":"Prayer Wheel"}],"event_choices":[{"cards_removed":["Regret"],"damage_healed":0.0,"max_hp_gain":0.0,"max_hp_loss":0.0,"gold_gain":0.0,"event_name":"Bonfire Elementals","player_choice":"Offered Curse","floor":5.0,"gold_loss":0.0,"damage_taken":0.0,"relics_obtained":["Spirit Poop"]},{"cards_removed":["champ:Strike"],"damage_healed":0,"gold_gain":0,"player_choice":"Card Removal","damage_taken":0,"max_hp_gain":0,"max_hp_loss":0,"event_name":"Wheel of Change","floor":38,"gold_loss":0},{"cards_removed":["champ:Strike"],"damage_healed":0,"gold_gain":0,"player_choice":"Removed Attack","damage_taken":0,"max_hp_gain":0,"max_hp_loss":0,"event_name":"Falling","floor":46,"gold_loss":0}],"is_beta":false,"boss_relics":[{"not_picked":["Velvet Choker","Runic Dome"],"picked":"Runic Pyramid"},{"not_picked":["Pandora\u0027s Box","Philosopher\u0027s Stone"],"picked":"champ:ChampionCrownUpgraded"}],"items_purged_floors":[],"is_endless":false,"potions_floor_spawned":[8,12,15,16,26,27,32,40,45],"killed_by":"downfall:Watcher","ascension_level":11}}