{"host":"opg65mucj6ra7dr1","time":1610440712,"event":{"mods":["BaseMod","DeckTracker","Keyboard Shortcuts","Minty Spire (QoL Compilation)","Permanent Neow","Quick Restart","everything is the same but u backflip on backflip"],"gold_per_floor":[109,109,125,125,125,159,176,195,195,229,293,309,320,230,230,328,328,348,361,361,311,324,324,324],"floor_reached":23,"playtime":1132,"items_purged":[],"score":278,"play_id":"b51d45f2-feae-4613-9ce0-3536c54976ef","local_time":"20210112173832","is_ascension_mode":true,"campfire_choices":[{"floor":15,"key":"REST"}],"circlet_count":0,"master_deck":["Strike_P","Strike_P","Strike_P+1","Strike_P","Defend_P","Defend_P+1","Defend_P","Defend_P","Eruption+1","Vigilance","ClearTheMind","BattleHymn","Protect","Wireheading","Consecrate","Wallop","EmptyBody","InnerPeace","FollowUp","Establishment","FlyingSleeves+1","ThirdEye+1","WindmillStrike"],"relics":["PureWater","Ancient Tea Set","Bag of Preparation","Boot","Shuriken","Yang","HornCleat","SacredBark"],"acts_visited":["Exordium","TheCity"],"potions_floor_usage":[10,13,16,18],"damage_taken":[{"damage":9.0,"enemies":"2 Louse","floor":1.0,"turns":2.0},{"damage":0.0,"enemies":"Jaw Worm","floor":3.0,"turns":3.0},{"damage":18.0,"enemies":"Lagavulin","floor":6.0,"turns":4.0},{"damage":0.0,"enemies":"Small Slimes","floor":7.0,"turns":2.0},{"damage":1.0,"enemies":"Red Slaver","floor":8.0,"turns":4.0},{"damage":18,"enemies":"Gremlin Nob","floor":10,"turns":4},{"damage":7,"enemies":"Lagavulin Event","floor":11,"turns":5},{"damage":4,"enemies":"Looter","floor":12,"turns":3},{"damage":0,"enemies":"2 Fungi Beasts","floor":13,"turns":2},{"damage":0,"enemies":"The Guardian","floor":16,"turns":9},{"damage":2,"enemies":"Shell Parasite","floor":18,"turns":5},{"damage":11,"enemies":"Chosen","floor":19,"turns":5},{"damage":41,"enemies":"Snake Plant","floor":22,"turns":5},{"damage":0,"enemies":"Slavers","floor":23,"turns":1}],"seed_played":"7267010400543099676","potions_obtained":[{"floor":8.0,"key":"Swift Potion"},{"floor":10,"key":"Weak Potion"},{"floor":11,"key":"Explosive Potion"},{"floor":13,"key":"Weak Potion"},{"floor":22,"key":"GamblersBrew"}],"is_trial":false,"path_per_floor":["M","?","M","?","?","E","M","M","T","E","?","M","M","?","R","B",null,"M","M","?","?","M","E"],"character_chosen":"WATCHER","items_purchased":[],"campfire_rested":1,"item_purchase_floors":[],"current_hp_per_floor":[63,49,49,49,49,31,31,30,30,12,5,1,1,1,22,22,72,70,59,46,46,5,5,5],"gold":324,"neow_bonus":"RANDOM_COMMON_RELIC","is_daily":false,"chose_seed":false,"campfire_upgraded":0,"win_rate":0.0,"timestamp":1610440712,"path_taken":["M","?","M","?","?","E","M","?","T","E","?","M","M","?","R","BOSS","M","M","?","?","?","E"],"items_purchased_type":[],"build_version":"2020-12-22","purchased_purges":0,"victory":false,"max_hp_per_floor":[72,72,72,72,72,72,72,72,72,72,72,72,72,72,72,72,72,72,72,77,77,77,77,77],"card_choices":[{"not_picked":["Evaluate","JustLucky"],"picked":"ClearTheMind","floor":1.0},{"not_picked":["Vengeance","Protect"],"picked":"BattleHymn","floor":3.0},{"not_picked":["JustLucky","SashWhip"],"picked":"Protect","floor":6.0},{"not_picked":["JustLucky","CrushJoints"],"picked":"Wireheading","floor":7.0},{"not_picked":["Scrawl","Evaluate"],"picked":"Consecrate","floor":8.0},{"not_picked":["Tantrum","Wish"],"picked":"Wallop","floor":10},{"not_picked":["Prostrate","Halt"],"picked":"EmptyBody","floor":11},{"not_picked":["Consecrate","BowlingBash"],"picked":"InnerPeace","floor":12},{"not_picked":["Consecrate","Crescendo"],"picked":"FollowUp","floor":13},{"not_picked":["Alpha","LessonLearned"],"picked":"Establishment","floor":16},{"not_picked":["EmptyBody","Halt"],"picked":"FlyingSleeves+1","floor":18},{"not_picked":["EmptyBody","Halt"],"picked":"ThirdEye+1","floor":19},{"not_picked":["WreathOfFlame","Protect"],"picked":"WindmillStrike","floor":22}],"player_experience":98385,"relics_obtained":[{"floor":6.0,"key":"Bag of Preparation"},{"floor":9.0,"key":"Boot"},{"floor":10,"key":"Shuriken"},{"floor":11,"key":"Yang"}],"event_choices":[{"damage_healed":0.0,"max_hp_gain":0.0,"max_hp_loss":0.0,"gold_gain":0.0,"event_name":"Shining Light","player_choice":"Entered Light","floor":2.0,"gold_loss":0.0,"damage_taken":14.0,"cards_upgraded":["Defend_P","Strike_P"]},{"damage_healed":0.0,"max_hp_gain":0.0,"max_hp_loss":0.0,"gold_gain":0.0,"event_name":"Living Wall","player_choice":"Grow","floor":4.0,"gold_loss":0.0,"damage_taken":0.0,"cards_upgraded":["Eruption"]},{"damage_healed":0.0,"max_hp_gain":0.0,"max_hp_loss":0.0,"gold_gain":0.0,"event_name":"FaceTrader","player_choice":"Leave","floor":5.0,"gold_loss":0.0,"damage_taken":0.0},{"damage_healed":0,"gold_gain":0,"player_choice":"Searched \u00271\u0027 times","damage_taken":0,"max_hp_gain":0,"max_hp_loss":0,"event_name":"Dead Adventurer","floor":11,"gold_loss":0},{"damage_healed":0,"gold_gain":0,"player_choice":"Paid Gold","damage_taken":0,"relics_obtained":["HornCleat"],"max_hp_gain":0,"max_hp_loss":0,"event_name":"WeMeetAgain","floor":14,"gold_loss":90},{"damage_healed":0,"gold_gain":0,"player_choice":"Shed Blood","damage_taken":18,"max_hp_gain":5,"max_hp_loss":0,"event_name":"Forgotten Altar","floor":20,"gold_loss":0},{"damage_healed":0,"gold_gain":0,"player_choice":"Bet on Murderer","damage_taken":0,"max_hp_gain":0,"max_hp_loss":0,"event_name":"The Joust","floor":21,"gold_loss":50}],"is_beta":false,"boss_relics":[{"not_picked":["Snecko Eye","Runic Pyramid"],"picked":"SacredBark"}],"items_purged_floors":[],"is_endless":false,"potions_floor_spawned":[8,10,11,13,22],"killed_by":"Slavers","ascension_level":2}}