{"host":"n264v15x7h51zqzc","time":1610430313,"event":{"mods":["AchievementEnabler","BaseMod","Colored Powertips","Downfall","Googly Eyes","Hermit","Infinite Spire","Minty Spire (QoL Compilation)","StSLib","The Bug Knight"],"gold_per_floor":[117,128,128,148,76,76,95,107,134,10,38,53,53,53],"floor_reached":13,"playtime":415,"items_purged":[],"score":91,"play_id":"73e94c3f-1d8f-41f2-84ac-9b642bf85c65","local_time":"20210111234513","is_ascension_mode":true,"campfire_choices":[{"data":"Storm","floor":6,"key":"SMITH"}],"circlet_count":0,"master_deck":["Strike_B","Strike_B","Strike_B","Defend_B","Defend_B","Defend_B","Defend_B","Zap","Dualcast","Storm+1","Recycle","Static Discharge","Capacitor","Leap","Capacitor","Leap","Genetic Algorithm"],"relics":["Cracked Core","Gambling Chip","Boot","MealTicket"],"acts_visited":["Exordium"],"potions_floor_usage":[11],"damage_taken":[{"damage":0,"enemies":"Jaw Worm","floor":1,"turns":4},{"damage":6,"enemies":"Cultist","floor":2,"turns":3},{"damage":0,"enemies":"2 Louse","floor":4,"turns":2},{"damage":15,"enemies":"Exordium Thugs","floor":7,"turns":4},{"damage":14,"enemies":"2 Fungi Beasts","floor":8,"turns":3},{"damage":9,"enemies":"Lagavulin","floor":11,"turns":6},{"damage":3,"enemies":"Blue Slaver","floor":12,"turns":5},{"damage":17,"enemies":"Gremlin Nob","floor":13,"turns":3}],"seed_played":"-5930105104564576298","potions_obtained":[{"floor":8,"key":"PowerPotion"},{"floor":11,"key":"PotionOfCapacity"}],"is_trial":false,"path_per_floor":["M","M","?","M","$","R","M","M","T","$","E","M","E"],"character_chosen":"DEFECT","items_purchased":["Static Discharge","Capacitor","Leap"],"campfire_rested":0,"item_purchase_floors":[5,10,10],"current_hp_per_floor":[54,48,48,48,48,48,33,19,19,19,10,7,0,0],"gold":53,"neow_bonus":"ONE_RARE_RELIC","is_daily":false,"chose_seed":false,"campfire_upgraded":1,"win_rate":0.0,"timestamp":1610430313,"path_taken":["M","M","?","M","?","R","M","M","T","?","E","?","E"],"items_purchased_type":["Card","Card","Card"],"build_version":"2020-12-22","purchased_purges":0,"victory":false,"max_hp_per_floor":[75,75,75,75,75,75,75,75,75,75,75,75,75,75],"card_choices":[{"not_picked":["Hologram","Turbo"],"picked":"Storm","floor":1},{"not_picked":["Compile Driver","Stack","Reprogram"],"picked":"SKIP","floor":2},{"not_picked":["BootSequence","Redo","Barrage"],"picked":"SKIP","floor":4},{"not_picked":["Compile Driver","Reprogram"],"picked":"Capacitor","floor":7},{"not_picked":["Doom and Gloom","Redo"],"picked":"Leap","floor":8},{"not_picked":["Scrape","Capacitor","Recycle"],"picked":"SKIP","floor":11},{"not_picked":["Barrage","Go for the Eyes"],"picked":"Genetic Algorithm","floor":12}],"player_experience":187801,"relics_obtained":[{"floor":9,"key":"Boot"},{"floor":11,"key":"MealTicket"}],"event_choices":[{"damage_healed":0,"gold_gain":0,"cards_transformed":["Strike_B"],"player_choice":"Transformed","damage_taken":0,"max_hp_gain":0,"max_hp_loss":0,"event_name":"Transmorgrifier","floor":3,"gold_loss":0,"cards_obtained":["Recycle"]}],"is_beta":false,"boss_relics":[],"items_purged_floors":[],"is_endless":false,"potions_floor_spawned":[8,11],"killed_by":"Gremlin Nob","ascension_level":1}}