{"host":"g01l53quoe6lrer0","time":1610467318,"event":{"mods":["2.2 Compatiblity","AchievementEnabler","BaseMod","Colored Map","Highlight Path","Keyboard Shortcuts","Minty Spire (QoL Compilation)","Permanent Neow","StSLib","SuperFastMode","everything is the same but u backflip on backflip"],"gold_per_floor":[114,126,138,157,167,167,167,167,190,202,231,275,304,350,362,478,490,514,539,569,597,368,368,379,412,439,538,552,15,44,75,75,75,75],"floor_reached":33,"playtime":934,"items_purged":["Strike_B","Strike_B"],"score":562,"play_id":"49f51a9c-b2e3-4301-ad52-967210df043b","local_time":"20210113010157","is_ascension_mode":true,"campfire_choices":[{"data":"Zap","floor":6.0,"key":"SMITH"},{"data":"Dualcast","floor":8.0,"key":"SMITH"},{"data":"Streamline","floor":10.0,"key":"SMITH"},{"data":"Beam Cell","floor":15.0,"key":"SMITH"},{"floor":23.0,"key":"REST"},{"floor":32,"key":"REST"}],"circlet_count":0,"master_deck":["AscendersBane","Strike_B","Strike_B","Defend_B","Defend_B","Defend_B","Defend_B","Zap+1","Dualcast+1","Streamline+1","Rebound","Cold Snap","Stack","Hyperbeam","Beam Cell+1","Thunder Strike","Reinforced Body","Sunder","Sunder","Melter+1","Purity","Undo","Steam Power","Stack","Stack","Seek","Chaos","Turbo","Reprogram+1"],"relics":["Cracked Core","Bag of Marbles","MawBank","Bag of Preparation","MealTicket","Velvet Choker","Oddly Smooth Stone","Art of War","Bottled Flame","Thread and Needle","Red Mask"],"acts_visited":["Exordium","TheCity"],"potions_floor_usage":[33,33],"damage_taken":[{"damage":6.0,"enemies":"Small Slimes","floor":1.0,"turns":2.0},{"damage":1.0,"enemies":"Cultist","floor":2.0,"turns":3.0},{"damage":6.0,"enemies":"2 Louse","floor":3.0,"turns":2.0},{"damage":7.0,"enemies":"Large Slime","floor":4.0,"turns":6.0},{"damage":6.0,"enemies":"2 Fungi Beasts","floor":5.0,"turns":2.0},{"damage":6.0,"enemies":"Blue Slaver","floor":11.0,"turns":3.0},{"damage":14.0,"enemies":"Gremlin Nob","floor":12.0,"turns":3.0},{"damage":0.0,"enemies":"Red Slaver","floor":13.0,"turns":1.0},{"damage":0.0,"enemies":"Lagavulin","floor":14.0,"turns":2.0},{"damage":48.0,"enemies":"Hexaghost","floor":16.0,"turns":7.0},{"damage":4.0,"enemies":"Spheric Guardian","floor":18.0,"turns":3.0},{"damage":17.0,"enemies":"2 Thieves","floor":19.0,"turns":4.0},{"damage":14.0,"enemies":"Centurion and Healer","floor":20.0,"turns":2.0},{"damage":22.0,"enemies":"Shelled Parasite and Fungi","floor":21.0,"turns":4.0},{"damage":0.0,"enemies":"Snake Plant","floor":24.0,"turns":2.0},{"damage":0.0,"enemies":"Slavers","floor":25.0,"turns":1.0},{"damage":19.0,"enemies":"Centurion and Healer","floor":28.0,"turns":3.0},{"damage":2.0,"enemies":"Gremlin Leader","floor":30.0,"turns":5.0},{"damage":0,"enemies":"Masked Bandits","floor":31,"turns":1},{"damage":81,"enemies":"Automaton","floor":33,"turns":12}],"seed_played":"-5778757517816798789","potions_obtained":[{"floor":2.0,"key":"Swift Potion"},{"floor":4.0,"key":"SkillPotion"},{"floor":12.0,"key":"Explosive Potion"},{"floor":13.0,"key":"Energy Potion"},{"floor":16.0,"key":"FocusPotion"},{"floor":19.0,"key":"DuplicationPotion"},{"floor":25.0,"key":"PotionOfCapacity"},{"floor":28.0,"key":"SkillPotion"},{"floor":31,"key":"GamblersBrew"}],"is_trial":false,"path_per_floor":["M","M","M","M","M","R","?","R","T","R","M","E","M","E","R","B",null,"M","M","M","M","$","R","M","E","T","?","M","$","E","?","R","B"],"character_chosen":"DEFECT","items_purchased":["Purity","Undo","Seek","Bottled Flame","Chaos"],"campfire_rested":2,"item_purchase_floors":[22,22,29,29,29],"current_hp_per_floor":[62,61,55,48,42,42,75,75,75,75,69,55,55,55,55,7,58,54,37,23,1,16,38,38,38,38,38,19,34,32,32,54,0,0],"gold":75,"neow_bonus":"RANDOM_COMMON_RELIC","is_daily":false,"chose_seed":false,"campfire_upgraded":4,"win_rate":0.0,"timestamp":1610467317,"path_taken":["M","M","M","M","M","R","?","R","T","R","?","E","?","E","R","BOSS","M","M","M","M","$","R","M","E","T","?","M","$","E","?","R","BOSS"],"items_purchased_type":["Card","Card","Card","Relic","Card"],"build_version":"2020-12-22","purchased_purges":2,"victory":false,"max_hp_per_floor":[75,75,75,75,75,75,75,75,75,75,75,75,75,75,75,75,75,75,75,75,75,75,75,75,75,75,75,75,75,75,75,75,75,75],"card_choices":[{"not_picked":["Barrage","Reprogram"],"picked":"Streamline","floor":1.0},{"not_picked":["Steam","Reinforced Body"],"picked":"Rebound","floor":2.0},{"not_picked":["Ball Lightning","Recycle"],"picked":"Chill","floor":3.0},{"not_picked":["Rebound","White Noise"],"picked":"Cold Snap","floor":4.0},{"not_picked":["Cold Snap","Barrage","Genetic Algorithm"],"picked":"SKIP","floor":5.0},{"not_picked":["Cold Snap","Barrage","Genetic Algorithm"],"picked":"SKIP","floor":5.0},{"not_picked":["Cold Snap","Sweeping Beam"],"picked":"Stack","floor":11.0},{"not_picked":["Recycle","Sunder"],"picked":"Hyperbeam","floor":12.0},{"not_picked":["Hologram","Streamline"],"picked":"Beam Cell","floor":13.0},{"not_picked":["Barrage","Sweeping Beam","Gash"],"picked":"SKIP","floor":14.0},{"not_picked":["Amplify","Fission"],"picked":"Thunder Strike","floor":16.0},{"not_picked":["Rebound+1","Go for the Eyes"],"picked":"Reinforced Body","floor":18.0},{"not_picked":["Force Field","Barrage+1"],"picked":"Sunder","floor":19.0},{"not_picked":["Rebound","Hologram"],"picked":"Sunder","floor":20.0},{"not_picked":["Go for the Eyes","Ball Lightning"],"picked":"Melter+1","floor":21.0},{"not_picked":["Reinforced Body","Lockon"],"picked":"Steam Power","floor":24.0},{"not_picked":["Cold Snap","Defragment"],"picked":"Stack","floor":25.0},{"not_picked":["Melter","Leap"],"picked":"Stack","floor":28.0},{"not_picked":["Fission","Hello World"],"picked":"Turbo","floor":30.0},{"not_picked":["Undo","Tempest"],"picked":"Reprogram+1","floor":31}],"player_experience":165277,"relics_obtained":[{"floor":9.0,"key":"MawBank"},{"floor":12.0,"key":"Bag of Preparation"},{"floor":14.0,"key":"MealTicket"},{"floor":25.0,"key":"Oddly Smooth Stone"},{"floor":26.0,"key":"Art of War"},{"floor":30.0,"key":"Thread and Needle"},{"floor":31,"key":"Red Mask"}],"event_choices":[{"cards_removed":["Chill"],"damage_healed":33.0,"max_hp_gain":0.0,"max_hp_loss":0.0,"gold_gain":0.0,"event_name":"Bonfire Elementals","player_choice":"Offered Uncommon","floor":7.0,"gold_loss":0.0,"damage_taken":0.0},{"damage_healed":0.0,"max_hp_gain":0.0,"max_hp_loss":0.0,"gold_gain":99.0,"event_name":"Nest","player_choice":"Stole From Cult","floor":27.0,"gold_loss":0.0,"damage_taken":0.0},{"damage_healed":0,"gold_gain":0,"player_choice":"Fought Bandits","damage_taken":0,"max_hp_gain":0,"max_hp_loss":0,"event_name":"Masked Bandits","floor":31,"gold_loss":0}],"is_beta":false,"boss_relics":[{"not_picked":["Calling Bell","Nuclear Battery"],"picked":"Velvet Choker"}],"items_purged_floors":[22,29],"is_endless":false,"potions_floor_spawned":[2,4,12,13,16,19,20,25,28,31],"killed_by":"Automaton","ascension_level":12}}