{"host":"k5ju8d0zk0rk1tfm","time":1610488287,"event":{"mods":["100% Spire Juice","2.2 Compatiblity","Act Like it!","BaseMod","ChefMod","Downfall","GifTheSpireLib","Hallownest","Hermit","Infinite Spire","Jorbs\u0027s Wanderer Trilogy","Marisa????????","Minty Spire (QoL Compilation)","Potionbrewer","Random Character Button","Replay The Spire","Shade Mod","StSLib","Stuff the Spire","The Alterego","The Bug Knight","The Cursed","The Florist","The Hierophant","The Judge","The Jungle","The Marked","The Necromancer","The Senshi","The Servant 0.9.4","The Spell Scribe","TheSwordswoman","thorton"],"gold_per_floor":[115,115,129,129,18,47,47,65,134,153,153,178,191,221,221,319,319,332,196,210,222,222,222,247,247,247,266,266,281,58,74,168,270,270,288,99,99,99,99,99,118,144,144,144,155,155,171,171,171,171,171],"floor_reached":50,"language":"ENG","playtime":5784,"items_purged":["alterego_mod:Impale","alterego_mod:Lingerie","alterego_mod:Defend","alterego_mod:Defend","alterego_mod:DeftHands"],"score":610,"play_id":"5b1adf9e-e462-475d-b7d0-04bcfebfec18","local_time":"20210112145127","is_ascension_mode":false,"campfire_choices":[{"floor":7,"key":"REST"},{"floor":15,"key":"REST"},{"floor":23,"key":"REST"},{"data":"alterego_mod:BrynhildrsRune","floor":25,"key":"SMITH"},{"data":"alterego_mod:Bounce","floor":40,"key":"SMITH"},{"floor":44,"key":"DIG"},{"floor":46,"key":"DIG"},{"floor":49,"key":"REST"}],"circlet_count":0,"master_deck":["alterego_mod:Strike","alterego_mod:Strike","alterego_mod:Strike","alterego_mod:Strike","alterego_mod:Defend","alterego_mod:Defend","alterego_mod:BigMeatyClaws","alterego_mod:BrynhildrsRune+1","alterego_mod:PurpleHair","alterego_mod:Support","alterego_mod:Bounce+1","alterego_mod:MagicResistance","alterego_mod:ChallengeComplete","alterego_mod:SakuraFive","alterego_mod:Complex","alterego_mod:Pet+1","alterego_mod:Pet","alterego_mod:BiFurious","alterego_mod:Valentines","alterego_mod:Bounce","alterego_mod:Weigh+1","alterego_mod:Valentines","alterego_mod:Pet","alterego_mod:Pet","alterego_mod:Rip+1","alterego_mod:Bounce","alterego_mod:BeGentle","alterego_mod:1TonWallop","alterego_mod:1TonWallop","StuffTheSpire:BrainWave","alterego_mod:BiFurious","alterego_mod:Clones","alterego_mod:Bounce+1"],"relics":["alterego_mod:MasochisticConstitution","StuffTheSpire:Gunfinga","StuffTheSpire:Tea","Nunchaku","StuffTheSpire:RubySignet","Busted Crown","Mango","Sozu","Orichalcum","Tiny Chest","Replay:Grab Bag","ChewingGum","Philosopher\u0027s Stone","thethorton:CrushedCigarette","StuffTheSpire:ForceGauntlet","Mummified Hand","Shovel","Simple Rune","StuffTheSpire:SapphireSignet"],"acts_visited":["Exordium","TheCity","TheBeyond"],"potions_floor_usage":[24,50,50],"damage_taken":[{"damage":11,"enemies":"2 Louse","floor":1,"turns":3},{"damage":5,"enemies":"Small Slimes","floor":3,"turns":5},{"damage":72,"enemies":"Lagavulin","floor":6,"turns":15},{"damage":2,"enemies":"Cultist","floor":8,"turns":4},{"damage":8,"enemies":"Lots of Slimes","floor":10,"turns":5},{"damage":9,"enemies":"HollowMod:MossKnight","floor":12,"turns":14},{"damage":8,"enemies":"Red Slaver","floor":13,"turns":4},{"damage":18,"enemies":"Gremlin Nob","floor":14,"turns":4},{"damage":48,"enemies":"The Guardian","floor":16,"turns":17},{"damage":26,"enemies":"Shell Parasite","floor":18,"turns":7},{"damage":9,"enemies":"2 Thieves","floor":20,"turns":5},{"damage":33,"enemies":"Snake Plant","floor":21,"turns":5},{"damage":17,"enemies":"Gremlin Leader","floor":24,"turns":9},{"damage":1,"enemies":"Centurion and Healer","floor":27,"turns":9},{"damage":9,"enemies":"Cultist and Chosen","floor":29,"turns":5},{"damage":23,"enemies":"Snake Plant","floor":31,"turns":6},{"damage":56,"enemies":"Automaton","floor":33,"turns":10},{"damage":5,"enemies":"Orb Walker","floor":35,"turns":3},{"damage":0,"enemies":"3 Darklings","floor":41,"turns":2},{"damage":21,"enemies":"Nemesis","floor":42,"turns":5},{"damage":13,"enemies":"Spire Growth","floor":45,"turns":5},{"damage":16,"enemies":"Maw","floor":47,"turns":6},{"damage":103,"enemies":"Awakened One","floor":50,"turns":7}],"seed_played":"7403188120244555879","potions_obtained":[{"floor":3,"key":"Venom Potion"},{"floor":6,"key":"potionbrewer:NoxiousPotion"},{"floor":12,"key":"BlessingOfTheForge"},{"floor":14,"key":"sneckomod:MuddlingPotion"},{"floor":20,"key":"SteroidPotion"}],"is_trial":false,"path_per_floor":["M","?","M","?","$","E","R","M","T","M","?","E","M","E","R","B",null,"M","$","M","M","AVR","R","E","R","T","M","?","M","$","M","R","B",null,"M","$","?","T","?","R","M","E","T","R","M","R","M","$","R","B"],"character_chosen":"The_Alterego","items_purchased":["alterego_mod:SakuraFive","alterego_mod:Pet","alterego_mod:Bounce","alterego_mod:BeGentle","alterego_mod:1TonWallop"],"campfire_rested":4,"item_purchase_floors":[5,19,30,30,36],"current_hp_per_floor":[78,78,74,74,74,10,34,40,40,61,61,74,74,64,85,49,86,68,68,67,42,56,86,91,91,91,98,98,104,104,89,89,41,108,104,104,99,99,99,99,99,86,86,86,81,81,70,70,100,0,0],"gold":171,"neow_bonus":"TEN_PERCENT_HP_BONUS","is_daily":false,"chose_seed":false,"campfire_upgraded":2,"win_rate":0.0,"timestamp":1610488287,"path_taken":["M","?","M","?","$","E","R","M","T","M","?","E","M","E","R","BOSS","M","?","?","M","AVR","R","E","R","T","M","?","M","$","M","R","BOSS","M","?","?","?","?","R","M","E","T","R","?","R","M","$","R","BOSS"],"items_purchased_type":["Card","Card","Card","Card","Card"],"build_version":"2020-12-22","purchased_purges":5,"victory":false,"max_hp_per_floor":[78,78,79,79,79,80,80,81,81,82,82,83,84,85,85,86,86,87,87,88,89,103,103,104,104,104,105,105,106,106,107,107,108,108,109,109,99,99,99,99,99,100,100,100,101,101,102,102,102,102,102],"card_choices":[{"not_picked":["alterego_mod:Skirt","alterego_mod:RocketPunch"],"picked":"alterego_mod:PurpleHair","floor":1},{"not_picked":["alterego_mod:Punishment","alterego_mod:Complex"],"picked":"alterego_mod:ChallengeComplete","floor":3},{"not_picked":["alterego_mod:SuperDuperMasochism","alterego_mod:TrashNCrash"],"picked":"alterego_mod:Complex","floor":6},{"not_picked":["alterego_mod:DestructionOfProperty","alterego_mod:DiscoLights"],"picked":"alterego_mod:Pet","floor":8},{"not_picked":["alterego_mod:PresenceConcealment","alterego_mod:GoddessCore"],"picked":"alterego_mod:Pet","floor":10},{"not_picked":["alterego_mod:GachaTicket","alterego_mod:DustData"],"picked":"alterego_mod:BiFurious","floor":12},{"not_picked":["alterego_mod:Pet","alterego_mod:Birthday"],"picked":"alterego_mod:Valentines","floor":13},{"not_picked":["alterego_mod:Jiggle","alterego_mod:Exercise"],"picked":"alterego_mod:Bounce","floor":14},{"not_picked":["alterego_mod:Tantrum","alterego_mod:InsideBaseball"],"picked":"alterego_mod:Weigh","floor":16},{"not_picked":[],"picked":"alterego_mod:Valentines","floor":18},{"not_picked":["alterego_mod:Jiggle+1"],"picked":"SKIP","floor":20},{"not_picked":["alterego_mod:Cycle"],"picked":"SKIP","floor":21},{"not_picked":["alterego_mod:DiscoLights"],"picked":"SKIP","floor":24},{"not_picked":[],"picked":"alterego_mod:Rip+1","floor":27},{"not_picked":["alterego_mod:HighServant"],"picked":"SKIP","floor":29},{"not_picked":["alterego_mod:DiscoLights"],"picked":"SKIP","floor":31},{"not_picked":["alterego_mod:BreastValley+1"],"picked":"SKIP","floor":35},{"not_picked":[],"picked":"alterego_mod:BiFurious","floor":41},{"not_picked":[],"picked":"alterego_mod:Clones","floor":42},{"not_picked":[],"picked":"alterego_mod:Bounce+1","floor":45},{"not_picked":["alterego_mod:Exercise"],"picked":"SKIP","floor":47}],"player_experience":237093,"relics_obtained":[{"floor":6,"key":"StuffTheSpire:Gunfinga"},{"floor":9,"key":"StuffTheSpire:Tea"},{"floor":12,"key":"Nunchaku"},{"floor":14,"key":"StuffTheSpire:RubySignet"},{"floor":24,"key":"Orichalcum"},{"floor":26,"key":"Tiny Chest"},{"floor":38,"key":"StuffTheSpire:ForceGauntlet"},{"floor":42,"key":"Mummified Hand"},{"floor":43,"key":"Shovel"},{"floor":44,"key":"Simple Rune"},{"floor":46,"key":"StuffTheSpire:SapphireSignet"}],"event_choices":[{"damage_healed":0,"gold_gain":0,"player_choice":"Upgraded","damage_taken":0,"max_hp_gain":0,"max_hp_loss":0,"event_name":"Upgrade Shrine","floor":11,"gold_loss":0,"cards_upgraded":["alterego_mod:Pet"]},{"damage_healed":0,"gold_gain":0,"player_choice":"Ignored","damage_taken":0,"max_hp_gain":0,"max_hp_loss":0,"event_name":"NoteForYourself","floor":28,"gold_loss":0},{"damage_healed":0,"gold_gain":0,"player_choice":"Upgraded","damage_taken":0,"max_hp_gain":0,"max_hp_loss":0,"event_name":"Upgrade Shrine","floor":39,"gold_loss":0,"cards_upgraded":["alterego_mod:Weigh"]}],"is_beta":false,"boss_relics":[{"not_picked":["SlaversCollar","SacredBark"],"picked":"Busted Crown"},{"not_picked":["ReplayTheSpireMod:SealedPack","StuffTheSpire:ModemDavis"],"picked":"Replay:Grab Bag"},{"not_picked":["ReplayTheSpireMod:DimensionalGlitch","Velvet Choker"],"picked":"ChewingGum"},{"not_picked":["Abe\u0027s Treasure","infinitespire:Cupcake"],"picked":"Philosopher\u0027s Stone"},{"not_picked":["Black Star","Ring of Chaos"],"picked":"thethorton:CrushedCigarette"}],"items_purged_floors":[5,19,22,30,36],"is_endless":false,"potions_floor_spawned":[3,6,12,14,20,29,31,45],"killed_by":"Awakened One","ascension_level":0}}