{"host":"jexbkylv34f8xu3o","time":1610487390,"event":{"mods":["AchievementEnabler","BaseMod","Colored Map","Colored Powertips","GifTheSpireLib","Highlight Path","Minty Spire (QoL Compilation)","Quick Restart","StSLib"],"gold_per_floor":[360,360,376,389,134,166,166,166,166,166,194,232,16,39,39,146,146,169,17,17,0,0],"floor_reached":21,"language":"ENG","playtime":992,"items_purged":["Shame","Normality","Strike_R"],"score":281,"play_id":"7c976419-ae15-49c7-88c2-1a902af82d77","local_time":"20210112183630","is_ascension_mode":true,"campfire_choices":[{"data":"Dark Embrace","floor":7,"key":"SMITH"},{"floor":10,"key":"REST"},{"floor":15,"key":"REST"}],"circlet_count":0,"master_deck":["AscendersBane","Strike_R","Strike_R","Strike_R","Strike_R","Defend_R","Defend_R","Defend_R","Defend_R","Bash","Body Slam+1","Havoc","Bash","Reckless Charge","True Grit","Dark Embrace+1","Reckless Charge","Sentinel","Havoc","Demon Form","Havoc","Evolve","Fiend Fire","Sentinel","Feel No Pain","Feel No Pain"],"relics":["Burning Blood","Matryoshka","CeramicFish","Du-Vu Doll","Strawberry","Membership Card","Philosopher\u0027s Stone","DollysMirror","Meat on the Bone"],"acts_visited":["TheCity"],"potions_floor_usage":[6,12,16],"damage_taken":[{"damage":19,"enemies":"Jaw Worm","floor":1,"turns":6},{"damage":17,"enemies":"Cultist","floor":3,"turns":5},{"damage":9,"enemies":"Small Slimes","floor":4,"turns":4},{"damage":20,"enemies":"3 Sentries","floor":6,"turns":11},{"damage":27,"enemies":"Red Slaver","floor":11,"turns":5},{"damage":31,"enemies":"Lagavulin","floor":12,"turns":6},{"damage":5,"enemies":"2 Fungi Beasts","floor":14,"turns":4},{"damage":30,"enemies":"Slime Boss","floor":16,"turns":9},{"damage":55,"enemies":"3 Byrds","floor":18,"turns":6},{"damage":23,"enemies":"2 Thieves","floor":21,"turns":2}],"seed_played":"-7932016856933779250","potions_obtained":[{"floor":1,"key":"PowerPotion"},{"floor":11,"key":"Swift Potion"},{"floor":14,"key":"PowerPotion"}],"is_trial":false,"path_per_floor":["M","?","M","M","$","E","R","?","T","R","M","E","$","M","R","B",null,"M","$","?","M"],"character_chosen":"IRONCLAD","items_purchased":["True Grit","Dark Embrace","Reckless Charge","Membership Card","Havoc","Feel No Pain","DollysMirror"],"campfire_rested":2,"item_purchase_floors":[5,5,5,13,13,19,19],"current_hp_per_floor":[59,59,48,45,45,31,31,31,31,55,34,16,16,17,43,19,70,21,21,21,0,0],"gold":0,"neow_bonus":"TWO_FIFTY_GOLD","is_daily":false,"chose_seed":false,"campfire_upgraded":1,"win_rate":0.0,"timestamp":1610487390,"path_taken":["M","?","?","M","$","E","R","?","T","R","?","E","$","M","R","BOSS","M","$","?","M"],"items_purchased_type":["Card","Card","Card","Relic","Card","Card","Relic"],"build_version":"2020-12-22","purchased_purges":3,"victory":false,"max_hp_per_floor":[80,80,80,80,80,80,80,80,80,80,80,87,87,87,87,87,87,87,87,87,87,87],"card_choices":[{"not_picked":["Warcry","Armaments"],"picked":"Body Slam","floor":1},{"not_picked":["Heavy Blade","Hemokinesis","Sword Boomerang"],"picked":"SKIP","floor":3},{"not_picked":["Pommel Strike","Sword Boomerang"],"picked":"Reckless Charge","floor":4},{"not_picked":["Cleave","Shockwave"],"picked":"Sentinel","floor":6},{"not_picked":["Rage","Pommel Strike"],"picked":"Havoc","floor":11},{"not_picked":["Headbutt","Pommel Strike"],"picked":"Demon Form","floor":12},{"not_picked":["Clothesline","Power Through"],"picked":"Evolve","floor":14},{"not_picked":["Reaper","Immolate"],"picked":"Fiend Fire","floor":16},{"not_picked":["Rupture","Heavy Blade"],"picked":"Sentinel","floor":18}],"player_experience":552926,"relics_obtained":[{"floor":6,"key":"Matryoshka"},{"floor":9,"key":"CeramicFish"},{"floor":9,"key":"Du-Vu Doll"},{"floor":12,"key":"Strawberry"}],"event_choices":[{"damage_healed":0,"gold_gain":0,"player_choice":"3 cards matched","damage_taken":0,"max_hp_gain":0,"max_hp_loss":0,"event_name":"Match and Keep!","floor":2,"gold_loss":0,"cards_obtained":["Normality","Havoc","Bash"]},{"damage_healed":0,"gold_gain":0,"player_choice":"Forge","damage_taken":0,"max_hp_gain":0,"max_hp_loss":0,"event_name":"Accursed Blacksmith","floor":8,"gold_loss":0,"cards_upgraded":["Body Slam"]},{"damage_healed":0,"gold_gain":0,"player_choice":"Opened","damage_taken":0,"relics_obtained":["Meat on the Bone"],"max_hp_gain":0,"max_hp_loss":0,"event_name":"The Mausoleum","floor":20,"gold_loss":0}],"is_beta":false,"boss_relics":[{"not_picked":["Tiny House","Snecko Eye"],"picked":"Philosopher\u0027s Stone"}],"items_purged_floors":[5,13,19],"is_endless":false,"potions_floor_spawned":[1,11,14],"killed_by":"2 Thieves","ascension_level":10}}