{"host":"b7j598ve05halrwk","time":1610419800,"event":{"mods":["2.2 Compatiblity","BaseMod","Block Reminder","DeckTracker","Minty Spire (QoL Compilation)","Relic Stats","Slay the Relics Exporter","StSLib","ojb\u0027s Better Paths Mod","ojb\u0027s Info Mod"],"gold_per_floor":[112,37,54,72,91,91,121,121,148,14,33,108,124,156,156,230,230,246,264,53,53,53,53,53,53],"floor_reached":24,"playtime":1240,"items_purged":["Pain","Parasite","Strike_B"],"score":412,"play_id":"c697f835-2ad5-4422-a5ca-7b3aea668563","local_time":"20210111215000","is_ascension_mode":true,"campfire_choices":[{"data":"Streamline","floor":6.0,"key":"SMITH"},{"data":"Static Discharge","floor":15.0,"key":"SMITH"},{"data":"Defragment","floor":23,"key":"SMITH"}],"circlet_count":0,"master_deck":["AscendersBane","Strike_B","Defend_B","Defend_B","Defend_B","Defend_B","Zap","Dualcast","Hello World","Recycle","Streamline+1","Compile Driver","FTL","Glacier","Genetic Algorithm","Cold Snap","Hologram","FTL","Static Discharge+1","Reinforced Body","Echo Form","Doom and Gloom","Doom and Gloom","Defragment+1","Ghostly","Ghostly","Ghostly","Decay"],"relics":["Cracked Core","Strawberry","Smiling Mask","Centennial Puzzle","Velvet Choker"],"acts_visited":["Exordium","TheCity"],"potions_floor_usage":[24,24],"damage_taken":[{"damage":6.0,"enemies":"Jaw Worm","floor":1.0,"turns":4.0},{"damage":7.0,"enemies":"Small Slimes","floor":3.0,"turns":3.0},{"damage":3.0,"enemies":"2 Louse","floor":4.0,"turns":3.0},{"damage":8.0,"enemies":"2 Fungi Beasts","floor":5.0,"turns":4.0},{"damage":20.0,"enemies":"3 Sentries","floor":7.0,"turns":6.0},{"damage":2.0,"enemies":"Blue Slaver","floor":11.0,"turns":4.0},{"damage":14.0,"enemies":"Exordium Thugs","floor":13.0,"turns":4.0},{"damage":6.0,"enemies":"Gremlin Nob","floor":14.0,"turns":3.0},{"damage":9.0,"enemies":"Hexaghost","floor":16.0,"turns":9.0},{"damage":0,"enemies":"Chosen","floor":18,"turns":6},{"damage":32,"enemies":"3 Byrds","floor":19,"turns":3},{"damage":27,"enemies":"Slavers","floor":24,"turns":1}],"seed_played":"-2359813200095413193","potions_obtained":[{"floor":1.0,"key":"Strength Potion"},{"floor":5.0,"key":"Energy Potion"},{"floor":11.0,"key":"Explosive Potion"},{"floor":16.0,"key":"AttackPotion"}],"is_trial":false,"path_per_floor":["M","$","M","M","M","R","E","?","T","$","M","?","M","E","R","B",null,"M","M","$","?","?","R","E"],"character_chosen":"DEFECT","items_purchased":["Cold Snap","Hologram","Doom and Gloom","Defragment"],"campfire_rested":0,"item_purchase_floors":[10,10,20,20],"current_hp_per_floor":[58,58,51,48,40,40,27,46,46,46,44,33,19,13,13,4,57,57,25,25,25,25,25,0,0],"gold":53,"neow_bonus":"TRANSFORM_TWO_CARDS","is_daily":false,"chose_seed":false,"campfire_upgraded":3,"win_rate":0.0,"timestamp":1610419800,"path_taken":["M","$","M","M","M","R","E","?","T","$","M","?","M","E","R","BOSS","M","M","$","?","?","R","E"],"items_purchased_type":["Card","Card","Card","Card"],"build_version":"2020-12-22","purchased_purges":3,"victory":false,"max_hp_per_floor":[71,71,71,71,71,71,78,78,78,75,75,75,75,75,75,75,75,75,75,75,37,37,37,37,37],"relic_stats":{"Centennial Puzzle":[9],"counters":[12,50],"Smiling Mask":125,"obtain_stats":[{"Centennial Puzzle":14,"Strawberry":7,"Velvet Choker":17,"Cracked Core":0,"Smiling Mask":9},{"Centennial Puzzle":8,"Strawberry":5,"Velvet Choker":9,"Cracked Core":0,"Smiling Mask":5},{"Centennial Puzzle":31,"Strawberry":20,"Velvet Choker":40,"Cracked Core":0,"Smiling Mask":20}]},"card_choices":[{"not_picked":["Gash","Self Repair"],"picked":"Streamline","floor":1.0},{"not_picked":["Melter","Auto Shields"],"picked":"Compile Driver","floor":3.0},{"not_picked":["Leap","Hello World"],"picked":"FTL","floor":4.0},{"not_picked":["Reinforced Body","Go for the Eyes"],"picked":"Glacier","floor":5.0},{"not_picked":["Gash","Steam"],"picked":"Genetic Algorithm","floor":7.0},{"not_picked":["Streamline","Sweeping Beam"],"picked":"FTL","floor":11.0},{"not_picked":["Stack","Conserve Battery"],"picked":"Static Discharge","floor":13.0},{"not_picked":["Heatsinks","Meteor Strike"],"picked":"Reinforced Body","floor":14.0},{"not_picked":["Fission","Amplify"],"picked":"Echo Form","floor":16.0},{"not_picked":["Ball Lightning","Redo","Chill"],"picked":"SKIP","floor":18},{"not_picked":["Compile Driver","Gash"],"picked":"Doom and Gloom","floor":19}],"player_experience":920939,"relics_obtained":[{"floor":7.0,"key":"Strawberry"},{"floor":9.0,"key":"Smiling Mask"},{"floor":14.0,"key":"Centennial Puzzle"}],"event_choices":[{"damage_healed":19.0,"max_hp_gain":0.0,"max_hp_loss":0.0,"gold_gain":0.0,"event_name":"Mushrooms","player_choice":"Healed and dodged fight","floor":8.0,"gold_loss":0.0,"damage_taken":0.0,"cards_obtained":["Parasite"]},{"damage_healed":0.0,"max_hp_gain":0.0,"max_hp_loss":0.0,"gold_gain":75.0,"event_name":"World of Goop","player_choice":"Gather Gold","floor":12.0,"gold_loss":0.0,"damage_taken":11.0},{"damage_healed":0,"gold_gain":0,"player_choice":"Became a Ghost","damage_taken":0,"max_hp_gain":0,"max_hp_loss":38,"event_name":"Ghosts","floor":21,"gold_loss":0,"cards_obtained":["Ghostly","Ghostly","Ghostly"]},{"damage_healed":0,"gold_gain":0,"player_choice":"Smashed Altar","damage_taken":0,"max_hp_gain":0,"max_hp_loss":0,"event_name":"Forgotten Altar","floor":22,"gold_loss":0,"cards_obtained":["Decay"]}],"is_beta":false,"boss_relics":[{"not_picked":["Empty Cage","Busted Crown"],"picked":"Velvet Choker"}],"items_purged_floors":[2,10,20],"is_endless":false,"potions_floor_spawned":[1,5,11,16],"killed_by":"Slavers","ascension_level":20}}