{"host":"3yynf0dn84873kbr","time":1610471533,"event":{"mods":["Act Like it!","BaseMod","CapriCore","Minty Spire (QoL Compilation)","Pale of the Ancients","StSLib","The Marked","WarShipGirlsR/战舰少女R mod","[IsaacMod]以撒尖塔"],"gold_per_floor":[109,120,120,195,206,206,206,206,288,132,132,132,122,297,297,426,426,450,168,168,168,90,90,485,485,485,500,500,500,500,500,500,626,626,657,688,91,0,0,0,33,33,105,105,164,205,76,76,76,206,304,304,311,311,318,373,373,409,409,409],"floor_reached":59,"playtime":2244,"items_purged":[],"score":1317,"play_id":"d616ee3f-65a9-45c7-bedd-5ab8dddc4eeb","local_time":"20210113011213","daily_mods":["SealedDeck","Vintage","Allstar","Heirloom","Time Dilation","Flight","Binary"],"is_ascension_mode":false,"campfire_choices":[{"floor":6.0,"key":"REST"},{"data":"rmod:expedition","floor":7.0,"key":"SMITH"},{"data":"rmod:expedition+1","floor":11.0,"key":"SMITH"},{"data":"rmod:expedition+2","floor":12.0,"key":"SMITH"},{"data":"rmod:stealaluminum","floor":15.0,"key":"SMITH"},{"data":"rmod:secretscript","floor":23,"key":"SMITH"},{"data":"rmod:aluminumsupply","floor":25,"key":"SMITH"},{"data":"rmod:victimresponsibility","floor":28,"key":"SMITH"},{"data":"rmod:fuelsupply","floor":32,"key":"SMITH"},{"data":"rmod:aluminumsupply","floor":40,"key":"SMITH"},{"data":"rmod:mineteam","floor":42,"key":"SMITH"},{"data":"rmod:aviationdawn","floor":44,"key":"SMITH"},{"data":"rmod:intelligenceanalysis","floor":49,"key":"SMITH"}],"circlet_count":1,"master_deck":["rmod:bulid+1","rmod:aluminumsupply+1","rmod:victimresponsibility+1","rmod:fuelsupply+1","rmod:aluminumsupply+1","rmod:expedition+3","rmod:fletcherpendant+1","rmod:tearstotiara+1","rmod:intelligenceanalysis+1","rmod:fletcherpendant+1","rmod:aviationdawn+1","rmod:stealaluminum+1","Doubt","rmod:secretscript+1","rmod:goodsister+1","rmod:mineteam+1","Writhe"],"relics":["Busted Crown","HushsDoor","Chaos","Centennial Puzzle","NineLifeCat","Habit","Golden Idol","Juzu Bracelet","BelialBook","Runic Pyramid","Tiny Chest","Mercury Hourglass","Ginger","Toy Ornithopter","ChampionBelt","GuppysTail","Regal Pillow","TheBible","SacredBark","Lizard Tail","rmod:extraamm","White Beast Statue","Incubus","Red Mask","Void","The Courier","Shuriken","TheBattery","SalivaCoin","Incubus","Du-Vu Doll","Circlet"],"acts_visited":["Exordium","TheCity","TheBeyond","Exordium"],"potions_floor_usage":[19,33,36,46,50,50,53,58],"damage_taken":[{"damage":0.0,"enemies":"2 Louse","floor":1.0,"turns":1.0},{"damage":0.0,"enemies":"Small Slimes","floor":2.0,"turns":2.0},{"damage":0.0,"enemies":"Jaw Worm","floor":5.0,"turns":1.0},{"damage":40,"enemies":"Hexaghost","floor":16,"turns":9},{"damage":13,"enemies":"3 Byrds","floor":18,"turns":5},{"damage":100000013,"enemies":"Chosen","floor":24,"turns":3},{"damage":26,"enemies":"Sentry and Sphere","floor":27,"turns":4},{"damage":16,"enemies":"Automaton","floor":33,"turns":6},{"damage":63,"enemies":"Nemesis","floor":35,"turns":7},{"damage":0,"enemies":"Mind Bloom Boss Battle","floor":36,"turns":5},{"damage":9,"enemies":"Giant Head","floor":41,"turns":5},{"damage":45,"enemies":"2 Orb Walkers","floor":45,"turns":5},{"damage":8,"enemies":"Nemesis","floor":46,"turns":6},{"damage":45,"enemies":"Awakened One","floor":50,"turns":8},{"damage":24,"enemies":"Time Eater","floor":51,"turns":4},{"damage":15,"enemies":"3 Sentries","floor":53,"turns":2},{"damage":0,"enemies":"Lagavulin","floor":58,"turns":2}],"seed_played":"8890932630472986215","potions_obtained":[{"floor":1.0,"key":"SmokeBomb"},{"floor":16,"key":"Fire Potion"},{"floor":18,"key":"FearPotion"},{"floor":24,"key":"Strength Potion"},{"floor":35,"key":"Explosive Potion"},{"floor":36,"key":"AttackPotion"},{"floor":46,"key":"EssenceOfSteel"},{"floor":50,"key":"ColorlessPotion"},{"floor":51,"key":"FearPotion"},{"floor":58,"key":"EntropicBrew"}],"is_trial":true,"path_per_floor":["M","M","?","?","M","R","R","?","T","$","R","R","?","?","R","B",null,"M","$","?","?","$","R","M","R","T","M","R","?","T","?","R","B",null,"M","?","$","?","T","R","E","R","T","R","?","E","$","?","R","B","B",null,"M","?","?","?","?","E","?"],"character_chosen":"PRAEFECT","items_purchased":["Juzu Bracelet","rmod:secretscript","Fruit Juice","rmod:goodsister","Tiny Chest","rmod:mineteam","Incubus","Lee\u0027s Waffle","SalivaCoin"],"campfire_rested":1,"item_purchase_floors":[10,17,19,19,19,22,37,37,47],"current_hp_per_floor":[89,23,18,7,7,13,13,13,13,13,13,13,13,13,13,22,18,5,10,10,10,10,10,9,9,9,15,15,15,15,15,15,4,18,4,9,30,30,30,30,21,21,21,21,15,12,12,25,25,5,25,25,15,20,12,12,12,17,17,17],"gold":409,"neow_bonus":"","is_daily":false,"chose_seed":false,"campfire_upgraded":12,"win_rate":0.0,"timestamp":1610471533,"path_taken":["M","M","?","?","?","R","R","?","T","$","R","R","?","?","R","BOSS","M","$","?","?","$","R","M","R","T","M","R","?","?","?","R","BOSS","M","?","$","?","?","R","E","R","T","R","?","E","?","?","R","BOSS","BOSS","M","?","?","?","?","E","?"],"items_purchased_type":["Relic","Card","Potion","Card","Relic","Card","Relic","Relic","Relic"],"build_version":"2020-12-22","purchased_purges":0,"victory":false,"max_hp_per_floor":[89,23,23,23,23,23,23,22,22,22,22,22,22,22,22,22,18,18,23,23,23,23,23,23,23,23,23,23,23,23,23,23,23,23,23,23,30,30,30,30,30,30,30,30,30,30,30,25,25,25,25,25,25,28,28,28,28,28,28,28],"card_choices":[{"not_picked":[],"picked":"SuicideKing","floor":0.0},{"not_picked":[],"picked":"rmod:aviationdawn","floor":13.0},{"not_picked":[],"picked":"rmod:stealaluminum","floor":13.0}],"player_experience":121875,"relics_obtained":[{"floor":1.0,"key":"Centennial Puzzle"},{"floor":2.0,"key":"NineLifeCat"},{"floor":5.0,"key":"Habit"},{"floor":18,"key":"Runic Pyramid"},{"floor":24,"key":"Mercury Hourglass"},{"floor":24,"key":"Ginger"},{"floor":24,"key":"Toy Ornithopter"},{"floor":24,"key":"rmod:mogul"},{"floor":24,"key":"ChampionBelt"},{"floor":24,"key":"GuppysTail"},{"floor":26,"key":"Regal Pillow"},{"floor":27,"key":"TheBible"},{"floor":30,"key":"Lizard Tail"},{"floor":35,"key":"rmod:extraamm"},{"floor":36,"key":"White Beast Statue"},{"floor":39,"key":"Void"},{"floor":41,"key":"The Courier"},{"floor":43,"key":"Smiling Mask"},{"floor":45,"key":"Shuriken"},{"floor":46,"key":"TheBattery"}],"event_choices":[{"damage_healed":0.0,"max_hp_gain":0.0,"max_hp_loss":0.0,"gold_gain":0.0,"event_name":"Shining Light","player_choice":"Entered Light","floor":3.0,"gold_loss":0.0,"damage_taken":5.0,"cards_upgraded":["rmod:tearstotiara","rmod:bulid"]},{"damage_healed":0.0,"max_hp_gain":0.0,"max_hp_loss":0.0,"gold_gain":75.0,"event_name":"World of Goop","player_choice":"Gather Gold","floor":4.0,"gold_loss":0.0,"damage_taken":11.0},{"damage_healed":0.0,"max_hp_gain":0.0,"max_hp_loss":1.0,"gold_gain":0.0,"event_name":"Golden Idol","player_choice":"Lose Max HP","floor":8.0,"gold_loss":0.0,"damage_taken":0.0,"relics_obtained":["Golden Idol"]},{"damage_healed":0.0,"max_hp_gain":0.0,"max_hp_loss":0.0,"gold_gain":175.0,"event_name":"Liars Game","player_choice":"AGREE","floor":14.0,"gold_loss":0.0,"damage_taken":0.0,"cards_obtained":["Doubt"]},{"damage_healed":0,"gold_gain":0,"player_choice":"Ignored","damage_taken":0,"max_hp_gain":0,"max_hp_loss":0,"event_name":"Ghosts","floor":21,"gold_loss":0},{"damage_healed":0,"gold_gain":0,"player_choice":"Opened","damage_taken":0,"relics_obtained":["SacredBark"],"max_hp_gain":0,"max_hp_loss":0,"event_name":"The Mausoleum","floor":29,"gold_loss":0,"cards_obtained":["Writhe"]},{"damage_healed":0,"gold_gain":0,"player_choice":"Fight","damage_taken":0,"max_hp_gain":0,"max_hp_loss":0,"event_name":"MindBloom","floor":36,"gold_loss":0},{"damage_healed":0,"gold_gain":0,"player_choice":"Paid","damage_taken":0,"relics_obtained":["Red Mask"],"max_hp_gain":0,"max_hp_loss":0,"event_name":"Tomb of Lord Red Mask","floor":38,"gold_loss":91},{"damage_healed":0,"gold_gain":0,"player_choice":"Fight","damage_taken":0,"max_hp_gain":0,"max_hp_loss":0,"event_name":"Mysterious Sphere","floor":45,"gold_loss":0},{"damage_healed":25,"gold_gain":0,"player_choice":"Heal","damage_taken":0,"max_hp_gain":0,"max_hp_loss":5,"event_name":"The Moai Head","floor":48,"gold_loss":0},{"damage_healed":0,"gold_gain":0,"player_choice":"Lose Max HP","damage_taken":0,"relics_obtained":["Circlet"],"max_hp_gain":0,"max_hp_loss":2,"event_name":"Golden Idol","floor":54,"gold_loss":0},{"damage_healed":0,"gold_gain":0,"player_choice":"Entered Light","damage_taken":8,"max_hp_gain":0,"max_hp_loss":0,"event_name":"Shining Light","floor":55,"gold_loss":0,"cards_upgraded":["rmod:goodsister","rmod:fletcherpendant"]},{"damage_healed":0,"gold_gain":55,"player_choice":"Gained Gold","damage_taken":0,"max_hp_gain":0,"max_hp_loss":0,"event_name":"Golden Wing","floor":56,"gold_loss":0},{"damage_healed":0,"gold_gain":0,"player_choice":"Upgraded","damage_taken":0,"max_hp_gain":0,"max_hp_loss":0,"event_name":"Upgrade Shrine","floor":57,"gold_loss":0,"cards_upgraded":["rmod:fletcherpendant"]},{"damage_healed":0,"gold_gain":0,"player_choice":"Ignored","damage_taken":0,"max_hp_gain":0,"max_hp_loss":0,"event_name":"Liars Game","floor":59,"gold_loss":0}],"is_beta":false,"boss_relics":[{"not_picked":["Coffee Dripper","SharpPlug"],"picked":"BelialBook"},{"not_picked":[]},{"not_picked":["EdensBlessing","Bronze Scales"],"picked":"Diplopia"},{"not_picked":[]},{"not_picked":["CaptainsWheel","DollysMirror"],"picked":"Du-Vu Doll"},{"not_picked":[]}],"items_purged_floors":[],"is_endless":true,"potions_floor_spawned":[1,16,18,24,35,36,41,45,46,50,51,53,58],"ascension_level":20}}