{"host":"0nnch38g0slmkwok","time":1610457621,"event":{"mods":["BaseMod","Minty Spire (QoL Compilation)","Replay The Spire","StSLib"],"gold_per_floor":[118,188,188,206,206,233,246,275,275,308,308,322,333,344,344,448,448,465,193,193,204,223,250,267,293,293,327,343,360,360,377,377,481,581,591,641,493,505,505,539,539,571,594,626,626,645,645,671,671,671],"floor_reached":51,"playtime":2719,"items_purged":["Strike_R","Defend_R"],"score":1359,"play_id":"db9cdd6b-3beb-4a7f-a4ff-ced71b213939","local_time":"20210112212021","is_ascension_mode":true,"campfire_choices":[{"data":"Bash","floor":11.0,"key":"SMITH"},{"floor":15.0,"key":"DIG"},{"data":"Body Slam","floor":30.0,"key":"SMITH"},{"floor":32.0,"key":"RECALL"},{"data":"Inflame","floor":41,"key":"SMITH"},{"data":"Clash","floor":45,"key":"SMITH"},{"data":"Reaper","floor":49,"key":"SMITH"}],"circlet_count":0,"master_deck":["Strike_R","Strike_R+1","Strike_R","Strike_R+1","Defend_R","Bash+1","Inflame+1","Clash+1","Cleave","Body Slam+1","Battle Trance+1","Flex+1","ReplayTheSpireMod:Muscle Training+1","Reaper+1","Ghostly Armor+1","Thunderclap+1","Warcry+1","ReplayTheSpireMod:Stacked+1","Twin Strike+1","Bloodletting+1","Limit Break+1","Flex+1","Replay:Many Hands+1","Rage+1","Flex+1","Pot Of Greed+1","Pot Of Greed+1","Pot Of Greed+1","Heavy Blade+1"],"relics":["Burning Blood","NeowsBlessing","Toxic Egg 2","Gremlin Food","Ice Cream","Paper Frog","Onion Ring","Unceasing Top","Replay:Bronze Core","Whetstone","Lantern","Ginger","Golden Egg","StoneCalendar","Replay:Wanted Poster","Champion Belt","Replay:Mystery Machine","Replay:Towering Pillar of Hats","Grinning Jar","Bottled Flame","Centennial Puzzle"],"acts_visited":["Exordium","TheCity","TheBeyond"],"potions_floor_usage":[33,33,33,50,50],"damage_taken":[{"damage":0.0,"enemies":"Cultist","floor":1.0,"turns":1.0},{"damage":0.0,"enemies":"Jaw Worm","floor":4.0,"turns":1.0},{"damage":0.0,"enemies":"Lagavulin","floor":6.0,"turns":1.0},{"damage":0.0,"enemies":"2 Louse","floor":7.0,"turns":2.0},{"damage":23.0,"enemies":"Gremlin Nob","floor":8.0,"turns":4.0},{"damage":15.0,"enemies":"3 Sentries","floor":10.0,"turns":5.0},{"damage":8.0,"enemies":"Red Slaver","floor":12.0,"turns":3.0},{"damage":0.0,"enemies":"3 Louse","floor":13.0,"turns":2.0},{"damage":1.0,"enemies":"Exordium Thugs","floor":14.0,"turns":2.0},{"damage":1.0,"enemies":"Slime Boss","floor":16.0,"turns":4.0},{"damage":13.0,"enemies":"3 Byrds","floor":18.0,"turns":4.0},{"damage":24.0,"enemies":"2 Thieves","floor":21.0,"turns":3.0},{"damage":6.0,"enemies":"Chosen and Byrds","floor":22.0,"turns":4.0},{"damage":34.0,"enemies":"Book of Stabbing","floor":23.0,"turns":4.0},{"damage":13.0,"enemies":"Snecko","floor":24.0,"turns":3.0},{"damage":16.0,"enemies":"Replay:Snechameleon","floor":25.0,"turns":4.0},{"damage":15.0,"enemies":"Gremlin Leader","floor":27.0,"turns":4.0},{"damage":0.0,"enemies":"Centurion and Healer","floor":28.0,"turns":1.0},{"damage":17.0,"enemies":"Snake Plant","floor":29.0,"turns":3.0},{"damage":0.0,"enemies":"Snecko","floor":31.0,"turns":2.0},{"damage":12,"enemies":"Pondfish","floor":33,"turns":7},{"damage":1,"enemies":"Orb Walker","floor":35,"turns":1},{"damage":13,"enemies":"Mind Bloom Boss Battle","floor":36,"turns":3},{"damage":3,"enemies":"3 Darklings","floor":38,"turns":2},{"damage":3,"enemies":"Nemesis","floor":40,"turns":1},{"damage":1,"enemies":"Reptomancer","floor":42,"turns":2},{"damage":11,"enemies":"R_Hoarder","floor":44,"turns":4},{"damage":12,"enemies":"4 Shapes","floor":46,"turns":1},{"damage":22,"enemies":"Nemesis","floor":48,"turns":3},{"damage":31,"enemies":"Donu and Deca","floor":50,"turns":4}],"seed_played":"3750378264424384344","potions_obtained":[{"floor":2.0,"key":"Venom Potion"},{"floor":4.0,"key":"Languid Potion"},{"floor":6.0,"key":"DistilledChaos"},{"floor":8.0,"key":"Cursed Concoction"},{"floor":12.0,"key":"SmokeBomb"},{"floor":14.0,"key":"SteroidPotion"},{"floor":22.0,"key":"Fire Potion"},{"floor":23.0,"key":"AttackPotion"},{"floor":25.0,"key":"LiquidBronze"},{"floor":29.0,"key":"BlessingOfTheForge"},{"floor":31.0,"key":"CultistPotion"},{"floor":33,"key":"SpeedPotion"},{"floor":35,"key":"SkillPotion"}],"is_trial":false,"path_per_floor":["M","?","?","M","?","E","M","E","T","E","R","M","M","M","R","B",null,"M","$","?","M","M","E","M","E","T","E","M","M","R","M","R","B",null,"M","?","$","M","?","E","R","E","T","E","R","M","?","E","R","B",null],"character_chosen":"IRONCLAD","items_purchased":["Strength Potion","Whetstone","SteroidPotion"],"campfire_rested":0,"item_purchase_floors":[19,19,37],"current_hp_per_floor":[80,48,48,54,54,60,66,49,49,40,40,38,44,49,49,54,74,67,67,67,62,80,67,60,50,50,41,80,70,70,76,76,80,80,80,73,73,76,76,79,79,80,80,75,75,69,69,53,53,64],"gold":671,"neow_bonus":"THREE_ENEMY_KILL","is_daily":false,"chose_seed":false,"campfire_upgraded":5,"win_rate":0.0,"timestamp":1610457621,"path_taken":["M","?","?","M","?","E","M","E","T","E","R","?","M","M","R","BOSS","M","$","?","M","M","E","M","E","T","E","M","?","R","M","R","BOSS","M","?","?","?","?","E","R","E","T","E","R","M","?","E","R","BOSS"],"items_purchased_type":["Potion","Relic","Potion"],"build_version":"2020-12-22","purchased_purges":2,"victory":true,"max_hp_per_floor":[80,80,80,80,80,80,80,80,80,80,80,80,80,80,80,80,80,80,80,80,80,80,80,80,80,80,80,80,80,80,80,80,80,80,80,80,80,80,80,80,80,80,80,80,80,80,80,80,80,80],"card_choices":[{"not_picked":["Run Through","Pummel"],"picked":"Inflame","floor":1.0},{"not_picked":["Twin Strike","Havoc+1"],"picked":"Clash","floor":4.0},{"not_picked":["Sever Soul","Iron Wave"],"picked":"Cleave","floor":6.0},{"not_picked":["Havoc+1","Headbutt"],"picked":"Body Slam","floor":7.0},{"not_picked":["Headbutt","Shockwave+1"],"picked":"Battle Trance+1","floor":8.0},{"not_picked":["Pommel Strike","Run Through","Corruption"],"picked":"SKIP","floor":10.0},{"not_picked":["Pommel Strike","Run Through","Corruption"],"picked":"SKIP","floor":10.0},{"not_picked":["Havoc+1","ReplayTheSpireMod:Stacked+1"],"picked":"Flex+1","floor":12.0},{"not_picked":["Intimidate+1","Twin Strike"],"picked":"ReplayTheSpireMod:Muscle Training+1","floor":13.0},{"not_picked":["True Grit+1","Blood for Blood","Sword Boomerang"],"picked":"SKIP","floor":14.0},{"not_picked":["Juggernaut","Eclipse+1"],"picked":"Reaper","floor":16.0},{"not_picked":["ReplayTheSpireMod:Strike From Hell","ReplayTheSpireMod:LeadingStrike","Wild Strike+1"],"picked":"SKIP","floor":18.0},{"not_picked":["Perfected Strike","Combust"],"picked":"Ghostly Armor+1","floor":21.0},{"not_picked":["Perfected Strike","Sword Boomerang","Inflame"],"picked":"SKIP","floor":22.0},{"not_picked":["True Grit+1","Defy Death+1"],"picked":"Thunderclap+1","floor":23.0},{"not_picked":["Intimidate+1","Metallicize"],"picked":"Warcry+1","floor":24.0},{"not_picked":["Clothesline","Second Wind+1"],"picked":"ReplayTheSpireMod:Stacked+1","floor":25.0},{"not_picked":["Anger+1","Metallicize","Body Slam"],"picked":"SKIP","floor":27.0},{"not_picked":["ReplayReversal+1","Metallicize","Thunderclap"],"picked":"SKIP","floor":28.0},{"not_picked":["Body Slam","Flex+1"],"picked":"Twin Strike+1","floor":29.0},{"not_picked":["Flex+1","Impervious+1"],"picked":"Bloodletting+1","floor":31.0},{"not_picked":["Hemogenesis","Double Tap+1"],"picked":"Limit Break+1","floor":33},{"not_picked":["Abandon+1","Dark Embrace"],"picked":"Flex+1","floor":35},{"not_picked":["Intimidate+1","Infernal Blade+1"],"picked":"Replay:Many Hands+1","floor":38},{"not_picked":["Clothesline","Twin Strike+1"],"picked":"Rage+1","floor":40},{"not_picked":["Anger+1","Armaments+1"],"picked":"Flex+1","floor":42},{"not_picked":["Pummel+1","Power Through+1"],"picked":"Heavy Blade+1","floor":44},{"not_picked":["Clash+1","Replay:Undeath\u0027s Touch+1","Flame Barrier+1"],"picked":"SKIP","floor":46},{"not_picked":["True Grit+1","Corruption","Run Through"],"picked":"SKIP","floor":48}],"player_experience":53710,"relics_obtained":[{"floor":2.0,"key":"Toxic Egg 2"},{"floor":6.0,"key":"Gremlin Food"},{"floor":8.0,"key":"Ice Cream"},{"floor":9.0,"key":"Paper Frog"},{"floor":10.0,"key":"Onion Ring"},{"floor":15.0,"key":"Unceasing Top"},{"floor":23.0,"key":"Lantern"},{"floor":25.0,"key":"Ginger"},{"floor":26.0,"key":"Golden Egg"},{"floor":27.0,"key":"StoneCalendar"},{"floor":36,"key":"Champion Belt"},{"floor":40,"key":"Replay:Mystery Machine"},{"floor":42,"key":"Replay:Towering Pillar of Hats"},{"floor":43,"key":"Grinning Jar"},{"floor":44,"key":"Bottled Flame"},{"floor":48,"key":"Centennial Puzzle"}],"event_choices":[{"damage_healed":0.0,"max_hp_gain":0.0,"max_hp_loss":0.0,"gold_gain":0.0,"event_name":"Liars Game","player_choice":"Ignored","floor":3.0,"gold_loss":0.0,"damage_taken":0.0},{"cards_removed":["Defend_R"],"damage_healed":0.0,"max_hp_gain":0.0,"max_hp_loss":0.0,"gold_gain":0.0,"event_name":"Purifier","player_choice":"Purged","floor":5.0,"gold_loss":0.0,"damage_taken":0.0},{"cards_removed":["Defend_R"],"damage_healed":0.0,"max_hp_gain":0.0,"max_hp_loss":0.0,"gold_gain":0.0,"event_name":"Bonfire Elementals","player_choice":"Offered Basic","floor":20.0,"gold_loss":0.0,"damage_taken":0.0},{"damage_healed":0,"gold_gain":0,"player_choice":"Fight","damage_taken":0,"max_hp_gain":0,"max_hp_loss":0,"event_name":"MindBloom","floor":36,"gold_loss":0},{"damage_healed":0,"gold_gain":0,"player_choice":"Ignored","damage_taken":0,"max_hp_gain":0,"max_hp_loss":0,"event_name":"SecretPortal","floor":47,"gold_loss":0}],"is_beta":false,"boss_relics":[{"not_picked":["Philosopher\u0027s Stone","Astrolabe"],"picked":"Replay:Bronze Core"},{"not_picked":["Velvet Choker","SacredBark"],"picked":"Replay:Wanted Poster"}],"items_purged_floors":[19,37],"is_endless":false,"potions_floor_spawned":[4,6,8,12,14,22,23,25,29,31,33,35,38,48],"ascension_level":5}}