{"host":"x5al1swown9002c0","time":1610477631,"event":{"mods":["Act Like it!","AlwaysNeverKeys","Aspiration","BaseMod","BetterRewards","Colored Map","Friendly Minions","Halation","Highlight Path","Hubris","Minty Spire (QoL Compilation)","Replay The Spire","Shop Mod","Spikes Relics","StSLib","The Dragon Tamer","The Marked"],"gold_per_floor":[110,120,45,45,55,86,86,86],"floor_reached":6,"playtime":327,"items_purged":["DTMod:TargetDefense"],"score":46,"play_id":"65a964cd-ca12-485b-b3b5-132ed0f5e67b","local_time":"20210112205351","is_ascension_mode":false,"metric_token":1107,"campfire_choices":[],"dtmod_dragon_data":[49,50,-1,-1,0,0],"circlet_count":0,"master_deck":["DTMod:Strike","DTMod:Strike","DTMod:Strike","DTMod:Strike","DTMod:DoubleHit","DTMod:TargetDefense","DTMod:TargetDefense","DTMod:TargetDefense","DTMod:SwitchingTactic","DTMod:QuickFly","DTMod:BalancedStrike"],"relics":["DTMod:PactStone","NeowsBlessing","Orichalcum"],"acts_visited":["Exordium"],"potions_floor_usage":[],"damage_taken":[{"damage":0,"enemies":"2 Louse","floor":1,"turns":1},{"damage":0,"enemies":"Small Slimes","floor":2,"turns":1},{"damage":0,"enemies":"Cultist","floor":5,"turns":1},{"damage":18,"enemies":"Lagavulin","floor":6,"turns":8}],"seed_played":"-7317342562773745783","potions_obtained":[{"floor":6,"key":"Block Potion"}],"is_trial":false,"path_per_floor":["M","M","$","?","M","E"],"character_chosen":"THE_DT","items_purchased":[],"campfire_rested":0,"item_purchase_floors":[],"current_hp_per_floor":[45,45,45,50,50,32,32,32],"gold":86,"neow_bonus":"THREE_ENEMY_KILL","is_daily":false,"chose_seed":false,"campfire_upgraded":0,"win_rate":0.0,"timestamp":1610477631,"path_taken":["M","M","$","?","M","E"],"items_purchased_type":[],"build_version":"2020-12-22","purchased_purges":1,"victory":false,"max_hp_per_floor":[45,45,45,50,50,50,50,50],"card_choices":[{"not_picked":["DTMod:BlazingStrike","DTMod:HeatWave"],"picked":"DTMod:QuickFly","floor":1},{"not_picked":["DTMod:Punisher","DTMod:PurifyingFlame"],"picked":"DTMod:BalancedStrike","floor":2},{"not_picked":["DTMod:Feint","DTMod:HeatWave","DTMod:Shift"],"picked":"SKIP","floor":5}],"player_experience":636779,"relics_obtained":[{"floor":6,"key":"Orichalcum"}],"event_choices":[{"damage_healed":0,"gold_gain":0,"player_choice":"Donut","damage_taken":0,"max_hp_gain":5,"max_hp_loss":0,"event_name":"Big Fish","floor":4,"gold_loss":0}],"is_beta":false,"boss_relics":[],"items_purged_floors":[3],"is_endless":false,"potions_floor_spawned":[6],"killed_by":"Lagavulin","ascension_level":0}}