{"host":"vlqejv0notyktumz","time":1610475177,"event":{"mods":["AchievementEnabler","BaseMod","Googly Eyes","Minty Spire (QoL Compilation)"],"gold_per_floor":[112,125,76,91,266,266,266,341,366,6,23,23,58,74,74,176,176,194,269,14,14,14,14,29,59,59,59,0,14,14,26,26,125,125,144,164,176,4,4,4,24,24,24,39,39,59,59,77,77,77,77],"floor_reached":50,"playtime":1572,"items_purged":["Doubt","Strike_B","Defend_B"],"score":649,"play_id":"6e4251fc-396f-416a-a0dc-dfff7edb9e0c","local_time":"20210112121257","is_ascension_mode":true,"campfire_choices":[{"data":"Auto Shields","floor":6,"key":"SMITH"},{"floor":12,"key":"REST"},{"data":"Zap","floor":15,"key":"SMITH"},{"data":"Redo","floor":23,"key":"SMITH"},{"floor":27,"key":"REST"},{"data":"Defragment","floor":30,"key":"SMITH"},{"data":"Hologram","floor":32,"key":"SMITH"},{"data":"Gash","floor":40,"key":"SMITH"},{"data":"Streamline","floor":42,"key":"SMITH"},{"data":"Cold Snap","floor":45,"key":"SMITH"},{"data":"Go for the Eyes","floor":47,"key":"SMITH"},{"data":"Defend_B","floor":49,"key":"SMITH"}],"circlet_count":0,"master_deck":["Defend_B","Defend_B","Defend_B+1","Zap+1","Dualcast","Auto Shields+1","Streamline+1","Ball Lightning","Cold Snap+1","Defragment+1","All For One","Redo+1","Seek","Gash+1","Bite","Bite","Bite","Bite","Go for the Eyes+1","Hologram+1","Echo Form+1","Undo+1","Gash+1","Double Energy+1"],"relics":["Cracked Core","Oddly Smooth Stone","Omamori","Sundial","Regal Pillow","Pantograph","Juzu Bracelet","Nuclear Battery","Frozen Egg 2","Pen Nib","HornCleat","Runic Pyramid","The Courier"],"acts_visited":["Exordium","TheCity","TheBeyond"],"potions_floor_usage":[13,24,25,33,33,37,44,50],"damage_taken":[{"damage":14,"enemies":"2 Louse","floor":1,"turns":2},{"damage":0,"enemies":"Jaw Worm","floor":2,"turns":4},{"damage":6,"enemies":"Small Slimes","floor":4,"turns":4},{"damage":6,"enemies":"Exordium Thugs","floor":11,"turns":4},{"damage":17,"enemies":"Lagavulin","floor":13,"turns":6},{"damage":1,"enemies":"Blue Slaver","floor":14,"turns":3},{"damage":31,"enemies":"The Guardian","floor":16,"turns":12},{"damage":13,"enemies":"2 Thieves","floor":18,"turns":5},{"damage":13,"enemies":"Shell Parasite","floor":24,"turns":4},{"damage":50,"enemies":"Gremlin Leader","floor":25,"turns":7},{"damage":14,"enemies":"3 Cultists","floor":29,"turns":5},{"damage":1,"enemies":"Centurion and Healer","floor":31,"turns":7},{"damage":81,"enemies":"Collector","floor":33,"turns":15},{"damage":5,"enemies":"3 Shapes","floor":35,"turns":5},{"damage":11,"enemies":"Orb Walker","floor":36,"turns":3},{"damage":13,"enemies":"4 Shapes","floor":37,"turns":5},{"damage":0,"enemies":"Sphere and 2 Shapes","floor":41,"turns":5},{"damage":0,"enemies":"Jaw Worm Horde","floor":44,"turns":3},{"damage":1,"enemies":"Transient","floor":46,"turns":5},{"damage":26,"enemies":"3 Darklings","floor":48,"turns":6},{"damage":98,"enemies":"Donu and Deca","floor":50,"turns":8}],"seed_played":"120357893470312892","potions_obtained":[{"floor":11,"key":"Swift Potion"},{"floor":16,"key":"ColorlessPotion"},{"floor":18,"key":"FearPotion"},{"floor":29,"key":"Weak Potion"},{"floor":31,"key":"Dexterity Potion"},{"floor":36,"key":"LiquidMemories"},{"floor":37,"key":"Explosive Potion"},{"floor":48,"key":"Swift Potion"}],"is_trial":false,"path_per_floor":["M","M","$","M","?","R","?","T","T","$","M","R","E","M","R","B",null,"M","?","$","?","T","R","M","E","T","R","?","M","R","M","R","B",null,"M","M","M","$","?","R","M","R","T","M","R","M","R","M","R","B"],"character_chosen":"DEFECT","items_purchased":["Streamline","Pantograph","Cold Snap","Blood Vial","Gash"],"campfire_rested":2,"item_purchase_floors":[3,10,10,20,38],"current_hp_per_floor":[54,54,54,48,48,48,36,36,36,36,30,67,50,49,49,43,67,54,47,47,47,47,47,42,12,12,49,49,45,45,62,62,22,62,61,52,43,43,43,43,49,49,49,53,53,60,60,46,46,0,0],"gold":77,"neow_bonus":"RANDOM_COMMON_RELIC","is_daily":false,"chose_seed":false,"campfire_upgraded":10,"win_rate":0.0,"timestamp":1610475177,"path_taken":["M","M","$","M","?","R","?","?","T","$","M","R","E","M","R","BOSS","M","?","?","?","?","R","M","E","T","R","?","M","R","M","R","BOSS","M","M","M","$","?","R","M","R","T","M","R","M","R","M","R","BOSS"],"items_purchased_type":["Card","Relic","Card","Relic","Card"],"build_version":"2020-12-22","purchased_purges":3,"victory":false,"max_hp_per_floor":[75,75,75,75,75,75,75,75,75,75,75,75,75,75,75,75,75,75,75,75,75,75,75,75,75,75,75,75,75,75,75,75,75,75,75,75,75,75,75,75,75,75,75,75,75,75,75,75,75,75,75],"card_choices":[{"not_picked":["Beam Cell","Cold Snap"],"picked":"Auto Shields","floor":1},{"not_picked":["Stack","Heatsinks","Recycle"],"picked":"SKIP","floor":2},{"not_picked":["Hologram","Loop"],"picked":"Ball Lightning","floor":4},{"not_picked":["Barrage","Compile Driver"],"picked":"Defragment","floor":11},{"not_picked":["Sunder","Double Energy"],"picked":"All For One","floor":13},{"not_picked":["Leap","Capacitor"],"picked":"Redo","floor":14},{"not_picked":["Fission","Hyperbeam"],"picked":"Seek","floor":16},{"not_picked":["Loop","Steam Power"],"picked":"Gash+1","floor":18},{"not_picked":["Leap","Melter","Sweeping Beam"],"picked":"SKIP","floor":24},{"not_picked":["Reinforced Body","Multi-Cast"],"picked":"Go for the Eyes","floor":25},{"not_picked":["Ball Lightning","Double Energy","Barrage"],"picked":"SKIP","floor":29},{"not_picked":["Ball Lightning","Hello World+1"],"picked":"Hologram","floor":31},{"not_picked":["Creative AI+1","Electrodynamics+1"],"picked":"Echo Form+1","floor":33},{"not_picked":["Loop+1","Sweeping Beam+1","Redo+1"],"picked":"SKIP","floor":35},{"not_picked":["Recycle+1","Compile Driver+1","Hologram+1"],"picked":"SKIP","floor":36},{"not_picked":["Stack+1","Multi-Cast"],"picked":"Undo+1","floor":37},{"not_picked":["Ball Lightning","Melter+1","Gash"],"picked":"SKIP","floor":41},{"not_picked":["Rebound","Go for the Eyes"],"picked":"Double Energy+1","floor":44},{"not_picked":["Tempest","Turbo","Reinforced Body+1"],"picked":"SKIP","floor":46},{"not_picked":["Electrodynamics+1","Reprogram+1","Cold Snap"],"picked":"SKIP","floor":48}],"player_experience":329515,"relics_obtained":[{"floor":8,"key":"Sundial"},{"floor":9,"key":"Regal Pillow"},{"floor":13,"key":"Juzu Bracelet"},{"floor":22,"key":"Frozen Egg 2"},{"floor":25,"key":"Pen Nib"},{"floor":26,"key":"HornCleat"},{"floor":43,"key":"The Courier"}],"event_choices":[{"damage_healed":0,"gold_gain":175,"player_choice":"AGREE","damage_taken":0,"max_hp_gain":0,"max_hp_loss":0,"event_name":"Liars Game","floor":5,"gold_loss":0,"cards_obtained":["Doubt"]},{"damage_healed":0,"gold_gain":0,"player_choice":"Success","damage_taken":12,"relics_obtained":["Omamori"],"max_hp_gain":0,"max_hp_loss":0,"event_name":"Scrap Ooze","floor":7,"gold_loss":0},{"damage_healed":0,"gold_gain":75,"player_choice":"Touch","damage_taken":7,"max_hp_gain":0,"max_hp_loss":0,"event_name":"FaceTrader","floor":19,"gold_loss":0},{"damage_healed":0,"gold_gain":0,"player_choice":"Became a vampire (Vial)","damage_taken":0,"max_hp_gain":0,"max_hp_loss":0,"event_name":"Vampires","floor":21,"relics_lost":["Blood Vial"],"gold_loss":0,"cards_obtained":["Bite","Bite","Bite","Bite","Bite"]},{"damage_healed":0,"gold_gain":0,"player_choice":"Paid Fearfully","damage_taken":0,"max_hp_gain":0,"max_hp_loss":0,"event_name":"Masked Bandits","floor":28,"gold_loss":59},{"cards_removed":["Bite"],"damage_healed":0,"gold_gain":0,"player_choice":"Removed Attack","damage_taken":0,"max_hp_gain":0,"max_hp_loss":0,"event_name":"Falling","floor":39,"gold_loss":0}],"is_beta":false,"boss_relics":[{"not_picked":["Coffee Dripper","SacredBark"],"picked":"Nuclear Battery"},{"not_picked":["Runic Dome","Fusion Hammer"],"picked":"Runic Pyramid"}],"items_purged_floors":[10,20,38],"is_endless":false,"potions_floor_spawned":[11,16,18,29,31,36,37,48],"killed_by":"Donu and Deca","ascension_level":7}}