{"host":"z34yzn8hj4ic20ef","time":1610421341,"event":{"mods":["AchievementEnabler","BaseMod","Downfall","Minty Spire (QoL Compilation)","StSLib","SuperFastMode"],"gold_per_floor":[114,264,264,314,331,331,351,351,351,351,351,379,335,335,335,407,407,427,301,320,337,337,337,367,367,393,393,407,64,90,110,110,186,186,203,203,215,240,240,255,255,281,281,281,313,331,59,91,91,91,91],"floor_reached":52,"playtime":17981,"items_purged":["Strike_B+1","Defend_B"],"score":1998,"play_id":"699235d0-4c93-4971-b098-1f8aa224ec43","local_time":"20210112121541","is_ascension_mode":true,"campfire_choices":[{"data":"Zap","floor":6.0,"key":"SMITH"},{"data":"Redo","floor":8.0,"key":"SMITH"},{"floor":15.0,"key":"REST"},{"data":"Dualcast","floor":23.0,"key":"SMITH"},{"data":"Biased Cognition","floor":25.0,"key":"SMITH"},{"floor":27.0,"key":"REST"},{"floor":32.0,"key":"REST"},{"data":"Biased Cognition","floor":41.0,"key":"SMITH"},{"data":"Loop","floor":44.0,"key":"SMITH"},{"data":"Coolheaded","floor":49.0,"key":"SMITH"}],"circlet_count":0,"master_deck":["AscendersBane","Strike_B+1","Defend_B","Zap+1","Dualcast+1","Redo+1","Doom and Gloom+1","Loop+1","Biased Cognition+1","Chaos+1","Capacitor+1","Coolheaded","Decay","Seek","Coolheaded+1","Biased Cognition+1"],"relics":["Runic Pyramid","Blue Candle","Bag of Marbles","Astrolabe","Guardian:PocketSentry","Bag of Preparation","OrangePellets","Strawberry","Busted Crown","Turnip","Whetstone","Meat on the Bone","Thread and Needle","ClockworkSouvenir","Bronze Scales"],"acts_visited":["Exordium","TheCity","TheBeyond"],"potions_floor_usage":[51],"damage_taken":[{"damage":2.0,"enemies":"Jaw Worm","floor":1.0,"turns":4.0},{"damage":12.0,"enemies":"Small Slimes","floor":5.0,"turns":3.0},{"damage":3.0,"enemies":"2 Louse","floor":7.0,"turns":2.0},{"damage":9.0,"enemies":"Gremlin Nob","floor":12.0,"turns":3.0},{"damage":6.0,"enemies":"The Guardian","floor":16.0,"turns":6.0},{"damage":1.0,"enemies":"Spheric Guardian","floor":18.0,"turns":3.0},{"damage":6.0,"enemies":"2 Thieves","floor":20.0,"turns":3.0},{"damage":4.0,"enemies":"Snecko","floor":21.0,"turns":6.0},{"damage":26.0,"enemies":"Book of Stabbing","floor":24.0,"turns":5.0},{"damage":5.0,"enemies":"Sentry and Sphere","floor":28.0,"turns":3.0},{"damage":26.0,"enemies":"Gremlin Leader","floor":30.0,"turns":5.0},{"damage":1.0,"enemies":"Centurion and Healer","floor":31.0,"turns":6.0},{"damage":12.0,"enemies":"Automaton","floor":33.0,"turns":7.0},{"damage":6.0,"enemies":"3 Darklings","floor":35.0,"turns":4.0},{"damage":1.0,"enemies":"Orb Walker","floor":37.0,"turns":4.0},{"damage":0.0,"enemies":"Mind Bloom Boss Battle","floor":38.0,"turns":4.0},{"damage":21.0,"enemies":"Jaw Worm Horde","floor":40.0,"turns":4.0},{"damage":10.0,"enemies":"Reptomancer","floor":42.0,"turns":5.0},{"damage":0.0,"enemies":"Nemesis","floor":45.0,"turns":5.0},{"damage":2.0,"enemies":"Writhing Mass","floor":46.0,"turns":4.0},{"damage":15.0,"enemies":"Reptomancer","floor":48.0,"turns":5.0},{"damage":1.0,"enemies":"Awakened One","floor":50.0,"turns":7.0},{"damage":8,"enemies":"Donu and Deca","floor":51,"turns":7}],"seed_played":"1603440920777271956","potions_obtained":[{"floor":5.0,"key":"SkillPotion"},{"floor":12.0,"key":"Swift Potion"},{"floor":16.0,"key":"AttackPotion"},{"floor":18.0,"key":"BlessingOfTheForge"},{"floor":20.0,"key":"FairyPotion"},{"floor":30.0,"key":"champ:CounterPotion"},{"floor":35.0,"key":"Energy Potion"},{"floor":46.0,"key":"FocusPotion"}],"is_trial":false,"path_per_floor":["M","?","?","?","M","R","M","R","T","?","?","E","?","?","R","B",null,"M","$","M","M","?","R","E","R","T","R","M","$","E","M","R","B",null,"M","?","M","?","?","M","R","E","T","R","E","M","$","E","R","B","B",null],"character_chosen":"DEFECT","items_purchased":["Coolheaded","OrangePellets","Seek","ClockworkSouvenir"],"campfire_rested":3,"item_purchase_floors":[19,29,29,47],"current_hp_per_floor":[62,62,41,34,22,22,19,19,19,19,12,3,3,3,24,18,58,57,57,51,47,47,47,21,21,21,42,37,37,18,17,40,28,66,60,60,59,59,55,34,34,24,24,24,36,46,46,43,43,42,46],"gold":91,"neow_bonus":"BOSS_RELIC","is_daily":false,"chose_seed":false,"campfire_upgraded":7,"win_rate":0.0,"timestamp":1610421341,"path_taken":["M","?","?","?","?","R","M","R","T","?","?","E","?","?","R","BOSS","M","$","?","M","?","R","E","R","T","R","M","$","E","M","R","BOSS","M","?","M","?","?","M","R","E","T","R","E","M","$","E","R","BOSS","BOSS"],"items_purchased_type":["Card","Relic","Card","Relic"],"build_version":"2020-12-22","purchased_purges":2,"victory":true,"max_hp_per_floor":[71,71,71,71,71,71,71,71,71,71,71,71,71,71,71,71,71,71,71,71,71,71,71,71,71,71,71,71,71,78,78,78,78,78,78,78,78,78,78,78,78,78,78,78,78,78,78,78,78,78,78],"card_choices":[{"not_picked":["Rebound","Ball Lightning"],"picked":"Redo","floor":1.0},{"not_picked":["Stack","Double Energy"],"picked":"Doom and Gloom","floor":5.0},{"not_picked":["Static Discharge","Force Field","Steam"],"picked":"SKIP","floor":7.0},{"not_picked":["Stack","Cold Snap"],"picked":"Loop","floor":12.0},{"not_picked":["Seek","Reboot"],"picked":"Biased Cognition","floor":16.0},{"not_picked":["Reprogram+1","Go for the Eyes","Undo"],"picked":"SKIP","floor":18.0},{"not_picked":["Steam","Static Discharge","Turbo+1"],"picked":"SKIP","floor":20.0},{"not_picked":["Compile Driver","Sweeping Beam+1","Steam"],"picked":"SKIP","floor":21.0},{"not_picked":["Doom and Gloom","Rebound","Ball Lightning"],"picked":"SKIP","floor":24.0},{"not_picked":["Heatsinks","Redo+1","Steam"],"picked":"SKIP","floor":28.0},{"not_picked":["Chill","Rainbow"],"picked":"Coolheaded","floor":30.0},{"not_picked":["Genetic Algorithm","Skim+1","Gash+1"],"picked":"SKIP","floor":31.0},{"not_picked":["Seek","Buffer"],"picked":"Biased Cognition","floor":33.0},{"not_picked":["Compile Driver"],"picked":"SKIP","floor":35.0},{"not_picked":["Static Discharge+1"],"picked":"SKIP","floor":37.0},{"not_picked":["Turbo"],"picked":"SKIP","floor":40.0},{"not_picked":["Go for the Eyes"],"picked":"SKIP","floor":42.0},{"not_picked":["Doom and Gloom+1"],"picked":"SKIP","floor":45.0},{"not_picked":["Go for the Eyes"],"picked":"SKIP","floor":46.0},{"not_picked":["Go for the Eyes"],"picked":"SKIP","floor":46.0},{"not_picked":["Ball Lightning"],"picked":"SKIP","floor":48.0}],"player_experience":834692,"relics_obtained":[{"floor":9.0,"key":"Blue Candle"},{"floor":12.0,"key":"Bag of Marbles"},{"floor":24.0,"key":"Guardian:PocketSentry"},{"floor":26.0,"key":"Bag of Preparation"},{"floor":30.0,"key":"Strawberry"},{"floor":38.0,"key":"Turnip"},{"floor":42.0,"key":"Whetstone"},{"floor":43.0,"key":"Meat on the Bone"},{"floor":45.0,"key":"Thread and Needle"},{"floor":48.0,"key":"Bronze Scales"}],"event_choices":[{"damage_healed":0.0,"max_hp_gain":0.0,"max_hp_loss":0.0,"gold_gain":150.0,"event_name":"Liars Game","player_choice":"AGREE","floor":2.0,"gold_loss":0.0,"damage_taken":0.0,"cards_obtained":["Doubt"]},{"damage_healed":0.0,"max_hp_gain":0.0,"max_hp_loss":0.0,"gold_gain":0.0,"event_name":"Shining Light","player_choice":"Entered Light","floor":3.0,"gold_loss":0.0,"damage_taken":21.0,"cards_upgraded":["Strike_B","Strike_B"]},{"damage_healed":0.0,"max_hp_gain":0.0,"max_hp_loss":0.0,"gold_gain":50.0,"event_name":"FaceTrader","player_choice":"Touch","floor":4.0,"gold_loss":0.0,"damage_taken":7.0},{"damage_healed":0.0,"max_hp_gain":0.0,"max_hp_loss":0.0,"gold_gain":0.0,"event_name":"Living Wall","player_choice":"Grow","floor":10.0,"gold_loss":0.0,"damage_taken":0.0,"cards_upgraded":["Doom and Gloom"]},{"cards_removed":["Doubt"],"damage_healed":0.0,"max_hp_gain":0.0,"max_hp_loss":0.0,"gold_gain":0.0,"event_name":"Golden Wing","player_choice":"Card Removal","floor":11.0,"gold_loss":0.0,"damage_taken":7.0},{"damage_healed":0.0,"max_hp_gain":0.0,"max_hp_loss":0.0,"gold_gain":0.0,"event_name":"World of Goop","player_choice":"Left Gold","floor":13.0,"gold_loss":44.0,"damage_taken":0.0},{"cards_removed":["Strike_B"],"damage_healed":0.0,"max_hp_gain":0.0,"max_hp_loss":0.0,"gold_gain":0.0,"event_name":"Wheel of Change","player_choice":"Card Removal","floor":14.0,"gold_loss":0.0,"damage_taken":0.0},{"damage_healed":0.0,"max_hp_gain":0.0,"max_hp_loss":0.0,"gold_gain":0.0,"event_name":"Forgotten Altar","player_choice":"Smashed Altar","floor":22.0,"gold_loss":0.0,"damage_taken":0.0,"cards_obtained":["Decay"]},{"cards_removed":["Rip and Tear"],"damage_healed":0.0,"max_hp_gain":0.0,"max_hp_loss":0.0,"gold_gain":0.0,"event_name":"Falling","player_choice":"Removed Attack","floor":36.0,"gold_loss":0.0,"damage_taken":0.0},{"damage_healed":0.0,"max_hp_gain":0.0,"max_hp_loss":0.0,"gold_gain":0.0,"event_name":"MindBloom","player_choice":"Fight","floor":38.0,"gold_loss":0.0,"damage_taken":0.0},{"damage_healed":0.0,"max_hp_gain":0.0,"max_hp_loss":0.0,"gold_gain":0.0,"event_name":"The Woman in Blue","player_choice":"Bought 0 Potions","floor":39.0,"gold_loss":0.0,"damage_taken":0.0}],"is_beta":false,"boss_relics":[{"not_picked":["Runic Dome","Philosopher\u0027s Stone"],"picked":"Astrolabe"},{"not_picked":["Cursed Key","Black Star"],"picked":"Busted Crown"}],"items_purged_floors":[19,47],"is_endless":false,"potions_floor_spawned":[5,12,16,18,20,30,33,35,40,46],"ascension_level":20}}