{"host":"p9t7qd83igtcp2bh","time":1610429942,"event":{"mods":["2.2 Compatiblity","AchievementEnabler","BaseMod","Colored Map","Colored Powertips","Custom Start","DeckTracker","Keyboard Shortcuts","Minty Spire (QoL Compilation)","Permanent Neow","StSLib","SuperFastMode","everything is the same but u backflip on backflip"],"gold_per_floor":[118,132,147,147,197,197,207,207,207,226,258,258,152,165,165,242,242,255,271,290,290,290,290],"floor_reached":22,"playtime":715,"items_purged":["Defend_B"],"score":357,"play_id":"cfb8f2fb-3394-4808-914f-336f94750f7d","local_time":"20210112143902","is_ascension_mode":true,"campfire_choices":[{"data":"Fusion","floor":6,"key":"SMITH"},{"data":"Dualcast","floor":8,"key":"SMITH"},{"data":"Zap","floor":12,"key":"SMITH"},{"floor":15,"key":"REST"}],"circlet_count":0,"master_deck":["AscendersBane","Strike_B","Strike_B+1","Strike_B+1","Defend_B","Defend_B","Zap+1","Dualcast+1","Reinforced Body","Hologram","Fusion+1","Blizzard","Coolheaded","Skim"],"relics":["Cracked Core","Eternal Feather","Whetstone","Smiling Mask","Runic Pyramid"],"acts_visited":["Exordium","TheCity"],"potions_floor_usage":[11,11,14,20,22],"damage_taken":[{"damage":6,"enemies":"2 Louse","floor":1,"turns":3},{"damage":7,"enemies":"Small Slimes","floor":2,"turns":4},{"damage":0,"enemies":"Cultist","floor":3,"turns":4},{"damage":25,"enemies":"Large Slime","floor":7,"turns":7},{"damage":4,"enemies":"Red Slaver","floor":10,"turns":4},{"damage":5,"enemies":"Lagavulin","floor":11,"turns":8},{"damage":0,"enemies":"Exordium Thugs","floor":14,"turns":2},{"damage":25,"enemies":"The Guardian","floor":16,"turns":16},{"damage":0,"enemies":"Spheric Guardian","floor":18,"turns":8},{"damage":39,"enemies":"3 Byrds","floor":19,"turns":6},{"damage":10,"enemies":"Centurion and Healer","floor":20,"turns":8},{"damage":11,"enemies":"Snake Plant","floor":22,"turns":1}],"seed_played":"-3807031857488430658","potions_obtained":[{"floor":3,"key":"DistilledChaos"},{"floor":7,"key":"GamblersBrew"},{"floor":11,"key":"Fire Potion"},{"floor":18,"key":"AttackPotion"},{"floor":20,"key":"Swift Potion"}],"is_trial":false,"path_per_floor":["M","M","M","?","?","R","M","R","T","M","E","R","$","M","R","B",null,"M","M","M","?","M"],"character_chosen":"DEFECT","items_purchased":["Coolheaded"],"campfire_rested":1,"item_purchase_floors":[13],"current_hp_per_floor":[58,51,51,25,25,31,6,12,12,8,3,9,9,9,36,11,56,56,17,7,7,0,0],"gold":290,"neow_bonus":"REMOVE_CARD","is_daily":false,"chose_seed":false,"campfire_upgraded":3,"win_rate":0.0,"timestamp":1610429942,"path_taken":["M","M","M","?","?","R","M","R","T","M","E","R","$","M","R","BOSS","M","M","?","?","?"],"items_purchased_type":["Card"],"build_version":"2020-12-22","purchased_purges":1,"victory":false,"max_hp_per_floor":[71,71,71,71,71,71,71,71,71,71,71,71,71,71,71,71,71,71,71,71,71,71,71],"card_choices":[{"not_picked":["Sweeping Beam","Self Repair"],"picked":"Reinforced Body","floor":1},{"not_picked":["Undo","Leap"],"picked":"Hologram","floor":2},{"not_picked":["Go for the Eyes","Hologram"],"picked":"Fusion","floor":3},{"not_picked":["Aggregate","Leap","Barrage"],"picked":"SKIP","floor":7},{"not_picked":["Darkness","Static Discharge"],"picked":"Blizzard","floor":10},{"not_picked":["Redo","Melter","Steam"],"picked":"SKIP","floor":11},{"not_picked":["Rebound","Glacier","Coolheaded"],"picked":"SKIP","floor":14},{"not_picked":["Heatsinks","Melter"],"picked":"Skim","floor":18},{"not_picked":["Compile Driver","Sweeping Beam","Steam"],"picked":"SKIP","floor":19},{"not_picked":["Streamline","Redo","Beam Cell"],"picked":"SKIP","floor":20}],"player_experience":629046,"relics_obtained":[{"floor":9,"key":"Whetstone"},{"floor":11,"key":"Smiling Mask"}],"event_choices":[{"damage_healed":0,"gold_gain":0,"player_choice":"Success","damage_taken":26,"relics_obtained":["Eternal Feather"],"max_hp_gain":0,"max_hp_loss":0,"event_name":"Scrap Ooze","floor":4,"gold_loss":0},{"damage_healed":0,"gold_gain":50,"player_choice":"Pray","damage_taken":0,"max_hp_gain":0,"max_hp_loss":0,"event_name":"Golden Shrine","floor":5,"gold_loss":0},{"cards_removed":["Strike_B"],"damage_healed":0,"gold_gain":0,"player_choice":"Purged","damage_taken":0,"max_hp_gain":0,"max_hp_loss":0,"event_name":"Purifier","floor":21,"gold_loss":0}],"is_beta":false,"boss_relics":[{"not_picked":["SacredBark","Inserter"],"picked":"Runic Pyramid"}],"items_purged_floors":[13],"is_endless":false,"potions_floor_spawned":[3,7,11,18,20],"killed_by":"Snake Plant","ascension_level":18}}