{"host":"vohenq18pmg6jboc","time":1610444047,"event":{"mods":["Arknights The Spire","Bard","BaseMod","Chen","Downfall","Gremlin Mod","GungeonMod","Hermit","Koishi","Marisa¡]Ãú«B¡@Å]²z¨F¡^","Minty Spire (QoL Compilation)","Relic Stats","Remilia¡]Á¢¦Ì²ú?¡^","StSLib","The Administrix","The Bug Knight","The Cursed","The Hierophant","The IronCluck","The Runesmith","The Servant 0.9.4","WarShipGirlsR/??¤Ö¤kR mod","Yakumo Yukari mod","Youmu¡]»î¾z§¯?¡^","Yuyuko"],"gold_per_floor":[119,119,81,92,106,106,106,106,188,198,198,9,9,19,19,120,120,138,138,158,4,4,4],"floor_reached":22,"playtime":1187,"items_purged":[],"score":199,"play_id":"60b55fde-13cc-4aef-8ccb-c2a0a2d88579","local_time":"20210112173407","is_ascension_mode":false,"campfire_choices":[{"data":"Rage","floor":6,"key":"SMITH"},{"data":"Anger","floor":11,"key":"SMITH"},{"data":"Feed","floor":13,"key":"SMITH"},{"data":"Pummel","floor":15,"key":"SMITH"}],"circlet_count":0,"master_deck":["Strike_R","Strike_R","Strike_R","Strike_R","Strike_R","Defend_R","Defend_R","Defend_R","Defend_R","Heavy Blade","Rage+1","Heavy Blade+1","Cleave","Anger+1","Feed+1","Pummel+1","Reaper+1","Iron Wave+1","Second Wind","DemoMod:WhiteBlade","DemoMod:BlackBlade"],"relics":["Burning Blood","Strawberry","Blood Vial","Mummified Hand","Membership Card","DemoMod:DecoyRelic","Dream Catcher"],"acts_visited":["Exordium","TheCity"],"potions_floor_usage":[16,16],"damage_taken":[{"damage":3,"enemies":"Jaw Worm","floor":1,"turns":5},{"damage":5,"enemies":"Cultist","floor":4,"turns":6},{"damage":0,"enemies":"2 Louse","floor":5,"turns":3},{"damage":6,"enemies":"Looter","floor":10,"turns":4},{"damage":8,"enemies":"Blue Slaver","floor":14,"turns":5},{"damage":57,"enemies":"Hexaghost","floor":16,"turns":11},{"damage":51,"enemies":"Spheric Guardian","floor":18,"turns":9},{"damage":36,"enemies":"3 Byrds","floor":20,"turns":7},{"damage":50,"enemies":"Snecko","floor":22,"turns":6}],"seed_played":"-4615940204892103573","potions_obtained":[{"floor":4,"key":"FearPotion"},{"floor":14,"key":"SteroidPotion"},{"floor":18,"key":"FearPotion"}],"is_trial":false,"path_per_floor":["M","?","$","M","M","R","?","?","T","M","R","$","R","M","R","B",null,"M","?","M","$","M"],"character_chosen":"IRONCLAD","items_purchased":["Rage","Membership Card","Feed","DemoMod:DecoyRelic","Dream Catcher","DemoMod:WhiteBlade"],"campfire_rested":0,"item_purchase_floors":[3,12,12,21,21,21],"current_hp_per_floor":[87,87,87,87,87,87,75,75,75,77,77,77,77,81,81,32,91,50,50,30,30,0,0],"gold":4,"neow_bonus":"RANDOM_COMMON_RELIC","is_daily":false,"chose_seed":false,"campfire_upgraded":4,"win_rate":0.0,"timestamp":1610444047,"path_taken":["M","?","?","M","?","R","?","?","T","M","R","$","R","M","R","BOSS","M","?","?","$","M"],"items_purchased_type":["Card","Relic","Card","Relic","Relic","Card"],"build_version":"2020-12-22","purchased_purges":0,"victory":false,"max_hp_per_floor":[87,87,87,87,87,87,87,87,87,87,87,87,87,91,91,91,91,95,95,99,99,99,99],"relic_stats":{"Blood Vial":10,"Dream Catcher":0,"counters":[9,56],"Mummified Hand":[0],"obtain_stats":[{"Blood Vial":7,"Dream Catcher":21,"Mummified Hand":9,"Strawberry":0,"DemoMod:DecoyRelic":21,"DemoMod:GlassGuonStoneRelic":4,"Membership Card":12,"Burning Blood":0},{"Blood Vial":3,"Dream Catcher":8,"Mummified Hand":3,"Strawberry":0,"DemoMod:DecoyRelic":8,"DemoMod:GlassGuonStoneRelic":2,"Membership Card":4,"Burning Blood":0},{"Blood Vial":14,"Dream Catcher":50,"Mummified Hand":14,"Strawberry":0,"DemoMod:DecoyRelic":50,"DemoMod:GlassGuonStoneRelic":11,"Membership Card":18,"Burning Blood":0}],"Burning Blood":38},"card_choices":[{"not_picked":["Clothesline","Dark Embrace"],"picked":"Heavy Blade","floor":1},{"not_picked":["Burning Pact","Rage"],"picked":"Heavy Blade","floor":4},{"not_picked":["Flame Barrier","Reckless Charge"],"picked":"Cleave","floor":5},{"not_picked":["Flex","Hemokinesis"],"picked":"Anger","floor":10},{"not_picked":["Intimidate","Battle Trance"],"picked":"Pummel","floor":14},{"not_picked":["Impervious","Brutality"],"picked":"Reaper","floor":16},{"not_picked":["Flex","Uppercut"],"picked":"Iron Wave+1","floor":18},{"not_picked":["Heavy Blade","Headbutt"],"picked":"Second Wind","floor":20}],"player_experience":74345,"relics_obtained":[{"floor":9,"key":"Mummified Hand"}],"event_choices":[{"cards_removed":["Bash"],"damage_healed":0,"gold_gain":0,"player_choice":"Offered Basic","damage_taken":0,"max_hp_gain":0,"max_hp_loss":0,"event_name":"Bonfire Elementals","floor":2,"gold_loss":0},{"damage_healed":0,"gold_gain":0,"player_choice":"Success","damage_taken":12,"relics_obtained":["Blood Vial"],"max_hp_gain":0,"max_hp_loss":0,"event_name":"Scrap Ooze","floor":7,"gold_loss":0},{"damage_healed":0,"gold_gain":0,"player_choice":"Grow","damage_taken":0,"max_hp_gain":0,"max_hp_loss":0,"event_name":"Living Wall","floor":8,"gold_loss":0,"cards_upgraded":["Heavy Blade"]},{"damage_healed":0,"gold_gain":0,"player_choice":"Forge","damage_taken":0,"max_hp_gain":0,"max_hp_loss":0,"event_name":"Accursed Blacksmith","floor":19,"gold_loss":0,"cards_upgraded":["Reaper"]}],"is_beta":false,"boss_relics":[{"not_picked":["Sozu","Runesmith:UraniumAnvil","Snecko Eye"]}],"items_purged_floors":[],"is_endless":false,"potions_floor_spawned":[4,14,18],"killed_by":"Snecko","ascension_level":0}}