{"host":"kosfzzvw61a59szc","time":1610451718,"event":{"mods":["ATMod(∞¢Ë™Mod)","Act Like it!","Arknights The Spire","BaseMod","CapriCore","Downfall","Gensokyo","Marisa£®ÏF”Í°°ƒß¿Ì…≥£©","Minty Spire (QoL Compilation)","Reimu£®≤©¿ˆ¡È√Œ£©","Remilia£®¿Ÿ√◊¿Ú—«£©","Replay The Spire","Shop Mod","StSLib","The Administrix","WarShipGirlsR/’ΩΩ¢…Ÿ≈ÆR mod","Yakumo Yukari mod","Youmu£®ªÍ∆«—˝√Œ£©","°æπ¶ƒ‹Mod°øªÏ„Á÷Æª∑–ﬁ∏¥≤π∂°","°æ“≈ŒÔø®≈∆°øREMEMod","ÛÙª÷∏ƒœ"],"gold_per_floor":[112,112,124,25,44,344,344],"floor_reached":6,"playtime":469,"items_purged":[],"score":38,"play_id":"a2a041b4-886c-4b0b-bb7b-78f5414044b8","local_time":"20210112194158","is_ascension_mode":true,"campfire_choices":[],"circlet_count":0,"master_deck":["ats:Strike C","ats:Strike G","ats:Strike S","ats:Strike V","ats:Armor Crushing Shot","ats:Defend","ats:Defend","ats:Defend","ats:Defend","ats:Emotion Absorption","AdministrixMod:DeathByGlamour","AT_FamilyPortrait","ats:Ignite","Injury","ats:Healing Strengthening","Gensokyo:ScrapIron","ats:Demon Strength+1","ats:Guardian Obelisk"],"relics":["REME_ComplimentaryCards","AT_ATBox","Sozu","Pen Nib"],"acts_visited":["Gensokyo:Gensokyo"],"potions_floor_usage":[],"damage_taken":[{"damage":7,"enemies":"Gensokyo:Gryphon","floor":1,"turns":5},{"damage":17,"enemies":"Gensokyo:Python","floor":3,"turns":6},{"damage":8,"enemies":"Gensokyo:3_Fairies","floor":5,"turns":5},{"damage":43,"enemies":"Gensokyo:Cirno","floor":6,"turns":4}],"seed_played":"6806268873334209120","potions_obtained":[],"is_trial":false,"path_per_floor":["M","?","M","COS","M","E"],"character_chosen":"DOCTOR_CLASS","items_purchased":[],"campfire_rested":0,"item_purchase_floors":[],"current_hp_per_floor":[65,65,49,49,41,0,0],"gold":344,"neow_bonus":"BOSS_RELIC","is_daily":false,"chose_seed":false,"campfire_upgraded":0,"win_rate":0.0,"timestamp":1610451718,"path_taken":["M","?","M","COS","M","E"],"items_purchased_type":[],"build_version":"2020-12-22","purchased_purges":0,"victory":false,"max_hp_per_floor":[72,72,72,72,72,72,72],"card_choices":[{"not_picked":["ats:Hammer On","ats:Leaping Hammer"],"picked":"ats:Ignite","floor":1},{"not_picked":["ats:Poison Spread","ats:Childhood Dance"],"picked":"ats:Healing Strengthening","floor":3},{"not_picked":["ats:Childhood Dance+1","ats:Apocalypse+1"],"picked":"ats:Demon Strength+1","floor":5},{"not_picked":["ats:Shadow Raid","ats:Ignite"],"picked":"ats:Guardian Obelisk","floor":5}],"player_experience":1241508,"relics_obtained":[],"event_choices":[],"is_beta":false,"boss_relics":[],"items_purged_floors":[],"is_endless":false,"potions_floor_spawned":[1],"killed_by":"Gensokyo:Cirno","ascension_level":1}}