{"host":"25beq07qjecnigqh","time":1610463056,"event":{"mods":["BaseMod","Minty Spire (QoL Compilation)"],"gold_per_floor":[112,112,158,158,170,197,197,226,226,238,238,84,184,214,214,315,315,335,93,125,44,44,78,97,97,97,111,130,157,172,172,172,172,172],"floor_reached":33,"playtime":2240,"items_purged":[],"score":366,"play_id":"f875add8-d778-467c-8531-97b33984630e","local_time":"20210112225056","is_ascension_mode":true,"campfire_choices":[{"data":"Feed","floor":7,"key":"SMITH"},{"floor":11,"key":"REST"},{"data":"Armaments","floor":15,"key":"SMITH"},{"data":"Dual Wield","floor":25,"key":"SMITH"},{"floor":32,"key":"REST"}],"circlet_count":0,"master_deck":["Strike_R","Strike_R","Strike_R","Strike_R","Strike_R","Defend_R","Defend_R","Defend_R","Defend_R","Bash+1","Clash","Clash","Feed+1","Anger","Armaments+1","Dual Wield+1","Rage","Demon Form","Searing Blow","Clothesline+1","Carnage","Inflame+1","Perfected Strike","Clash","Infernal Blade","Corruption"],"relics":["Burning Blood","Dream Catcher","Kunai","Shuriken","Pear","ClockworkSouvenir","Bottled Lightning","Philosopher\u0027s Stone","Darkstone Periapt","Red Mask","Potion Belt","Self Forming Clay","Gambling Chip"],"acts_visited":["Exordium","TheCity"],"potions_floor_usage":[5,16,20,23,24,28,29,33],"damage_taken":[{"damage":3,"enemies":"Small Slimes","floor":1,"turns":4},{"damage":0,"enemies":"Jaw Worm","floor":5,"turns":2},{"damage":14,"enemies":"Gremlin Nob","floor":6,"turns":3},{"damage":46,"enemies":"3 Sentries","floor":8,"turns":9},{"damage":0,"enemies":"Cultist","floor":10,"turns":2},{"damage":14,"enemies":"Gremlin Nob","floor":14,"turns":3},{"damage":41,"enemies":"Hexaghost","floor":16,"turns":5},{"damage":15,"enemies":"Shell Parasite","floor":18,"turns":4},{"damage":25,"enemies":"Masked Bandits","floor":20,"turns":4},{"damage":33,"enemies":"Slavers","floor":23,"turns":6},{"damage":6,"enemies":"Spheric Guardian","floor":24,"turns":3},{"damage":12,"enemies":"Shelled Parasite and Fungi","floor":27,"turns":4},{"damage":26,"enemies":"Sentry and Sphere","floor":28,"turns":5},{"damage":21,"enemies":"Book of Stabbing","floor":29,"turns":4},{"damage":22,"enemies":"Cultist and Chosen","floor":30,"turns":5},{"damage":101,"enemies":"Collector","floor":33,"turns":5}],"seed_played":"1638041590525394122","potions_obtained":[{"floor":1,"key":"Block Potion"},{"floor":10,"key":"SteroidPotion"},{"floor":14,"key":"BloodPotion"},{"floor":16,"key":"PowerPotion"},{"floor":23,"key":"Fruit Juice"},{"floor":24,"key":"BloodPotion"},{"floor":27,"key":"PowerPotion"},{"floor":28,"key":"BloodPotion"}],"is_trial":false,"path_per_floor":["M","?","T","?","M","E","R","E","T","M","R","$","?","E","R","B",null,"M","$","?","$","?","E","M","R","T","M","M","E","M","?","R","B"],"character_chosen":"IRONCLAD","items_purchased":["ClockworkSouvenir","Darkstone Periapt","Carnage"],"campfire_rested":2,"item_purchase_floors":[12,19,21],"current_hp_per_floor":[80,80,80,80,80,75,75,39,49,59,89,89,89,85,85,50,105,96,96,77,77,56,34,57,57,57,55,63,48,36,36,74,0,0],"gold":172,"neow_bonus":"THREE_CARDS","is_daily":false,"chose_seed":false,"campfire_upgraded":3,"win_rate":0.0,"timestamp":1610463056,"path_taken":["M","?","?","?","M","E","R","E","T","?","R","$","?","E","R","BOSS","M","?","?","$","?","E","M","R","T","?","M","E","M","?","R","BOSS"],"items_purchased_type":["Relic","Relic","Card"],"build_version":"2020-12-22","purchased_purges":0,"victory":false,"max_hp_per_floor":[80,80,80,80,80,83,83,87,97,101,101,101,101,105,105,105,105,105,105,105,105,110,115,115,115,115,119,123,123,127,127,127,127,127],"card_choices":[{"not_picked":["Feel No Pain","Shrug It Off"],"picked":"Clash","floor":0},{"not_picked":["Pummel","Dropkick"],"picked":"Clash","floor":1},{"not_picked":["Rampage","Pommel Strike","Dark Embrace"],"picked":"SKIP","floor":5},{"not_picked":["Evolve","Iron Wave"],"picked":"Anger","floor":6},{"not_picked":["Spot Weakness","Carnage"],"picked":"Armaments","floor":8},{"not_picked":["Feel No Pain","Battle Trance"],"picked":"Dual Wield","floor":10},{"not_picked":["Havoc","Pommel Strike"],"picked":"Rage","floor":11},{"not_picked":["Bloodletting","Cleave","Pommel Strike"],"picked":"SKIP","floor":14},{"not_picked":["Immolate","Fiend Fire"],"picked":"Demon Form","floor":16},{"not_picked":["Sentinel","Iron Wave"],"picked":"Searing Blow","floor":18},{"not_picked":["Body Slam+1","Wild Strike"],"picked":"Clothesline+1","floor":20},{"not_picked":["Berserk","Clothesline"],"picked":"Inflame+1","floor":23},{"not_picked":["Cleave","Wild Strike"],"picked":"Perfected Strike","floor":24},{"not_picked":["True Grit","Impervious"],"picked":"Clash","floor":27},{"not_picked":["Ghostly Armor","Shrug It Off+1"],"picked":"Infernal Blade","floor":28},{"not_picked":["Heavy Blade","Burning Pact"],"picked":"Corruption","floor":29},{"not_picked":["Heavy Blade","Power Through","Sword Boomerang"],"picked":"SKIP","floor":30}],"player_experience":43952,"relics_obtained":[{"floor":3,"key":"Dream Catcher"},{"floor":6,"key":"Kunai"},{"floor":8,"key":"Shuriken"},{"floor":9,"key":"Pear"},{"floor":14,"key":"Bottled Lightning"},{"floor":20,"key":"Red Mask"},{"floor":23,"key":"Potion Belt"},{"floor":26,"key":"Self Forming Clay"},{"floor":29,"key":"Gambling Chip"}],"event_choices":[{"damage_healed":0,"gold_gain":0,"player_choice":"Grow","damage_taken":0,"max_hp_gain":0,"max_hp_loss":0,"event_name":"Living Wall","floor":2,"gold_loss":0,"cards_upgraded":["Bash"]},{"damage_healed":0,"gold_gain":0,"player_choice":"1 cards matched","damage_taken":0,"max_hp_gain":0,"max_hp_loss":0,"event_name":"Match and Keep!","floor":4,"gold_loss":0,"cards_obtained":["Feed"]},{"damage_healed":0,"gold_gain":100,"player_choice":"Gold","damage_taken":0,"max_hp_gain":0,"max_hp_loss":0,"event_name":"Wheel of Change","floor":13,"gold_loss":0},{"damage_healed":0,"gold_gain":0,"player_choice":"Fought Bandits","damage_taken":0,"max_hp_gain":0,"max_hp_loss":0,"event_name":"Masked Bandits","floor":20,"gold_loss":0},{"damage_healed":0,"gold_gain":0,"player_choice":"Shed Blood","damage_taken":26,"max_hp_gain":5,"max_hp_loss":0,"event_name":"Forgotten Altar","floor":22,"gold_loss":0},{"damage_healed":0,"gold_gain":0,"player_choice":"Ignored","damage_taken":0,"max_hp_gain":0,"max_hp_loss":0,"event_name":"Vampires","floor":31,"gold_loss":0}],"is_beta":false,"boss_relics":[{"not_picked":["Runic Cube","Empty Cage"],"picked":"Philosopher\u0027s Stone"}],"items_purged_floors":[],"is_endless":false,"potions_floor_spawned":[1,10,14,16,23,24,27,28],"killed_by":"Collector","ascension_level":1}}