{"host":"g01l53quoe6lrer0","time":1610469921,"event":{"mods":["2.2 Compatiblity","AchievementEnabler","BaseMod","Colored Map","Highlight Path","Keyboard Shortcuts","Minty Spire (QoL Compilation)","Permanent Neow","StSLib","SuperFastMode","everything is the same but u backflip on backflip"],"gold_per_floor":[117,117,42,60,60,91,103,130,167,179,206,252,279,301,313,400,412,438,463,494,506,16,16,16,16],"floor_reached":24,"playtime":491,"items_purged":["Strike_B","Strike_B"],"score":384,"play_id":"25200cb6-07b8-420e-bfe8-28cfcc0f939b","local_time":"20210113014521","is_ascension_mode":true,"campfire_choices":[{"data":"Sunder","floor":7.0,"key":"SMITH"},{"data":"Dualcast","floor":10.0,"key":"SMITH"},{"data":"Beam Cell","floor":15.0,"key":"SMITH"},{"floor":23,"key":"REST"}],"circlet_count":0,"master_deck":["AscendersBane","Strike_B","Strike_B","Defend_B","Defend_B","Defend_B","Defend_B","Zap+1","Dualcast+1","Blizzard","BootSequence","Sunder+1","Ball Lightning","Cold Snap","Reinforced Body","Beam Cell+1","Coolheaded","Electrodynamics","Storm","Auto Shields","Capacitor","Apotheosis"],"relics":["Cracked Core","NeowsBlessing","MawBank","Bronze Scales","Singing Bowl","Inserter","Shuriken","Lantern"],"acts_visited":["Exordium","TheCity"],"potions_floor_usage":[24],"damage_taken":[{"damage":0.0,"enemies":"Cultist","floor":1.0,"turns":1.0},{"damage":0.0,"enemies":"Jaw Worm","floor":4.0,"turns":1.0},{"damage":0.0,"enemies":"Gremlin Nob","floor":6.0,"turns":1.0},{"damage":0.0,"enemies":"2 Louse","floor":8.0,"turns":1.0},{"damage":0.0,"enemies":"Looter","floor":11.0,"turns":2.0},{"damage":8.0,"enemies":"3 Sentries","floor":12.0,"turns":4.0},{"damage":0.0,"enemies":"Exordium Wildlife","floor":13.0,"turns":2.0},{"damage":0.0,"enemies":"Red Slaver","floor":14.0,"turns":2.0},{"damage":21.0,"enemies":"The Guardian","floor":16.0,"turns":10.0},{"damage":7,"enemies":"2 Thieves","floor":18,"turns":4},{"damage":26,"enemies":"Shell Parasite","floor":19,"turns":4},{"damage":17,"enemies":"3 Cultists","floor":20,"turns":4},{"damage":42,"enemies":"Slavers","floor":24,"turns":3}],"seed_played":"-4418087566662153077","potions_obtained":[{"floor":1.0,"key":"Explosive Potion"},{"floor":4.0,"key":"EntropicBrew"}],"is_trial":false,"path_per_floor":["M","?","$","M","?","E","R","M","T","R","M","E","M","M","R","B",null,"M","M","M","T","$","R","E"],"character_chosen":"DEFECT","items_purchased":["Capacitor","Lantern","Apotheosis"],"campfire_rested":1,"item_purchase_floors":[22,22,22],"current_hp_per_floor":[68,68,68,68,61,61,61,61,61,61,61,53,53,53,53,32,64,57,31,16,16,16,39,0,0],"gold":16,"neow_bonus":"THREE_ENEMY_KILL","is_daily":false,"chose_seed":false,"campfire_upgraded":3,"win_rate":0.0,"timestamp":1610469921,"path_taken":["M","?","$","?","?","E","R","M","T","R","M","E","M","M","R","BOSS","M","M","M","?","$","R","E"],"items_purchased_type":["Card","Relic","Card"],"build_version":"2020-12-22","purchased_purges":2,"victory":false,"max_hp_per_floor":[75,75,75,75,75,75,75,75,75,75,75,75,75,75,75,75,75,75,75,77,77,77,77,77,77],"card_choices":[{"not_picked":["Blizzard","Sweeping Beam","Sunder"],"picked":"SKIP","floor":1.0},{"not_picked":["Sweeping Beam","Sunder"],"picked":"Blizzard","floor":1.0},{"not_picked":["Reinforced Body","Storm"],"picked":"BootSequence","floor":4.0},{"not_picked":["Chill","Sweeping Beam"],"picked":"Sunder","floor":6.0},{"not_picked":["Auto Shields","Beam Cell"],"picked":"Ball Lightning","floor":8.0},{"not_picked":["Tempest","Sunder"],"picked":"Cold Snap","floor":11.0},{"not_picked":["Barrage","Doom and Gloom"],"picked":"Reinforced Body","floor":12.0},{"not_picked":["Streamline","Go for the Eyes"],"picked":"Beam Cell","floor":13.0},{"not_picked":["Hologram","Conserve Battery"],"picked":"Coolheaded","floor":14.0},{"not_picked":["Meteor Strike","Machine Learning"],"picked":"Electrodynamics","floor":16.0},{"not_picked":["Barrage","Go for the Eyes+1"],"picked":"Storm","floor":18},{"not_picked":["Heatsinks","Darkness"],"picked":"Auto Shields","floor":19},{"not_picked":["Steam","Turbo","Conserve Battery"],"picked":"Singing Bowl","floor":20}],"player_experience":167723,"relics_obtained":[{"floor":6.0,"key":"MawBank"},{"floor":9.0,"key":"Bronze Scales"},{"floor":12.0,"key":"Singing Bowl"},{"floor":21,"key":"Shuriken"}],"event_choices":[{"damage_healed":0.0,"max_hp_gain":0.0,"max_hp_loss":0.0,"gold_gain":0.0,"event_name":"Accursed Blacksmith","player_choice":"Forge","floor":2.0,"gold_loss":0.0,"damage_taken":0.0,"cards_upgraded":["Zap"]},{"damage_healed":0.0,"max_hp_gain":0.0,"max_hp_loss":0.0,"gold_gain":0.0,"event_name":"Wheel of Change","player_choice":"Damaged","floor":5.0,"gold_loss":0.0,"damage_taken":7.0}],"is_beta":false,"boss_relics":[{"not_picked":["Tiny House","SacredBark"],"picked":"Inserter"}],"items_purged_floors":[3,22],"is_endless":false,"potions_floor_spawned":[1,4,11],"killed_by":"Slavers","ascension_level":13}}