{"host":"3h5qf14xt40jhha0","time":1610421114,"event":{"mods":["AlwaysNeverKeys","BaseMod","Colored Powertips","Minty Spire (QoL Compilation)","Permanent Neow","Relic Stats","StSLib"],"gold_per_floor":[118,131,56,56,56,56,82,82,109,128,146,180,180,197,197,274,274,291,216,216,233,233,233,264,314,395,395,35,35,70,84,84,159,159,176,186,211,211,211,211,241,241,310,310,338,161,161,181,181,181,181,181,181,15,49,49,49],"floor_reached":56,"playtime":2672,"items_purged":["Strike_G"],"score":1994,"play_id":"2e81fc8d-117e-4570-8325-3ef83b0936e8","local_time":"20210111221154","is_ascension_mode":true,"campfire_choices":[{"data":"Riddle With Holes","floor":6.0,"key":"SMITH"},{"floor":8.0,"key":"REST"},{"data":"Dash","floor":13.0,"key":"SMITH"},{"data":"Neutralize","floor":15.0,"key":"SMITH"},{"data":"Malaise","floor":23.0,"key":"SMITH"},{"data":"Bouncing Flask","floor":27.0,"key":"SMITH"},{"data":"Noxious Fumes","floor":29.0,"key":"SMITH"},{"data":"Cloak And Dagger","floor":32.0,"key":"SMITH"},{"floor":40.0,"key":"RECALL"},{"data":"Catalyst","floor":42.0,"key":"SMITH"},{"data":"Leg Sweep","floor":47.0,"key":"SMITH"},{"data":"Malaise","floor":49.0,"key":"SMITH"},{"data":"Malaise","floor":53,"key":"SMITH"}],"circlet_count":0,"master_deck":["AscendersBane","Strike_G","Defend_G","Defend_G","Defend_G","Defend_G","Survivor","Neutralize+1","Backflip","Noxious Fumes+1","Riddle With Holes+1","Dash+1","Riddle With Holes+1","Deadly Poison","Cloak And Dagger+1","Malaise+1","Dagger Spray","Predator+1","Bouncing Flask+1","Malaise+1","Malaise+1","CurseOfTheBell","Backflip","Catalyst+1","Blade Dance","Backflip+1","Leg Sweep+1","Dash+1","Night Terror"],"relics":["Sozu","PreservedInsect","Anchor","Bronze Scales","Nunchaku","Snecko Eye","Eternal Feather","Potion Belt","Shuriken","Regal Pillow","Calling Bell","Snake Skull","Molten Egg 2","Pocketwatch","TungstenRod","Singing Bowl","Kunai","StrikeDummy","Toolbox","Pen Nib"],"acts_visited":["Exordium","TheCity","TheBeyond","TheEnding"],"potions_floor_usage":[],"damage_taken":[{"damage":4.0,"enemies":"Small Slimes","floor":1.0,"turns":4.0},{"damage":0.0,"enemies":"2 Louse","floor":2.0,"turns":2.0},{"damage":42.0,"enemies":"Gremlin Nob","floor":7.0,"turns":5.0},{"damage":0.0,"enemies":"Jaw Worm","floor":10.0,"turns":3.0},{"damage":0.0,"enemies":"Blue Slaver","floor":11.0,"turns":3.0},{"damage":5.0,"enemies":"Lagavulin","floor":12.0,"turns":5.0},{"damage":2.0,"enemies":"2 Fungi Beasts","floor":14.0,"turns":3.0},{"damage":13.0,"enemies":"The Guardian","floor":16.0,"turns":10.0},{"damage":0.0,"enemies":"Shell Parasite","floor":18.0,"turns":4.0},{"damage":0.0,"enemies":"Chosen","floor":21.0,"turns":5.0},{"damage":5.0,"enemies":"Gremlin Leader","floor":24.0,"turns":4.0},{"damage":0.0,"enemies":"Book of Stabbing","floor":30.0,"turns":3.0},{"damage":10.0,"enemies":"Sentry and Sphere","floor":31.0,"turns":4.0},{"damage":28.0,"enemies":"Collector","floor":33.0,"turns":7.0},{"damage":0.0,"enemies":"3 Shapes","floor":35.0,"turns":2.0},{"damage":3.0,"enemies":"Orb Walker","floor":36.0,"turns":3.0},{"damage":0.0,"enemies":"Mind Bloom Boss Battle","floor":37.0,"turns":6.0},{"damage":0.0,"enemies":"Nemesis","floor":41.0,"turns":5.0},{"damage":32.0,"enemies":"Reptomancer","floor":45.0,"turns":6.0},{"damage":0.0,"enemies":"Maw","floor":48.0,"turns":5.0},{"damage":35.0,"enemies":"Time Eater","floor":50.0,"turns":12.0},{"damage":13,"enemies":"Donu and Deca","floor":51,"turns":10},{"damage":58,"enemies":"Shield and Spear","floor":55,"turns":7},{"damage":33,"enemies":"The Heart","floor":56,"turns":2}],"seed_played":"888768090805964776","potions_obtained":[],"is_trial":false,"path_per_floor":["M","M","?","?","?","R","E","R","T","M","M","E","R","M","R","B",null,"M","?","?","M","T","R","E","?","T","R","$","R","E","M","R","B",null,"M","M","?","?","?","R","E","R","T","$","E","$","R","M","R","B","B",null,"R","$","E","B"],"character_chosen":"THE_SILENT","items_purchased":["Shuriken","Leg Sweep","Dash+1","Toolbox"],"campfire_rested":1,"item_purchase_floors":[28,46,46,54],"current_hp_per_floor":[55,55,55,55,44,44,2,21,21,21,21,16,16,14,14,1,50,50,50,50,50,50,62,57,57,57,66,66,66,66,56,66,38,59,59,56,56,56,56,63,63,63,63,63,31,31,46,48,63,28,15,53,65,65,7,0,0],"gold":49,"neow_bonus":"BOSS_RELIC","is_daily":false,"chose_seed":false,"campfire_upgraded":11,"win_rate":0.0,"timestamp":1610421114,"path_taken":["M","M","?","?","?","R","E","R","T","M","?","E","R","M","R","BOSS","M","?","?","?","?","R","E","?","T","R","$","R","E","M","R","BOSS","M","M","?","?","?","R","E","R","T","?","E","$","R","?","R","BOSS","BOSS","R","$","E","BOSS"],"items_purchased_type":["Relic","Card","Card","Relic"],"build_version":"2020-12-22","purchased_purges":1,"victory":false,"max_hp_per_floor":[66,66,66,66,66,66,66,66,66,66,66,66,66,66,66,66,66,66,66,66,66,66,66,66,66,66,66,66,66,66,66,66,66,66,66,66,66,63,63,63,63,63,63,63,63,63,63,65,65,65,65,65,65,65,65,65,65],"relic_stats":{"Regal Pillow":0,"Singing Bowl":2,"counters":[24,120],"Eternal Feather":80,"PreservedInsect":333,"Snake Skull":[107],"Pen Nib":[0],"Sozu":10,"Nunchaku":[20],"Shuriken":[34],"Bronze Scales":[263],"Snecko Eye":[162,138,168,150],"Kunai":[21],"obtain_stats":[{"Potion Belt":24,"Regal Pillow":30,"Singing Bowl":41,"Eternal Feather":22,"PreservedInsect":5,"Snake Skull":34,"Pen Nib":55,"Sozu":0,"Calling Bell":34,"Anchor":7,"Nunchaku":12,"Shuriken":28,"Bronze Scales":9,"Snecko Eye":17,"Toolbox":54,"Molten Egg 2":34,"Kunai":43,"StrikeDummy":45,"TungstenRod":37,"Ring of the Snake":0,"Pocketwatch":34},{"Potion Belt":11,"Regal Pillow":12,"Singing Bowl":18,"Eternal Feather":10,"PreservedInsect":2,"Snake Skull":14,"Pen Nib":23,"Sozu":0,"Calling Bell":14,"Anchor":3,"Nunchaku":6,"Shuriken":11,"Bronze Scales":3,"Snecko Eye":8,"Toolbox":22,"Molten Egg 2":14,"Kunai":18,"StrikeDummy":19,"TungstenRod":17,"Ring of the Snake":0,"Pocketwatch":14},{"Potion Belt":48,"Regal Pillow":51,"Singing Bowl":78,"Eternal Feather":44,"PreservedInsect":6,"Snake Skull":62,"Pen Nib":118,"Sozu":0,"Calling Bell":62,"Anchor":11,"Nunchaku":22,"Shuriken":48,"Bronze Scales":11,"Snecko Eye":35,"Toolbox":111,"Molten Egg 2":62,"Kunai":78,"StrikeDummy":84,"TungstenRod":73,"Ring of the Snake":0,"Pocketwatch":62}],"TungstenRod":18,"Pocketwatch":[60]},"card_choices":[{"not_picked":["Prepared","Reflex"],"picked":"Backflip","floor":1.0},{"not_picked":["Sucker Punch","Deadly Poison"],"picked":"Noxious Fumes","floor":2.0},{"not_picked":["Flechettes","Quick Slash"],"picked":"Dash","floor":7.0},{"not_picked":["After Image","PiercingWail"],"picked":"Riddle With Holes","floor":10.0},{"not_picked":["Prepared","Acrobatics"],"picked":"Deadly Poison","floor":11.0},{"not_picked":["Flying Knee","Slice","Heel Hook"],"picked":"SKIP","floor":12.0},{"not_picked":["Underhanded Strike","Calculated Gamble"],"picked":"Cloak And Dagger","floor":14.0},{"not_picked":["Unload","Burst"],"picked":"Malaise","floor":16.0},{"not_picked":["Cloak And Dagger","Quick Slash"],"picked":"Dagger Spray","floor":18.0},{"not_picked":["Underhanded Strike","Outmaneuver"],"picked":"Predator+1","floor":21.0},{"not_picked":["Eviscerate","All Out Attack"],"picked":"Bouncing Flask","floor":24.0},{"not_picked":["Quick Slash","Reflex","Poisoned Stab+1"],"picked":"SKIP","floor":30.0},{"not_picked":["Distraction","All Out Attack"],"picked":"Malaise","floor":31.0},{"not_picked":["Venomology","Tools of the Trade"],"picked":"Malaise","floor":33.0},{"not_picked":["Dagger Spray+1","Flying Knee+1"],"picked":"Backflip","floor":35.0},{"not_picked":["Backflip","Dodge and Roll","Quick Slash+1"],"picked":"SKIP","floor":36.0},{"not_picked":["Glass Knife+1","Bane+1"],"picked":"Catalyst","floor":37.0},{"not_picked":["Slice+1","Underhanded Strike+1"],"picked":"Blade Dance","floor":41.0},{"not_picked":["Heel Hook+1","Tactician+1"],"picked":"Backflip+1","floor":45.0},{"not_picked":["Dodge and Roll+1","Acrobatics","Prepared+1"],"picked":"Singing Bowl","floor":48.0},{"not_picked":["Blade Dance","Leg Sweep"],"picked":"Night Terror","floor":55}],"player_experience":1315060,"relics_obtained":[{"floor":7.0,"key":"Anchor"},{"floor":9.0,"key":"Bronze Scales"},{"floor":12.0,"key":"Nunchaku"},{"floor":22.0,"key":"Eternal Feather"},{"floor":24.0,"key":"Potion Belt"},{"floor":30.0,"key":"Regal Pillow"},{"floor":34.0,"key":"Snake Skull"},{"floor":34.0,"key":"Molten Egg 2"},{"floor":34.0,"key":"Pocketwatch"},{"floor":37.0,"key":"TungstenRod"},{"floor":41.0,"key":"Singing Bowl"},{"floor":43.0,"key":"Kunai"},{"floor":45.0,"key":"StrikeDummy"},{"floor":55,"key":"Pen Nib"}],"event_choices":[{"cards_removed":["Strike_G"],"damage_healed":0.0,"max_hp_gain":0.0,"max_hp_loss":0.0,"gold_gain":0.0,"event_name":"The Cleric","player_choice":"Card Removal","floor":3.0,"gold_loss":75.0,"damage_taken":0.0},{"damage_healed":0.0,"max_hp_gain":0.0,"max_hp_loss":0.0,"gold_gain":0.0,"cards_transformed":["Strike_G"],"event_name":"Living Wall","player_choice":"Change","floor":4.0,"gold_loss":0.0,"damage_taken":0.0,"cards_obtained":["Riddle With Holes"]},{"damage_healed":0.0,"max_hp_gain":0.0,"max_hp_loss":0.0,"gold_gain":0.0,"event_name":"Scrap Ooze","player_choice":"Success","floor":5.0,"gold_loss":0.0,"damage_taken":11.0,"relics_obtained":["PreservedInsect"]},{"cards_removed":["Strike_G"],"damage_healed":0.0,"max_hp_gain":0.0,"max_hp_loss":0.0,"gold_gain":0.0,"event_name":"Beggar","player_choice":"Gave Gold","floor":19.0,"gold_loss":75.0,"damage_taken":0.0},{"damage_healed":0.0,"max_hp_gain":0.0,"max_hp_loss":0.0,"gold_gain":0.0,"event_name":"Upgrade Shrine","player_choice":"Upgraded","floor":20.0,"gold_loss":0.0,"damage_taken":0.0,"cards_upgraded":["Riddle With Holes"]},{"damage_healed":0.0,"max_hp_gain":0.0,"max_hp_loss":0.0,"gold_gain":50.0,"event_name":"Nest","player_choice":"Stole From Cult","floor":25.0,"gold_loss":0.0,"damage_taken":0.0},{"damage_healed":0.0,"max_hp_gain":0.0,"max_hp_loss":0.0,"gold_gain":0.0,"event_name":"MindBloom","player_choice":"Fight","floor":37.0,"gold_loss":0.0,"damage_taken":0.0},{"damage_healed":0.0,"max_hp_gain":0.0,"max_hp_loss":3.0,"gold_gain":0.0,"event_name":"Winding Halls","player_choice":"Max HP","floor":38.0,"gold_loss":0.0,"damage_taken":0.0},{"cards_removed":["Defend_G"],"damage_healed":0.0,"max_hp_gain":0.0,"max_hp_loss":0.0,"gold_gain":0.0,"event_name":"Falling","player_choice":"Removed Skill","floor":39.0,"gold_loss":0.0,"damage_taken":0.0}],"is_beta":false,"boss_relics":[{"not_picked":["Ectoplasm","Astrolabe"],"picked":"Snecko Eye"},{"not_picked":["Busted Crown","Empty Cage"],"picked":"Calling Bell"}],"items_purged_floors":[28],"is_endless":false,"potions_floor_spawned":[2,11,14,18,24,31,36,37,45,55],"killed_by":"The Heart","ascension_level":20}}