{"host":"hn99riirbf0lv0ml","time":1610413912,"event":{"mods":["AchievementEnabler","Act Like it!","Bard","BaseMod","Beaked The Cultist","Colored Map","Colored Powertips","Conspire","Downfall","Duelist Mod","Friendly Minions","Gensokyo","GifTheSpireLib","Glutton Mod","Halation","Jorbs\u0027s Wanderer Trilogy","Mad Scientist","Marisa????????","Minty Spire (QoL Compilation)","Rare Cards Sparkle","Replay The Spire","StSLib","The Blackbeard","The Bug Knight","The Construct","The Cursed","The Disciple","The Mystic","The Runesmith","The Servant 0.9.4","The Witch"],"gold_per_floor":[115,115,115,19,38,38,38,50,50,14,564,564,584,629,629,731,731,746,746,495,512,512,95,95,127,181,194,253,294,311,326,326,421,421,461,4,4,22,22,51,51,51,51,96,111,111,111,127,127,127],"floor_reached":51,"playtime":11830,"items_purged":["Strike_MRS","Strike_MRS"],"score":792,"play_id":"8db9fe9c-e3b3-4909-beca-492ffeecb690","local_time":"20210111201152","is_ascension_mode":false,"campfire_choices":[{"data":"IllusionStar","floor":6,"key":"SMITH"},{"floor":12,"key":"REST"},{"data":"SuperNova","floor":15,"key":"SMITH"},{"data":"EscapeVelocity","floor":24,"key":"SMITH"},{"floor":32,"key":"REST"},{"data":"ChargingUp","floor":41,"key":"SMITH"},{"floor":49,"key":"DIG"}],"circlet_count":0,"master_deck":["UpSweep","IllusionStar+1","EscapeVelocity+1","PulseMagic+1","WitchOfGreed+1","IllusionStar","ChargingUp+1","SuperNova+1","AbsoluteMagnitude+1","Replay:Resounding Blow+1","ManaConvection+1","expansioncontent:DashGenerateEvil+1","MysteriousBeam+1","Jack Of All Trades","SuperPerseids","MagicChant","DeepEcoloBomb+1","StarDustReverie+1","DarkSpark+1","BlazeAway","AlicesGift+1","PulseMagic+1","WitchOfGreed+1","OpenUniverse+1","StarBarrage+1","PropBag+1","Gensokyo:Dawn","PropBag","BigCrunch","FairyDestructionRay+1"],"relics":["MiniHakkero","halation:SwordOfLegend","Gensokyo:Mercy","Happy Flower","Molten Egg 2","conspire:DeflatedDodgeball","Black Star","Gensokyo:ConquerorOfFear","Snack Pack","Dream Catcher","Oddly Smooth Stone","Eternal Feather","Bird Faced Urn","Astrolabe","halation:Diary","ClockworkSouvenir","Guide Book","halation:TwoAmDonut","conspire:Boomerang","halation:Toothbrush","halation:PenCase"],"acts_visited":["Gensokyo:Gensokyo","Gensokyo:Gensokyoer","Gensokyo:Gensokyoest"],"potions_floor_usage":[16,25,25,28,28,28,30,33,48,50],"damage_taken":[{"damage":2,"enemies":"Gensokyo:2_Kodama","floor":1,"turns":4},{"damage":3,"enemies":"Gensokyo:Python","floor":5,"turns":4},{"damage":14,"enemies":"Gensokyo:Gryphon","floor":8,"turns":5},{"damage":33,"enemies":"Gensokyo:Mamizou","floor":11,"turns":10},{"damage":6,"enemies":"Gensokyo:3_Kodama","floor":13,"turns":2},{"damage":0,"enemies":"Gensokyo:LivingMonolith","floor":14,"turns":2},{"damage":8,"enemies":"Gensokyo:Kokoro","floor":16,"turns":8},{"damage":1,"enemies":"Gensokyo:Chomper","floor":18,"turns":3},{"damage":14,"enemies":"Gensokyo:AngelMirror","floor":21,"turns":3},{"damage":45,"enemies":"Gensokyo:Tenshi","floor":25,"turns":3},{"damage":0,"enemies":"Gensokyo:Slime_Group","floor":27,"turns":4},{"damage":14,"enemies":"Gensokyo:Reisen","floor":28,"turns":4},{"damage":14,"enemies":"Gensokyo:Mirror_and_Dog","floor":29,"turns":5},{"damage":12,"enemies":"Gensokyo:Swordslinger","floor":30,"turns":2},{"damage":8,"enemies":"Gensokyo:Monolith_and_Dog","floor":31,"turns":4},{"damage":0,"enemies":"Gensokyo:Eiki","floor":33,"turns":7},{"damage":1,"enemies":"Gensokyo:3_Boulders","floor":35,"turns":3},{"damage":0,"enemies":"Gensokyo:3_Bats","floor":38,"turns":1},{"damage":24,"enemies":"Gensokyo:Doremy","floor":40,"turns":4},{"damage":27,"enemies":"Gensokyo:Doremy","floor":42,"turns":9},{"damage":11,"enemies":"Gensokyo:3_Boulders","floor":44,"turns":3},{"damage":45,"enemies":"Gensokyo:Rafflesia","floor":45,"turns":6},{"damage":0,"enemies":"Gensokyo:AtlasGolem","floor":48,"turns":3},{"damage":20,"enemies":"Gensokyo:Scarlet_Devils","floor":50,"turns":8}],"seed_played":"1038913825126589677","potions_obtained":[{"floor":11,"key":"Reflective Coating"},{"floor":11,"key":"Elixir"},{"floor":13,"key":"Milkshake"},{"floor":16,"key":"ColorlessPotion"},{"floor":25,"key":"SteroidPotion"},{"floor":27,"key":"BlessingOfTheForge"},{"floor":28,"key":"SmokeBomb"},{"floor":29,"key":"Weak Potion"},{"floor":29,"key":"Death Potion"},{"floor":35,"key":"DuplicationPotion"},{"floor":38,"key":"Explosive Potion"},{"floor":45,"key":"AttackPotion"},{"floor":48,"key":"LiquidMemories"}],"is_trial":false,"path_per_floor":["M","T","?","COS","M","R","?","M","T","$","E","R","M","M","R_BF","B",null,"M","?","$","M","?","$","R","E","T","M","E","M","M","M","R","B",null,"M","COS","?","M","$","E","R","?","T","M","M","$","?","M","R_BF","B",null],"character_chosen":"MARISA","items_purchased":["WitchOfGreed+1","Replay:Resounding Blow+1","expansioncontent:DashGenerateEvil+1","MysteriousBeam+1","Jack Of All Trades"],"campfire_rested":2,"item_purchase_floors":[10,20,23,23,23],"current_hp_per_floor":[80,80,80,80,77,80,80,66,66,66,33,63,57,57,63,55,82,81,86,86,72,72,72,81,36,36,38,28,22,12,6,62,78,87,87,87,87,87,87,65,87,87,87,87,52,52,55,65,90,88],"gold":127,"neow_bonus":"TEN_PERCENT_HP_BONUS","is_daily":false,"chose_seed":false,"campfire_upgraded":4,"win_rate":0.0,"timestamp":1610413912,"path_taken":["M","?","?","COS","M","R","?","M","T","$","E","R","M","M","R_BF","BOSS","M","?","$","M","?","$","R","E","T","?","E","M","M","M","R","BOSS","M","COS","?","M","$","E","R","?","T","M","M","$","?","M","R_BF","BOSS"],"items_purchased_type":["Card","Card","Card","Card","Card"],"build_version":"2020-12-22","purchased_purges":2,"victory":true,"max_hp_per_floor":[82,82,82,82,82,82,82,82,82,82,82,82,82,82,82,82,82,82,87,87,87,87,87,87,87,87,87,87,87,87,87,87,87,87,87,87,87,87,87,87,87,87,87,87,87,87,90,90,90,90],"card_choices":[{"not_picked":["WitchOfGreed","GravityBeat"],"picked":"IllusionStar","floor":1},{"not_picked":["AsteroidBelt","IllusionStar"],"picked":"ShootingEcho","floor":5},{"not_picked":["BinaryStars","BlazingStar"],"picked":"EscapeVelocity","floor":8},{"not_picked":["GrandCross","PowerUp"],"picked":"PulseMagic","floor":8},{"not_picked":["EnergyFlow","DC+1"],"picked":"IllusionStar","floor":11},{"not_picked":["GravityBeat+1","AsteroidBelt"],"picked":"ChargingUp","floor":13},{"not_picked":["DeepEcoloBomb+1","GalacticHalo"],"picked":"SuperNova","floor":14},{"not_picked":["StarDustReverie","SuperNova"],"picked":"AbsoluteMagnitude+1","floor":16},{"not_picked":["GalacticHalo+1","EnergyRecoil"],"picked":"WitchLeyline+1","floor":18},{"not_picked":["SporeBomb","PowerUp"],"picked":"ManaConvection+1","floor":21},{"not_picked":["DarkMatter","DragonMeteor+1"],"picked":"SuperPerseids","floor":25},{"not_picked":["EnergyRecoil","StarlightTyphoon"],"picked":"MagicChant","floor":27},{"not_picked":["DoubleSpark+1","WitchLeyline+1"],"picked":"DeepEcoloBomb+1","floor":28},{"not_picked":["Acceleration","GalacticHalo","AsteroidBelt"],"picked":"SKIP","floor":29},{"not_picked":["AsteroidBelt+1","WitchLeyline+1"],"picked":"StarDustReverie","floor":30},{"not_picked":["Acceleration","EventHorizon"],"picked":"DarkSpark+1","floor":31},{"not_picked":["WitchOfGreed","Orbital"],"picked":"BlazeAway","floor":32},{"not_picked":["MilkyWay","SporeBomb+1"],"picked":"OpenUniverse+1","floor":35},{"not_picked":["UnstableBomb+1","6A+1"],"picked":"StarBarrage+1","floor":38},{"not_picked":["PowerUp+1","Acceleration"],"picked":"PropBag+1","floor":40},{"not_picked":["Gensokyo:UnhurriedMind","Gensokyo:HouraiInAPot"],"picked":"Gensokyo:Dawn","floor":42},{"not_picked":["UnstableBomb+1","DC+1"],"picked":"PropBag","floor":44},{"not_picked":["GrandCross+1","IllusionStar","StarlightTyphoon+1"],"picked":"SKIP","floor":45},{"not_picked":["EnergyRecoil","MilkyWay+1"],"picked":"FairyDestructionRay+1","floor":48}],"player_experience":140416,"relics_obtained":[{"floor":2,"key":"halation:SwordOfLegend"},{"floor":9,"key":"Molten Egg 2"},{"floor":11,"key":"conspire:DeflatedDodgeball"},{"floor":25,"key":"Gensokyo:ConquerorOfFear"},{"floor":25,"key":"Snack Pack"},{"floor":25,"key":"Dream Catcher"},{"floor":26,"key":"Oddly Smooth Stone"},{"floor":28,"key":"Eternal Feather"},{"floor":28,"key":"Bird Faced Urn"},{"floor":40,"key":"halation:TwoAmDonut"},{"floor":40,"key":"conspire:Boomerang"},{"floor":43,"key":"halation:Toothbrush"},{"floor":49,"key":"halation:PenCase"}],"event_choices":[],"is_beta":false,"boss_relics":[{"not_picked":["Runesmith:UraniumAnvil","beaked:MawFillet"],"picked":"Black Star"},{"not_picked":["Replay:Cursed D8","Runic Dome"],"picked":"Astrolabe"}],"items_purged_floors":[20,23],"is_endless":false,"potions_floor_spawned":[11,13,14,16,18,25,27,29,38,45,48],"ascension_level":0}}