{"host":"1c52r9kaxdyo25eq","time":1610463264,"event":{"mods":["AchievementEnabler","BaseMod","Minty Spire (QoL Compilation)","Rare Cards Sparkle","SuperFastMode","everything is the same but u backflip on backflip"],"gold_per_floor":[115,115,134,59,73,73,89,89,115,40,50,67,67,102,102,102,102],"floor_reached":16,"playtime":314,"items_purged":["Defend_G"],"score":204,"play_id":"9e8071b3-c4b4-4400-9638-ca163250eab9","local_time":"20210112235424","is_ascension_mode":true,"campfire_choices":[{"data":"Poisoned Stab","floor":6,"key":"SMITH"},{"data":"Prepared","floor":8,"key":"SMITH"},{"data":"Neutralize","floor":13,"key":"SMITH"},{"floor":15,"key":"REST"}],"circlet_count":0,"master_deck":["AscendersBane","Strike_G","Strike_G","Strike_G","Strike_G","Defend_G","Defend_G","Survivor","Neutralize+1","Poisoned Stab+1","Prepared+1","Dash","Dagger Spray","Caltrops"],"relics":["Ring of the Snake","Tiny Chest"],"acts_visited":["Exordium"],"potions_floor_usage":[12,14],"damage_taken":[{"damage":4,"enemies":"Small Slimes","floor":1,"turns":5},{"damage":0,"enemies":"Cultist","floor":3,"turns":4},{"damage":0,"enemies":"Jaw Worm","floor":5,"turns":4},{"damage":4,"enemies":"3 Louse","floor":7,"turns":4},{"damage":15,"enemies":"Red Slaver","floor":11,"turns":4},{"damage":8,"enemies":"Large Slime","floor":12,"turns":6},{"damage":24,"enemies":"Lagavulin","floor":14,"turns":6},{"damage":27,"enemies":"Hexaghost","floor":16,"turns":8}],"seed_played":"8481172633206083144","potions_obtained":[{"floor":3,"key":"Explosive Potion"},{"floor":7,"key":"Energy Potion"}],"is_trial":false,"path_per_floor":["M","?","M","$","M","R","M","R","T","?","M","M","R","E","R","B"],"character_chosen":"THE_SILENT","items_purchased":[],"campfire_rested":1,"item_purchase_floors":[],"current_hp_per_floor":[55,55,55,55,55,55,51,51,51,51,36,28,28,4,22,0,0],"gold":102,"neow_bonus":"REMOVE_TWO","is_daily":false,"chose_seed":false,"campfire_upgraded":3,"win_rate":0.0,"timestamp":1610463264,"path_taken":["M","?","M","?","M","R","M","R","T","?","M","M","R","E","R","BOSS"],"items_purchased_type":[],"build_version":"2020-12-22","purchased_purges":1,"victory":false,"max_hp_per_floor":[60,60,60,60,60,60,60,60,60,60,60,60,60,60,60,60,60],"card_choices":[{"not_picked":["Acrobatics","Endless Agony"],"picked":"Poisoned Stab","floor":1},{"not_picked":["Choke","Underhanded Strike","Sucker Punch"],"picked":"SKIP","floor":3},{"not_picked":["Expertise","Slice"],"picked":"Prepared","floor":5},{"not_picked":["Dagger Spray","Cloak And Dagger","Sucker Punch"],"picked":"SKIP","floor":7},{"not_picked":["Infinite Blades","Calculated Gamble"],"picked":"Dash","floor":11},{"not_picked":["Prepared","Predator"],"picked":"Dagger Spray","floor":12},{"not_picked":["Slice","Heel Hook"],"picked":"Caltrops","floor":14}],"player_experience":583729,"relics_obtained":[{"floor":14,"key":"Tiny Chest"}],"event_choices":[{"damage_healed":0,"gold_gain":0,"player_choice":"0 cards matched","damage_taken":0,"max_hp_gain":0,"max_hp_loss":0,"event_name":"Match and Keep!","floor":2,"gold_loss":0,"cards_obtained":[]},{"cards_removed":["Defend_G"],"damage_healed":0,"gold_gain":0,"player_choice":"Card Removal","damage_taken":0,"max_hp_gain":0,"max_hp_loss":0,"event_name":"The Cleric","floor":10,"gold_loss":75}],"is_beta":false,"boss_relics":[],"items_purged_floors":[4],"is_endless":false,"potions_floor_spawned":[3,7],"killed_by":"Hexaghost","ascension_level":20}}