{"host":"SteinPartDos","time":1610416243,"event":{"mods":["BaseMod","Colored Map","Minty Spire (QoL Compilation)","StSLib"],"gold_per_floor":[113,388,37,47,47,66,66,94,147,162,177,205,220,236,236,336,336,355,180,198,216,216,216,229,17,17,17,43,56,91,103,103,200,200,217,236,249,260,260,260,274,287,287,320,330,112,137,187,187,187,187,187,34,61,61],"floor_reached":56,"playtime":2781,"items_purged":["Regret","Strike_P","Strike_P","Defend_P"],"score":1440,"play_id":"2d6cd815-491b-4706-a036-3b171f9751d2","local_time":"20210111205043","is_ascension_mode":false,"campfire_choices":[{"data":"Conclude","floor":7,"key":"SMITH"},{"data":"Wallop","floor":15,"key":"SMITH"},{"data":"LikeWater","floor":23,"key":"SMITH"},{"data":"Apotheosis","floor":27,"key":"SMITH"},{"data":"Vault","floor":32,"key":"SMITH"},{"data":"Ragnarok","floor":40,"key":"SMITH"},{"floor":49,"key":"RECALL"},{"data":"Meditate","floor":52,"key":"SMITH"}],"circlet_count":0,"master_deck":["Defend_P","Defend_P","Defend_P","Eruption","Vigilance","BowlingBash","Consecrate","FlurryOfBlows","LikeWater+1","Panacea","Conclude+1","Strike_B","Protect","CrushJoints","Wallop+1","Meditate+1","DevaForm","FollowUp","Tantrum+1","FlurryOfBlows","Fasting2+1","Apotheosis+1","Halt","Vault+1","ThirdEye","CutThroughFate","Ragnarok+1","WaveOfTheHand+1","Nirvana+1","TalkToTheHand+1","TalkToTheHand+1","ConjureBlade","FearNoEvil+1","Nirvana+1"],"relics":["PureWater","NeowsBlessing","Membership Card","Lantern","Pen Nib","Mummified Hand","Runic Pyramid","Frozen Egg 2","Medical Kit","Mango","GoldenEye","Thread and Needle","SacredBark","Calipers","Bag of Preparation","Toy Ornithopter","StoneCalendar","Turnip","Orrery","Vajra"],"acts_visited":["Exordium","TheCity","TheBeyond","TheEnding"],"potions_floor_usage":[14,18,28,28,28,28,37,50,55,55],"damage_taken":[{"damage":0,"enemies":"2 Louse","floor":1,"turns":1},{"damage":0,"enemies":"Cultist","floor":4,"turns":1},{"damage":0,"enemies":"Small Slimes","floor":6,"turns":2},{"damage":27,"enemies":"Lagavulin","floor":8,"turns":10},{"damage":0,"enemies":"Looter","floor":10,"turns":3},{"damage":0,"enemies":"Gremlin Gang","floor":11,"turns":2},{"damage":9,"enemies":"3 Sentries","floor":12,"turns":4},{"damage":0,"enemies":"3 Louse","floor":13,"turns":2},{"damage":9,"enemies":"Red Slaver","floor":14,"turns":4},{"damage":0,"enemies":"Slime Boss","floor":16,"turns":5},{"damage":10,"enemies":"Shell Parasite","floor":18,"turns":5},{"damage":0,"enemies":"Spheric Guardian","floor":20,"turns":3},{"damage":12,"enemies":"Snecko","floor":21,"turns":4},{"damage":0,"enemies":"Centurion and Healer","floor":24,"turns":3},{"damage":0,"enemies":"Book of Stabbing","floor":28,"turns":3},{"damage":0,"enemies":"Snake Plant","floor":29,"turns":4},{"damage":27,"enemies":"Slavers","floor":30,"turns":3},{"damage":0,"enemies":"Cultist and Chosen","floor":31,"turns":4},{"damage":0,"enemies":"Collector","floor":33,"turns":6},{"damage":17,"enemies":"3 Darklings","floor":35,"turns":4},{"damage":1,"enemies":"3 Shapes","floor":36,"turns":1},{"damage":0,"enemies":"Transient","floor":37,"turns":6},{"damage":0,"enemies":"Spire Growth","floor":38,"turns":6},{"damage":3,"enemies":"4 Shapes","floor":41,"turns":3},{"damage":0,"enemies":"3 Darklings","floor":42,"turns":3},{"damage":0,"enemies":"Giant Head","floor":44,"turns":6},{"damage":0,"enemies":"Maw","floor":45,"turns":4},{"damage":0,"enemies":"Nemesis","floor":47,"turns":6},{"damage":0,"enemies":"Mind Bloom Boss Battle","floor":48,"turns":3},{"damage":19,"enemies":"Donu and Deca","floor":50,"turns":7},{"damage":29,"enemies":"Shield and Spear","floor":54,"turns":6},{"damage":42,"enemies":"The Heart","floor":55,"turns":7}],"seed_played":"-5684747172872565289","potions_obtained":[{"floor":1,"key":"Block Potion"},{"floor":4,"key":"Ancient Potion"},{"floor":14,"key":"EntropicBrew"},{"floor":18,"key":"SkillPotion"},{"floor":20,"key":"LiquidMemories"},{"floor":31,"key":"Fire Potion"},{"floor":37,"key":"Explosive Potion"},{"floor":41,"key":"FearPotion"},{"floor":45,"key":"Ambrosia"},{"floor":47,"key":"Strength Potion"}],"is_trial":false,"path_per_floor":["M","?","$","M","?","M","R","E","T","M","M","E","M","M","R","B",null,"M","$","M","M","?","R","M","$","T","R","E","M","E","M","R","B",null,"M","M","M","M","?","R","M","M","T","E","M","$","E","?","R","B",null,"R","$","E","B",null],"character_chosen":"WATCHER","items_purchased":["Membership Card","Consecrate","FlurryOfBlows","LikeWater","Fruit Juice","Panacea","Frozen Egg 2","Medical Kit","Fasting2+1","Apotheosis","Halt","Bag of Preparation","Toy Ornithopter","Orrery"],"campfire_rested":0,"item_purchase_floors":[3,3,3,3,3,3,19,25,25,25,25,46,46,53],"current_hp_per_floor":[72,72,72,72,72,72,72,45,45,45,45,36,36,32,32,32,77,67,67,67,55,55,55,55,55,69,69,69,69,42,42,42,42,91,74,73,73,73,73,73,70,70,70,70,70,70,70,70,70,56,91,91,91,62,30],"gold":61,"neow_bonus":"THREE_ENEMY_KILL","is_daily":false,"chose_seed":false,"campfire_upgraded":7,"win_rate":0.0,"timestamp":1610416243,"path_taken":["M","?","$","?","?","M","R","E","T","M","M","E","M","M","R","BOSS","M","?","M","M","?","R","M","$","T","R","E","?","E","M","R","BOSS","M","M","M","M","?","R","M","M","T","E","?","$","E","?","R","BOSS","R","$","E","BOSS"],"items_purchased_type":["Relic","Card","Card","Card","Potion","Card","Relic","Relic","Card","Card","Card","Relic","Relic","Relic"],"build_version":"2020-12-18","purchased_purges":4,"victory":true,"max_hp_per_floor":[72,72,72,72,72,72,72,72,72,72,72,72,72,77,77,77,77,77,77,77,77,77,77,77,77,91,91,91,91,91,91,91,91,91,91,91,91,91,91,91,91,91,91,91,91,91,91,91,91,91,91,91,91,91,91],"card_choices":[{"not_picked":["Vengeance","Halt"],"picked":"BowlingBash","floor":1},{"not_picked":["DeceiveReality","FollowUp"],"picked":"Conclude","floor":4},{"not_picked":["PathToVictory","JustLucky","Study"],"picked":"SKIP","floor":6},{"not_picked":["Perseverance","FlyingSleeves"],"picked":"Protect","floor":8},{"not_picked":["SignatureMove","Brilliance"],"picked":"CrushJoints","floor":10},{"not_picked":["ThirdEye","ClearTheMind"],"picked":"Wallop","floor":11},{"not_picked":["PathToVictory","Protect","FlyingSleeves"],"picked":"SKIP","floor":12},{"not_picked":["EmptyFist","Protect"],"picked":"Meditate","floor":13},{"not_picked":["Crescendo","Pray","Sanctity"],"picked":"SKIP","floor":14},{"not_picked":["Ragnarok","DeusExMachina"],"picked":"DevaForm","floor":16},{"not_picked":["BattleHymn","SandsOfTime"],"picked":"FollowUp","floor":18},{"not_picked":["Consecrate","FlurryOfBlows"],"picked":"Tantrum+1","floor":20},{"not_picked":["EmptyBody","Weave+1","FollowUp"],"picked":"SKIP","floor":21},{"not_picked":["Tantrum+1","Study+1"],"picked":"FlurryOfBlows","floor":24},{"not_picked":["WaveOfTheHand+1","EmptyMind"],"picked":"Vault","floor":28},{"not_picked":["SignatureMove","Collect"],"picked":"ThirdEye","floor":29},{"not_picked":["Consecrate","Halt","EmptyMind"],"picked":"SKIP","floor":30},{"not_picked":["Evaluate","FlurryOfBlows"],"picked":"CutThroughFate","floor":31},{"not_picked":["Establishment+1","LessonLearned"],"picked":"Ragnarok","floor":33},{"not_picked":["Sanctity","Vengeance+1","WheelKick"],"picked":"SKIP","floor":35},{"not_picked":["CrushJoints+1","Weave+1","JustLucky+1"],"picked":"SKIP","floor":36},{"not_picked":["FollowUp","Crescendo+1"],"picked":"WaveOfTheHand+1","floor":37},{"not_picked":["FlurryOfBlows+1","Consecrate+1"],"picked":"Nirvana+1","floor":38},{"not_picked":["SandsOfTime+1","Study+1","FlurryOfBlows"],"picked":"SKIP","floor":41},{"not_picked":["Study+1","SignatureMove+1","Indignation+1"],"picked":"SKIP","floor":42},{"not_picked":["EmptyFist+1","PathToVictory","Adaptation+1"],"picked":"SKIP","floor":44},{"not_picked":["FollowUp+1","Pray","DeusExMachina"],"picked":"SKIP","floor":45},{"not_picked":["Worship+1","Consecrate+1"],"picked":"TalkToTheHand+1","floor":47},{"not_picked":["Crescendo","FlurryOfBlows"],"picked":"TalkToTheHand+1","floor":53},{"not_picked":["Sanctity+1","Crescendo"],"picked":"ConjureBlade","floor":53},{"not_picked":["SashWhip","Evaluate"],"picked":"FearNoEvil+1","floor":53},{"not_picked":["JustLucky+1","Consecrate"],"picked":"Nirvana+1","floor":54}],"player_experience":35937,"relics_obtained":[{"floor":8,"key":"Lantern"},{"floor":9,"key":"Pen Nib"},{"floor":12,"key":"Mummified Hand"},{"floor":26,"key":"Mango"},{"floor":28,"key":"GoldenEye"},{"floor":30,"key":"Thread and Needle"},{"floor":44,"key":"Calipers"},{"floor":47,"key":"StoneCalendar"},{"floor":48,"key":"Turnip"},{"floor":54,"key":"Vajra"}],"event_choices":[{"damage_healed":0,"gold_gain":275,"player_choice":"Desecrate","damage_taken":0,"max_hp_gain":0,"max_hp_loss":0,"event_name":"Golden Shrine","floor":2,"gold_loss":0,"cards_obtained":["Regret"]},{"cards_removed":["Strike_P"],"damage_healed":0,"gold_gain":0,"player_choice":"Took Card","damage_taken":0,"max_hp_gain":0,"max_hp_loss":0,"event_name":"NoteForYourself","floor":5,"gold_loss":0,"cards_obtained":["Strike_B"]},{"damage_healed":0,"gold_gain":0,"player_choice":"Got Potions","damage_taken":0,"max_hp_gain":0,"max_hp_loss":0,"event_name":"Lab","floor":22,"gold_loss":0},{"cards_removed":["Strike_P"],"damage_healed":0,"gold_gain":0,"player_choice":"Offered Basic","damage_taken":0,"max_hp_gain":0,"max_hp_loss":0,"event_name":"Bonfire Elementals","floor":39,"gold_loss":0},{"damage_healed":0,"gold_gain":0,"player_choice":"Fight","damage_taken":0,"max_hp_gain":0,"max_hp_loss":0,"event_name":"MindBloom","floor":48,"gold_loss":0}],"is_beta":true,"boss_relics":[{"not_picked":["HolyWater","Coffee Dripper"],"picked":"Runic Pyramid"},{"not_picked":["Runic Dome","Black Star"],"picked":"SacredBark"}],"items_purged_floors":[3,19,46,53],"is_endless":false,"potions_floor_spawned":[1,4,10,14,18,20,31,37,41,44,45,47],"ascension_level":0}}