{"host":"ojme7g6xlqwffsso","time":1610462542,"event":{"mods":["Act Like it!","BaseMod","Downfall","Hermit","Infinite Spire","MarisaÅiñ∂âJÅ@ñÇóùçπÅj","Minty Spire (QoL Compilation)","Replay The Spire","Shop Mod","StSLib","The Alterego","The Cursed","The Hierophant","Yuri Mod"],"gold_per_floor":[210,210,226,31,31,66,66,77,132,148,67,97,50,65,65,160,160,160,115,115],"floor_reached":19,"playtime":864,"items_purged":[],"score":186,"play_id":"0f83b720-d713-439b-9300-e68938495047","local_time":"20210112234222","is_ascension_mode":true,"campfire_choices":[{"data":"yuri:MPose","floor":7,"key":"SMITH"},{"data":"yuri:NerfBat","floor":15,"key":"SMITH"}],"circlet_count":0,"master_deck":["yuri:yuriStrike","yuri:yuriStrike","yuri:yuriStrike","yuri:yuriStrike","yuri:yuriStrike","yuri:yuriDefend","yuri:yuriDefend","yuri:yuriDefend","yuri:yuriDefend","yuri:yuriDefend","yuri:Oolong+1","yuri:yuriStab","yuri:DebugCard","yuri:MPose+1","yuri:RemoveSafetyChecks","yuri:CorruptHitbox","yuri:SeeingDouble","yuri:NerfBat+1","yuri:Suicide","yuri:DebugCard","yuri:StealPen"],"relics":["yuri:yuriKnife","ReplayTheSpireMod:Lightbulb","Centennial Puzzle","Replay:Rubber Ducky","Iron Hammer","Ectoplasm"],"acts_visited":["Exordium","TheCity"],"potions_floor_usage":[19],"damage_taken":[{"damage":1,"enemies":"2 Louse","floor":1,"turns":2},{"damage":6,"enemies":"Cultist","floor":3,"turns":3},{"damage":24,"enemies":"3 Sentries","floor":6,"turns":10},{"damage":5,"enemies":"Jaw Worm","floor":8,"turns":2},{"damage":8,"enemies":"Lots of Slimes","floor":10,"turns":4},{"damage":2,"enemies":"Replay:BlueRogue","floor":12,"turns":8},{"damage":1,"enemies":"Red Slaver","floor":14,"turns":4},{"damage":36,"enemies":"The Guardian","floor":16,"turns":14},{"damage":13,"enemies":"3 Byrds","floor":18,"turns":8},{"damage":4,"enemies":"2 Thieves","floor":19,"turns":3}],"seed_played":"8451750188193591271","potions_obtained":[{"floor":8,"key":"Weak Potion"},{"floor":12,"key":"Energy Potion"},{"floor":14,"key":"Ancient Potion"},{"floor":16,"key":"Adrenaline Potion"}],"is_trial":false,"path_per_floor":["M","?","M","$","$","E","R","M","T","M","$","E","$","M","R","B",null,"M","M"],"character_chosen":"YURI","items_purchased":["ReplayTheSpireMod:Lightbulb","yuri:NerfBat","yuri:DebugCard"],"campfire_rested":0,"item_purchase_floors":[4,11,13],"current_hp_per_floor":[80,80,80,80,80,63,63,65,65,64,64,69,69,75,75,44,80,74,77,77],"gold":115,"neow_bonus":"HUNDRED_GOLD","is_daily":false,"chose_seed":false,"campfire_upgraded":2,"win_rate":0.0,"timestamp":1610462542,"path_taken":["M","?","M","?","$","E","R","?","T","?","?","E","$","M","R","BOSS","M","M"],"items_purchased_type":["Relic","Card","Card"],"build_version":"2020-12-22","purchased_purges":0,"victory":false,"max_hp_per_floor":[80,80,80,80,80,80,80,80,80,80,80,80,80,80,80,80,80,80,80,80],"card_choices":[{"not_picked":["yuri:DeepBreathing","yuri:ReactiveMadness"],"picked":"yuri:DebugCard","floor":1},{"not_picked":["yuri:UnstableStrike","yuri:CalmingAura"],"picked":"yuri:MPose","floor":3},{"not_picked":["yuri:yuriHeavyStrike","yuri:SturdyUniform"],"picked":"yuri:RemoveSafetyChecks","floor":6},{"not_picked":["yuri:Stalk","yuri:SelfHarm"],"picked":"yuri:CorruptHitbox","floor":8},{"not_picked":["yuri:UntestedCode","yuri:AdaptiveAI"],"picked":"yuri:SeeingDouble","floor":10},{"not_picked":["yuri:GlitchedStrike","yuri:UnstableStrike"],"picked":"yuri:Suicide","floor":12},{"not_picked":["yuri:ThrowingKnives","yuri:yuriHeavyStrike","yuri:UnstableStrike"],"picked":"SKIP","floor":14},{"not_picked":["yuri:GlitchedStrike","yuri:RecklessStrike"],"picked":"yuri:StealPen","floor":18}],"player_experience":926647,"relics_obtained":[{"floor":6,"key":"Centennial Puzzle"},{"floor":9,"key":"Replay:Rubber Ducky"},{"floor":12,"key":"Iron Hammer"}],"event_choices":[{"damage_healed":0,"gold_gain":0,"player_choice":"Upgraded","damage_taken":0,"max_hp_gain":0,"max_hp_loss":0,"event_name":"Upgrade Shrine","floor":2,"gold_loss":0,"cards_upgraded":["yuri:Oolong"]}],"is_beta":false,"boss_relics":[{"not_picked":["ReplayTheSpireMod:DimensionalGlitch","Runic Pyramid"],"picked":"Ectoplasm"}],"items_purged_floors":[],"is_endless":false,"potions_floor_spawned":[8,12,14,16],"killed_by":"2 Thieves","ascension_level":1}}