{"host":"2lo6hma6kymb0g9i","time":1610435893,"event":{"mods":["BaseMod","Colored Map","DeckTracker","Minty Spire (QoL Compilation)"],"gold_per_floor":[117,117,42,57,72,99,114,114,114,146,146,46,73,93,93,167,167,178,190,45,45,65,65,79,79,79,94,94,139,139,152,152,226,226,245,245,120,137,147,147,147,147],"floor_reached":41,"playtime":3058,"items_purged":["Decay","Pain","Strike_B"],"score":810,"play_id":"feb80e53-88d1-455e-8605-13352002a9df","local_time":"20210112161813","is_ascension_mode":true,"campfire_choices":[{"data":"White Noise","floor":8,"key":"SMITH"},{"data":"Defragment","floor":15,"key":"SMITH"},{"data":"Consume","floor":23,"key":"SMITH"},{"data":"Recycle","floor":25,"key":"SMITH"},{"data":"Core Surge","floor":28,"key":"SMITH"},{"data":"Cold Snap","floor":32,"key":"SMITH"},{"data":"Barrage","floor":40,"key":"SMITH"}],"circlet_count":0,"master_deck":["AscendersBane","Strike_B","Defend_B","Defend_B","Defend_B","Defend_B","Zap","Dualcast","Melter","Reinforced Body","Core Surge+1","White Noise+1","Defragment+1","Recycle+1","Coolheaded","Electrodynamics","Consume+1","Compile Driver","Aggregate","Turbo","Cold Snap+1","Barrage+1","Buffer","Lockon","BootSequence"],"relics":["Cracked Core","Lantern","Incense Burner","Darkstone Periapt","Bottled Flame","WarpedTongs","Oddly Smooth Stone","Inserter","Lee\u0027s Waffle","Ancient Tea Set","Nloth\u0027s Gift","Black Star"],"acts_visited":["Exordium","TheCity","TheBeyond"],"potions_floor_usage":[6,13,33,39],"damage_taken":[{"damage":0,"enemies":"Small Slimes","floor":1,"turns":3},{"damage":1,"enemies":"Cultist","floor":4,"turns":3},{"damage":1,"enemies":"2 Louse","floor":5,"turns":3},{"damage":20,"enemies":"3 Sentries","floor":6,"turns":7},{"damage":7,"enemies":"Exordium Wildlife","floor":7,"turns":7},{"damage":14,"enemies":"Lagavulin","floor":10,"turns":6},{"damage":6,"enemies":"3 Sentries","floor":13,"turns":8},{"damage":7,"enemies":"Blue Slaver","floor":14,"turns":2},{"damage":0,"enemies":"Hexaghost","floor":16,"turns":14},{"damage":26,"enemies":"2 Thieves","floor":18,"turns":3},{"damage":16,"enemies":"Chosen","floor":19,"turns":4},{"damage":5,"enemies":"Centurion and Healer","floor":22,"turns":5},{"damage":5,"enemies":"Snecko","floor":24,"turns":7},{"damage":0,"enemies":"Sentry and Sphere","floor":27,"turns":3},{"damage":1,"enemies":"Snake Plant","floor":31,"turns":5},{"damage":20,"enemies":"Automaton","floor":33,"turns":13},{"damage":0,"enemies":"3 Shapes","floor":35,"turns":5},{"damage":0,"enemies":"3 Darklings","floor":38,"turns":3},{"damage":11,"enemies":"Sphere and 2 Shapes","floor":39,"turns":4},{"damage":66,"enemies":"Giant Head","floor":41,"turns":8}],"seed_played":"8641815329519361755","potions_obtained":[{"floor":1,"key":"Energy Potion"},{"floor":4,"key":"EssenceOfDarkness"},{"floor":16,"key":"SpeedPotion"},{"floor":18,"key":"Explosive Potion"},{"floor":38,"key":"Swift Potion"}],"is_trial":false,"path_per_floor":["M","?","$","M","M","E","M","R","T","E","?","$","E","M","R","B",null,"M","M","$","?","M","R","M","R","T","M","R","T","?","M","R","B",null,"M","?","$","M","M","R","E"],"character_chosen":"DEFECT","items_purchased":["Lee\u0027s Waffle"],"campfire_rested":0,"item_purchase_floors":[20],"current_hp_per_floor":[64,64,64,63,62,42,35,35,35,21,27,27,21,14,14,14,61,35,19,84,84,79,79,74,74,74,74,74,74,74,73,73,53,76,76,76,76,76,65,65,0,0],"gold":147,"neow_bonus":"RANDOM_COMMON_RELIC","is_daily":false,"chose_seed":false,"campfire_upgraded":7,"win_rate":0.0,"timestamp":1610435893,"path_taken":["M","?","$","M","?","E","M","R","T","E","?","?","E","M","R","BOSS","M","M","$","?","M","R","M","R","T","M","R","?","?","?","R","BOSS","M","?","$","M","M","R","E"],"items_purchased_type":["Relic"],"build_version":"2020-12-22","purchased_purges":3,"victory":false,"max_hp_per_floor":[71,71,71,71,71,71,71,71,71,71,77,77,77,77,77,77,77,77,77,84,84,84,84,84,84,84,84,84,84,84,84,84,84,84,84,84,84,84,84,84,84,84],"card_choices":[{"not_picked":["Force Field","Double Energy","Aggregate"],"picked":"SKIP","floor":1},{"not_picked":["Ball Lightning","Coolheaded"],"picked":"Melter","floor":4},{"not_picked":["Auto Shields","Leap"],"picked":"Reinforced Body","floor":5},{"not_picked":["Redo","Darkness"],"picked":"Core Surge","floor":6},{"not_picked":["Rebound","Sweeping Beam"],"picked":"White Noise","floor":7},{"not_picked":["Streamline","Genetic Algorithm"],"picked":"Defragment","floor":10},{"not_picked":["Redo","Storm"],"picked":"Recycle","floor":13},{"not_picked":["Beam Cell","Gash"],"picked":"Coolheaded","floor":14},{"not_picked":["Reboot","Multi-Cast"],"picked":"Electrodynamics","floor":16},{"not_picked":["Gash+1","Steam"],"picked":"Consume","floor":18},{"not_picked":["Redo+1","Go for the Eyes"],"picked":"Compile Driver","floor":19},{"not_picked":["Gash+1","Melter"],"picked":"Aggregate","floor":22},{"not_picked":["Self Repair","Coolheaded"],"picked":"Turbo","floor":24},{"not_picked":["Sweeping Beam","Force Field"],"picked":"Cold Snap","floor":27},{"not_picked":["Cold Snap","Undo"],"picked":"Barrage","floor":31},{"not_picked":["Rainbow","All For One"],"picked":"Buffer","floor":33},{"not_picked":["All For One","FTL"],"picked":"Lockon","floor":35},{"not_picked":["Compile Driver","Skim"],"picked":"BootSequence","floor":38},{"not_picked":["Compile Driver","Fusion+1","Turbo+1"],"picked":"SKIP","floor":39}],"player_experience":1042956,"relics_obtained":[{"floor":6,"key":"Incense Burner"},{"floor":9,"key":"Darkstone Periapt"},{"floor":10,"key":"Bottled Flame"},{"floor":13,"key":"Oddly Smooth Stone"},{"floor":26,"key":"Ornamental Fan"},{"floor":29,"key":"Ancient Tea Set"}],"event_choices":[{"damage_healed":0,"gold_gain":0,"player_choice":"Cursed","damage_taken":0,"max_hp_gain":0,"max_hp_loss":0,"event_name":"Wheel of Change","floor":2,"gold_loss":0,"cards_obtained":["Decay"]},{"damage_healed":0,"gold_gain":0,"player_choice":"Rummage","damage_taken":0,"relics_obtained":["WarpedTongs"],"max_hp_gain":0,"max_hp_loss":0,"event_name":"Accursed Blacksmith","floor":11,"gold_loss":0,"cards_obtained":["Pain"]},{"cards_removed":["Strike_B"],"damage_healed":0,"gold_gain":0,"player_choice":"Elegance","damage_taken":0,"max_hp_gain":0,"max_hp_loss":0,"event_name":"Back to Basics","floor":21,"gold_loss":0},{"damage_healed":0,"gold_gain":0,"player_choice":"Traded Relic","damage_taken":0,"relics_obtained":["Nloth\u0027s Gift"],"max_hp_gain":0,"max_hp_loss":0,"event_name":"N\u0027loth","floor":30,"relics_lost":["Ornamental Fan"],"gold_loss":0},{"cards_removed":["Strike_B"],"damage_healed":0,"gold_gain":0,"player_choice":"Removed Attack","damage_taken":0,"max_hp_gain":0,"max_hp_loss":0,"event_name":"Falling","floor":36,"gold_loss":0}],"is_beta":false,"boss_relics":[{"not_picked":["Pandora\u0027s Box","Cursed Key"],"picked":"Inserter"},{"not_picked":["Tiny House","Runic Dome"],"picked":"Black Star"}],"items_purged_floors":[3,12,37],"is_endless":false,"potions_floor_spawned":[1,4,5,16,18,27,38],"killed_by":"Giant Head","ascension_level":15}}