{"host":"2zc57igszyqgae0y","time":1610429244,"event":{"mods":["ATMod(°¢èªMod)","Act Like it!","Aspiration","BaseMod","Chen","Gensokyo","GifTheSpireLib","Koishi","Marisa£¨ìFÓê¡¡Ä§ÀíÉ³£©","Minty Spire (QoL Compilation)","Rare Cards Sparkle","Reimu£¨²©ÀöÁéÃÎ£©","Remilia£¨ÀÙÃ×ÀòÑÇ£©","Replay The Spire","RumiaBox-Â¶Ã×æ«µÄÉñÃØºÐ×Ó","Shop Mod","StSLib","The Administrix","The Servant 0.9.4","Youmu£¨»êÆÇÑýÃÎ£©","[IsaacMod]ÒÔÈö¼âËþ","[µØ¾«Ê×ÁìÅÀËþ]The Maniac","vexMod"],"gold_per_floor":[109,41,51,51,51,51,67,87,112,78,131,131,161,48,48,153,153,170,32,47,67,86,86,86],"floor_reached":23,"playtime":1111,"items_purged":["Koishi:BasicDefend","Koishi:BasicStrike"],"score":191,"play_id":"0e185cb9-87f3-4f05-840b-914d210041d2","local_time":"20210112132724","is_ascension_mode":false,"campfire_choices":[{"data":"Koishi:EmbryosDream","floor":6.0,"key":"SMITH"},{"data":"Koishi:UnconsciousUrges","floor":15,"key":"SMITH"}],"circlet_count":0,"master_deck":["Koishi:BasicStrike","Koishi:BasicStrike","Koishi:BasicStrike","Koishi:BasicDefend","Koishi:BasicDefend","Koishi:BasicDefend","Koishi:Provoke","Koishi:HauntingSlash","AT_KingSlayer+1","Koishi:EmbryosDream+1","Koishi:DNAsFlaw","Prepared+1","Koishi:UnconsciousUprising","Koishi:YoukaiPolygraph","Koishi:StingingMind","Koishi:UnconsciousUrges+1","Koishi:GrowingPain","Koishi:PhantomBarrier+1","Koishi:EmbersOfLove"],"relics":["Koishi:ImaginaryFriend","HushsDoor","AT_ATBox","aspiration:Nostalgia","m_TsuchinokoRing","TheBean","Snack Pack","vexMod:Dragonfruit","aspiration:RitualDagger"],"acts_visited":["Exordium","TheCity"],"potions_floor_usage":[13,16,22,23],"damage_taken":[{"damage":5.0,"enemies":"Small Slimes","floor":1.0,"turns":4.0},{"damage":0.0,"enemies":"Cultist","floor":3.0,"turns":5.0},{"damage":0.0,"enemies":"Jaw Worm","floor":7.0,"turns":4.0},{"damage":0.0,"enemies":"3 Louse","floor":8.0,"turns":1.0},{"damage":1,"enemies":"Lagavulin","floor":13,"turns":6},{"damage":43,"enemies":"Hexaghost","floor":16,"turns":13},{"damage":47,"enemies":"3 Byrds","floor":18,"turns":6},{"damage":15,"enemies":"Chosen","floor":20,"turns":5},{"damage":49,"enemies":"Centurion and Healer","floor":21,"turns":9},{"damage":43,"enemies":"Sentry and Sphere","floor":22,"turns":7},{"damage":46,"enemies":"Book of Stabbing","floor":23,"turns":5}],"seed_played":"3720585839428080050","potions_obtained":[{"floor":1.0,"key":"FearPotion"},{"floor":7.0,"key":"Swift Potion"},{"floor":20,"key":"ColorlessPotion"},{"floor":21,"key":"Strength Potion"}],"is_trial":false,"path_per_floor":["M","$","M","$","?","R","M","M","T","$","?","?","E","$","R","B",null,"M","$","M","M","M","E"],"character_chosen":"KOISHI","items_purchased":["Koishi:DNAsFlaw","Prepared+1","Koishi:UnconsciousUrges","Koishi:EmbersOfLove"],"campfire_rested":0,"item_purchase_floors":[2,10,14,19],"current_hp_per_floor":[56,56,57,57,57,57,59,59,59,59,44,44,54,54,54,28,65,25,25,17,64,31,0,0],"gold":86,"neow_bonus":"NOSTALGIA","is_daily":false,"chose_seed":false,"campfire_upgraded":2,"win_rate":0.0,"timestamp":1610429244,"path_taken":["M","$","M","$","?","R","?","M","T","$","?","?","E","?","R","BOSS","M","$","M","M","M","E"],"items_purchased_type":["Card","Card","Card","Card"],"build_version":"2020-12-22","purchased_purges":2,"victory":false,"max_hp_per_floor":[60,60,60,60,60,60,60,60,60,60,60,60,65,65,65,65,65,65,65,65,65,65,65,65],"card_choices":[{"not_picked":["Koishi:ReflexRadar","Accuracy"],"picked":"Koishi:EmbryosDream","floor":1.0},{"not_picked":["Koishi:SubconsciousSweep","Prepared"],"picked":"Bomb","floor":3.0},{"not_picked":["Koishi:IdleWhim","Infinite Blades","Koishi:FleetingPhantom"],"picked":"SKIP","floor":7.0},{"not_picked":["Bullet Time","Koishi:FleetingPhantom","Choke"],"picked":"SKIP","floor":8.0},{"not_picked":["Koishi:StingingMind","Koishi:SubterraneanRose"],"picked":"Koishi:UnconsciousUprising","floor":11.0},{"not_picked":["Koishi:Bloodlust","Koishi:FleetingPhantom"],"picked":"Koishi:YoukaiPolygraph","floor":11.0},{"not_picked":["Riddle With Holes","Koishi:RollingInRichesHeart"],"picked":"Koishi:StingingMind","floor":13},{"not_picked":["Koishi:FormlessExistence","Phantasmal Killer"],"picked":"Koishi:GrowingPain","floor":16},{"not_picked":["Koishi:SubterraneanRose","Koishi:FidgetySnatcher"],"picked":"Koishi:PhantomBarrier+1","floor":18},{"not_picked":["Koishi:FleetingPhantom","Koishi:FourthEye","Koishi:EmbryosDream"],"picked":"SKIP","floor":20},{"not_picked":["Koishi:Possession","Koishi:Bloodlust","Koishi:ReflexRadar"],"picked":"SKIP","floor":21},{"not_picked":["Koishi:RacingHeart+1","Koishi:Prune","Koishi:Whimsy+1"],"picked":"SKIP","floor":22}],"player_experience":363839,"relics_obtained":[{"floor":11.0,"key":"Snack Pack"},{"floor":13,"key":"vexMod:Dragonfruit"}],"event_choices":[{"damage_healed":0.0,"max_hp_gain":0.0,"max_hp_loss":0.0,"gold_gain":0.0,"event_name":"Living Wall","player_choice":"Grow","floor":5.0,"gold_loss":0.0,"damage_taken":0.0,"cards_upgraded":["AT_KingSlayer"]}],"is_beta":false,"boss_relics":[{"not_picked":["vexMod:FluxCapacitor","vexMod:MegatonBomb"],"picked":"aspiration:RitualDagger"},{"not_picked":[]}],"items_purged_floors":[14,19],"is_endless":false,"potions_floor_spawned":[1,7,20,21],"killed_by":"Book of Stabbing","ascension_level":0}}