{"host":"wha9hktbkslqvblg","time":1610468676,"event":{"mods":["BaseMod","Colored Map","Minty Spire (QoL Compilation)","Relic Stats","SuperFastMode","everything is the same but u backflip on backflip"],"gold_per_floor":[116,116,133,183,201,201,233,233,259,290,290,215,215,232,232,308,308,328,328,378,398,418,451,451,501,501,501,501,521,849,289,289,366,366,378,378,253,265,275,302,318,353,377,402,420,466,466,496,496,496,496,496,496,71,98,98],"floor_reached":57,"playtime":2270,"items_purged":["WindmillStrike","Consecrate","CarveReality","Weave+1"],"score":3497,"play_id":"83652624-01bb-42e5-8a59-74d4230d5627","local_time":"20210113012436","is_ascension_mode":true,"campfire_choices":[{"data":"Eruption","floor":6.0,"key":"SMITH"},{"data":"Tantrum","floor":8.0,"key":"SMITH"},{"data":"TalkToTheHand","floor":11.0,"key":"SMITH"},{"data":"Weave","floor":13.0,"key":"SMITH"},{"floor":15.0,"key":"RECALL"},{"data":"Vault","floor":24.0,"key":"SMITH"},{"data":"CutThroughFate","floor":27.0,"key":"SMITH"},{"floor":32.0,"key":"REST"},{"floor":49.0,"key":"REST"},{"data":"MentalFortress","floor":53.0,"key":"SMITH"}],"circlet_count":0,"master_deck":["AscendersBane","Eruption+1","Vigilance","Sanctity","Prostrate","TalkToTheHand+1","Tantrum+1","FearNoEvil","Vault+1","WreathOfFlame","MentalFortress+1","Master of Strategy","Halt+1","Adaptation","Purity+1","Adaptation"],"relics":["Pandora\u0027s Box","Boot","Akabeko","Potion Belt","Runic Pyramid","Art of War","Old Coin","Regal Pillow","Philosopher\u0027s Stone","Toxic Egg 2","Yang","Juzu Bracelet","Calipers","FossilizedHelix","Eternal Feather","DollysMirror","Mercury Hourglass"],"acts_visited":["Exordium","TheCity","TheBeyond","TheEnding"],"potions_floor_usage":[56,56],"damage_taken":[{"damage":0.0,"enemies":"2 Louse","floor":1.0,"turns":2.0},{"damage":2.0,"enemies":"Jaw Worm","floor":3.0,"turns":3.0},{"damage":0.0,"enemies":"Cultist","floor":5.0,"turns":3.0},{"damage":13.0,"enemies":"3 Sentries","floor":7.0,"turns":3.0},{"damage":0.0,"enemies":"Gremlin Nob","floor":10.0,"turns":2.0},{"damage":0.0,"enemies":"Exordium Wildlife","floor":14.0,"turns":1.0},{"damage":18.0,"enemies":"The Guardian","floor":16.0,"turns":6.0},{"damage":0.0,"enemies":"3 Byrds","floor":18.0,"turns":3.0},{"damage":0.0,"enemies":"Shell Parasite","floor":21.0,"turns":2.0},{"damage":2.0,"enemies":"Cultist and Chosen","floor":22.0,"turns":3.0},{"damage":0.0,"enemies":"Book of Stabbing","floor":23.0,"turns":4.0},{"damage":9.0,"enemies":"Snake Plant","floor":29.0,"turns":3.0},{"damage":39.0,"enemies":"Slavers","floor":30.0,"turns":3.0},{"damage":27.0,"enemies":"Collector","floor":33.0,"turns":4.0},{"damage":0.0,"enemies":"3 Shapes","floor":35.0,"turns":3.0},{"damage":10.0,"enemies":"Orb Walker","floor":38.0,"turns":3.0},{"damage":0.0,"enemies":"Jaw Worm Horde","floor":39.0,"turns":3.0},{"damage":0.0,"enemies":"Nemesis","floor":40.0,"turns":4.0},{"damage":0.0,"enemies":"Maw","floor":41.0,"turns":5.0},{"damage":0.0,"enemies":"Giant Head","floor":42.0,"turns":5.0},{"damage":0.0,"enemies":"Mind Bloom Boss Battle","floor":44.0,"turns":4.0},{"damage":21.0,"enemies":"Writhing Mass","floor":45.0,"turns":3.0},{"damage":14.0,"enemies":"2 Orb Walkers","floor":46.0,"turns":3.0},{"damage":0.0,"enemies":"Reptomancer","floor":48.0,"turns":6.0},{"damage":0.0,"enemies":"Time Eater","floor":50.0,"turns":10.0},{"damage":0.0,"enemies":"Donu and Deca","floor":51.0,"turns":7.0},{"damage":0.0,"enemies":"Shield and Spear","floor":55.0,"turns":3.0},{"damage":0,"enemies":"The Heart","floor":56,"turns":8}],"seed_played":"-3580607579632309546","potions_obtained":[{"floor":5.0,"key":"EntropicBrew"},{"floor":14.0,"key":"Energy Potion"},{"floor":16.0,"key":"SpeedPotion"},{"floor":18.0,"key":"FearPotion"},{"floor":30.0,"key":"EssenceOfSteel"},{"floor":33.0,"key":"Swift Potion"},{"floor":38.0,"key":"BlessingOfTheForge"},{"floor":39.0,"key":"BottledMiracle"},{"floor":41.0,"key":"Weak Potion"},{"floor":42.0,"key":"GamblersBrew"},{"floor":46.0,"key":"Ancient Potion"},{"floor":55.0,"key":"ColorlessPotion"}],"is_trial":false,"path_per_floor":["M","?","M","?","M","R","E","R","T","E","R","$","R","M","R","B",null,"M","?","?","M","M","E","R","?","T","R","?","M","E","$","R","B",null,"M","?","$","M","M","E","M","E","T","?","M","?","?","E","R","B","B",null,"R","$","E","B",null],"character_chosen":"WATCHER","items_purchased":["MentalFortress","Master of Strategy","Regal Pillow","Purity+1","DollysMirror"],"campfire_rested":2,"item_purchase_floors":[31,31,31,54,54],"current_hp_per_floor":[61,61,59,53,53,53,40,40,40,40,40,40,40,40,40,22,57,57,57,57,57,55,55,55,55,55,55,55,46,7,7,42,15,55,55,55,55,45,45,45,45,45,45,45,24,10,10,10,53,53,53,62,65,65,65,65],"gold":98,"neow_bonus":"BOSS_RELIC","is_daily":false,"chose_seed":false,"campfire_upgraded":7,"win_rate":0.0,"timestamp":1610468676,"path_taken":["M","?","M","?","M","R","E","R","T","E","R","$","R","?","R","BOSS","M","?","?","M","?","E","R","?","T","R","?","M","E","$","R","BOSS","M","?","$","M","M","E","M","E","T","?","M","?","?","E","R","BOSS","BOSS","R","$","E","BOSS"],"items_purchased_type":["Card","Card","Relic","Card","Relic"],"build_version":"2020-12-22","purchased_purges":4,"victory":true,"max_hp_per_floor":[68,68,68,68,68,68,68,68,68,68,68,68,68,68,68,68,68,68,68,68,68,68,68,68,68,68,68,68,68,68,68,68,68,68,68,65,65,65,65,65,65,65,65,65,65,65,65,65,65,65,65,65,65,65,65,65],"relic_stats":{"Regal Pillow":30,"counters":[28,109],"Pandora\u0027s Box":["Sanctity","JustLucky","Weave","Consecrate","WindmillStrike","CarveReality","CutThroughFate","Prostrate"],"Yang":[163],"Eternal Feather":12,"Art of War":[7],"Juzu Bracelet":0,"Boot":[407],"obtain_stats":[{"Potion Belt":10,"Regal Pillow":31,"Calipers":44,"Yang":42,"Eternal Feather":48,"Juzu Bracelet":43,"Boot":7,"Akabeko":9,"Old Coin":30,"Mercury Hourglass":55,"DollysMirror":54,"Pandora\u0027s Box":0,"Philosopher\u0027s Stone":34,"Art of War":23,"PureWater":0,"Toxic Egg 2":40,"FossilizedHelix":46,"Runic Pyramid":17},{"Potion Belt":5,"Regal Pillow":13,"Calipers":21,"Yang":20,"Eternal Feather":24,"Juzu Bracelet":20,"Boot":4,"Akabeko":4,"Old Coin":13,"Mercury Hourglass":27,"DollysMirror":26,"Pandora\u0027s Box":0,"Philosopher\u0027s Stone":14,"Art of War":11,"PureWater":0,"Toxic Egg 2":18,"FossilizedHelix":23,"Runic Pyramid":7},{"Potion Belt":13,"Regal Pillow":38,"Calipers":69,"Yang":65,"Eternal Feather":81,"Juzu Bracelet":65,"Boot":11,"Akabeko":11,"Old Coin":38,"Mercury Hourglass":101,"DollysMirror":98,"Pandora\u0027s Box":0,"Philosopher\u0027s Stone":42,"Art of War":32,"PureWater":0,"Toxic Egg 2":55,"FossilizedHelix":75,"Runic Pyramid":20}],"Mercury Hourglass":[24]},"card_choices":[{"not_picked":["JustLucky","CarveReality"],"picked":"TalkToTheHand","floor":1.0},{"not_picked":["BowlingBash","Consecrate","ThirdEye"],"picked":"SKIP","floor":3.0},{"not_picked":["Halt","WindmillStrike","WaveOfTheHand"],"picked":"SKIP","floor":5.0},{"not_picked":["Swivel","InnerPeace"],"picked":"Tantrum","floor":7.0},{"not_picked":["Halt","EmptyFist"],"picked":"FearNoEvil","floor":10.0},{"not_picked":["Fasting2","CrushJoints","Crescendo"],"picked":"SKIP","floor":14.0},{"not_picked":["Judgement","SpiritShield"],"picked":"Vault","floor":16.0},{"not_picked":["CrushJoints","SashWhip","ReachHeaven+1"],"picked":"SKIP","floor":18.0},{"not_picked":["SashWhip","Wireheading","JustLucky"],"picked":"SKIP","floor":21.0},{"not_picked":["Consecrate","ThirdEye","FlurryOfBlows"],"picked":"SKIP","floor":22.0},{"not_picked":["FlyingSleeves","Prostrate","Brilliance"],"picked":"SKIP","floor":23.0},{"not_picked":["FearNoEvil","WreathOfFlame","Collect"],"picked":"SKIP","floor":29.0},{"not_picked":["FearNoEvil","Collect"],"picked":"WreathOfFlame","floor":29.0},{"not_picked":["FlyingSleeves","Fasting2","MasterReality"],"picked":"SKIP","floor":30.0},{"not_picked":["FollowUp+1","Fasting2","CrushJoints"],"picked":"SKIP","floor":35.0},{"not_picked":["FlyingSleeves+1","Wireheading","FollowUp"],"picked":"SKIP","floor":38.0},{"not_picked":["Swivel","EmptyFist","Halt"],"picked":"SKIP","floor":39.0},{"not_picked":["SandsOfTime","Meditate+1","Sanctity+1"],"picked":"SKIP","floor":40.0},{"not_picked":["ThirdEye+1","EmptyMind+1","Consecrate"],"picked":"SKIP","floor":41.0},{"not_picked":["Protect+1","Brilliance","JustLucky"],"picked":"SKIP","floor":42.0},{"not_picked":["Protect+1","Evaluate+1","FlurryOfBlows"],"picked":"SKIP","floor":45.0},{"not_picked":["EmptyBody+1","ForeignInfluence+1"],"picked":"Halt+1","floor":46.0},{"not_picked":["Swivel+1","FlyingSleeves+1"],"picked":"Adaptation","floor":48.0},{"not_picked":["Wireheading+1","SashWhip+1","FlurryOfBlows"],"picked":"SKIP","floor":55.0}],"player_experience":965474,"relics_obtained":[{"floor":7.0,"key":"Boot"},{"floor":9.0,"key":"Akabeko"},{"floor":10.0,"key":"Potion Belt"},{"floor":23.0,"key":"Art of War"},{"floor":30.0,"key":"Old Coin"},{"floor":40.0,"key":"Toxic Egg 2"},{"floor":42.0,"key":"Yang"},{"floor":43.0,"key":"Juzu Bracelet"},{"floor":44.0,"key":"Calipers"},{"floor":46.0,"key":"FossilizedHelix"},{"floor":48.0,"key":"Eternal Feather"},{"floor":55.0,"key":"Mercury Hourglass"}],"event_choices":[{"damage_healed":0.0,"max_hp_gain":0.0,"max_hp_loss":0.0,"gold_gain":0.0,"event_name":"Liars Game","player_choice":"Ignored","floor":2.0,"gold_loss":0.0,"damage_taken":0.0},{"damage_healed":0.0,"max_hp_gain":0.0,"max_hp_loss":0.0,"gold_gain":50.0,"event_name":"FaceTrader","player_choice":"Touch","floor":4.0,"gold_loss":0.0,"damage_taken":6.0},{"cards_removed":["JustLucky"],"damage_healed":0.0,"max_hp_gain":0.0,"max_hp_loss":0.0,"gold_gain":0.0,"event_name":"Back to Basics","player_choice":"Elegance","floor":19.0,"gold_loss":0.0,"damage_taken":0.0},{"damage_healed":0.0,"max_hp_gain":0.0,"max_hp_loss":0.0,"gold_gain":100.0,"event_name":"The Joust","player_choice":"Bet on Murderer","floor":20.0,"gold_loss":50.0,"damage_taken":0.0},{"damage_healed":0.0,"max_hp_gain":0.0,"max_hp_loss":0.0,"gold_gain":50.0,"event_name":"Nest","player_choice":"Stole From Cult","floor":25.0,"gold_loss":0.0,"damage_taken":0.0},{"damage_healed":0.0,"max_hp_gain":0.0,"max_hp_loss":0.0,"gold_gain":0.0,"event_name":"Vampires","player_choice":"Ignored","floor":28.0,"gold_loss":0.0,"damage_taken":0.0},{"damage_healed":0.0,"max_hp_gain":0.0,"max_hp_loss":3.0,"gold_gain":0.0,"event_name":"Winding Halls","player_choice":"Max HP","floor":36.0,"gold_loss":0.0,"damage_taken":0.0},{"damage_healed":0.0,"max_hp_gain":0.0,"max_hp_loss":0.0,"gold_gain":0.0,"event_name":"MindBloom","player_choice":"Fight","floor":44.0,"gold_loss":0.0,"damage_taken":0.0},{"damage_healed":0.0,"max_hp_gain":0.0,"max_hp_loss":0.0,"gold_gain":0.0,"event_name":"Mysterious Sphere","player_choice":"Fight","floor":46.0,"gold_loss":0.0,"damage_taken":0.0},{"cards_removed":["CutThroughFate"],"damage_healed":0.0,"max_hp_gain":0.0,"max_hp_loss":0.0,"gold_gain":0.0,"event_name":"Falling","player_choice":"Removed Attack","floor":47.0,"gold_loss":0.0,"damage_taken":0.0}],"is_beta":false,"boss_relics":[{"not_picked":["Snecko Eye","Coffee Dripper"],"picked":"Runic Pyramid"},{"not_picked":["Black Star","Tiny House"],"picked":"Philosopher\u0027s Stone"}],"items_purged_floors":[12,31,37,54],"is_endless":false,"potions_floor_spawned":[5,14,16,18,30,33,38,39,41,42,44,46,55],"ascension_level":20}}