{"host":"on8rz1ayhhz269sg","time":1610426783,"event":{"mods":["BaseMod","Downfall","Minty Spire (QoL Compilation)","Remilia（蕾米莉亚）","StSLib","The Cursed","残留之物"],"gold_per_floor":[99,99,99,99,99,109,163,180,180,180,207,357,357,385,395,500,500,425,444,544,559,35,47,47,7,7,38,38,50,67,81,98,98,98],"floor_reached":33,"playtime":3558,"items_purged":[],"score":325,"play_id":"f3e0ef8a-a2c4-42e4-b99c-387dfb623487","local_time":"20210112124623","is_ascension_mode":false,"campfire_choices":[{"data":"sneckomod:SnekBite","floor":1,"key":"SMITH"},{"data":"sneckomod:UnknownVulnerable","floor":10,"key":"SMITH"},{"data":"sneckomod:UnknownRarePower","floor":13,"key":"SMITH"},{"data":"sneckomod:UnknownRarePower","floor":18,"key":"SMITH"},{"floor":26,"key":"REST"},{"data":"expansioncontent:StudyTheSpire","floor":28,"key":"SMITH"}],"circlet_count":0,"master_deck":["sneckomod:Strike+1","sneckomod:Strike","sneckomod:Strike+1","sneckomod:Defend","sneckomod:Defend","sneckomod:Defend","sneckomod:TailWhip","sneckomod:SnekBite+1","sneckomod:Unknown","sneckomod:UnknownBlock","sneckomod:Unknown0Cost","sneckomod:WideSting+1","sneckomod:Unknown0Cost","sneckomod:UnknownVulnerable+1","sneckomod:UnknownRarePower+1","sneckomod:UnknownClassTHE_PLACEHOLDER_GRAY","sneckomod:QuickMove","sneckomod:UnknownRarePower+1","sneckomod:UnknownUncommonPower","sneckomod:SoulCleanse+1","sneckomod:UnknownClassTHE_PLACEHOLDER_GRAY+1","sneckomod:UnknownClassSLIMEBOUND","sneckomod:CheapStock","expansioncontent:StudyTheSpire+1","Trip","sneckomod:DiceCrush","sneckomod:QuickBite","sneckomod:Unknown2Cost+1","sneckomod:SoulDraw","sneckomod:DefensiveFlair","sneckomod:DefensiveFlair","sneckomod:UnknownRarePower","sneckomod:UnknownStrike","sneckomod:DiceBlock","sneckomod:DiceBlock"],"relics":["sneckomod:SneckoSoul","downfall:HeartsMalice","Bag of Marbles","Omamori","Sundial","Black Star","downfall:HeartBlessingGreen","White Beast Statue","Strawberry","Orichalcum","Whetstone","Nunchaku"],"acts_visited":["Exordium","TheCity"],"potions_floor_usage":[14,16,16,21,22,23,27,29,30,31,32,33,33,33],"damage_taken":[{"damage":0,"enemies":"Small Slimes","floor":2,"turns":1},{"damage":0,"enemies":"Cultist","floor":3,"turns":1},{"damage":0,"enemies":"2 Louse","floor":5,"turns":1},{"damage":5,"enemies":"2 Fungi Beasts","floor":6,"turns":4},{"damage":3,"enemies":"Exordium Thugs","floor":8,"turns":3},{"damage":5,"enemies":"3 Sentries","floor":11,"turns":7},{"damage":9,"enemies":"Lagavulin","floor":14,"turns":6},{"damage":0,"enemies":"Lots of Slimes","floor":15,"turns":3},{"damage":51,"enemies":"downfall:Defect","floor":16,"turns":8},{"damage":6,"enemies":"Spheric Guardian","floor":19,"turns":3},{"damage":17,"enemies":"downfall:LadyInBlue","floor":20,"turns":5},{"damage":1,"enemies":"Chosen","floor":21,"turns":3},{"damage":0,"enemies":"downfall:FleeingMerchant","floor":22,"turns":4},{"damage":6,"enemies":"Centurion and Healer","floor":23,"turns":4},{"damage":0,"enemies":"downfall:FleeingMerchant","floor":25,"turns":4},{"damage":10,"enemies":"Book of Stabbing","floor":27,"turns":4},{"damage":13,"enemies":"Snake Plant","floor":29,"turns":5},{"damage":18,"enemies":"Shelled Parasite and Fungi","floor":30,"turns":5},{"damage":12,"enemies":"Centurion and Healer","floor":31,"turns":6},{"damage":10,"enemies":"Snake Plant","floor":32,"turns":3},{"damage":57,"enemies":"downfall:Silent","floor":33,"turns":6}],"seed_played":"3816658870695188654","potions_obtained":[{"floor":6,"key":"DistilledChaos"},{"floor":8,"key":"Block Potion"},{"floor":11,"key":"EssenceOfSteel"},{"floor":15,"key":"Energy Potion"},{"floor":20,"key":"Ancient Potion"},{"floor":20,"key":"Block Potion"},{"floor":21,"key":"ColorlessPotion"},{"floor":22,"key":"hexamod:EctoCoolerPotion"},{"floor":23,"key":"EntropicBrew"},{"floor":27,"key":"AttackPotion"},{"floor":29,"key":"DuplicationPotion"},{"floor":30,"key":"PlaceholderMod:PlaceholderPotion"},{"floor":31,"key":"SpeedPotion"},{"floor":32,"key":"SmokeBomb"}],"is_trial":false,"path_per_floor":["R","M","M","?","M","M","T","M","?","R","E","?","R","E","M","B",null,"R","M","?","M","$","M","T","$","R","E","R","M","M","M","M","B"],"character_chosen":"THE_SNECKO","items_purchased":["Strawberry","sneckomod:CheapStock","expansioncontent:StudyTheSpire","Trip","sneckomod:DiceCrush","sneckomod:SoulDraw"],"campfire_rested":1,"item_purchase_floors":[22,22,22,22,22,25],"current_hp_per_floor":[90,91,92,92,92,88,88,91,91,91,87,87,87,79,79,29,97,97,92,75,75,83,77,77,78,108,98,98,86,73,65,55,0,0],"gold":98,"neow_bonus":"THREE_ENEMY_KILL","is_daily":false,"chose_seed":false,"campfire_upgraded":5,"win_rate":0.0,"timestamp":1610426783,"path_taken":["R","M","M","?","M","M","T","?","?","R","E","?","R","E","M","BOSS","R","M","?","M","$","M","T","$","R","E","R","M","M","?","M","BOSS"],"items_purchased_type":["Relic","Card","Card","Card","Card","Card"],"build_version":"2020-12-22","purchased_purges":0,"victory":false,"max_hp_per_floor":[90,91,92,92,92,93,93,94,94,94,95,95,95,96,96,97,97,97,98,98,99,107,107,107,108,108,108,108,109,110,110,110,110,110],"card_choices":[{"not_picked":["sneckomod:MasterEye","sneckomod:WideSting"],"picked":"sneckomod:UnknownBlock","floor":2},{"not_picked":["sneckomod:UnknownClassGREEN","sneckomod:UnknownWeak"],"picked":"sneckomod:Unknown0Cost","floor":3},{"not_picked":["sneckomod:MasterEye","sneckomod:QuickMove"],"picked":"sneckomod:WideSting","floor":5},{"not_picked":["sneckomod:Unknown1Cost","sneckomod:QuickMove"],"picked":"sneckomod:Unknown0Cost","floor":6},{"not_picked":["sneckomod:UnknownClassTHE_CHAMP_GRAY","sneckomod:Unknown1Cost"],"picked":"sneckomod:UnknownVulnerable","floor":8},{"not_picked":["sneckomod:IronFang","sneckomod:UnknownEthereal"],"picked":"sneckomod:UnknownRarePower","floor":11},{"not_picked":["sneckomod:UnknownX","sneckomod:UnknownClassTHE_CURSED_PURPLE"],"picked":"sneckomod:UnknownClassTHE_PLACEHOLDER_GRAY","floor":14},{"not_picked":["sneckomod:Unknown2Cost","sneckomod:SoulRoll"],"picked":"sneckomod:QuickMove","floor":15},{"not_picked":["sneckomod:SoulExchange","sneckomod:Unknown3Cost"],"picked":"sneckomod:UnknownRarePower","floor":16},{"not_picked":["sneckomod:SoulRoll+1","sneckomod:QuickMove+1"],"picked":"sneckomod:UnknownUncommonPower","floor":19},{"not_picked":["sneckomod:SoulDraw","sneckomod:QuickMove"],"picked":"sneckomod:SoulCleanse+1","floor":20},{"not_picked":["sneckomod:SoulCleanse","sneckomod:UnknownClassBLUE"],"picked":"sneckomod:UnknownClassTHE_PLACEHOLDER_GRAY+1","floor":21},{"not_picked":["sneckomod:DefensiveFlair","sneckomod:MasterEye"],"picked":"sneckomod:UnknownClassSLIMEBOUND","floor":22},{"not_picked":["sneckomod:UnknownX","sneckomod:UnknownCommonSkill"],"picked":"sneckomod:QuickBite","floor":23},{"not_picked":["sneckomod:DiceBoulder","sneckomod:UnknownBlock"],"picked":"sneckomod:Unknown2Cost+1","floor":25},{"not_picked":["sneckomod:UnknownCommonAttack","sneckomod:UnknownVulnerable"],"picked":"sneckomod:DefensiveFlair","floor":27},{"not_picked":["sneckomod:UnknownCommonAttack","sneckomod:UnknownEthereal"],"picked":"sneckomod:DefensiveFlair","floor":29},{"not_picked":["sneckomod:DiceCrush+1","sneckomod:UnknownClassSLIMEBOUND"],"picked":"sneckomod:UnknownRarePower","floor":29},{"not_picked":["sneckomod:QuickMove","sneckomod:UnknownCommonAttack"],"picked":"sneckomod:UnknownStrike","floor":30},{"not_picked":["sneckomod:UnknownExhaust+1","sneckomod:SoulDraw"],"picked":"sneckomod:DiceBlock","floor":31},{"not_picked":["sneckomod:SlitherStrike","sneckomod:QuickMove"],"picked":"sneckomod:DiceBlock","floor":32}],"player_experience":183601,"relics_obtained":[{"floor":7,"key":"Bag of Marbles"},{"floor":11,"key":"Omamori"},{"floor":14,"key":"Sundial"},{"floor":20,"key":"White Beast Statue"},{"floor":24,"key":"Orichalcum"},{"floor":27,"key":"Whetstone"},{"floor":27,"key":"Nunchaku"}],"event_choices":[{"cards_removed":["sneckomod:Unknown"],"damage_healed":0,"gold_gain":0,"player_choice":"Offered Basic","damage_taken":0,"max_hp_gain":0,"max_hp_loss":0,"event_name":"Bonfire Elementals","floor":4,"gold_loss":0},{"damage_healed":0,"gold_gain":0,"player_choice":"Grow","damage_taken":0,"max_hp_gain":0,"max_hp_loss":0,"event_name":"Living Wall","floor":9,"gold_loss":0,"cards_upgraded":["sneckomod:WideSting"]}],"is_beta":false,"boss_relics":[{"not_picked":["SlaversCollar","Pandora\u0027s Box"],"picked":"Black Star"}],"items_purged_floors":[],"is_endless":false,"potions_floor_spawned":[6,8,11,15,21,22,23,25,27,29,30,31,32],"killed_by":"downfall:Silent","ascension_level":0}}