{"host":"h544hemfmfqevamn","time":1610480795,"event":{"mods":["BaseMod","Colored Map","Colored Powertips","Highlight Path","Minty Spire (QoL Compilation)","Replay The Spire","StSLib","The Bug Knight","The Servant 0.9.4","The Wild Card"],"gold_per_floor":[150,189,189,189,189,189,189,189,261,261,261],"floor_reached":10,"language":"ENG","playtime":472,"items_purged":[],"score":109,"play_id":"ab950b2e-be43-4026-90d1-bc19fff0cf2e","local_time":"20210112204635","daily_mods":["Vintage","Allstar","Heirloom","Time Dilation","Flight","DeadlyEvents","Elite Swarm","Lethality","Midas"],"is_ascension_mode":true,"campfire_choices":[{"floor":6,"key":"REST"},{"floor":7,"key":"REST"},{"floor":8,"key":"REST"}],"circlet_count":0,"master_deck":["Demon Form","Wraith Form v2","Echo Form","DevaForm","FlawlessForm","theWildCard:BasicStrike","theWildCard:BasicStrike","theWildCard:BasicStrike","theWildCard:BasicStrike","theWildCard:BasicDefend+1","theWildCard:BasicDefend+1","theWildCard:BasicDefend","theWildCard:BasicDefend","theWildCard:CallToAdventure","theWildCard:Arsene","Violence","Crow Ritual","Panache","The Bomb","Crow Ritual","theWildCard:Metatron","theWildCard:SeveringSlash","theWildCard:BladeOfGenerations","theWildCard:BladeOfGenerations"],"relics":["theWildCard:VelvetContract","replay:Trail_Library","FossilizedHelix","Bag of Marbles","Dream Catcher","Frozen Egg 2"],"acts_visited":["Exordium"],"potions_floor_usage":[],"damage_taken":[{"damage":11,"enemies":"Jaw Worm","floor":1,"turns":4},{"damage":0,"enemies":"2 Louse","floor":2,"turns":1},{"damage":61,"enemies":"Replay:BlueRogue","floor":10,"turns":4}],"seed_played":"4979223762553719896","potions_obtained":[{"floor":1,"key":"Energy Potion"}],"is_trial":true,"path_per_floor":["M","M","?","?","WH","R","R","R","T","E"],"character_chosen":"THE_WILD_CARD","items_purchased":[],"campfire_rested":3,"item_purchase_floors":[],"current_hp_per_floor":[49,49,49,37,37,55,60,60,60,0,0],"gold":261,"neow_bonus":"","is_daily":false,"chose_seed":false,"campfire_upgraded":0,"win_rate":0.0,"timestamp":1610480795,"path_taken":["M","M","?","?","WH","R","R","R","T","?"],"items_purchased_type":[],"build_version":"2020-12-22","purchased_purges":0,"victory":false,"max_hp_per_floor":[60,60,60,60,60,60,60,60,60,60,60],"card_choices":[{"not_picked":["theWildCard:BladeOfGenerations","theWildCard:Sakuya"],"picked":"theWildCard:SeveringSlash","floor":6},{"not_picked":["theWildCard:UnendingRitual","theWildCard:Proficiency"],"picked":"theWildCard:BladeOfGenerations","floor":7},{"not_picked":["theWildCard:Polydeuces","theWildCard:EnergizedStroke"],"picked":"theWildCard:BladeOfGenerations","floor":8}],"player_experience":122552,"relics_obtained":[{"floor":1,"key":"Bag of Marbles"},{"floor":2,"key":"Dream Catcher"},{"floor":9,"key":"Frozen Egg 2"}],"event_choices":[{"damage_healed":0,"gold_gain":0,"player_choice":"Entered Light","damage_taken":12,"max_hp_gain":0,"max_hp_loss":0,"event_name":"Shining Light","floor":4,"gold_loss":0,"cards_upgraded":["theWildCard:BasicDefend","theWildCard:BasicDefend"]}],"is_beta":false,"boss_relics":[],"items_purged_floors":[],"is_endless":true,"potions_floor_spawned":[1],"killed_by":"Replay:BlueRogue","ascension_level":1}}