{"host":"g0h2b624hxmxacav","time":1610428376,"event":{"mods":["BaseMod","Colored Map","Downfall","Luminous","Marisa£®ÏF”Í°°ƒß¿Ì…≥£©","Minty Spire (QoL Compilation)","Replay The Spire","StSLib","°æ“≈ŒÔø®≈∆°øREMEMod"],"gold_per_floor":[99,99,199,199,299,312,312,162,176,205,40,66,66,84,102,199,199,199,217,517,537,537,537,537,551,581,595,595,610,610,628,644,644,644,644],"floor_reached":33,"playtime":1936,"items_purged":[],"score":277,"play_id":"8d0b3587-7816-49de-9d8e-e566f9dba6ee","local_time":"20210112131256","is_ascension_mode":false,"campfire_choices":[{"floor":1.0,"key":"RECALL"},{"data":"Guardian:FloatingOrbs","floor":8.0,"key":"SMITH"},{"floor":13.0,"key":"REST"},{"floor":18.0,"key":"DIG"},{"floor":23.0,"key":"REST"}],"circlet_count":0,"master_deck":["Guardian:Defend_Guardian","Guardian:Defend_Guardian","Guardian:Defend_Guardian","Guardian:Defend_Guardian","Guardian:CurlUp","Guardian:TwinSlam+1","Slimebound:DuplicatedForm+1","Guardian:PiercingHide","Guardian:RevengeProtocol","Guardian:DecasProtection","Decay","Guardian:Gem_Red","expansioncontent:FaceSlap","Guardian:FloatingOrbs+1","Guardian:Planning","Guardian:AncientConstruct","Guardian:Recover","Guardian:Repulse","Guardian:TimeSifter","Guardian:Reroute","Overencumbered","Guardian:BronzeArmor","Guardian:PiercingHide+1","Guardian:RollAttack","Guardian:Gem_Blue","Guardian:Gem_Green","Slimebound:Tackle+1","Slimebound:Tackle+1","Slimebound:Tackle+1","Guardian:FloatingOrbs","Guardian:TimeBomb"],"relics":["Guardian:ModeShifter","REME_ComplimentaryCards","downfall:HeartsMalice","downfall:GremlinSack","downfall:HeartBlessingRed","downfall:HeartBlessingBlue","Ornamental Fan","Gremlin Food","Potion Belt","REME_DemonsWealth","Bag of Preparation","Sundial","Du-Vu Doll","Mirror","Darkstone Periapt","ReplayFunnel"],"acts_visited":["Exordium","TheCity"],"potions_floor_usage":[32,32,33,33],"damage_taken":[{"damage":0.0,"enemies":"2 Louse","floor":2.0,"turns":1.0},{"damage":0.0,"enemies":"Jaw Worm","floor":4.0,"turns":1.0},{"damage":0.0,"enemies":"Jaw Worm","floor":5.0,"turns":1.0},{"damage":4.0,"enemies":"Cultist","floor":6.0,"turns":4.0},{"damage":7.0,"enemies":"Blue Slaver","floor":9.0,"turns":4.0},{"damage":8.0,"enemies":"Gremlin Nob","floor":10.0,"turns":4.0},{"damage":8.0,"enemies":"downfall:FleeingMerchant","floor":11.0,"turns":4.0},{"damage":22.0,"enemies":"3 Sentries","floor":12.0,"turns":7.0},{"damage":15.0,"enemies":"Exordium Wildlife","floor":14.0,"turns":4.0},{"damage":22.0,"enemies":"2 Fungi Beasts","floor":15.0,"turns":4.0},{"damage":32.0,"enemies":"downfall:Defect","floor":16.0,"turns":7.0},{"damage":0.0,"enemies":"Spheric Guardian","floor":19.0,"turns":3.0},{"damage":28.0,"enemies":"downfall:Watcher","floor":20.0,"turns":6.0},{"damage":25.0,"enemies":"Centurion and Healer","floor":21.0,"turns":5.0},{"damage":30.0,"enemies":"Sentry and Sphere","floor":25.0,"turns":5.0},{"damage":21.0,"enemies":"Gremlin Leader","floor":26.0,"turns":4.0},{"damage":23.0,"enemies":"3 Cultists","floor":27.0,"turns":5.0},{"damage":25,"enemies":"Snake Plant","floor":29,"turns":3},{"damage":30,"enemies":"Snecko","floor":31,"turns":6},{"damage":12,"enemies":"Shelled Parasite and Fungi","floor":32,"turns":4},{"damage":13,"enemies":"downfall:Silent","floor":33,"turns":4}],"seed_played":"-5567032341188806852","potions_obtained":[{"floor":5.0,"key":"Fire Potion"},{"floor":9.0,"key":"PowerPotion"},{"floor":12.0,"key":"Block Potion"},{"floor":14.0,"key":"Strength Potion"},{"floor":16.0,"key":"BlessingOfTheForge"},{"floor":25.0,"key":"Toxic Potion"},{"floor":27.0,"key":"Weak Potion"},{"floor":31,"key":"Guardian:BlockOnCardUsePotion"}],"is_trial":false,"path_per_floor":["R_BF","M","?","M","?","M","T","R","M","E","$","E","R","M","M","B",null,"R_BF","M","?","M","T","R","T","M","E","M","?","M","?","M","M","B"],"character_chosen":"GUARDIAN","items_purchased":["Gremlin Food"],"campfire_rested":2,"item_purchase_floors":[11],"current_hp_per_floor":[80,80,80,80,80,76,76,86,79,71,63,41,68,68,61,44,90,90,90,77,67,67,90,90,75,69,61,48,38,38,23,11,0,0,0],"gold":644,"neow_bonus":"THREE_ENEMY_KILL","is_daily":false,"chose_seed":false,"campfire_upgraded":1,"win_rate":0.0,"timestamp":1610428376,"path_taken":["R_BF","M","?","M","?","?","T","R","M","E","$","E","R","M","M","BOSS","R_BF","M","?","M","?","R","T","M","E","M","?","?","?","M","M","BOSS"],"items_purchased_type":["Relic"],"build_version":"2020-12-22","purchased_purges":0,"victory":false,"max_hp_per_floor":[80,80,80,80,80,80,80,90,90,90,90,90,90,90,90,90,90,90,90,90,90,90,90,90,90,90,90,90,90,90,90,90,90,90,90],"card_choices":[{"not_picked":["Guardian:Incinerate","Guardian:BronzeArmor"],"picked":"Guardian:Gem_Purple","floor":2.0},{"not_picked":["Guardian:Gem_Green","Guardian:Reroute"],"picked":"Guardian:PiercingHide","floor":4.0},{"not_picked":["Guardian:TimeBomb","Guardian:ChargeUp"],"picked":"Guardian:Gem_Crimson","floor":5.0},{"not_picked":["Guardian:Planning","Guardian:PiercingHide"],"picked":"Guardian:FloatingOrbs","floor":6.0},{"not_picked":["Guardian:Gem_Red","Guardian:TemporalShield"],"picked":"Guardian:Gem_Lightblue","floor":9.0},{"not_picked":["Guardian:WalkerClaw","Guardian:Gem_Lightblue"],"picked":"Guardian:Planning","floor":10.0},{"not_picked":["Guardian:TimeSifter","Guardian:SentryBeam"],"picked":"Guardian:AncientConstruct","floor":11.0},{"not_picked":["Guardian:Gem_Fragmented","Guardian:RollAttack"],"picked":"Guardian:Gem_Crimson","floor":12.0},{"not_picked":["Guardian:WalkerClaw","Guardian:PolyBeam"],"picked":"Guardian:Recover","floor":14.0},{"not_picked":["Guardian:Incinerate","Guardian:Gem_Red"],"picked":"Guardian:Repulse","floor":15.0},{"not_picked":["Guardian:FastForward","Guardian:ConstructionForm"],"picked":"Guardian:TimeSifter","floor":16.0},{"not_picked":["Guardian:ShieldCharger+1","Guardian:Gem_Cyan","Parasite"],"picked":"Guardian:Reroute","floor":19.0},{"not_picked":["Guardian:WalkerClaw","Guardian:PrimingBeam+1","Guardian:Gem_Lightblue"],"picked":"Overencumbered","floor":20.0},{"not_picked":["Guardian:DonusPower","Guardian:PolyBeam","Decay"],"picked":"Guardian:BronzeArmor","floor":21.0},{"not_picked":["Guardian:Gem_Lightblue","Guardian:CrystalBeam","Overencumbered"],"picked":"Guardian:PiercingHide+1","floor":25.0},{"not_picked":["Guardian:TimeCapacitor","Guardian:ConstructionForm","Parasite"],"picked":"Guardian:RollAttack","floor":26.0},{"not_picked":["Guardian:VentSteam","Guardian:RollAttack+1","Injury"],"picked":"Guardian:Gem_Blue","floor":27.0},{"not_picked":["Guardian:Gem_Fragmented","Guardian:Reroute","Pain"],"picked":"Guardian:Gem_Green","floor":29},{"not_picked":["Guardian:PrimingBeam","Guardian:ChargeCore","Overencumbered"],"picked":"Guardian:FloatingOrbs","floor":31},{"not_picked":["Guardian:Reroute","Guardian:WalkerClaw","sneckomod:Bewildered"],"picked":"Guardian:TimeBomb","floor":32}],"player_experience":58793,"relics_obtained":[{"floor":5.0,"key":"downfall:GremlinSack"},{"floor":10.0,"key":"Ornamental Fan"},{"floor":12.0,"key":"Potion Belt"},{"floor":18.0,"key":"Bag of Preparation"},{"floor":20.0,"key":"Sundial"},{"floor":20.0,"key":"Du-Vu Doll"},{"floor":22.0,"key":"Mirror"},{"floor":24.0,"key":"Darkstone Periapt"},{"floor":26.0,"key":"ReplayFunnel"}],"event_choices":[],"is_beta":false,"boss_relics":[{"not_picked":["REME_DuelDisc","Philosopher\u0027s Stone"],"picked":"REME_DemonsWealth"}],"items_purged_floors":[],"is_endless":false,"potions_floor_spawned":[5,9,12,14,16,21,25,27,31],"killed_by":"downfall:Silent","ascension_level":0}}