{"host":"9d9dhukr2jywmy0f","time":1610454509,"event":{"mods":["2.2 Compatiblity","Alarm Clock","BaseMod","Bestiary","Block Reminder","Colored Map","Colored Powertips","Curses Come First","DeckTracker","Highlight Path","Key Reminder","Marisa£®ÏF”Í°°ƒß¿Ì…≥£©","Minty Spire (QoL Compilation)","Quick Restart","Rare Cards Sparkle","Relic Sorter","Relic Stats","Spire Birthday Party","StSLib","SuperFastMode","Synergy Search","Unceasing Turn Reminder","Unknown Chances"],"gold_per_floor":[33],"floor_reached":0,"playtime":0,"items_purged":[],"score":0,"play_id":"240b8542-19c2-4558-a602-088cba4f3fa5","local_time":"20210112202829","is_ascension_mode":true,"campfire_choices":[],"circlet_count":0,"master_deck":["AscendersBane","Strike_MRS+1","Strike_MRS+1","Strike_MRS","Defend_MRS","Defend_MRS","Defend_MRS","Defend_MRS","MasterSpark+1","UpSweep","Acceleration","SporeBomb","PowerUp+1","PulseMagic+1","GrandCross+1","ChargingUp","OneTimeOff+1","6A","GalacticHalo+1","OneTimeOff+1","Singularity","AsteroidBelt+1","PowerUp+1"],"relics":[],"acts_visited":["Exordium","TheCity"],"potions_floor_usage":[],"damage_taken":[],"seed_played":"6911537973454070599","potions_obtained":[],"is_trial":false,"path_per_floor":[],"character_chosen":"MARISA","items_purchased":[],"campfire_rested":0,"item_purchase_floors":[],"current_hp_per_floor":[16],"gold":33,"neow_bonus":"","is_daily":false,"chose_seed":false,"campfire_upgraded":0,"win_rate":0.0,"timestamp":1610454509,"path_taken":[],"items_purchased_type":[],"build_version":"2020-11-30","purchased_purges":0,"victory":false,"max_hp_per_floor":[73],"relic_stats":{"counters":[17,66],"obtain_stats":[{"Blood Vial":9,"keyreminder:keyreminder":26,"CaptainsWheel":0,"SacredBark":17,"Blue Candle":24,"Prayer Wheel":24,"MiniHakkero":0,"Whetstone":8,"Membership Card":29,"Toxic Egg 2":20,"Medical Kit":20,"White Beast Statue":11},{"Blood Vial":4,"keyreminder:keyreminder":13,"CaptainsWheel":0,"SacredBark":8,"Blue Candle":12,"Prayer Wheel":12,"MiniHakkero":0,"Whetstone":4,"Membership Card":15,"Toxic Egg 2":9,"Medical Kit":9,"White Beast Statue":5},{"Blood Vial":16,"keyreminder:keyreminder":49,"CaptainsWheel":0,"SacredBark":30,"Blue Candle":42,"Prayer Wheel":44,"MiniHakkero":0,"Whetstone":16,"Membership Card":57,"Toxic Egg 2":35,"Medical Kit":35,"White Beast Statue":18}]},"card_choices":[],"player_experience":878267,"relics_obtained":[],"event_choices":[],"is_beta":false,"boss_relics":[],"items_purged_floors":[],"is_endless":false,"potions_floor_spawned":[],"killed_by":"Automaton","ascension_level":11}}