{"host":"gf95gjygaqy6b70i","time":1610492191,"event":{"mods":["BaseMod","Colored Map","Colored Powertips","Minty Spire (QoL Compilation)"],"gold_per_floor":[17,27,27,42,42,67,67,95,95,95,95,161,190,207,207,305,305,323,323,341,341,356,389,389,406,406,419,419,429,13,29,29,29,29],"floor_reached":33,"language":"ENG","playtime":1175,"items_purged":["Strike_B"],"score":326,"play_id":"1c790ea8-24c0-4678-bf9e-80d01dadce63","local_time":"20210112235631","is_ascension_mode":true,"campfire_choices":[{"floor":7,"key":"REST"},{"data":"Echo Form","floor":11,"key":"SMITH"},{"floor":15,"key":"REST"},{"floor":24,"key":"REST"},{"floor":28,"key":"REST"},{"floor":32,"key":"REST"}],"circlet_count":0,"master_deck":["Strike_B","Strike_B","Strike_B","Defend_B","Defend_B","Defend_B","Defend_B","Zap","Dualcast","Glacier","Redo","Streamline","Echo Form+1","Skim","Genetic Algorithm","FTL","Gash","Machine Learning","Leap","Auto Shields","Electrodynamics","Melter","Conserve Battery","Ball Lightning","Loop","Force Field","Blind","Gash"],"relics":["Cracked Core","PreservedInsect","Torii","Bottled Tornado","Dream Catcher","Strawberry","Sozu","Blue Candle","Shuriken","Bag of Marbles"],"acts_visited":["Exordium","TheCity"],"potions_floor_usage":[13,14,18,22],"damage_taken":[{"damage":0,"enemies":"Small Slimes","floor":1,"turns":2},{"damage":0,"enemies":"Cultist","floor":2,"turns":4},{"damage":1,"enemies":"Jaw Worm","floor":4,"turns":5},{"damage":25,"enemies":"Lagavulin","floor":6,"turns":8},{"damage":19,"enemies":"Gremlin Nob","floor":8,"turns":4},{"damage":18,"enemies":"3 Sentries","floor":13,"turns":4},{"damage":20,"enemies":"Looter","floor":14,"turns":3},{"damage":22,"enemies":"Hexaghost","floor":16,"turns":11},{"damage":19,"enemies":"2 Thieves","floor":18,"turns":5},{"damage":2,"enemies":"Chosen","floor":20,"turns":5},{"damage":7,"enemies":"3 Cultists","floor":22,"turns":6},{"damage":51,"enemies":"Gremlin Leader","floor":23,"turns":7},{"damage":22,"enemies":"Snake Plant","floor":25,"turns":5},{"damage":8,"enemies":"Shelled Parasite and Fungi","floor":27,"turns":6},{"damage":6,"enemies":"Snecko","floor":29,"turns":5},{"damage":0,"enemies":"3 Cultists","floor":31,"turns":4},{"damage":65,"enemies":"Champ","floor":33,"turns":10}],"seed_played":"3139568894690932942","potions_obtained":[{"floor":1,"key":"LiquidMemories"},{"floor":6,"key":"Regen Potion"},{"floor":8,"key":"Explosive Potion"},{"floor":14,"key":"Weak Potion"}],"is_trial":false,"path_per_floor":["M","M","?","M","$","E","R","E","T","T","R","?","E","M","R","B",null,"M","?","M","?","M","E","R","M","T","M","R","M","$","M","R","B"],"character_chosen":"DEFECT","items_purchased":["Loop","Force Field","Blind","Bag of Marbles"],"campfire_rested":5,"item_purchase_floors":[30,30,30,30],"current_hp_per_floor":[89,89,89,88,88,63,89,70,70,70,70,70,59,48,76,54,96,77,77,75,72,65,14,42,20,20,12,40,34,34,34,62,0,0],"gold":29,"neow_bonus":"TWENTY_PERCENT_HP_BONUS","is_daily":false,"chose_seed":false,"campfire_upgraded":1,"win_rate":0.0,"timestamp":1610492191,"path_taken":["M","M","?","M","?","E","R","E","T","?","R","?","E","M","R","BOSS","M","?","?","?","M","E","R","M","T","?","R","M","$","M","R","BOSS"],"items_purchased_type":["Card","Card","Card","Relic"],"build_version":"2020-12-22","purchased_purges":1,"victory":false,"max_hp_per_floor":[89,89,89,89,89,89,89,89,89,89,89,89,96,96,96,96,96,96,96,96,96,96,96,96,96,96,96,96,96,96,96,96,96,96],"card_choices":[{"not_picked":["Sweeping Beam","Conserve Battery"],"picked":"Glacier","floor":1},{"not_picked":["Skim","Compile Driver"],"picked":"Redo","floor":2},{"not_picked":["Rebound","Hologram"],"picked":"Streamline","floor":4},{"not_picked":["Machine Learning","Conserve Battery"],"picked":"Echo Form","floor":6},{"not_picked":["Gash","Recycle"],"picked":"Skim","floor":8},{"not_picked":["Force Field","Rebound"],"picked":"Genetic Algorithm","floor":13},{"not_picked":["Barrage","Redo"],"picked":"FTL","floor":14},{"not_picked":["Rebound","Beam Cell"],"picked":"Gash","floor":15},{"not_picked":["Hyperbeam","Meteor Strike"],"picked":"Machine Learning","floor":16},{"not_picked":["Stack","Redo"],"picked":"Leap","floor":18},{"not_picked":["Fusion","White Noise","Hello World"],"picked":"SKIP","floor":20},{"not_picked":["Barrage+1","Turbo+1"],"picked":"Auto Shields","floor":22},{"not_picked":["Scrape","Conserve Battery+1"],"picked":"Electrodynamics","floor":23},{"not_picked":["Rip and Tear","Static Discharge"],"picked":"Melter","floor":25},{"not_picked":["Streamline+1","Rip and Tear","Lockon+1"],"picked":"SKIP","floor":27},{"not_picked":["Rebound","Double Energy+1"],"picked":"Conserve Battery","floor":28},{"not_picked":["FTL+1","Cold Snap+1"],"picked":"Ball Lightning","floor":29},{"not_picked":["Doom and Gloom+1","Darkness"],"picked":"Gash","floor":31}],"player_experience":66674,"relics_obtained":[{"floor":6,"key":"PreservedInsect"},{"floor":8,"key":"Torii"},{"floor":9,"key":"Bottled Tornado"},{"floor":10,"key":"Dream Catcher"},{"floor":13,"key":"Strawberry"},{"floor":23,"key":"Blue Candle"},{"floor":26,"key":"Shuriken"}],"event_choices":[{"damage_healed":0,"gold_gain":0,"player_choice":"Full Heal","damage_taken":0,"max_hp_gain":0,"max_hp_loss":0,"event_name":"Wheel of Change","floor":3,"gold_loss":0},{"damage_healed":0,"gold_gain":66,"player_choice":"Gained Gold","damage_taken":0,"max_hp_gain":0,"max_hp_loss":0,"event_name":"Golden Wing","floor":12,"gold_loss":0},{"damage_healed":0,"gold_gain":0,"player_choice":"Got Potions","damage_taken":0,"max_hp_gain":0,"max_hp_loss":0,"event_name":"Lab","floor":19,"gold_loss":0},{"damage_healed":0,"gold_gain":0,"player_choice":"Punched","damage_taken":3,"max_hp_gain":0,"max_hp_loss":0,"event_name":"Designer","floor":21,"gold_loss":0}],"is_beta":false,"boss_relics":[{"not_picked":["Astrolabe","Snecko Eye"],"picked":"Sozu"}],"items_purged_floors":[30],"is_endless":false,"potions_floor_spawned":[1,6,8,14,18,20,22,25],"killed_by":"Champ","ascension_level":1}}