{"host":"8w54i48wcuneocjq","time":1610473885,"event":{"mods":["2.2 Compatiblity","AchievementEnabler","BaseMod","DeckTracker","Minty Spire (QoL Compilation)","Random Character Button","Rare Cards Sparkle"],"gold_per_floor":[111,126,76,96,113,142,142,167,167,167,202,221,146,158,158,253,253,266,365,385,385,402,402,402],"floor_reached":23,"playtime":1515,"items_purged":["Defend_P"],"score":263,"play_id":"5ef1bfac-6ea1-4bff-9cf1-4c80f443fb8d","local_time":"20210112185125","is_ascension_mode":false,"campfire_choices":[{"floor":7.0,"key":"REST"},{"floor":10.0,"key":"REST"},{"floor":15.0,"key":"REST"}],"circlet_count":0,"master_deck":["Strike_P+1","Strike_P","Strike_P","Defend_P+1","Defend_P","Defend_P","Eruption","Vigilance","Omniscience","BattleHymn","Swivel","TalkToTheHand+1","DeceiveReality","Protect","TalkToTheHand","MasterReality+1","Crescendo","LessonLearned"],"relics":["PureWater","Oddly Smooth Stone","Whetstone","Bottled Tornado","White Beast Statue","Philosopher\u0027s Stone"],"acts_visited":["Exordium","TheCity"],"potions_floor_usage":[23,23],"damage_taken":[{"damage":0.0,"enemies":"Small Slimes","floor":1.0,"turns":2.0},{"damage":1.0,"enemies":"2 Louse","floor":2.0,"turns":3.0},{"damage":1.0,"enemies":"Jaw Worm","floor":4.0,"turns":3.0},{"damage":12.0,"enemies":"Gremlin Gang","floor":5.0,"turns":7.0},{"damage":31.0,"enemies":"Gremlin Nob","floor":6.0,"turns":5.0},{"damage":9.0,"enemies":"3 Sentries","floor":8.0,"turns":9.0},{"damage":25.0,"enemies":"Gremlin Nob","floor":11.0,"turns":5.0},{"damage":8.0,"enemies":"Lots of Slimes","floor":12.0,"turns":5.0},{"damage":6.0,"enemies":"3 Louse","floor":14.0,"turns":3.0},{"damage":0.0,"enemies":"The Guardian","floor":16.0,"turns":14.0},{"damage":8.0,"enemies":"Shell Parasite","floor":18.0,"turns":8.0},{"damage":5.0,"enemies":"2 Thieves","floor":20.0,"turns":4.0},{"damage":0.0,"enemies":"Chosen and Byrds","floor":22.0,"turns":6.0},{"damage":59,"enemies":"Gremlin Leader","floor":23,"turns":10}],"seed_played":"2760044913436424141","potions_obtained":[{"floor":6.0,"key":"Energy Potion"},{"floor":11.0,"key":"AttackPotion"},{"floor":12.0,"key":"Energy Potion"},{"floor":14.0,"key":"ColorlessPotion"},{"floor":16.0,"key":"Ambrosia"},{"floor":18.0,"key":"DuplicationPotion"},{"floor":20.0,"key":"SteroidPotion"},{"floor":22.0,"key":"Fire Potion"}],"is_trial":false,"path_per_floor":["M","M","?","M","M","E","R","E","T","R","E","M","$","M","R","B",null,"M","?","M","?","M","E"],"character_chosen":"WATCHER","items_purchased":[],"campfire_rested":3,"item_purchase_floors":[],"current_hp_per_floor":[72,71,71,70,58,27,48,39,39,60,35,27,27,21,42,42,72,64,64,59,59,59,0,0],"gold":402,"neow_bonus":"ONE_RANDOM_RARE_CARD","is_daily":false,"chose_seed":false,"campfire_upgraded":0,"win_rate":0.0,"timestamp":1610473885,"path_taken":["M","M","?","M","M","E","R","E","T","R","E","M","$","M","R","BOSS","M","?","M","?","?","E"],"items_purchased_type":[],"build_version":"2020-12-22","purchased_purges":1,"victory":false,"max_hp_per_floor":[72,72,72,72,72,72,72,72,72,72,72,72,72,72,72,72,72,72,72,72,72,72,72,72],"card_choices":[{"not_picked":["FollowUp","SashWhip","WaveOfTheHand"],"picked":"SKIP","floor":1.0},{"not_picked":["FlurryOfBlows","Crescendo"],"picked":"BattleHymn","floor":2.0},{"not_picked":["Consecrate","Evaluate"],"picked":"Swivel","floor":4.0},{"not_picked":["ReachHeaven","FlyingSleeves"],"picked":"TalkToTheHand","floor":5.0},{"not_picked":["FlyingSleeves","BowlingBash"],"picked":"DeceiveReality","floor":6.0},{"not_picked":["EmptyBody","BattleHymn"],"picked":"Protect","floor":8.0},{"not_picked":["Weave","FollowUp"],"picked":"TalkToTheHand","floor":11.0},{"not_picked":["LikeWater","FollowUp"],"picked":"MasterReality","floor":12.0},{"not_picked":["WaveOfTheHand","Crescendo","EmptyBody"],"picked":"SKIP","floor":14.0},{"not_picked":["WaveOfTheHand","EmptyBody"],"picked":"Crescendo","floor":14.0},{"not_picked":["Vault","Brilliance"],"picked":"LessonLearned","floor":16.0},{"not_picked":["CrushJoints+1","FollowUp","EmptyBody"],"picked":"SKIP","floor":18.0},{"not_picked":["WreathOfFlame+1","WindmillStrike","Conclude"],"picked":"SKIP","floor":20.0},{"not_picked":["PathToVictory","Crescendo","FlyingSleeves"],"picked":"SKIP","floor":22.0}],"player_experience":21395,"relics_obtained":[{"floor":6.0,"key":"Oddly Smooth Stone"},{"floor":8.0,"key":"Whetstone"},{"floor":9.0,"key":"Bottled Tornado"},{"floor":11.0,"key":"White Beast Statue"}],"event_choices":[{"cards_removed":["Strike_P"],"damage_healed":0.0,"max_hp_gain":0.0,"max_hp_loss":0.0,"gold_gain":0.0,"event_name":"The Cleric","player_choice":"Card Removal","floor":3.0,"gold_loss":50.0,"damage_taken":0.0},{"damage_healed":0.0,"max_hp_gain":0.0,"max_hp_loss":0.0,"gold_gain":99.0,"event_name":"Nest","player_choice":"Stole From Cult","floor":19.0,"gold_loss":0.0,"damage_taken":0.0},{"damage_healed":0.0,"max_hp_gain":0.0,"max_hp_loss":0.0,"gold_gain":0.0,"event_name":"Upgrade Shrine","player_choice":"Upgraded","floor":21.0,"gold_loss":0.0,"damage_taken":0.0,"cards_upgraded":["MasterReality"]}],"is_beta":false,"boss_relics":[{"not_picked":["Busted Crown","Coffee Dripper"],"picked":"Philosopher\u0027s Stone"}],"items_purged_floors":[13],"is_endless":false,"potions_floor_spawned":[6,11,12,14,16,18,20,22],"killed_by":"Gremlin Leader","ascension_level":0}}