{"host":"xrbutm0tzv4qwo7u","time":1610421203,"event":{"mods":["AchievementEnabler","BaseMod","Colored Map","Colored Powertips","Dark Map","Hermit","Minty Spire (QoL Compilation)","Quick Restart","Rare Cards Sparkle","Relic Stats","StSLib","The Cursed","The Marked"],"gold_per_floor":[114,189,189,189,207,207,237,250,301,301,321,335,335,376,376,376,376],"floor_reached":16,"playtime":410,"items_purged":[],"score":142,"play_id":"2d600905-23db-499e-9342-7e1c9de530cf","local_time":"20210111211323","is_ascension_mode":true,"campfire_choices":[{"floor":6,"key":"RECALL"},{"data":"Body Slam","floor":13,"key":"SMITH"},{"data":"Body Slam","floor":15,"key":"SMITH"}],"circlet_count":0,"master_deck":["Strike_R","Strike_R","Strike_R","Strike_R","Strike_R","Defend_R","Defend_R","Defend_R","Defend_R","Bash","Warcry+1","Disarm","Bludgeon","Whirlwind","Injury","Body Slam+1","Body Slam+1","Second Wind"],"relics":["Burning Blood","NeowsBlessing","Ancient Tea Set","Golden Idol","Magic Flower"],"acts_visited":["Exordium"],"potions_floor_usage":[16,16],"damage_taken":[{"damage":0,"enemies":"2 Louse","floor":1,"turns":1},{"damage":0,"enemies":"Small Slimes","floor":5,"turns":1},{"damage":0,"enemies":"Lagavulin","floor":7,"turns":1},{"damage":1,"enemies":"Jaw Worm","floor":8,"turns":3},{"damage":7,"enemies":"2 Fungi Beasts","floor":11,"turns":3},{"damage":8,"enemies":"Large Slime","floor":12,"turns":5},{"damage":31,"enemies":"3 Sentries","floor":14,"turns":6},{"damage":54,"enemies":"Slime Boss","floor":16,"turns":7}],"seed_played":"7869323707470865292","potions_obtained":[{"floor":1,"key":"SteroidPotion"},{"floor":8,"key":"ElixirPotion"},{"floor":12,"key":"Explosive Potion"}],"is_trial":false,"path_per_floor":["M","?","?","?","M","R","E","M","T","?","M","M","R","E","R","B"],"character_chosen":"IRONCLAD","items_purchased":[],"campfire_rested":0,"item_purchase_floors":[],"current_hp_per_floor":[80,69,69,69,75,75,80,80,80,80,79,77,77,52,52,0,0],"gold":376,"neow_bonus":"THREE_ENEMY_KILL","is_daily":false,"chose_seed":false,"campfire_upgraded":2,"win_rate":0.0,"timestamp":1610421203,"path_taken":["M","?","?","?","M","R","E","M","T","?","M","M","R","E","R","BOSS"],"items_purchased_type":[],"build_version":"2020-12-22","purchased_purges":0,"victory":false,"max_hp_per_floor":[80,80,80,80,80,80,80,80,80,80,80,80,80,80,80,80,80],"relic_stats":{"counters":[8,27],"Golden Idol":15,"Magic Flower":[0],"obtain_stats":[{"NeowsBlessing":0,"Golden Idol":10,"Magic Flower":14,"Ancient Tea Set":7,"Burning Blood":0},{"NeowsBlessing":0,"Golden Idol":4,"Magic Flower":7,"Ancient Tea Set":3,"Burning Blood":0},{"NeowsBlessing":0,"Golden Idol":6,"Magic Flower":20,"Ancient Tea Set":3,"Burning Blood":0}],"Burning Blood":30},"card_choices":[{"not_picked":["Rampage","True Grit"],"picked":"Warcry","floor":1},{"not_picked":["Wild Strike","Shockwave"],"picked":"Disarm","floor":5},{"not_picked":["True Grit","Feel No Pain"],"picked":"Bludgeon","floor":7},{"not_picked":["Sentinel","Flex"],"picked":"Whirlwind","floor":8},{"not_picked":["Carnage","Sword Boomerang"],"picked":"Body Slam","floor":11},{"not_picked":["Dropkick","Heavy Blade"],"picked":"Body Slam","floor":12},{"not_picked":["Battle Trance","Bloodletting"],"picked":"Second Wind","floor":14}],"player_experience":47779,"relics_obtained":[{"floor":7,"key":"Ancient Tea Set"},{"floor":14,"key":"Magic Flower"}],"event_choices":[{"damage_healed":0,"gold_gain":75,"player_choice":"Gather Gold","damage_taken":11,"max_hp_gain":0,"max_hp_loss":0,"event_name":"World of Goop","floor":2,"gold_loss":0},{"damage_healed":0,"gold_gain":0,"player_choice":"Leave","damage_taken":0,"max_hp_gain":0,"max_hp_loss":0,"event_name":"The Cleric","floor":3,"gold_loss":0},{"damage_healed":0,"gold_gain":0,"player_choice":"Grow","damage_taken":0,"max_hp_gain":0,"max_hp_loss":0,"event_name":"Living Wall","floor":4,"gold_loss":0,"cards_upgraded":["Warcry"]},{"damage_healed":0,"gold_gain":0,"player_choice":"Take Wound","damage_taken":0,"relics_obtained":["Golden Idol"],"max_hp_gain":0,"max_hp_loss":0,"event_name":"Golden Idol","floor":10,"gold_loss":0,"cards_obtained":["Injury"]}],"is_beta":false,"boss_relics":[],"items_purged_floors":[],"is_endless":false,"potions_floor_spawned":[1,8,12],"killed_by":"Slime Boss","ascension_level":1}}