{"host":"2zw05eexjythz74b","time":1610415594,"event":{"mods":["AchievementEnabler","BaseMod","Better Altar","Colored Map","Minty Spire (QoL Compilation)","StSLib","everything is the same but u backflip on backflip"],"gold_per_floor":[110,123,140,153,165,165,180,180,180,198,198,198,217,242,242,343,343,360,373,51,65,65,65],"floor_reached":22,"playtime":1187,"items_purged":[],"score":261,"play_id":"6fbd9da5-b047-4960-83fb-841e116ca158","local_time":"20210111193954","is_ascension_mode":true,"campfire_choices":[{"floor":6,"key":"REST"},{"data":"Feed","floor":8,"key":"SMITH"},{"data":"Dual Wield","floor":11,"key":"SMITH"},{"floor":15,"key":"REST"}],"circlet_count":0,"master_deck":["Strike_R","Strike_R","Strike_R","Strike_R","Strike_R","Defend_R","Defend_R","Defend_R","Defend_R","Bash","Feed+1","Warcry","Clash","Clothesline","Dual Wield+1","Armaments","Berserk","Immolate","Warcry+1","Armaments+1","Exhume","Inflame"],"relics":["Burning Blood","Pantograph","Bird Faced Urn","Runic Cube","Pear"],"acts_visited":["Exordium","TheCity"],"potions_floor_usage":[3,18,19],"damage_taken":[{"damage":15,"enemies":"Cultist","floor":1,"turns":5},{"damage":19,"enemies":"Small Slimes","floor":2,"turns":6},{"damage":21,"enemies":"Jaw Worm","floor":3,"turns":5},{"damage":19,"enemies":"Looter","floor":4,"turns":3},{"damage":37,"enemies":"Exordium Thugs","floor":5,"turns":5},{"damage":6,"enemies":"2 Fungi Beasts","floor":7,"turns":3},{"damage":10,"enemies":"Large Slime","floor":10,"turns":6},{"damage":13,"enemies":"Exordium Thugs","floor":13,"turns":4},{"damage":22,"enemies":"Gremlin Nob","floor":14,"turns":5},{"damage":48,"enemies":"The Guardian","floor":16,"turns":10},{"damage":41,"enemies":"3 Byrds","floor":18,"turns":5},{"damage":40,"enemies":"2 Thieves","floor":19,"turns":4},{"damage":35,"enemies":"Snecko","floor":21,"turns":5},{"damage":70,"enemies":"3 Cultists","floor":22,"turns":5}],"seed_played":"1686193402969134149","potions_obtained":[{"floor":2,"key":"PowerPotion"},{"floor":5,"key":"Ancient Potion"},{"floor":14,"key":"Fire Potion"},{"floor":16,"key":"BlessingOfTheForge"},{"floor":18,"key":"BloodPotion"}],"is_trial":false,"path_per_floor":["M","M","M","M","M","R","M","R","T","M","R","?","M","E","R","B",null,"M","M","$","M","M"],"character_chosen":"IRONCLAD","items_purchased":["Exhume","Pear"],"campfire_rested":2,"item_purchase_floors":[20,20],"current_hp_per_floor":[74,64,52,42,14,42,45,45,45,45,45,45,42,30,63,52,114,85,80,90,63,0,0],"gold":65,"neow_bonus":"THREE_RARE_CARDS","is_daily":false,"chose_seed":false,"campfire_upgraded":2,"win_rate":0.0,"timestamp":1610415594,"path_taken":["M","M","M","M","?","R","M","R","T","M","R","?","M","E","R","BOSS","M","?","$","M","M"],"items_purchased_type":["Card","Relic"],"build_version":"2020-12-22","purchased_purges":0,"victory":false,"max_hp_per_floor":[83,86,89,92,95,95,98,98,98,102,102,102,106,110,110,114,114,118,122,132,132,136,136],"card_choices":[{"not_picked":["Impervious","Immolate"],"picked":"Feed","floor":0},{"not_picked":["Seeing Red","Iron Wave"],"picked":"Warcry","floor":1},{"not_picked":["Pommel Strike","Body Slam"],"picked":"Clash","floor":2},{"not_picked":["Dropkick","Sword Boomerang"],"picked":"Clothesline","floor":3},{"not_picked":["Spot Weakness","Entrench"],"picked":"Dual Wield","floor":4},{"not_picked":["Sever Soul","Second Wind"],"picked":"Armaments","floor":5},{"not_picked":["Sword Boomerang","True Grit","Heavy Blade"],"picked":"SKIP","floor":7},{"not_picked":["Flame Barrier","Sword Boomerang","Evolve"],"picked":"SKIP","floor":10},{"not_picked":["Havoc","Anger","Clothesline"],"picked":"SKIP","floor":13},{"not_picked":["Body Slam","Anger"],"picked":"Berserk","floor":14},{"not_picked":["Corruption","Barricade"],"picked":"Immolate","floor":16},{"not_picked":["Pommel Strike","Wild Strike"],"picked":"Warcry+1","floor":18},{"not_picked":["Shrug It Off","Perfected Strike"],"picked":"Armaments+1","floor":19},{"not_picked":["Sever Soul","True Grit"],"picked":"Inflame","floor":21}],"player_experience":212325,"relics_obtained":[{"floor":9,"key":"Pantograph"},{"floor":14,"key":"Bird Faced Urn"}],"event_choices":[{"cards_removed":["Doubt"],"damage_healed":0,"gold_gain":0,"player_choice":"Removed Curses","damage_taken":0,"max_hp_gain":0,"max_hp_loss":0,"event_name":"Fountain of Cleansing","floor":12,"gold_loss":0}],"is_beta":false,"boss_relics":[{"not_picked":["Sozu","SacredBark"],"picked":"Runic Cube"}],"items_purged_floors":[],"is_endless":false,"potions_floor_spawned":[2,5,14,16,18],"killed_by":"3 Cultists","ascension_level":2}}