{"host":"684z1xpuwaoqmmh1","time":1610456553,"event":{"mods":["Bard","BaseMod","Downfall","Hermit","Jorbs\u0027s Wanderer Trilogy","Marisa????????","Minty Spire (QoL Compilation)","Robot Space Explorer","Shade Mod","StSLib","The Hierophant","The Marked","The Mystic"],"gold_per_floor":[110,110,126,126,139,171,171,203,230,230,230,230,230,244,244,349,349,369,146,166,193,108,108,145,168,218,238,275,309,309,309,309,413,413,439,448,465,465,482,507,507,86,86,150,185,185,194,228,228,228,228,228,15,50,50],"floor_reached":56,"playtime":4420,"items_purged":["RobotSpaceExplorer:Strike","RobotSpaceExplorer:Strike"],"score":1711,"play_id":"be9aa82b-0952-42a3-b07f-06b629393449","local_time":"20210112150233","is_ascension_mode":true,"campfire_choices":[{"data":"RobotSpaceExplorer:PlasmaMissile","floor":7.0,"key":"SMITH"},{"data":"RobotSpaceExplorer:ToxicBomb","floor":10.0,"key":"SMITH"},{"floor":13.0,"key":"REST"},{"data":"RobotSpaceExplorer:FreezingShield","floor":15.0,"key":"SMITH"},{"data":"RobotSpaceExplorer:DroneSwarm","floor":23.0,"key":"SMITH"},{"data":"RobotSpaceExplorer:ChargingLaser","floor":30.0,"key":"SMITH"},{"data":"RobotSpaceExplorer:ExhaustFan","floor":32.0,"key":"SMITH"},{"floor":41,"key":"RECALL"},{"data":"expansioncontent:DashGenerateEvil","floor":49,"key":"SMITH"},{"data":"RobotSpaceExplorer:MiniBoosters","floor":52,"key":"SMITH"}],"circlet_count":0,"master_deck":["RobotSpaceExplorer:Strike","RobotSpaceExplorer:Defend+1","RobotSpaceExplorer:Defend","RobotSpaceExplorer:Defend","RobotSpaceExplorer:Defend","RobotSpaceExplorer:Scan","RobotSpaceExplorer:MiniLasers+1","RobotSpaceExplorer:PlasmaMissile+1","RobotSpaceExplorer:FreezeRay","RobotSpaceExplorer:FrostMissile","RobotSpaceExplorer:FreezingShield+1","RobotSpaceExplorer:ToxicBomb+1","RobotSpaceExplorer:ScrapMissile","RobotSpaceExplorer:DroneSwarm+1","RobotSpaceExplorer:GearShield+1","RobotSpaceExplorer:Probe","RobotSpaceExplorer:Reload+1","RobotSpaceExplorer:Ammunition+1","RobotSpaceExplorer:FreezingShield+1","RobotSpaceExplorer:ExhaustFan+1","RobotSpaceExplorer:ChargingLaser+1","RobotSpaceExplorer:Pulsar+1","RobotSpaceExplorer:ChargingLaser","RobotSpaceExplorer:StarLightning","expansioncontent:DashGenerateEvil+1","RobotSpaceExplorer:MiniBoosters+1","RobotSpaceExplorer:MiniDrones","RobotSpaceExplorer:Ammunition+1","RobotSpaceExplorer:ScrapToss+1","RobotSpaceExplorer:ScrapMissile","RobotSpaceExplorer:ScrapShield+1","RobotSpaceExplorer:Electroshield","RobotSpaceExplorer:Arsenal"],"relics":["RobotSpaceExplorer:TurboCore","Oddly Smooth Stone","Strawberry","Ancient Tea Set","Art of War","hexamod:BolsterEngine","RobotSpaceExplorer:SearchSpecs","CeramicFish","HornCleat","Orichalcum","Happy Flower","Guardian:PocketSentry","Red Mask","Darkstone Periapt","RobotSpaceExplorer:PlasmaHourglass","CatCart","Thread and Needle","Sundial","Mango","Bronze Scales","Bag of Marbles"],"acts_visited":["Exordium","TheCity","TheBeyond","TheEnding"],"potions_floor_usage":[40,54,55,55],"damage_taken":[{"damage":0.0,"enemies":"Jaw Worm","floor":1.0,"turns":7.0},{"damage":0.0,"enemies":"2 Louse","floor":3.0,"turns":1.0},{"damage":0.0,"enemies":"Small Slimes","floor":5.0,"turns":2.0},{"damage":30.0,"enemies":"Gremlin Nob","floor":6.0,"turns":5.0},{"damage":17.0,"enemies":"Lagavulin","floor":8.0,"turns":7.0},{"damage":0.0,"enemies":"3 Louse","floor":14.0,"turns":2.0},{"damage":0.0,"enemies":"The Guardian","floor":16.0,"turns":9.0},{"damage":0.0,"enemies":"Spheric Guardian","floor":18.0,"turns":3.0},{"damage":0.0,"enemies":"Shell Parasite","floor":20.0,"turns":3.0},{"damage":0.0,"enemies":"Cultist and Chosen","floor":21.0,"turns":5.0},{"damage":15.0,"enemies":"Gremlin Leader","floor":24.0,"turns":6.0},{"damage":0.0,"enemies":"Centurion and Healer","floor":25.0,"turns":5.0},{"damage":0.0,"enemies":"Chosen and Byrds","floor":27.0,"turns":4.0},{"damage":6.0,"enemies":"Book of Stabbing","floor":28.0,"turns":5.0},{"damage":0.0,"enemies":"Masked Bandits","floor":29.0,"turns":3.0},{"damage":15.0,"enemies":"Automaton","floor":33.0,"turns":9.0},{"damage":0,"enemies":"3 Darklings","floor":35,"turns":6},{"damage":0,"enemies":"3 Shapes","floor":37,"turns":5},{"damage":1,"enemies":"Transient","floor":39,"turns":5},{"damage":17,"enemies":"Giant Head","floor":40,"turns":10},{"damage":0,"enemies":"Orin","floor":44,"turns":7},{"damage":0,"enemies":"Reptomancer","floor":45,"turns":6},{"damage":0,"enemies":"Nemesis","floor":48,"turns":5},{"damage":0,"enemies":"Donu and Deca","floor":50,"turns":8},{"damage":0,"enemies":"Shield and Spear","floor":54,"turns":6},{"damage":62,"enemies":"The Heart","floor":55,"turns":10}],"seed_played":"4355942463079944304","potions_obtained":[{"floor":8.0,"key":"AttackPotion"},{"floor":14.0,"key":"SkillPotion"},{"floor":16.0,"key":"SteroidPotion"},{"floor":25.0,"key":"Dexterity Potion"},{"floor":27.0,"key":"DuplicationPotion"},{"floor":33.0,"key":"RobotSpaceExplorer:RecyclePotion"},{"floor":44,"key":"SkillPotion"},{"floor":48,"key":"Fruit Juice"}],"is_trial":false,"path_per_floor":["M","?","M","?","M","E","R","E","T","R","?","?","R","M","R","B",null,"M","$","M","M","?","R","E","M","T","M","E","?","R","?","R","B",null,"M","?","M","?","M","E","R","$","T","?","E","T","?","E","R","B",null,"R","$","E","B",null],"character_chosen":"RobotSpaceExplorer","items_purchased":["CeramicFish","RobotSpaceExplorer:PlasmaHourglass","RobotSpaceExplorer:MiniBoosters","RobotSpaceExplorer:MiniDrones","Bronze Scales","RobotSpaceExplorer:Electroshield"],"campfire_rested":1,"item_purchase_floors":[19,42,42,42,53,53],"current_hp_per_floor":[75,60,60,60,60,37,37,20,20,20,13,13,37,37,37,37,71,71,71,71,71,71,71,56,56,56,56,50,50,50,34,34,19,70,70,70,70,70,69,52,52,52,52,52,52,52,52,66,66,66,92,92,92,97,35],"gold":50,"neow_bonus":"RANDOM_COMMON_RELIC","is_daily":false,"chose_seed":false,"campfire_upgraded":8,"win_rate":0.0,"timestamp":1610456553,"path_taken":["M","?","M","?","M","E","R","E","T","R","?","?","R","M","R","BOSS","M","$","M","M","?","R","E","M","T","M","E","?","R","?","R","BOSS","M","?","M","?","?","E","R","$","T","?","E","?","?","E","R","BOSS","R","$","E","BOSS"],"items_purchased_type":["Relic","Relic","Card","Card","Relic","Card"],"build_version":"2020-12-22","purchased_purges":2,"victory":true,"max_hp_per_floor":[75,75,75,75,75,82,82,82,82,82,82,82,82,82,82,82,82,82,82,82,82,82,82,82,82,82,82,82,82,82,87,87,87,87,87,87,87,87,87,87,87,87,87,87,87,87,87,101,101,101,101,101,101,106,106],"card_choices":[{"not_picked":["RobotSpaceExplorer:GlueShot","RobotSpaceExplorer:LuckyStrike"],"picked":"RobotSpaceExplorer:PlasmaMissile","floor":1.0},{"not_picked":["RobotSpaceExplorer:SurgingStrike","RobotSpaceExplorer:FrostMissile"],"picked":"RobotSpaceExplorer:FreezeRay","floor":3.0},{"not_picked":["RobotSpaceExplorer:JunkDive","RobotSpaceExplorer:ShockKick"],"picked":"RobotSpaceExplorer:FrostMissile","floor":5.0},{"not_picked":["RobotSpaceExplorer:Wormhole","RobotSpaceExplorer:Blitz"],"picked":"RobotSpaceExplorer:FreezingShield","floor":6.0},{"not_picked":["RobotSpaceExplorer:GlueShot","RobotSpaceExplorer:Blitz"],"picked":"RobotSpaceExplorer:ToxicBomb","floor":8.0},{"not_picked":["RobotSpaceExplorer:MakeshiftVolley","RobotSpaceExplorer:ImprovisedAttack"],"picked":"RobotSpaceExplorer:ScrapMissile","floor":14.0},{"not_picked":["RobotSpaceExplorer:Scanner","RobotSpaceExplorer:Wormhole"],"picked":"RobotSpaceExplorer:DroneSwarm","floor":16.0},{"not_picked":["RobotSpaceExplorer:Ammunition","RobotSpaceExplorer:FrostMissile"],"picked":"RobotSpaceExplorer:GearShield+1","floor":18.0},{"not_picked":["RobotSpaceExplorer:MetalStrike","RobotSpaceExplorer:SlimeMissile+1"],"picked":"RobotSpaceExplorer:Probe","floor":20.0},{"not_picked":["RobotSpaceExplorer:MakeshiftVolley","RobotSpaceExplorer:Counterblock"],"picked":"RobotSpaceExplorer:Reload+1","floor":21.0},{"not_picked":["RobotSpaceExplorer:ToxicBomb","RobotSpaceExplorer:BigMissile+1"],"picked":"RobotSpaceExplorer:Ammunition+1","floor":24.0},{"not_picked":["RobotSpaceExplorer:SelfCleaning+1","RobotSpaceExplorer:ShockKick"],"picked":"RobotSpaceExplorer:FreezingShield+1","floor":25.0},{"not_picked":["RobotSpaceExplorer:Ammunition","RobotSpaceExplorer:ShovelStrike"],"picked":"RobotSpaceExplorer:ExhaustFan","floor":27.0},{"not_picked":["RobotSpaceExplorer:Ammunition","RobotSpaceExplorer:ShovelStrike"],"picked":"RobotSpaceExplorer:ChargingLaser","floor":28.0},{"not_picked":["RobotSpaceExplorer:Discharger","RobotSpaceExplorer:DoubleFind+1"],"picked":"RobotSpaceExplorer:Pulsar+1","floor":29.0},{"not_picked":["RobotSpaceExplorer:BlastShield","RobotSpaceExplorer:HighVoltage"],"picked":"RobotSpaceExplorer:ChargingLaser","floor":33.0},{"not_picked":["RobotSpaceExplorer:Smokescreen","RobotSpaceExplorer:ShovelStrike+1"],"picked":"RobotSpaceExplorer:StarLightning","floor":35},{"not_picked":["Master of Strategy","expansioncontent:LastStand"],"picked":"expansioncontent:DashGenerateEvil","floor":36},{"not_picked":["RobotSpaceExplorer:MakeshiftVolley+1","RobotSpaceExplorer:Reload+1","RobotSpaceExplorer:Pulsar+1"],"picked":"SKIP","floor":37},{"not_picked":["RobotSpaceExplorer:PowerGlove","RobotSpaceExplorer:ShockKick+1","RobotSpaceExplorer:SurgingShield"],"picked":"SKIP","floor":39},{"not_picked":["RobotSpaceExplorer:ToxicBomb+1","RobotSpaceExplorer:Electropulse","RobotSpaceExplorer:ShovelStrike+1"],"picked":"SKIP","floor":40},{"not_picked":["RobotSpaceExplorer:SelfCleaning+1","RobotSpaceExplorer:MakeshiftVolley"],"picked":"RobotSpaceExplorer:Ammunition+1","floor":44},{"not_picked":["RobotSpaceExplorer:MetalStrike+1","RobotSpaceExplorer:FrostMissile"],"picked":"RobotSpaceExplorer:ScrapToss+1","floor":45},{"not_picked":["RobotSpaceExplorer:ScrapMissile","RobotSpaceExplorer:ShovelStrike+1"],"picked":"RobotSpaceExplorer:ScrapShield+1","floor":48},{"not_picked":["RobotSpaceExplorer:DoubleBlock","RobotSpaceExplorer:ScrapMissile"],"picked":"RobotSpaceExplorer:Arsenal","floor":54}],"player_experience":2502912,"relics_obtained":[{"floor":6.0,"key":"Strawberry"},{"floor":8.0,"key":"Ancient Tea Set"},{"floor":9.0,"key":"Art of War"},{"floor":24.0,"key":"Orichalcum"},{"floor":26.0,"key":"Happy Flower"},{"floor":28.0,"key":"Guardian:PocketSentry"},{"floor":29.0,"key":"Red Mask"},{"floor":40,"key":"Darkstone Periapt"},{"floor":44,"key":"CatCart"},{"floor":45,"key":"Thread and Needle"},{"floor":46,"key":"Sundial"},{"floor":48,"key":"Mango"},{"floor":54,"key":"Bag of Marbles"}],"event_choices":[{"damage_healed":0.0,"max_hp_gain":0.0,"max_hp_loss":0.0,"gold_gain":0.0,"event_name":"Shining Light","player_choice":"Entered Light","floor":2.0,"gold_loss":0.0,"damage_taken":15.0,"cards_upgraded":["RobotSpaceExplorer:Defend","RobotSpaceExplorer:MiniLasers"]},{"damage_healed":0.0,"max_hp_gain":0.0,"max_hp_loss":0.0,"gold_gain":0.0,"event_name":"Liars Game","player_choice":"Ignored","floor":4.0,"gold_loss":0.0,"damage_taken":0.0},{"cards_removed":["RobotSpaceExplorer:Strike"],"damage_healed":0.0,"max_hp_gain":0.0,"max_hp_loss":0.0,"gold_gain":0.0,"event_name":"Golden Wing","player_choice":"Card Removal","floor":11.0,"gold_loss":0.0,"damage_taken":7.0},{"damage_healed":0.0,"max_hp_gain":0.0,"max_hp_loss":0.0,"gold_gain":0.0,"event_name":"Dead Adventurer","player_choice":"Searched \u00271\u0027 times","floor":12.0,"gold_loss":0.0,"damage_taken":0.0,"relics_obtained":["hexamod:BolsterEngine"]},{"damage_healed":0.0,"max_hp_gain":0.0,"max_hp_loss":0.0,"gold_gain":0.0,"event_name":"Addict","player_choice":"Obtained Relic","floor":22.0,"gold_loss":85.0,"damage_taken":0.0,"relics_obtained":["HornCleat"]},{"damage_healed":0.0,"max_hp_gain":0.0,"max_hp_loss":0.0,"gold_gain":0.0,"event_name":"Masked Bandits","player_choice":"Fought Bandits","floor":29.0,"gold_loss":0.0,"damage_taken":0.0},{"damage_healed":0.0,"max_hp_gain":5.0,"max_hp_loss":0.0,"gold_gain":0.0,"event_name":"Forgotten Altar","player_choice":"Shed Blood","floor":31.0,"gold_loss":0.0,"damage_taken":21.0},{"damage_healed":0,"gold_gain":0,"player_choice":"Memory 1","damage_taken":0,"max_hp_gain":0,"max_hp_loss":0,"event_name":"SensoryStone","floor":36,"gold_loss":0},{"damage_healed":0,"gold_gain":0,"player_choice":"Got Potions","damage_taken":0,"max_hp_gain":0,"max_hp_loss":0,"event_name":"Lab","floor":38,"gold_loss":0},{"damage_healed":0,"gold_gain":0,"player_choice":"Fight","damage_taken":0,"max_hp_gain":0,"max_hp_loss":0,"event_name":"OrinTheCat","floor":44,"gold_loss":0},{"damage_healed":0,"gold_gain":0,"player_choice":"1 cards matched","damage_taken":0,"max_hp_gain":0,"max_hp_loss":0,"event_name":"Match and Keep!","floor":47,"gold_loss":0,"cards_obtained":["RobotSpaceExplorer:ScrapMissile"]}],"is_beta":false,"boss_relics":[{"not_picked":["Cursed Key","Calling Bell"],"picked":"RobotSpaceExplorer:SearchSpecs"},{"not_picked":["Philosopher\u0027s Stone","Runic Pyramid"],"picked":"RobotSpaceExplorer:TurboCore"}],"items_purged_floors":[19,42],"is_endless":false,"potions_floor_spawned":[8,14,16,20,25,27,28,33,35,44,45,48],"ascension_level":5}}