{"host":"sc0o2qwpf9j16a4i","time":1610467860,"event":{"mods":["AchievementEnabler","BaseMod","BetterRewards","Block Reminder","Colored Map","Colored Powertips","Custom Start","Highlight Path","Minty Spire (QoL Compilation)","Relic Stats"],"gold_per_floor":[118,137,137,137,153,153,78,78,78,78,91,102,133,151,151,226,226,240,257,312,332,342,367,282,309,309,309,323,323,58,77,77,151,151,164,164,180,1179,1179,1179,404,404,452,467,492,506,516,532,532,532,532,532],"floor_reached":51,"playtime":2434,"items_purged":["Pain","Strike_G","Normality"],"score":1367,"play_id":"47fed58f-4b0b-48df-8ef6-d58193682e76","local_time":"20210112181100","is_ascension_mode":true,"campfire_choices":[{"floor":6,"key":"REST"},{"data":"Dagger Spray","floor":8,"key":"SMITH"},{"data":"All Out Attack","floor":10,"key":"SMITH"},{"floor":15,"key":"REST"},{"floor":27,"key":"REST"},{"floor":29,"key":"REST"},{"floor":32,"key":"REST"},{"floor":40,"key":"RECALL"},{"floor":49,"key":"REST"}],"circlet_count":0,"master_deck":["AscendersBane","Strike_G","Strike_G","Defend_G+1","Defend_G","Defend_G+1","Defend_G","Survivor","Neutralize","Leg Sweep+1","Blur+1","Doppelganger+1","All Out Attack+1","PiercingWail","Dagger Spray+1","Heel Hook","Well Laid Plans","Dodge and Roll","Bouncing Flask","Venomology+1","Crippling Poison","Backflip","Calculated Gamble+1","Bane","Leg Sweep+1","Malaise","Noxious Fumes","Adrenaline+1","PiercingWail","Normality","Malaise","Malaise","Backflip","PiercingWail"],"relics":["Astrolabe","WarpedTongs","Centennial Puzzle","Smiling Mask","Fusion Hammer","Oddly Smooth Stone","Nunchaku","Bronze Scales","Mercury Hourglass","OrangePellets","Snecko Eye","Chemical X","CaptainsWheel","War Paint","Gremlin Horn"],"acts_visited":["Exordium","TheCity","TheBeyond"],"potions_floor_usage":[16,18,19,22,22,22,23,25,25,31,33,33,35,37,44,45,46,47,48,50,50,51],"damage_taken":[{"damage":5,"enemies":"Cultist","floor":1,"turns":8},{"damage":0,"enemies":"Jaw Worm","floor":2,"turns":8},{"damage":2,"enemies":"2 Louse","floor":5,"turns":3},{"damage":3,"enemies":"Looter","floor":11,"turns":4},{"damage":0,"enemies":"2 Fungi Beasts","floor":12,"turns":4},{"damage":1,"enemies":"Lagavulin","floor":13,"turns":8},{"damage":10,"enemies":"Exordium Thugs","floor":14,"turns":5},{"damage":5,"enemies":"Slime Boss","floor":16,"turns":10},{"damage":6,"enemies":"3 Byrds","floor":18,"turns":5},{"damage":3,"enemies":"2 Thieves","floor":19,"turns":3},{"damage":3,"enemies":"Sentry and Sphere","floor":21,"turns":7},{"damage":0,"enemies":"Snake Plant","floor":22,"turns":5},{"damage":6,"enemies":"Book of Stabbing","floor":23,"turns":7},{"damage":9,"enemies":"Slavers","floor":25,"turns":3},{"damage":8,"enemies":"Cultist and Chosen","floor":28,"turns":5},{"damage":6,"enemies":"Shelled Parasite and Fungi","floor":31,"turns":5},{"damage":16,"enemies":"Collector","floor":33,"turns":11},{"damage":0,"enemies":"Orb Walker","floor":35,"turns":4},{"damage":0,"enemies":"3 Darklings","floor":37,"turns":3},{"damage":7,"enemies":"Sphere and 2 Shapes","floor":44,"turns":4},{"damage":30,"enemies":"Nemesis","floor":45,"turns":9},{"damage":10,"enemies":"Spire Growth","floor":46,"turns":6},{"damage":16,"enemies":"4 Shapes","floor":47,"turns":3},{"damage":3,"enemies":"Jaw Worm Horde","floor":48,"turns":4},{"damage":15,"enemies":"Awakened One","floor":50,"turns":23},{"damage":17,"enemies":"Donu and Deca","floor":51,"turns":12}],"seed_played":"-8970077687902390381","potions_obtained":[{"floor":1,"key":"SpeedPotion"},{"floor":2,"key":"DistilledChaos"},{"floor":14,"key":"Explosive Potion"},{"floor":28,"key":"AttackPotion"},{"floor":31,"key":"PowerPotion"},{"floor":37,"key":"SteroidPotion"},{"floor":47,"key":"BlessingOfTheForge"}],"is_trial":false,"path_per_floor":["M","M","?","?","M","R","$","R","T","R","M","M","E","M","R","B",null,"M","M","T","M","M","E","?","E","T","R","M","R","$","M","R","B",null,"M","?","M","?","?","R","$","?","T","M","E","M","M","M","R","B","B"],"character_chosen":"THE_SILENT","items_purchased":["OrangePellets","Noxious Fumes","Chemical X","CaptainsWheel","War Paint","Regen Potion"],"campfire_rested":6,"item_purchase_floors":[30,30,41,41,41,41],"current_hp_per_floor":[54,54,34,34,32,51,51,51,51,51,48,48,47,37,56,51,62,56,53,53,50,50,44,44,35,35,54,46,65,65,59,66,50,62,62,62,62,62,62,62,62,62,62,55,39,29,13,10,28,13,0,0],"gold":532,"neow_bonus":"BOSS_RELIC","is_daily":false,"chose_seed":false,"campfire_upgraded":2,"win_rate":0.0,"timestamp":1610467860,"path_taken":["M","M","?","?","M","R","$","R","T","R","?","M","E","?","R","BOSS","M","M","?","M","?","E","?","E","T","R","M","R","?","M","R","BOSS","M","?","M","?","?","R","$","?","T","M","E","M","?","M","R","BOSS","BOSS"],"items_purchased_type":["Relic","Card","Relic","Relic","Relic","Potion"],"build_version":"2020-12-22","purchased_purges":3,"victory":false,"max_hp_per_floor":[66,66,66,66,66,66,66,66,66,66,66,66,66,66,66,66,66,66,66,66,66,66,66,66,66,66,66,66,66,66,66,66,66,66,66,63,63,63,63,63,63,63,63,63,63,63,63,63,63,63,63,63],"relic_stats":{"Gremlin Horn":[9,9],"counters":[26,169],"Astrolabe":["Leg Sweep","Blur","Doppelganger"],"War Paint":["Venomology","Adrenaline"],"Smiling Mask":125,"WarpedTongs":[145],"Mercury Hourglass":[315],"OrangePellets":[4],"Centennial Puzzle":[57],"Nunchaku":[10],"Bronze Scales":[346],"Snecko Eye":[94,86,114,91],"Chemical X":[20],"obtain_stats":[{"Gremlin Horn":45,"Astrolabe":0,"Oddly Smooth Stone":20,"War Paint":41,"Smiling Mask":13,"WarpedTongs":4,"Mercury Hourglass":26,"OrangePellets":30,"Centennial Puzzle":9,"Nunchaku":23,"CaptainsWheel":41,"Bronze Scales":24,"Snecko Eye":34,"Fusion Hammer":17,"Chemical X":41,"Ring of the Snake":0},{"Gremlin Horn":21,"Astrolabe":0,"Oddly Smooth Stone":10,"War Paint":19,"Smiling Mask":6,"WarpedTongs":2,"Mercury Hourglass":14,"OrangePellets":15,"Centennial Puzzle":3,"Nunchaku":13,"CaptainsWheel":19,"Bronze Scales":13,"Snecko Eye":17,"Fusion Hammer":8,"Chemical X":19,"Ring of the Snake":0},{"Gremlin Horn":121,"Astrolabe":0,"Oddly Smooth Stone":58,"War Paint":108,"Smiling Mask":35,"WarpedTongs":16,"Mercury Hourglass":80,"OrangePellets":85,"Centennial Puzzle":19,"Nunchaku":77,"CaptainsWheel":108,"Bronze Scales":77,"Snecko Eye":101,"Fusion Hammer":50,"Chemical X":108,"Ring of the Snake":0}]},"card_choices":[{"not_picked":["Bane","Backflip"],"picked":"All Out Attack","floor":1},{"not_picked":["Deflect","Acrobatics"],"picked":"PiercingWail","floor":2},{"not_picked":["Deflect","Flying Knee"],"picked":"Dagger Spray","floor":5},{"not_picked":["Blade Dance","Leg Sweep"],"picked":"Heel Hook","floor":11},{"not_picked":["Blade Dance","Dodge and Roll"],"picked":"Well Laid Plans","floor":12},{"not_picked":["Dagger Throw","Quick Slash"],"picked":"Dodge and Roll","floor":13},{"not_picked":["Catalyst","Sucker Punch"],"picked":"Bouncing Flask","floor":14},{"not_picked":["Storm of Steel","After Image"],"picked":"Venomology","floor":16},{"not_picked":["Prepared","Catalyst"],"picked":"Crippling Poison","floor":18},{"not_picked":["Dodge and Roll","Cloak And Dagger"],"picked":"Backflip","floor":19},{"not_picked":["Doppelganger","Skewer"],"picked":"Calculated Gamble+1","floor":21},{"not_picked":["Deflect","Cloak And Dagger"],"picked":"Bane","floor":22},{"not_picked":["Bane","Deflect"],"picked":"Leg Sweep+1","floor":23},{"not_picked":["Expertise+1","Flying Knee","Cloak And Dagger"],"picked":"SKIP","floor":25},{"not_picked":["Blade Dance","Quick Slash+1"],"picked":"Malaise","floor":28},{"not_picked":["Predator+1","Riddle With Holes","Expertise+1"],"picked":"SKIP","floor":31},{"not_picked":["Phantasmal Killer","A Thousand Cuts"],"picked":"Adrenaline","floor":33},{"not_picked":["Deadly Poison","Infinite Blades","Poisoned Stab"],"picked":"SKIP","floor":35},{"not_picked":["Quick Slash","Blade Dance"],"picked":"PiercingWail","floor":37},{"not_picked":["Sucker Punch+1","Accuracy","Dodge and Roll"],"picked":"SKIP","floor":44},{"not_picked":["Quick Slash","Acrobatics"],"picked":"Malaise","floor":45},{"not_picked":["Concentrate","Poisoned Stab","Dagger Spray"],"picked":"SKIP","floor":46},{"not_picked":["Eviscerate","Expertise"],"picked":"Backflip","floor":47},{"not_picked":["Cloak And Dagger","Blade Dance"],"picked":"PiercingWail","floor":48}],"player_experience":604199,"relics_obtained":[{"floor":9,"key":"Centennial Puzzle"},{"floor":13,"key":"Smiling Mask"},{"floor":20,"key":"Oddly Smooth Stone"},{"floor":23,"key":"Nunchaku"},{"floor":26,"key":"Mercury Hourglass"},{"floor":45,"key":"Gremlin Horn"}],"event_choices":[{"damage_healed":0,"gold_gain":0,"player_choice":"Entered Light","damage_taken":20,"max_hp_gain":0,"max_hp_loss":0,"event_name":"Shining Light","floor":3,"gold_loss":0,"cards_upgraded":["Defend_G","Defend_G"]},{"damage_healed":0,"gold_gain":0,"player_choice":"Rummage","damage_taken":0,"relics_obtained":["WarpedTongs"],"max_hp_gain":0,"max_hp_loss":0,"event_name":"Accursed Blacksmith","floor":4,"gold_loss":0,"cards_obtained":["Pain"]},{"damage_healed":0,"gold_gain":0,"player_choice":"Obtained Relic","damage_taken":0,"relics_obtained":["Bronze Scales"],"max_hp_gain":0,"max_hp_loss":0,"event_name":"Addict","floor":24,"gold_loss":85},{"damage_healed":0,"gold_gain":0,"player_choice":"Max HP","damage_taken":0,"max_hp_gain":0,"max_hp_loss":3,"event_name":"Winding Halls","floor":36,"gold_loss":0},{"damage_healed":0,"gold_gain":999,"player_choice":"Gold","damage_taken":0,"max_hp_gain":0,"max_hp_loss":0,"event_name":"MindBloom","floor":38,"gold_loss":0,"cards_obtained":["Normality","Normality"]},{"damage_healed":0,"gold_gain":0,"player_choice":"Ignored","damage_taken":0,"max_hp_gain":0,"max_hp_loss":0,"event_name":"Tomb of Lord Red Mask","floor":39,"gold_loss":0},{"damage_healed":0,"gold_gain":0,"player_choice":"Copied","damage_taken":0,"max_hp_gain":0,"max_hp_loss":0,"event_name":"Duplicator","floor":42,"gold_loss":0,"cards_obtained":["Malaise"]}],"is_beta":false,"boss_relics":[{"not_picked":["HoveringKite","Black Star"],"picked":"Fusion Hammer"},{"not_picked":["Tiny House","Runic Pyramid"],"picked":"Snecko Eye"}],"items_purged_floors":[7,30,41],"is_endless":false,"potions_floor_spawned":[1,2,14,21,23,28,31,37,44,46,47],"killed_by":"Donu and Deca","ascension_level":20}}