{"host":"56ghxnzsglgdq727","time":1610463847,"event":{"mods":["AchievementEnabler","BaseMod","Downfall","Duelist Mod","Minty Spire (QoL Compilation)","Rare Cards Sparkle","StSLib","The Bug Knight","The Exalted","The Senshi","The Wild Card"],"gold_per_floor":[139,214,389,401,401,401,429,449,449,483,500,579,19,34,34,130,130,142,142,142,155,80,107,107,123,146,156,175,175,175],"floor_reached":29,"playtime":1251,"items_purged":["Doubt","theDuelist:DarkMagician"],"score":336,"play_id":"6a1741fb-9da0-4daa-96e7-c0f4bd984278","local_time":"20210112100407","is_ascension_mode":true,"campfire_choices":[{"data":"theDuelist:ContractExodia","floor":6,"key":"SMITH"},{"data":"theDuelist:ContractExodia","floor":15,"key":"SMITH"},{"data":"theDuelist:Metronome","floor":24,"key":"SMITH"}],"circlet_count":0,"master_deck":["theDuelist:CastleWalls","theDuelist:CastleWalls","theDuelist:MysticalElf","theDuelist:MysticalElf","theDuelist:NeoMagic","theDuelist:NeoMagic","theDuelist:Sparks","theDuelist:Sparks","theDuelist:Sparks","theDuelist:ContractExodia+1","theDuelist:ExodiaRL","theDuelist:ExodiaNecross+1","theDuelist:ContractExodia+1","theDuelist:Metronome+1","theDuelist:ExodiaLL"],"relics":["theDuelist:MillenniumPuzzle","theDuelist:CardPoolRelic","theDuelist:CardPoolBasicRelic","theDuelist:BoosterPackPoolRelic","theDuelist:CardPoolAddRelic","theDuelist:CardPoolMinusRelic","theDuelist:CardPoolSaveRelic","theDuelist:CardPoolOptionsRelic","NeowsBlessing","Bromod:ArcaneTrickery","theDuelist:MerchantNecklace","Cables","Strange Spoon","Orichalcum","Kunai","SacredBark","theDuelist:DuelistLetterOpener"],"acts_visited":["Exordium","TheCity"],"potions_floor_usage":[10,13,23,23,23],"damage_taken":[{"damage":0,"enemies":"Cultist","floor":1,"turns":1},{"damage":0,"enemies":"2 Louse","floor":4,"turns":1},{"damage":0,"enemies":"3 Sentries","floor":7,"turns":2},{"damage":0,"enemies":"Jaw Worm","floor":8,"turns":4},{"damage":21,"enemies":"Lagavulin","floor":10,"turns":9},{"damage":0,"enemies":"Large Slime","floor":11,"turns":8},{"damage":3,"enemies":"Looter","floor":14,"turns":3},{"damage":37,"enemies":"Hexaghost","floor":16,"turns":10},{"damage":4,"enemies":"Shell Parasite","floor":18,"turns":3},{"damage":3,"enemies":"Spheric Guardian","floor":21,"turns":3},{"damage":9,"enemies":"Slavers","floor":23,"turns":6},{"damage":7,"enemies":"Snecko","floor":25,"turns":7},{"damage":27,"enemies":"Snake Plant","floor":27,"turns":5},{"damage":38,"enemies":"Centurion and Healer","floor":28,"turns":11},{"damage":0,"enemies":"Chosen and Byrds","floor":29,"turns":1}],"seed_played":"-5356611749763383496","potions_obtained":[{"floor":7,"key":"Swift Potion"},{"floor":10,"key":"theDuelist:SolderPotionB"},{"floor":11,"key":"Fruit Juice"},{"floor":16,"key":"ColorlessPotion"},{"floor":21,"key":"theDuelist:SummonerBottle"},{"floor":28,"key":"theDuelist:StunPotion"}],"is_trial":false,"path_per_floor":["M","?","?","M","?","R","E","M","T","E","M","?","$","M","R","B",null,"M","?","?","M","$","E","R","M","T","M","M","M"],"character_chosen":"THE_DUELIST","items_purchased":["theDuelist:ContractExodia","theDuelist:Metronome","Strange Spoon","Orichalcum","Kunai","theDuelist:ExodiaLL"],"campfire_rested":0,"item_purchase_floors":[13,13,13,13,13,22],"current_hp_per_floor":[80,69,69,69,74,74,74,74,74,53,53,53,58,55,55,18,90,86,86,86,83,83,74,74,67,67,40,2,2,2],"gold":175,"neow_bonus":"THREE_ENEMY_KILL","is_daily":false,"chose_seed":false,"campfire_upgraded":3,"win_rate":0.0,"timestamp":1610463847,"path_taken":["M","?","?","?","?","R","E","M","T","E","M","?","$","M","R","BOSS","M","?","?","M","$","E","R","M","T","M","M","M"],"items_purchased_type":["Card","Card","Relic","Relic","Relic","Card"],"build_version":"2020-12-22","purchased_purges":2,"victory":false,"max_hp_per_floor":[80,80,80,80,85,85,85,85,85,85,85,85,90,90,90,90,90,90,90,90,90,90,90,90,90,90,90,90,90,90],"card_choices":[{"not_picked":["theDuelist:BlizzardWarrior","theDuelist:InjectionFairy","theDuelist:FlyingSaucer","theDuelist:WhiteMagicalHat","theDuelist:FogKing"],"picked":"SKIP","floor":1},{"not_picked":["theDuelist:SpellShatteringArrow","theDuelist:MagicalBlast","theDuelist:DiffusionWaveMotion","theDuelist:SilentDoom"],"picked":"theDuelist:ContractExodia","floor":4},{"not_picked":["theDuelist:DarkMagician","theDuelist:AltarTribute","theDuelist:NeoMagic","theDuelist:CallAtlanteans","theDuelist:CosmoBrain"],"picked":"SKIP","floor":7},{"not_picked":["theDuelist:SpellShatteringArrow","theDuelist:SangaThunder","theDuelist:NeoMagic","theDuelist:InjectionFairy","theDuelist:SilentDoom"],"picked":"SKIP","floor":8},{"not_picked":["theDuelist:SpellShatteringArrow","theDuelist:GeminiElf","theDuelist:PowerKaishin","theDuelist:WhiteMagicalHat"],"picked":"theDuelist:ExodiaRL","floor":10},{"not_picked":["theDuelist:LegendaryExodia","theDuelist:ApprenticeIllusionMagician","theDuelist:ThousandEyesIdol","theDuelist:MysticalElf"],"picked":"theDuelist:ExodiaNecross","floor":11},{"not_picked":["theDuelist:BlizzardWarrior","theDuelist:LordD","theDuelist:NeoMagic","theDuelist:MysticalElf","theDuelist:LegendaryFlameLord"],"picked":"SKIP","floor":14},{"not_picked":["theDuelist:SunOrbCard","theDuelist:EarthOrbCard","theDuelist:CrystalOrbCard","theDuelist:GadgetOrbCard","theDuelist:MoonOrbCard"],"picked":"SKIP","floor":18},{"not_picked":["theDuelist:DarkMagician","theDuelist:OnslaughtFireKings+1","theDuelist:SangaThunder","theDuelist:SpellShatteringArrow+1","theDuelist:AlienTelepath"],"picked":"SKIP","floor":21},{"not_picked":["theDuelist:BlizzardWarrior","theDuelist:SangaThunder","theDuelist:NeoMagic","theDuelist:DarkMagician","theDuelist:MagicalBlast"],"picked":"SKIP","floor":23},{"not_picked":["theDuelist:NeoMagic","theDuelist:InjectionFairy","theDuelist:FairyBox","theDuelist:PowerKaishin","theDuelist:TimeWizard"],"picked":"SKIP","floor":25},{"not_picked":["theDuelist:BlizzardWarrior","theDuelist:NeoMagic","theDuelist:SkilledDarkMagician","theDuelist:SilentDoom","theDuelist:InfernoFireBlast"],"picked":"SKIP","floor":27},{"not_picked":["theDuelist:SpellShatteringArrow","theDuelist:SangaThunder","theDuelist:NeoMagic","theDuelist:DarkMagician+1","theDuelist:BlizzardPrincess+1"],"picked":"SKIP","floor":28}],"player_experience":233024,"relics_obtained":[{"floor":7,"key":"Bromod:ArcaneTrickery"},{"floor":9,"key":"theDuelist:MerchantNecklace"},{"floor":10,"key":"Cables"},{"floor":23,"key":"theDuelist:DuelistLetterOpener"}],"event_choices":[{"damage_healed":0,"gold_gain":75,"player_choice":"Gather Gold","damage_taken":11,"max_hp_gain":0,"max_hp_loss":0,"event_name":"World of Goop","floor":2,"gold_loss":0},{"damage_healed":0,"gold_gain":175,"player_choice":"AGREE","damage_taken":0,"max_hp_gain":0,"max_hp_loss":0,"event_name":"Liars Game","floor":3,"gold_loss":0,"cards_obtained":["Doubt"]},{"damage_healed":0,"gold_gain":0,"player_choice":"Donut","damage_taken":0,"max_hp_gain":5,"max_hp_loss":0,"event_name":"Big Fish","floor":5,"gold_loss":0},{"damage_healed":0,"gold_gain":79,"player_choice":"Gained Gold","damage_taken":0,"max_hp_gain":0,"max_hp_loss":0,"event_name":"Golden Wing","floor":12,"gold_loss":0},{"damage_healed":0,"gold_gain":0,"player_choice":"Leave","duelist":true,"damage_taken":0,"max_hp_gain":0,"max_hp_loss":0,"event_name":"Egyptian Village","floor":19,"gold_loss":0},{"damage_healed":0,"gold_gain":0,"player_choice":"Upgraded","damage_taken":0,"max_hp_gain":0,"max_hp_loss":0,"event_name":"Upgrade Shrine","floor":20,"gold_loss":0,"cards_upgraded":["theDuelist:ExodiaNecross"]}],"is_beta":false,"boss_relics":[{"not_picked":["Fusion Hammer","Bromod:ArcaneBarrier"],"picked":"SacredBark"}],"items_purged_floors":[13,22],"is_endless":false,"potions_floor_spawned":[7,10,11,16,21,28],"killed_by":"Chosen and Byrds","ascension_level":2}}