{"host":"8rqsnaeml9gxb0kp","time":1610429759,"event":{"mods":["AchievementEnabler","BaseMod","Dark Map","Minty Spire (QoL Compilation)","StSLib"],"gold_per_floor":[113,63,77,152,168,168,168,202,202,213,213,226,69,69,69,164,164,179,190,289,289,289,309,309,83,83,95,123,135,163,175,187,300,312,342,1,11,29,29,29,64,76,76,125,145,145,178,191,191,191,191],"floor_reached":50,"playtime":3706,"items_purged":["Strike_R","Strike_R"],"score":553,"play_id":"5ff940ee-9f94-4cb4-af4c-adc24b035d4a","local_time":"20210111213559","is_ascension_mode":true,"campfire_choices":[{"data":"Searing Blow","floor":6.0,"key":"SMITH"},{"data":"Searing Blow+1","floor":11.0,"key":"SMITH"},{"data":"Searing Blow+2","floor":15.0,"key":"SMITH"},{"data":"Searing Blow+3","floor":24.0,"key":"SMITH"},{"data":"Searing Blow+4","floor":27.0,"key":"SMITH"},{"data":"Searing Blow+5","floor":29.0,"key":"SMITH"},{"data":"Searing Blow+6","floor":32.0,"key":"SMITH"},{"data":"Searing Blow+7","floor":40.0,"key":"SMITH"},{"data":"Searing Blow+8","floor":46.0,"key":"SMITH"},{"data":"Searing Blow+9","floor":49.0,"key":"SMITH"}],"circlet_count":0,"master_deck":["Strike_R","Strike_R","Defend_R","Defend_R","Defend_R","Defend_R","Bash","Dropkick","Searing Blow+10","Armaments","Inflame","Whirlwind","Disarm","Limit Break","Shrug It Off+1","Necronomicurse","Double Tap","True Grit+1","Caltrops","Caltrops+1","Clothesline+1"],"relics":["Burning Blood","Magic Flower","Meat on the Bone","Torii","Red Skull","Snecko Eye","Necronomicon","TheAbacus","MawBank","Mark of Pain","PrismaticShard","TungstenRod","Pantograph","Thread and Needle","Lantern"],"acts_visited":["Exordium","TheCity","TheBeyond"],"potions_floor_usage":[50,50],"damage_taken":[{"damage":0.0,"enemies":"Cultist","floor":1.0,"turns":2.0},{"damage":0.0,"enemies":"2 Louse","floor":3.0,"turns":2.0},{"damage":0.0,"enemies":"Small Slimes","floor":5.0,"turns":3.0},{"damage":23.0,"enemies":"Lagavulin","floor":8.0,"turns":8.0},{"damage":1.0,"enemies":"Looter","floor":10.0,"turns":3.0},{"damage":1.0,"enemies":"3 Louse","floor":12.0,"turns":2.0},{"damage":34.0,"enemies":"The Guardian","floor":16.0,"turns":10.0},{"damage":8.0,"enemies":"Shell Parasite","floor":18.0,"turns":5.0},{"damage":20.0,"enemies":"2 Thieves","floor":19.0,"turns":3.0},{"damage":44.0,"enemies":"Centurion and Healer","floor":23.0,"turns":6.0},{"damage":0.0,"enemies":"3 Cultists","floor":28.0,"turns":2.0},{"damage":0.0,"enemies":"Snecko","floor":30.0,"turns":3.0},{"damage":70.0,"enemies":"Automaton","floor":33.0,"turns":8.0},{"damage":11.0,"enemies":"Orb Walker","floor":35.0,"turns":3.0},{"damage":47.0,"enemies":"3 Shapes","floor":37.0,"turns":3.0},{"damage":19.0,"enemies":"Sphere and 2 Shapes","floor":38.0,"turns":5.0},{"damage":60.0,"enemies":"Reptomancer","floor":41.0,"turns":3.0},{"damage":0.0,"enemies":"3 Darklings","floor":42.0,"turns":3.0},{"damage":8.0,"enemies":"2 Orb Walkers","floor":44.0,"turns":3.0},{"damage":8.0,"enemies":"4 Shapes","floor":45.0,"turns":2.0},{"damage":15.0,"enemies":"Nemesis","floor":47.0,"turns":5.0},{"damage":0.0,"enemies":"Spire Growth","floor":48.0,"turns":3.0},{"damage":90,"enemies":"Awakened One","floor":50,"turns":7}],"seed_played":"-3677661534995678123","potions_obtained":[{"floor":1.0,"key":"Dexterity Potion"},{"floor":8.0,"key":"HeartOfIron"},{"floor":23.0,"key":"DistilledChaos"},{"floor":33.0,"key":"FearPotion"},{"floor":37.0,"key":"Block Potion"},{"floor":42.0,"key":"EntropicBrew"},{"floor":47.0,"key":"Ancient Potion"}],"is_trial":false,"path_per_floor":["M","?","M","?","M","R","?","E","T","M","R","M","$","?","R","B",null,"M","M","?","?","?","M","R","$","T","R","M","R","M","?","R","B",null,"M","$","M","M","$","R","E","M","T","?","M","R","E","M","R","B"],"character_chosen":"IRONCLAD","items_purchased":["Red Skull","TheAbacus","SpeedPotion","BloodPotion","PrismaticShard"],"campfire_rested":0,"item_purchase_floors":[13,25,36,36,36],"current_hp_per_floor":[80,80,80,69,75,75,63,49,49,57,57,65,65,70,70,63,85,85,74,74,58,58,41,41,41,41,41,68,68,77,77,77,34,85,83,83,80,70,70,70,37,64,64,65,66,66,60,69,69,0,0],"gold":191,"neow_bonus":"THREE_CARDS","is_daily":false,"chose_seed":false,"campfire_upgraded":10,"win_rate":0.0,"timestamp":1610429759,"path_taken":["M","?","M","?","M","R","?","E","T","M","R","M","$","?","R","BOSS","M","M","?","?","?","M","R","$","T","R","?","R","M","?","R","BOSS","M","$","M","M","$","R","E","M","T","?","M","R","E","M","R","BOSS"],"items_purchased_type":["Relic","Relic","Potion","Potion","Relic"],"build_version":"2020-12-22","purchased_purges":2,"victory":false,"max_hp_per_floor":[80,80,80,80,80,80,80,80,80,80,80,80,80,85,85,85,85,85,85,85,85,85,85,85,85,85,85,85,85,85,85,85,85,85,85,85,85,85,85,85,85,85,85,85,85,85,85,85,85,85,85],"card_choices":[{"not_picked":["Iron Wave","Wild Strike"],"picked":"Dropkick","floor":0.0},{"not_picked":["Twin Strike","Wild Strike"],"picked":"Searing Blow","floor":1.0},{"not_picked":["Wild Strike","Corruption","Perfected Strike"],"picked":"SKIP","floor":3.0},{"not_picked":["Warcry","Havoc"],"picked":"Armaments","floor":5.0},{"not_picked":["Pommel Strike","Body Slam"],"picked":"Inflame","floor":8.0},{"not_picked":["Sentinel","Infernal Blade"],"picked":"Whirlwind","floor":10.0},{"not_picked":["Sword Boomerang","Thunderclap"],"picked":"Disarm","floor":12.0},{"not_picked":["Offering","Berserk"],"picked":"Limit Break","floor":16.0},{"not_picked":["Clash","Dark Embrace","Ghostly Armor"],"picked":"SKIP","floor":18.0},{"not_picked":["Clothesline","Battle Trance"],"picked":"Shrug It Off+1","floor":19.0},{"not_picked":["Clothesline","Hemokinesis","Heavy Blade"],"picked":"SKIP","floor":23.0},{"not_picked":["Sword Boomerang","Warcry","Sever Soul"],"picked":"SKIP","floor":28.0},{"not_picked":["Body Slam+1","True Grit"],"picked":"Double Tap","floor":30.0},{"not_picked":["Iron Wave","Havoc+1"],"picked":"True Grit+1","floor":35.0},{"not_picked":["Carnage+1","Havoc+1"],"picked":"Caltrops","floor":37.0},{"not_picked":["Steam+1","Compile Driver+1","Stack+1"],"picked":"SKIP","floor":38.0},{"not_picked":["Clothesline","BowlingBash+1","SashWhip"],"picked":"SKIP","floor":41.0},{"not_picked":["CarveReality","Body Slam+1","Chill"],"picked":"SKIP","floor":42.0},{"not_picked":["Impervious","Slice","Fasting2+1"],"picked":"SKIP","floor":45.0},{"not_picked":["Compile Driver","Flame Barrier"],"picked":"Caltrops+1","floor":47.0},{"not_picked":["Deflect+1","FlyingSleeves+1"],"picked":"Clothesline+1","floor":48.0}],"player_experience":46883,"relics_obtained":[{"floor":8.0,"key":"Meat on the Bone"},{"floor":9.0,"key":"Torii"},{"floor":21.0,"key":"Necronomicon"},{"floor":26.0,"key":"MawBank"},{"floor":41.0,"key":"TungstenRod"},{"floor":43.0,"key":"Pantograph"},{"floor":44.0,"key":"Thread and Needle"},{"floor":47.0,"key":"Lantern"}],"event_choices":[{"cards_removed":["Strike_R"],"damage_healed":0.0,"max_hp_gain":0.0,"max_hp_loss":0.0,"gold_gain":0.0,"event_name":"The Cleric","player_choice":"Card Removal","floor":2.0,"gold_loss":50.0,"damage_taken":0.0},{"damage_healed":0.0,"max_hp_gain":0.0,"max_hp_loss":0.0,"gold_gain":75.0,"event_name":"World of Goop","player_choice":"Gather Gold","floor":4.0,"gold_loss":0.0,"damage_taken":11.0},{"damage_healed":0.0,"max_hp_gain":0.0,"max_hp_loss":0.0,"gold_gain":0.0,"event_name":"Scrap Ooze","player_choice":"Success","floor":7.0,"gold_loss":0.0,"damage_taken":12.0,"relics_obtained":["Magic Flower"]},{"damage_healed":0.0,"max_hp_gain":5.0,"max_hp_loss":0.0,"gold_gain":0.0,"event_name":"Big Fish","player_choice":"Donut","floor":14.0,"gold_loss":0.0,"damage_taken":0.0},{"damage_healed":0.0,"max_hp_gain":0.0,"max_hp_loss":0.0,"gold_gain":99.0,"event_name":"Nest","player_choice":"Stole From Cult","floor":20.0,"gold_loss":0.0,"damage_taken":0.0},{"damage_healed":0.0,"max_hp_gain":0.0,"max_hp_loss":0.0,"gold_gain":0.0,"event_name":"Cursed Tome","player_choice":"Obtained Book","floor":21.0,"gold_loss":0.0,"damage_taken":16.0},{"damage_healed":0.0,"max_hp_gain":0.0,"max_hp_loss":0.0,"gold_gain":0.0,"event_name":"N\u0027loth","player_choice":"Ignored","floor":22.0,"gold_loss":0.0,"damage_taken":0.0},{"damage_healed":0.0,"max_hp_gain":0.0,"max_hp_loss":0.0,"gold_gain":0.0,"event_name":"Vampires","player_choice":"Ignored","floor":31.0,"gold_loss":0.0,"damage_taken":0.0},{"damage_healed":0.0,"max_hp_gain":0.0,"max_hp_loss":0.0,"gold_gain":0.0,"event_name":"Mysterious Sphere","player_choice":"Fight","floor":44.0,"gold_loss":0.0,"damage_taken":0.0}],"is_beta":false,"boss_relics":[{"not_picked":["Sozu","Fusion Hammer"],"picked":"Snecko Eye"},{"not_picked":["Busted Crown","SacredBark"],"picked":"Mark of Pain"}],"items_purged_floors":[25,36],"is_endless":false,"potions_floor_spawned":[1,8,23,33,37,42,47],"killed_by":"Awakened One","ascension_level":1}}