{"host":"480qzmvu0s2e3e6w","time":1610460686,"event":{"mods":["BaseMod","Colored Map","DeckTracker","Lobotomy","Minty Spire (QoL Compilation)","StSLib","SuperFastMode"],"gold_per_floor":[111,111,130,130,130,130,150,170,219,236,236,256,274,274,274,347,347,362,106,126,41,55,55,382,382,437,449,463,491,491,491,491,491,491],"floor_reached":33,"playtime":2109,"items_purged":["Strike_G"],"score":625,"play_id":"234c16da-c9cf-4291-a2e1-fe9787523d87","local_time":"20210112231126","is_ascension_mode":true,"campfire_choices":[{"data":"Neutralize","floor":6.0,"key":"SMITH"},{"data":"Deadly Poison","floor":11.0,"key":"SMITH"},{"floor":15.0,"key":"REST"},{"data":"Adrenaline","floor":23.0,"key":"SMITH"},{"floor":25.0,"key":"REST"},{"floor":32.0,"key":"REST"}],"circlet_count":0,"master_deck":["AscendersBane","Defend_G","Defend_G+1","Defend_G","Defend_G","Survivor","Neutralize+1","Night Terror","Heel Hook","Poisoned Stab+1","PiercingWail","Deadly Poison+1","Dagger Spray","Blur","Leg Sweep","Adrenaline+1","Catalyst+1","Impatience","Calculated Gamble","Acrobatics","Footwork","Dodge and Roll","Concentrate","Noxious Fumes"],"relics":["Ring of the Snake","PreservedInsect","WarpedTongs","Empty Cage","Toy Ornithopter","Old Coin","Bag of Marbles","Regal Pillow"],"acts_visited":["Exordium","TheCity"],"potions_floor_usage":[33],"damage_taken":[{"damage":14.0,"enemies":"Jaw Worm","floor":1.0,"turns":4.0},{"damage":0.0,"enemies":"2 Louse","floor":3.0,"turns":2.0},{"damage":4.0,"enemies":"Cultist","floor":7.0,"turns":3.0},{"damage":0.0,"enemies":"Exordium Wildlife","floor":8.0,"turns":3.0},{"damage":0.0,"enemies":"Blue Slaver","floor":10.0,"turns":4.0},{"damage":0.0,"enemies":"Large Slime","floor":12.0,"turns":4.0},{"damage":0.0,"enemies":"3 Louse","floor":13.0,"turns":4.0},{"damage":6.0,"enemies":"The Guardian","floor":16.0,"turns":10.0},{"damage":0.0,"enemies":"3 Byrds","floor":18.0,"turns":7.0},{"damage":13.0,"enemies":"2 Thieves","floor":20.0,"turns":5.0},{"damage":1.0,"enemies":"Centurion and Healer","floor":22.0,"turns":7.0},{"damage":36.0,"enemies":"Slavers","floor":24.0,"turns":7.0},{"damage":0.0,"enemies":"Snake Plant","floor":27.0,"turns":4.0},{"damage":19.0,"enemies":"Sentry and Sphere","floor":28.0,"turns":6.0},{"damage":5.0,"enemies":"Gremlin Leader","floor":29.0,"turns":6.0},{"damage":53,"enemies":"Collector","floor":33,"turns":7}],"seed_played":"6489383310723294161","potions_obtained":[{"floor":7.0,"key":"DistilledChaos"},{"floor":8.0,"key":"CultistPotion"},{"floor":12.0,"key":"DuplicationPotion"},{"floor":16.0,"key":"LiquidMemories"},{"floor":27.0,"key":"CunningPotion"},{"floor":29.0,"key":"SteroidPotion"}],"is_trial":false,"path_per_floor":["M","?","M","?","?","R","M","M","T","M","R","M","M","?","R","B",null,"M","$","M","?","M","R","E","R","T","M","M","E","?","?","R","B"],"character_chosen":"THE_SILENT","items_purchased":["Impatience","Calculated Gamble"],"campfire_rested":3,"item_purchase_floors":[19,19],"current_hp_per_floor":[45,27,27,27,27,27,23,23,23,23,23,23,23,23,41,35,54,54,54,41,41,40,40,9,27,27,27,13,13,13,13,46,0,0],"gold":491,"neow_bonus":"TRANSFORM_TWO_CARDS","is_daily":false,"chose_seed":false,"campfire_upgraded":3,"win_rate":0.0,"timestamp":1610460686,"path_taken":["M","?","M","?","?","R","M","M","T","M","R","M","M","?","R","BOSS","M","$","?","?","M","R","E","R","T","M","M","E","?","?","R","BOSS"],"items_purchased_type":["Card","Card"],"build_version":"2020-12-22","purchased_purges":1,"victory":false,"max_hp_per_floor":[60,60,60,60,60,60,60,60,60,60,60,60,60,60,60,60,60,60,60,60,60,60,60,60,60,60,60,60,60,60,60,60,60,60],"card_choices":[{"not_picked":["Footwork","Sucker Punch"],"picked":"Poisoned Stab","floor":1.0},{"not_picked":["Backflip","Deflect"],"picked":"PiercingWail","floor":3.0},{"not_picked":["Acrobatics","Prepared"],"picked":"Dagger Spray","floor":7.0},{"not_picked":["Deadly Poison","Slice","Endless Agony"],"picked":"SKIP","floor":8.0},{"not_picked":["Underhanded Strike","Die Die Die"],"picked":"Blur","floor":10.0},{"not_picked":["Reflex","Sucker Punch"],"picked":"Leg Sweep","floor":12.0},{"not_picked":["Cloak And Dagger","Leg Sweep","Blade Dance"],"picked":"SKIP","floor":13.0},{"not_picked":["Phantasmal Killer","Unload"],"picked":"Adrenaline","floor":16.0},{"not_picked":["Bane","Finisher"],"picked":"Catalyst+1","floor":18.0},{"not_picked":["Outmaneuver+1","Riddle With Holes"],"picked":"Acrobatics","floor":20.0},{"not_picked":["Deflect","Poisoned Stab","Prepared"],"picked":"SKIP","floor":22.0},{"not_picked":["Deflect","Poisoned Stab","Prepared"],"picked":"SKIP","floor":22.0},{"not_picked":["Deflect","Poisoned Stab","Prepared"],"picked":"SKIP","floor":22.0},{"not_picked":["PiercingWail","Deadly Poison"],"picked":"Footwork","floor":24.0},{"not_picked":["Sucker Punch","Acrobatics","Outmaneuver"],"picked":"SKIP","floor":27.0},{"not_picked":["Expertise","Bane"],"picked":"Dodge and Roll","floor":28.0},{"not_picked":["Quick Slash+1","Terror+1"],"picked":"Concentrate","floor":29.0}],"player_experience":703238,"relics_obtained":[{"floor":9.0,"key":"PreservedInsect"},{"floor":24.0,"key":"Old Coin"},{"floor":26.0,"key":"Bag of Marbles"},{"floor":29.0,"key":"Regal Pillow"}],"event_choices":[{"damage_healed":0.0,"max_hp_gain":0.0,"max_hp_loss":0.0,"gold_gain":0.0,"event_name":"Shining Light","player_choice":"Entered Light","floor":2.0,"gold_loss":0.0,"damage_taken":18.0,"cards_upgraded":["Poisoned Stab","Defend_G"]},{"damage_healed":0.0,"max_hp_gain":0.0,"max_hp_loss":0.0,"gold_gain":0.0,"event_name":"Scrap Ooze","player_choice":"Fled","floor":4.0,"gold_loss":0.0,"damage_taken":0.0},{"damage_healed":0.0,"max_hp_gain":0.0,"max_hp_loss":0.0,"gold_gain":0.0,"cards_transformed":["Strike_G"],"event_name":"Living Wall","player_choice":"Change","floor":5.0,"gold_loss":0.0,"damage_taken":0.0,"cards_obtained":["Deadly Poison"]},{"damage_healed":0.0,"max_hp_gain":0.0,"max_hp_loss":0.0,"gold_gain":0.0,"event_name":"Accursed Blacksmith","player_choice":"Rummage","floor":14.0,"gold_loss":0.0,"damage_taken":0.0,"relics_obtained":["WarpedTongs"],"cards_obtained":["Pain"]},{"damage_healed":0.0,"max_hp_gain":0.0,"max_hp_loss":0.0,"gold_gain":0.0,"event_name":"Addict","player_choice":"Obtained Relic","floor":21.0,"gold_loss":85.0,"damage_taken":0.0,"relics_obtained":["Toy Ornithopter"]},{"cards_removed":["Strike_G"],"damage_healed":0.0,"max_hp_gain":0.0,"max_hp_loss":0.0,"gold_gain":0.0,"event_name":"Back to Basics","player_choice":"Elegance","floor":30.0,"gold_loss":0.0,"damage_taken":0.0},{"damage_healed":0.0,"max_hp_gain":0.0,"max_hp_loss":0.0,"gold_gain":0.0,"event_name":"The Library","player_choice":"Read","floor":31.0,"gold_loss":0.0,"damage_taken":0.0,"cards_obtained":["Noxious Fumes"]}],"is_beta":false,"boss_relics":[{"not_picked":["WristBlade","Runic Dome"],"picked":"Empty Cage"}],"items_purged_floors":[19],"is_endless":false,"potions_floor_spawned":[7,8,12,16,20,27,29],"killed_by":"Collector","ascension_level":18}}