{"host":"dhr6iszse2qz12e2","time":1610437760,"event":{"mods":["A Magickal Journey","Act Like it!","BaseMod","BetterRewards","Colored Map","Downfall","Gensokyo","Hubris","Infinite Spire","Marisa????????","Minty Spire (QoL Compilation)","Permanent Neow","Quick Restart","Replay The Spire","Shop Mod","StSLib","The Animator","The Cursed","The Hierophant","The IronCluck","The Jungle","everything is the same but u backflip on backflip","slay the spire mod where everything is the same but ironclad has a cowboy hat"],"gold_per_floor":[116,129,129,129,69,97,97,108,187,187,187,217,235,247,247,347,347,367,397,397,397,397,397,397,397,397,442,442],"floor_reached":27,"playtime":1128,"items_purged":["Strike_MRS"],"score":268,"play_id":"796a48c5-e49d-4278-8edb-eb9cc4197699","local_time":"20210112094920","is_ascension_mode":true,"campfire_choices":[{"data":"PowerUp","floor":7,"key":"SMITH"},{"data":"UpSweep","floor":11,"key":"SMITH"},{"data":"MasterSpark","floor":15,"key":"SMITH"}],"circlet_count":0,"master_deck":["Strike_MRS","Strike_MRS+1","Defend_MRS","Defend_MRS","Defend_MRS","Defend_MRS","MasterSpark+1","UpSweep+1","expansioncontent:SuperHexaguard","StarBarrage+1","ManaRampage","WitchOfGreed","SprinkleStarSeal","Necronomicurse","BlazingStar","BinaryStars","ReplayTheSpireMod:??????????????????????"],"relics":["MiniHakkero","hubris:Icosahedron","The Courier","Whetstone","Gremlin Food","Sozu","Necronomicon","ReplayTheSpireMod:Ring of Challenge","Counterbalance","Meat on the Bone"],"acts_visited":["Exordium","TheCity"],"potions_floor_usage":[12,27,27],"damage_taken":[{"damage":1,"enemies":"Cultist","floor":1,"turns":3},{"damage":2,"enemies":"Jaw Worm","floor":2,"turns":4},{"damage":3,"enemies":"Lagavulin","floor":6,"turns":5},{"damage":1,"enemies":"Small Slimes","floor":8,"turns":3},{"damage":0,"enemies":"Gremlin Nob","floor":12,"turns":3},{"damage":1,"enemies":"Looter","floor":13,"turns":2},{"damage":21,"enemies":"Large Slime","floor":14,"turns":4},{"damage":21,"enemies":"Hexaghost","floor":16,"turns":8},{"damage":12,"enemies":"Shell Parasite","floor":18,"turns":4},{"damage":0,"enemies":"Spheric Guardian","floor":19,"turns":3},{"damage":33,"enemies":"Book of Stabbing","floor":27,"turns":1}],"seed_played":"109912583906824626","potions_obtained":[{"floor":1,"key":"infinitespire:BlackPotion"},{"floor":8,"key":"BlessingOfTheForge"},{"floor":16,"key":"Guardian:BlockOnCardUsePotion"}],"is_trial":false,"path_per_floor":["M","M","?","T","$","E","R","M","T","?","R","E","M","M","R","B",null,"M","M","?","?","?","T","?","AVR","T","E"],"character_chosen":"MARISA","items_purchased":[],"campfire_rested":0,"item_purchase_floors":[],"current_hp_per_floor":[74,72,72,72,72,69,69,68,68,68,68,68,67,46,46,25,75,63,63,47,33,33,33,33,33,33,0,0],"gold":442,"neow_bonus":"RANDOM_COLORLESS","is_daily":false,"chose_seed":false,"campfire_upgraded":3,"win_rate":0.0,"timestamp":1610437760,"path_taken":["M","M","?","?","$","E","R","?","T","?","R","E","M","M","R","BOSS","M","M","?","?","?","?","?","AVR","T","E"],"items_purchased_type":[],"build_version":"2020-12-22","purchased_purges":1,"victory":false,"max_hp_per_floor":[75,75,75,75,75,75,75,75,75,75,75,75,75,75,75,75,75,75,75,75,80,80,80,80,80,80,80,80],"card_choices":[{"not_picked":["Replay:SS_fish_1","expansioncontent:Collect"],"picked":"expansioncontent:SuperHexaguard","floor":0},{"not_picked":["ShootingEcho","ManaConvection"],"picked":"PowerUp","floor":1},{"not_picked":["UnstableBomb","PowerUp"],"picked":"StarBarrage","floor":2},{"not_picked":["BinaryStars","SuperPerseids","6A"],"picked":"SKIP","floor":6},{"not_picked":["DC","Acceleration","LuminesStrike"],"picked":"SKIP","floor":8},{"not_picked":["ShootingEcho","PowerUp","EarthLightRay"],"picked":"SKIP","floor":12},{"not_picked":["DoubleSpark","ShootTheMoon","UnstableBomb"],"picked":"SKIP","floor":13},{"not_picked":["SuperPerseids","SuperNova","GrandCross"],"picked":"SKIP","floor":14},{"not_picked":["CollectingQuirk","AbsoluteMagnitude"],"picked":"ManaRampage","floor":16},{"not_picked":["GrandCross+1","GravityBeat"],"picked":"WitchOfGreed","floor":18},{"not_picked":["DarkSpark+1","ShootingEcho+1"],"picked":"SprinkleStarSeal","floor":19}],"player_experience":439430,"relics_obtained":[{"floor":4,"key":"The Courier"},{"floor":6,"key":"Whetstone"},{"floor":12,"key":"Gremlin Food"},{"floor":20,"key":"Necronomicon"},{"floor":22,"key":"ReplayTheSpireMod:Ring of Challenge"},{"floor":23,"key":"Counterbalance"},{"floor":26,"key":"Meat on the Bone"}],"event_choices":[{"damage_healed":0,"gold_gain":0,"player_choice":"Ignored","damage_taken":0,"max_hp_gain":0,"max_hp_loss":0,"event_name":"Liars Game","floor":10,"gold_loss":0},{"damage_healed":0,"gold_gain":0,"player_choice":"Obtained Book","damage_taken":16,"max_hp_gain":0,"max_hp_loss":0,"event_name":"Cursed Tome","floor":20,"gold_loss":0},{"damage_healed":0,"gold_gain":0,"player_choice":"Shed Blood","damage_taken":19,"max_hp_gain":5,"max_hp_loss":0,"event_name":"Forgotten Altar","floor":21,"gold_loss":0},{"damage_healed":0,"gold_gain":0,"cards_transformed":["Strike_MRS","PowerUp"],"player_choice":"Became Test Subject","damage_taken":0,"max_hp_gain":0,"max_hp_loss":0,"event_name":"Drug Dealer","floor":24,"gold_loss":0,"cards_obtained":["BlazingStar","BinaryStars"]}],"is_beta":false,"boss_relics":[{"not_picked":["Black Star","Fusion Hammer"],"picked":"Sozu"}],"items_purged_floors":[5],"is_endless":false,"potions_floor_spawned":[1,8,16,18],"killed_by":"Book of Stabbing","ascension_level":2}}