{"host":"084p4jjw1dsfu79x","time":1610478673,"event":{"mods":["BaseMod","Better Third Choice","Colored Map","Downfall","GifTheSpireLib","Hermit","Hubris","Infinite Spire","Jorbs\u0027s Wanderer Trilogy","Marisa????????","Minty Spire (QoL Compilation)","Potionbrewer","Rare Cards Sparkle","Replay The Spire","Robot Space Explorer","Shade Mod","StSLib","The Blue Laboratory","The Construct","The Cursed","The Death Knight","The Poker Player","TheFirefly"],"gold_per_floor":[111,61,61,77,93,93,116,116,143,163,163,182,216,120,120,225,225,225,225],"floor_reached":18,"playtime":1450,"items_purged":[],"score":160,"play_id":"8bc53a6b-0eb3-44fb-9e4a-501f0438fd22","local_time":"20210112111113","is_ascension_mode":false,"campfire_choices":[{"data":"construct:DefenseMode","floor":6,"key":"SMITH"},{"data":"construct:DefenseMode+1","floor":11,"key":"SMITH"},{"data":"Replay:SS_hec_2","floor":15,"key":"SMITH"}],"circlet_count":0,"master_deck":["construct:Strike_Gold","construct:Strike_Gold","construct:Strike_Gold","construct:Strike_Gold","construct:Strike_Gold","construct:Defend_Gold","construct:Defend_Gold","construct:Defend_Gold","construct:Defend_Gold","construct:AttackMode","construct:DefenseMode+2","construct:Autoturret","construct:Stasis","Replay:SS_hec_2+1"],"relics":["construct:ClockworkPhoenix","NeowsBlessing","FaceOfCleric","Ancient Tea Set","Blue Doll","Velvet Choker"],"acts_visited":["Exordium","TheCity"],"potions_floor_usage":[10,10],"damage_taken":[{"damage":0,"enemies":"Jaw Worm","floor":1,"turns":1},{"damage":0,"enemies":"Cultist","floor":4,"turns":1},{"damage":0,"enemies":"2 Louse","floor":5,"turns":1},{"damage":19,"enemies":"Gremlin Gang","floor":10,"turns":10},{"damage":5,"enemies":"Lots of Slimes","floor":12,"turns":8},{"damage":27,"enemies":"3 Sentries","floor":13,"turns":19},{"damage":7,"enemies":"The Guardian","floor":16,"turns":26},{"damage":0,"enemies":"2 Thieves","floor":18,"turns":1}],"seed_played":"3419866914245544615","potions_obtained":[{"floor":1,"key":"SkillPotion"},{"floor":4,"key":"construct:ShiftPotion"},{"floor":5,"key":"DeathKnight:BottledBloodEchoes"},{"floor":16,"key":"SpeedPotion"}],"is_trial":false,"path_per_floor":["M","?","?","M","M","R","T","?","T","M","R","M","E","$","R","B",null,"M"],"character_chosen":"THE_CONSTRUCT_MOD","items_purchased":["Replay:SS_hec_2"],"campfire_rested":0,"item_purchase_floors":[14],"current_hp_per_floor":[85,85,85,86,87,87,87,87,87,69,69,65,39,39,39,33,91,91,91],"gold":225,"neow_bonus":"THREE_ENEMY_KILL","is_daily":false,"chose_seed":false,"campfire_upgraded":3,"win_rate":0.0,"timestamp":1610478673,"path_taken":["M","?","?","M","?","R","?","?","T","?","R","M","E","$","R","BOSS","M"],"items_purchased_type":["Card"],"build_version":"2020-12-22","purchased_purges":0,"victory":false,"max_hp_per_floor":[85,85,85,86,87,87,87,87,87,88,88,89,90,90,90,91,91,91,91],"card_choices":[{"not_picked":["construct:Anticipate","construct:FocusedBeam"],"picked":"construct:Autoturret","floor":1},{"not_picked":["construct:ShiftStrike","construct:Hazardproof"],"picked":"construct:Stasis","floor":4},{"not_picked":["construct:ChargeShot","construct:Reinforce","construct:Accumulate"],"picked":"SKIP","floor":5},{"not_picked":["construct:ShiftStrike","construct:FocusedBeam","construct:VentSteam"],"picked":"SKIP","floor":10},{"not_picked":["construct:SyphonStrike","construct:Dampening","construct:MemoryTap"],"picked":"SKIP","floor":12},{"not_picked":["construct:Disrupt","construct:Reinforce","construct:CripplingShot"],"picked":"SKIP","floor":13}],"player_experience":489038,"relics_obtained":[{"floor":9,"key":"Ancient Tea Set"},{"floor":13,"key":"Blue Doll"}],"event_choices":[{"cards_removed":["construct:Defend_Gold"],"damage_healed":0,"gold_gain":0,"player_choice":"Card Removal","damage_taken":0,"max_hp_gain":0,"max_hp_loss":0,"event_name":"The Cleric","floor":2,"gold_loss":50},{"damage_healed":0,"gold_gain":0,"player_choice":"Trade","damage_taken":0,"relics_obtained":["FaceOfCleric"],"max_hp_gain":0,"max_hp_loss":0,"event_name":"FaceTrader","floor":3,"gold_loss":0},{"damage_healed":0,"gold_gain":0,"player_choice":"Ignored","damage_taken":0,"max_hp_gain":0,"max_hp_loss":0,"event_name":"NoteForYourself","floor":8,"gold_loss":0}],"is_beta":false,"boss_relics":[{"not_picked":["Busted Crown","ReplayTheSpireMod:DimensionalGlitch"],"picked":"Velvet Choker"}],"items_purged_floors":[],"is_endless":false,"potions_floor_spawned":[1,4,5,16],"killed_by":"2 Thieves","ascension_level":0}}