{"host":"y3iy5gb13b300rns","time":1610428461,"event":{"mods":["BaseMod","Bestiary","Curses Come First","Minty Spire (QoL Compilation)","Replay The Spire","StSLib","The Runesmith"],"gold_per_floor":[117,49,49,68,68,68,86,86,86,106,116,132,132,152,152,152,152],"floor_reached":16,"playtime":574,"items_purged":[],"score":94,"play_id":"3cd722c4-3fbd-4890-8c6b-9838b0033dc0","local_time":"20210111231421","is_ascension_mode":false,"campfire_choices":[{"data":"EmptyFist","floor":6,"key":"SMITH"},{"floor":13,"key":"REST"},{"data":"Worship","floor":15,"key":"SMITH"}],"circlet_count":0,"master_deck":["Strike_P","Strike_P","Strike_P+1","Strike_P","Defend_P","Defend_P","Defend_P","Defend_P","Vigilance","Indignation","Replay:DivineShield+1","EmptyFist+1","Defend_R","Conclude","Replay:Vibes","Replay:LoomingThreat","WheelKick","Worship+1"],"relics":["PureWater","NeowsBlessing","Blue Doll"],"acts_visited":["Exordium"],"potions_floor_usage":[11,16],"damage_taken":[{"damage":0,"enemies":"2 Louse","floor":1,"turns":1},{"damage":0,"enemies":"Small Slimes","floor":4,"turns":1},{"damage":0,"enemies":"Cultist","floor":7,"turns":1},{"damage":5,"enemies":"2 Fungi Beasts","floor":10,"turns":3},{"damage":17,"enemies":"Exordium Wildlife","floor":11,"turns":4},{"damage":10,"enemies":"Looter","floor":12,"turns":2},{"damage":0,"enemies":"2 Fungi Beasts","floor":14,"turns":2},{"damage":61,"enemies":"Hexaghost","floor":16,"turns":12}],"seed_played":"-7530987118895700634","potions_obtained":[{"floor":7,"key":"Explosive Potion"},{"floor":12,"key":"LiquidBronze"}],"is_trial":false,"path_per_floor":["M","$","?","M","?","R","M","?","T","M","M","M","R","M","R","B"],"character_chosen":"WATCHER","items_purchased":["Replay:DivineShield"],"campfire_rested":1,"item_purchase_floors":[2],"current_hp_per_floor":[72,72,72,72,72,72,72,72,72,67,50,40,61,61,61,0,0],"gold":152,"neow_bonus":"THREE_ENEMY_KILL","is_daily":false,"chose_seed":false,"campfire_upgraded":2,"win_rate":0.0,"timestamp":1610428461,"path_taken":["M","$","?","M","?","R","?","?","T","M","M","M","R","M","R","BOSS"],"items_purchased_type":["Card"],"build_version":"2020-12-22","purchased_purges":0,"victory":false,"max_hp_per_floor":[72,72,72,72,72,72,72,72,72,72,72,72,72,72,72,72,72],"card_choices":[{"not_picked":["Prostrate","EmptyFist"],"picked":"Indignation","floor":1},{"not_picked":["Replay:ManipulateFuture","Halt"],"picked":"EmptyFist","floor":4},{"not_picked":["CrushJoints","FollowUp"],"picked":"Conclude","floor":7},{"not_picked":["BowlingBash","InnerPeace"],"picked":"Replay:Vibes","floor":10},{"not_picked":["Pray","Consecrate"],"picked":"Replay:LoomingThreat","floor":11},{"not_picked":["Weave","ThirdEye"],"picked":"WheelKick","floor":12},{"not_picked":["EmptyMind","Weave"],"picked":"Worship","floor":14}],"player_experience":408052,"relics_obtained":[{"floor":9,"key":"Blue Doll"}],"event_choices":[{"damage_healed":0,"gold_gain":0,"player_choice":"Grow","damage_taken":0,"max_hp_gain":0,"max_hp_loss":0,"event_name":"Living Wall","floor":3,"gold_loss":0,"cards_upgraded":["Replay:DivineShield"]},{"cards_removed":["Eruption"],"damage_healed":0,"gold_gain":0,"player_choice":"Took Card","damage_taken":0,"max_hp_gain":0,"max_hp_loss":0,"event_name":"NoteForYourself","floor":5,"gold_loss":0,"cards_obtained":["Defend_R"]}],"is_beta":false,"boss_relics":[],"items_purged_floors":[],"is_endless":false,"potions_floor_spawned":[7,12],"killed_by":"Hexaghost","ascension_level":0}}