{"host":"d3fm6keu3sh33msm","time":1610473808,"event":{"mods":["BaseMod","Block Reminder","Colored Map","Colored Powertips","Highlight Path","Minty Spire (QoL Compilation)","Quick Restart","Relic Stats","Slay-I","StSLib"],"gold_per_floor":[118,118,132,146,156,156,156,190,190,190,200,273,301,60,60,159,159,171,171,190,200,215,215,242,262,313,313,84,111,137,156,156,256,256,271,271,283,303,322,351,362,165,192,48,79,94,94,446,446,446,446,446,51,82,82],"floor_reached":56,"playtime":10477,"items_purged":[],"score":1334,"play_id":"a49077ca-09d7-424e-b1d2-431b40eefb6e","local_time":"20210112175008","is_ascension_mode":false,"campfire_choices":[{"floor":6,"key":"REST"},{"floor":10,"key":"REST"},{"floor":15,"key":"REST"},{"data":"After Image","floor":23,"key":"SMITH"},{"data":"Infinite Blades","floor":27,"key":"SMITH"},{"data":"Footwork","floor":32,"key":"SMITH"},{"floor":47,"key":"RECALL"},{"floor":49,"key":"REST"},{"data":"1","floor":52,"key":"LIFT"}],"circlet_count":0,"master_deck":["Strike_G","Strike_G","Strike_G+1","Defend_G","Defend_G","Defend_G","Defend_G","Defend_G","Survivor+1","Neutralize","Adrenaline","Infinite Blades+1","Dash","Noxious Fumes","Catalyst","Footwork+1","Prepared","After Image+1","CurseOfTheBell","Leg Sweep+1","Slice+1","Prepared+1","Cloak And Dagger","Dash+1","Slice+1","After Image","Sucker Punch+1","Iron Wave+1","Infinite Blades+1","Die Die Die+1","Sucker Punch+1","The Bomb","Terror+1","Endless Agony+1","Mayhem","Noxious Fumes","Calculated Gamble+1"],"relics":["Ring of the Snake","NeowsBlessing","Potion Belt","Mummified Hand","StoneCalendar","Vajra","Calling Bell","Happy Flower","Molten Egg 2","Calipers","MealTicket","Anchor","PreservedInsect","Snake Skull","Ginger","SlaversCollar","Girya","TheAbacus","Bronze Scales","Old Coin","Nunchaku","Lantern"],"acts_visited":["TheCity","TheBeyond","TheEnding"],"potions_floor_usage":[16,16,21,22,30,33,50,55,55,55,55,55,55],"damage_taken":[{"damage":0,"enemies":"2 Louse","floor":1,"turns":1},{"damage":0,"enemies":"Small Slimes","floor":3,"turns":1},{"damage":0,"enemies":"Cultist","floor":4,"turns":1},{"damage":6,"enemies":"Lots of Slimes","floor":5,"turns":8},{"damage":16,"enemies":"3 Sentries","floor":8,"turns":11},{"damage":0,"enemies":"Looter","floor":11,"turns":3},{"damage":18,"enemies":"Lagavulin","floor":13,"turns":10},{"damage":8,"enemies":"The Guardian","floor":16,"turns":8},{"damage":0,"enemies":"Shell Parasite","floor":18,"turns":7},{"damage":0,"enemies":"Spheric Guardian","floor":20,"turns":7},{"damage":1,"enemies":"Snake Plant","floor":21,"turns":5},{"damage":0,"enemies":"Snecko","floor":22,"turns":7},{"damage":0,"enemies":"Book of Stabbing","floor":24,"turns":8},{"damage":0,"enemies":"Centurion and Healer","floor":25,"turns":7},{"damage":0,"enemies":"Gremlin Leader","floor":30,"turns":6},{"damage":0,"enemies":"Snake Plant","floor":31,"turns":5},{"damage":18,"enemies":"Automaton","floor":33,"turns":14},{"damage":0,"enemies":"Orb Walker","floor":35,"turns":4},{"damage":0,"enemies":"3 Shapes","floor":37,"turns":5},{"damage":7,"enemies":"3 Darklings","floor":38,"turns":6},{"damage":3,"enemies":"Sphere and 2 Shapes","floor":39,"turns":7},{"damage":0,"enemies":"Nemesis","floor":40,"turns":7},{"damage":0,"enemies":"Transient","floor":41,"turns":5},{"damage":0,"enemies":"Giant Head","floor":45,"turns":8},{"damage":4,"enemies":"3 Darklings","floor":46,"turns":6},{"damage":10,"enemies":"2 Orb Walkers","floor":48,"turns":4},{"damage":8,"enemies":"Time Eater","floor":50,"turns":11},{"damage":20,"enemies":"Shield and Spear","floor":54,"turns":5},{"damage":39,"enemies":"The Heart","floor":55,"turns":11}],"seed_played":"-577427726572657038","potions_obtained":[{"floor":1,"key":"Poison Potion"},{"floor":5,"key":"Energy Potion"},{"floor":11,"key":"FearPotion"},{"floor":13,"key":"CunningPotion"},{"floor":16,"key":"SkillPotion"},{"floor":18,"key":"Dexterity Potion"},{"floor":30,"key":"Energy Potion"},{"floor":33,"key":"FairyPotion"},{"floor":37,"key":"EntropicBrew"},{"floor":39,"key":"Strength Potion"},{"floor":45,"key":"Swift Potion"}],"is_trial":false,"path_per_floor":["M","?","M","M","M","R","?","E","T","R","M","?","E","$","R","B",null,"M","?","M","M","M","R","E","M","T","R","$","T","E","M","R","B",null,"M","?","M","M","M","E","M","$","T","$","E","M","R","?","R","B",null,"R","$","E","B",null],"character_chosen":"THE_SILENT","items_purchased":["Footwork","Prepared","Vajra","PreservedInsect","Dash+1","The Bomb","TheAbacus","Nunchaku","Mayhem","Noxious Fumes"],"campfire_rested":4,"item_purchase_floors":[14,14,14,28,28,42,44,53,53,53],"current_hp_per_floor":[70,56,56,56,50,70,70,54,54,70,70,70,52,52,70,62,70,70,70,70,69,69,69,69,69,69,69,70,70,70,70,70,52,70,70,70,70,63,60,60,60,70,70,70,70,66,66,56,70,62,70,70,70,50,11],"gold":82,"neow_bonus":"THREE_ENEMY_KILL","is_daily":false,"chose_seed":false,"campfire_upgraded":3,"win_rate":0.0,"timestamp":1610473808,"path_taken":["M","?","M","M","M","R","?","E","T","R","M","?","E","$","R","BOSS","M","?","?","M","M","R","E","M","T","R","$","?","E","M","R","BOSS","M","?","M","M","M","E","M","$","T","$","E","?","R","?","R","BOSS","R","$","E","BOSS"],"items_purchased_type":["Card","Card","Relic","Relic","Card","Card","Relic","Relic","Card","Card"],"build_version":"2020-12-22","purchased_purges":0,"victory":true,"max_hp_per_floor":[70,70,70,70,70,70,70,70,70,70,70,70,70,70,70,70,70,70,70,70,70,70,70,70,70,70,70,70,70,70,70,70,70,70,70,70,70,70,70,70,70,70,70,70,70,70,70,70,70,70,70,70,70,70,70],"relic_stats":{"Happy Flower":[48],"counters":[29,188],"StoneCalendar":[454],"PreservedInsect":288,"Snake Skull":[82],"Ginger":[9],"Nunchaku":[6],"TheAbacus":[24],"Mummified Hand":[112],"Bronze Scales":[239],"MealTicket":11,"obtain_stats":[{"Potion Belt":8,"Girya":40,"Lantern":54,"Calipers":17,"NeowsBlessing":0,"Happy Flower":17,"Vajra":14,"StoneCalendar":13,"PreservedInsect":28,"Snake Skull":29,"Ginger":30,"Old Coin":48,"Calling Bell":17,"SlaversCollar":34,"Anchor":26,"Nunchaku":53,"TheAbacus":44,"Mummified Hand":9,"Bronze Scales":45,"Molten Egg 2":17,"MealTicket":24,"Ring of the Snake":0},{"Potion Belt":5,"Girya":22,"Lantern":28,"Calipers":8,"NeowsBlessing":0,"Happy Flower":8,"Vajra":7,"StoneCalendar":7,"PreservedInsect":14,"Snake Skull":14,"Ginger":15,"Old Coin":26,"Calling Bell":8,"SlaversCollar":17,"Anchor":14,"Nunchaku":27,"TheAbacus":23,"Mummified Hand":5,"Bronze Scales":24,"Molten Egg 2":8,"MealTicket":13,"Ring of the Snake":0},{"Potion Belt":22,"Girya":138,"Lantern":177,"Calipers":43,"NeowsBlessing":0,"Happy Flower":43,"Vajra":35,"StoneCalendar":35,"PreservedInsect":84,"Snake Skull":84,"Ginger":90,"Old Coin":161,"Calling Bell":43,"SlaversCollar":109,"Anchor":84,"Nunchaku":172,"TheAbacus":143,"Mummified Hand":22,"Bronze Scales":151,"Molten Egg 2":43,"MealTicket":77,"Ring of the Snake":0}],"Ring of the Snake":[59]},"card_choices":[{"not_picked":["Terror","Bouncing Flask","Quick Slash"],"picked":"SKIP","floor":1},{"not_picked":["Underhanded Strike","Well Laid Plans","PiercingWail"],"picked":"SKIP","floor":3},{"not_picked":["Skewer","Slice"],"picked":"Adrenaline","floor":4},{"not_picked":["Choke","PiercingWail"],"picked":"Infinite Blades","floor":5},{"not_picked":["PiercingWail","Caltrops"],"picked":"Dash","floor":8},{"not_picked":["Blade Dance","Eviscerate"],"picked":"Noxious Fumes","floor":11},{"not_picked":["Underhanded Strike","Quick Slash"],"picked":"Catalyst","floor":13},{"not_picked":["Phantasmal Killer","Night Terror"],"picked":"After Image","floor":16},{"not_picked":["Bane+1","Footwork"],"picked":"Leg Sweep+1","floor":18},{"not_picked":["Masterful Stab+1","PiercingWail","Tactician"],"picked":"SKIP","floor":20},{"not_picked":["Acrobatics","Deflect+1"],"picked":"Slice+1","floor":21},{"not_picked":["Expertise+1","Acrobatics"],"picked":"Prepared+1","floor":22},{"not_picked":["Masterful Stab+1","Terror","Predator+1"],"picked":"SKIP","floor":24},{"not_picked":["Choke+1","Flying Knee+1"],"picked":"Cloak And Dagger","floor":25},{"not_picked":["Noxious Fumes","Blade Dance+1"],"picked":"Slice+1","floor":30},{"not_picked":["Bullet Time","Heel Hook+1","Dagger Throw+1"],"picked":"SKIP","floor":31},{"not_picked":["Tools of the Trade","Envenom"],"picked":"After Image","floor":33},{"not_picked":["Backflip+1","Flying Knee+1"],"picked":"Sucker Punch+1","floor":35},{"not_picked":["Backstab+1","Quick Slash+1","Heel Hook+1"],"picked":"SKIP","floor":37},{"not_picked":["Outmaneuver+1","Heel Hook+1"],"picked":"Infinite Blades+1","floor":38},{"not_picked":["Riddle With Holes+1","Reflex"],"picked":"Die Die Die+1","floor":39},{"not_picked":["Quick Slash+1","Deadly Poison+1"],"picked":"Sucker Punch+1","floor":40},{"not_picked":["Bouncing Flask+1","Dodge and Roll","Bane+1"],"picked":"SKIP","floor":41},{"not_picked":["Escape Plan","PiercingWail","Flying Knee+1"],"picked":"SKIP","floor":45},{"not_picked":["Outmaneuver+1","Cloak And Dagger"],"picked":"Terror+1","floor":46},{"not_picked":["Sucker Punch+1","Reflex+1"],"picked":"Endless Agony+1","floor":48},{"not_picked":["Dagger Spray+1","Quick Slash+1"],"picked":"Calculated Gamble+1","floor":54}],"player_experience":149150,"relics_obtained":[{"floor":8,"key":"Potion Belt"},{"floor":9,"key":"Mummified Hand"},{"floor":13,"key":"StoneCalendar"},{"floor":17,"key":"Happy Flower"},{"floor":17,"key":"Molten Egg 2"},{"floor":17,"key":"Calipers"},{"floor":24,"key":"MealTicket"},{"floor":26,"key":"Anchor"},{"floor":29,"key":"Snake Skull"},{"floor":30,"key":"Ginger"},{"floor":40,"key":"Girya"},{"floor":45,"key":"Bronze Scales"},{"floor":48,"key":"Old Coin"},{"floor":54,"key":"Lantern"}],"event_choices":[{"damage_healed":0,"gold_gain":0,"player_choice":"Entered Light","damage_taken":14,"max_hp_gain":0,"max_hp_loss":0,"event_name":"Shining Light","floor":2,"gold_loss":0,"cards_upgraded":["Survivor","Strike_G"]},{"damage_healed":0,"gold_gain":0,"player_choice":"Ignored","damage_taken":0,"max_hp_gain":0,"max_hp_loss":0,"event_name":"Liars Game","floor":7,"gold_loss":0},{"damage_healed":0,"gold_gain":73,"player_choice":"Gained Gold","damage_taken":0,"max_hp_gain":0,"max_hp_loss":0,"event_name":"Golden Wing","floor":12,"gold_loss":0},{"cards_removed":["Strike_G"],"damage_healed":0,"gold_gain":0,"player_choice":"Offered Basic","damage_taken":0,"max_hp_gain":0,"max_hp_loss":0,"event_name":"Bonfire Elementals","floor":19,"gold_loss":0},{"cards_removed":["Strike_G"],"damage_healed":0,"gold_gain":0,"player_choice":"Took Card","damage_taken":0,"max_hp_gain":0,"max_hp_loss":0,"event_name":"NoteForYourself","floor":36,"gold_loss":0,"cards_obtained":["Iron Wave"]},{"damage_healed":0,"gold_gain":0,"player_choice":"Fight","damage_taken":0,"max_hp_gain":0,"max_hp_loss":0,"event_name":"Mysterious Sphere","floor":48,"gold_loss":0}],"is_beta":false,"boss_relics":[{"not_picked":["Astrolabe","Snecko Eye"],"picked":"Calling Bell"},{"not_picked":["Sozu","Empty Cage"],"picked":"SlaversCollar"}],"items_purged_floors":[],"is_endless":false,"potions_floor_spawned":[1,5,11,13,16,18,30,33,37,39,45,46,48],"ascension_level":0}}