{"host":"sc0o2qwpf9j16a4i","time":1610481334,"event":{"mods":["AchievementEnabler","BaseMod","BetterRewards","Block Reminder","Colored Map","Colored Powertips","Custom Start","Highlight Path","Minty Spire (QoL Compilation)","Relic Stats"],"gold_per_floor":[117,135,153,153,153,153,184,184,184,198,224,236,250,250,250,329,329,306,319,319,319,81,81,81,127,127,27,52,52,94,9,9,39,39],"floor_reached":33,"playtime":1110,"items_purged":["Strike_P+1","Strike_P+1"],"score":575,"play_id":"a12023bd-9c8e-4e56-8d81-4bd04dbd9e64","local_time":"20210112215534","is_ascension_mode":true,"campfire_choices":[{"data":"TalkToTheHand","floor":6,"key":"SMITH"},{"data":"LessonLearned","floor":8,"key":"SMITH"},{"data":"SashWhip","floor":15,"key":"SMITH"},{"data":"Wish","floor":23,"key":"SMITH"},{"floor":29,"key":"REST"},{"data":"TalkToTheHand","floor":32,"key":"SMITH"}],"circlet_count":0,"master_deck":["AscendersBane","Strike_P+1","Strike_P+1","Defend_P+1","Defend_P+1","Defend_P+1","Defend_P+1","Eruption","Vigilance+1","TalkToTheHand+1","Evaluate","Prostrate+1","FlurryOfBlows","LessonLearned+1","FollowUp","SashWhip+1","FearNoEvil","Wish+1","Wallop+1","Protect","TalkToTheHand+1"],"relics":["PureWater","Meat on the Bone","StrikeDummy","Singing Bowl","MealTicket","Busted Crown","Nilry\u0027s Codex","Lee\u0027s Waffle","Oddly Smooth Stone","Pantograph"],"acts_visited":["Exordium","TheCity"],"potions_floor_usage":[2,3,7,11,11,16,33],"damage_taken":[{"damage":3,"enemies":"2 Louse","floor":1,"turns":4},{"damage":0,"enemies":"Small Slimes","floor":2,"turns":3},{"damage":0,"enemies":"Cultist","floor":3,"turns":4},{"damage":5,"enemies":"Gremlin Nob","floor":7,"turns":4},{"damage":0,"enemies":"2 Fungi Beasts","floor":10,"turns":3},{"damage":24,"enemies":"Lagavulin","floor":11,"turns":9},{"damage":3,"enemies":"Blue Slaver","floor":12,"turns":5},{"damage":12,"enemies":"3 Louse","floor":13,"turns":3},{"damage":20,"enemies":"Hexaghost","floor":16,"turns":12},{"damage":7,"enemies":"2 Thieves","floor":18,"turns":4},{"damage":20,"enemies":"Spheric Guardian","floor":19,"turns":7},{"damage":37,"enemies":"Snake Plant","floor":25,"turns":5},{"damage":31,"enemies":"Book of Stabbing","floor":28,"turns":7},{"damage":3,"enemies":"Centurion and Healer","floor":30,"turns":6},{"damage":90,"enemies":"Automaton","floor":33,"turns":12}],"seed_played":"8416120939561012457","potions_obtained":[{"floor":1,"key":"Block Potion"},{"floor":2,"key":"SkillPotion"},{"floor":5,"key":"EntropicBrew"},{"floor":12,"key":"SteroidPotion"},{"floor":18,"key":"DistilledChaos"}],"is_trial":false,"path_per_floor":["M","M","M","?","?","R","E","R","T","M","E","M","M","?","R","B",null,"M","M","?","?","$","R","?","M","T","$","E","R","M","$","R","B"],"character_chosen":"WATCHER","items_purchased":["TalkToTheHand","Explosive Potion","Lee\u0027s Waffle","TalkToTheHand"],"campfire_rested":1,"item_purchase_floors":[0,0,22,31],"current_hp_per_floor":[58,58,58,63,63,63,58,58,58,58,48,45,45,34,34,26,63,58,52,31,31,86,86,86,51,51,66,49,76,73,88,88,0,0],"gold":39,"neow_bonus":"","is_daily":false,"chose_seed":false,"campfire_upgraded":5,"win_rate":0.0,"timestamp":1610481334,"path_taken":["M","M","M","?","?","R","E","R","T","M","E","M","?","?","R","BOSS","M","M","?","?","$","R","?","M","T","?","E","R","M","$","R","BOSS"],"items_purchased_type":["Card","Potion","Relic","Card"],"build_version":"2020-12-22","purchased_purges":2,"victory":false,"max_hp_per_floor":[68,68,68,73,73,73,73,73,73,73,75,75,75,75,75,75,75,77,79,79,79,86,86,86,88,88,88,90,90,90,90,90,90,90],"relic_stats":{"Lee\u0027s Waffle":40,"Busted Crown":10,"Singing Bowl":10,"counters":[26,145],"Pantograph":26,"MealTicket":45,"obtain_stats":[{"Lee\u0027s Waffle":22,"Busted Crown":17,"Singing Bowl":11,"Nilry\u0027s Codex":20,"Pantograph":28,"Snecko Eye":0,"Oddly Smooth Stone":26,"MealTicket":14,"PureWater":0,"StrikeDummy":9,"Meat on the Bone":7},{"Lee\u0027s Waffle":22,"Busted Crown":20,"Singing Bowl":17,"Nilry\u0027s Codex":22,"Pantograph":24,"Snecko Eye":0,"Oddly Smooth Stone":23,"MealTicket":19,"PureWater":0,"StrikeDummy":15,"Meat on the Bone":15},{"Lee\u0027s Waffle":115,"Busted Crown":104,"Singing Bowl":84,"Nilry\u0027s Codex":115,"Pantograph":127,"Snecko Eye":0,"Oddly Smooth Stone":120,"MealTicket":92,"PureWater":0,"StrikeDummy":72,"Meat on the Bone":72}],"Meat on the Bone":84},"card_choices":[{"not_picked":["WreathOfFlame","WheelKick"],"picked":"Evaluate","floor":1},{"not_picked":["Evaluate","PathToVictory"],"picked":"Prostrate","floor":2},{"not_picked":["Pray","EmptyBody"],"picked":"FlurryOfBlows","floor":3},{"not_picked":["FlurryOfBlows","Sanctity"],"picked":"LessonLearned","floor":7},{"not_picked":["SashWhip","ReachHeaven"],"picked":"FollowUp","floor":10},{"not_picked":["CrushJoints","EmptyMind","Consecrate"],"picked":"Singing Bowl","floor":11},{"not_picked":["WheelKick","FlyingSleeves"],"picked":"SashWhip","floor":12},{"not_picked":["CrushJoints","ForeignInfluence"],"picked":"FearNoEvil","floor":13},{"not_picked":["Brilliance","SpiritShield"],"picked":"Wish","floor":16},{"not_picked":["FollowUp"],"picked":"Singing Bowl","floor":18},{"not_picked":["Evaluate+1"],"picked":"Singing Bowl","floor":19},{"not_picked":["EmptyFist+1"],"picked":"Singing Bowl","floor":25},{"not_picked":["Judgement"],"picked":"Singing Bowl","floor":28},{"not_picked":[],"picked":"Protect","floor":30}],"player_experience":618658,"relics_obtained":[{"floor":7,"key":"Meat on the Bone"},{"floor":9,"key":"StrikeDummy"},{"floor":11,"key":"Singing Bowl"},{"floor":20,"key":"Nilry\u0027s Codex"},{"floor":26,"key":"Oddly Smooth Stone"},{"floor":28,"key":"Pantograph"}],"event_choices":[{"damage_healed":0,"gold_gain":0,"player_choice":"Donut","damage_taken":0,"max_hp_gain":5,"max_hp_loss":0,"event_name":"Big Fish","floor":4,"gold_loss":0},{"damage_healed":0,"gold_gain":0,"player_choice":"Got Potions","damage_taken":0,"max_hp_gain":0,"max_hp_loss":0,"event_name":"Lab","floor":5,"gold_loss":0},{"damage_healed":0,"gold_gain":0,"player_choice":"Success","damage_taken":11,"relics_obtained":["MealTicket"],"max_hp_gain":0,"max_hp_loss":0,"event_name":"Scrap Ooze","floor":14,"gold_loss":0},{"damage_healed":0,"gold_gain":0,"player_choice":"Obtained Book","damage_taken":21,"max_hp_gain":0,"max_hp_loss":0,"event_name":"Cursed Tome","floor":20,"gold_loss":0},{"damage_healed":0,"gold_gain":0,"player_choice":"Simplicity","damage_taken":0,"max_hp_gain":0,"max_hp_loss":0,"event_name":"Back to Basics","floor":21,"gold_loss":0,"cards_upgraded":["Strike_P","Defend_P","Defend_P","Defend_P"]},{"damage_healed":0,"gold_gain":0,"player_choice":"Read","damage_taken":0,"max_hp_gain":0,"max_hp_loss":0,"event_name":"The Library","floor":24,"gold_loss":0,"cards_obtained":["Wallop"]}],"is_beta":false,"boss_relics":[{"not_picked":["Black Star","Pandora\u0027s Box"],"picked":"Busted Crown"}],"items_purged_floors":[22,27],"is_endless":false,"potions_floor_spawned":[1,2,12,18,19,28,30],"killed_by":"Automaton","ascension_level":20}}