{"host":"rjbqai8ni6dsiu37","time":1610449594,"event":{"mods":["BaseMod","Koishi","Minty Spire (QoL Compilation)","StSLib","The Dragon Tamer","The Poker Player","WarShipGirlsR/??á´Ò³R mod"],"gold_per_floor":[117,117,292,88,107,137,137,102,127,158,158,170,190,204,204,307,307,318,328,252,252,102,131,131,91,163,177,193,225,225,235,235,235,235,235],"floor_reached":33,"playtime":4300,"items_purged":["Doubt"],"score":345,"play_id":"e9399f4a-e0f5-4610-b928-85451f3ffac4","local_time":"20210112200634","is_ascension_mode":false,"metric_token":479,"campfire_choices":[{"data":"DTMod:Training","floor":7.0,"key":"SMITH"},{"data":"DTMod:BreakAttack","floor":11.0,"key":"SMITH"},{"data":"DTMod:SwitchingTactic","floor":15.0,"key":"SMITH"},{"data":"DTMod:CrossStep","floor":24.0,"key":"SMITH"},{"data":"DTMod:GhostSkin","floor":30.0,"key":"SMITH"},{"floor":32,"key":"REST"}],"dtmod_dragon_data":[8,50,1,-1,10,0],"circlet_count":0,"master_deck":["DTMod:Strike+1","DTMod:Strike","DTMod:Strike+1","DTMod:Strike","DTMod:DoubleHit","DTMod:TargetDefense","DTMod:TargetDefense","DTMod:TargetDefense","DTMod:TargetDefense","DTMod:SwitchingTactic+1","DTMod:CrossStep+1","DTMod:BreakAttack+1","DTMod:Training+1","DTMod:ShieldDrain","DTMod:ComboAttack","DTMod:BuildUp","DTMod:LightShield","DTMod:BurningForce","DTMod:GhostSkin+1","DTMod:BurningEnergy","DTMod:BurningEnergy"],"relics":["DTMod:PactStone","NeowsBlessing","Strawberry","Mummified Hand","Smiling Mask","DTMod:BasicTextbook","Black Star","Bag of Preparation","Ancient Tea Set","PreservedInsect","HornCleat","Orichalcum","Whetstone"],"acts_visited":["Exordium","TheCity"],"potions_floor_usage":[31],"damage_taken":[{"damage":0.0,"enemies":"2 Louse","floor":1.0,"turns":1.0},{"damage":0.0,"enemies":"Small Slimes","floor":5.0,"turns":1.0},{"damage":0.0,"enemies":"Gremlin Nob","floor":6.0,"turns":1.0},{"damage":0.0,"enemies":"Lagavulin","floor":10.0,"turns":4.0},{"damage":0.0,"enemies":"Jaw Worm","floor":12.0,"turns":3.0},{"damage":0.0,"enemies":"3 Louse","floor":13.0,"turns":3.0},{"damage":0.0,"enemies":"Blue Slaver","floor":14.0,"turns":3.0},{"damage":11.0,"enemies":"Hexaghost","floor":16.0,"turns":7.0},{"damage":0.0,"enemies":"Shell Parasite","floor":18.0,"turns":5.0},{"damage":0.0,"enemies":"2 Thieves","floor":19.0,"turns":5.0},{"damage":21.0,"enemies":"Slavers","floor":23.0,"turns":8.0},{"damage":0.0,"enemies":"Snecko","floor":27.0,"turns":5.0},{"damage":19.0,"enemies":"3 Cultists","floor":28.0,"turns":7.0},{"damage":6.0,"enemies":"Gremlin Leader","floor":29.0,"turns":5.0},{"damage":0,"enemies":"Snake Plant","floor":31,"turns":3},{"damage":21,"enemies":"Champ","floor":33,"turns":11}],"seed_played":"3077539946014996785","potions_obtained":[{"floor":1.0,"key":"Block Potion"},{"floor":6.0,"key":"DistilledChaos"},{"floor":14.0,"key":"Swift Potion"},{"floor":18.0,"key":"Dexterity Potion"},{"floor":19.0,"key":"Swift Potion"},{"floor":27.0,"key":"Block Potion"},{"floor":29.0,"key":"Energy Potion"}],"is_trial":false,"path_per_floor":["M","?","?","$","M","E","R","?","T","E","R","M","M","M","R","B",null,"M","M","$","?","$","E","R","?","T","M","M","E","R","M","R","B"],"character_chosen":"THE_DT","items_purchased":["DTMod:CrossStep","DTMod:BreakAttack","DTMod:BurningForce","Bag of Preparation"],"campfire_rested":1,"item_purchase_floors":[4,4,20,22],"current_hp_per_floor":[45,40,40,40,40,40,40,52,52,52,52,52,52,52,52,41,52,52,52,52,52,52,31,31,31,31,31,12,6,6,6,21,0,0,0],"gold":235,"neow_bonus":"THREE_ENEMY_KILL","is_daily":false,"chose_seed":false,"campfire_upgraded":5,"win_rate":0.0,"timestamp":1610449594,"path_taken":["M","?","?","$","M","E","R","?","T","E","R","M","?","M","R","BOSS","M","M","$","?","$","E","R","?","T","?","M","E","R","M","R","BOSS"],"items_purchased_type":["Card","Card","Card","Relic"],"build_version":"2020-12-22","purchased_purges":1,"victory":false,"max_hp_per_floor":[45,52,52,52,52,52,52,52,52,52,52,52,52,52,52,52,52,52,52,52,52,52,52,52,52,52,52,52,52,52,52,52,52,52,52],"card_choices":[{"not_picked":["DTMod:CleansingStrike","DTMod:StarRain","DTMod:DeepFocus"],"picked":"SKIP","floor":1.0},{"not_picked":["DTMod:Feint","DTMod:HeatWave"],"picked":"DTMod:Training","floor":5.0},{"not_picked":["DTMod:Threaten","DTMod:BlueScale"],"picked":"DTMod:ShieldDrain","floor":6.0},{"not_picked":["DTMod:Cover","DTMod:BizarreTactic","DTMod:LowKick"],"picked":"SKIP","floor":10.0},{"not_picked":["DTMod:BuildUp","DTMod:Cover"],"picked":"DTMod:ComboAttack","floor":12.0},{"not_picked":["DTMod:Feint","DTMod:DeepFocus","DTMod:Adaptation"],"picked":"SKIP","floor":13.0},{"not_picked":["DTMod:Weaken","DTMod:Hide"],"picked":"DTMod:BuildUp","floor":14.0},{"not_picked":["DTMod:ExcessFootwork","DTMod:GearUp"],"picked":"DTMod:LightShield","floor":16.0},{"not_picked":["DTMod:BreakAttack+1","DTMod:BlazingStrike","DTMod:StarRain"],"picked":"SKIP","floor":18.0},{"not_picked":["DTMod:BreakAttack","DTMod:BuildUp","DTMod:Hide"],"picked":"SKIP","floor":19.0},{"not_picked":["DTMod:MasterPlan","DTMod:BizarreTactic","DTMod:Punisher"],"picked":"SKIP","floor":23.0},{"not_picked":[],"picked":"DTMod:GhostSkin","floor":25.0},{"not_picked":["DTMod:MagicField","DTMod:Haste","DTMod:BuildUp"],"picked":"SKIP","floor":27.0},{"not_picked":["DTMod:Punisher","DTMod:RecklessFlurry"],"picked":"DTMod:BurningEnergy","floor":28.0},{"not_picked":["DTMod:LightShield","DTMod:MagicField","DTMod:MagiciansMark"],"picked":"SKIP","floor":29.0},{"not_picked":["DTMod:LightShield","DTMod:MagicField","DTMod:MagiciansMark"],"picked":"SKIP","floor":29.0},{"not_picked":["DTMod:DragonDance+1","DTMod:TauntingStrike"],"picked":"DTMod:BurningEnergy","floor":31}],"player_experience":172027,"relics_obtained":[{"floor":6.0,"key":"Mummified Hand"},{"floor":9.0,"key":"Smiling Mask"},{"floor":10.0,"key":"DTMod:BasicTextbook"},{"floor":23.0,"key":"Ancient Tea Set"},{"floor":23.0,"key":"PreservedInsect"},{"floor":26.0,"key":"HornCleat"},{"floor":29.0,"key":"Orichalcum"},{"floor":29.0,"key":"Whetstone"}],"event_choices":[{"damage_healed":0.0,"max_hp_gain":0.0,"max_hp_loss":0.0,"gold_gain":0.0,"event_name":"Scrap Ooze","player_choice":"Success","floor":2.0,"gold_loss":0.0,"damage_taken":12.0,"relics_obtained":["Strawberry"]},{"damage_healed":0.0,"max_hp_gain":0.0,"max_hp_loss":0.0,"gold_gain":175.0,"event_name":"Liars Game","player_choice":"AGREE","floor":3.0,"gold_loss":0.0,"damage_taken":0.0,"cards_obtained":["Doubt"]},{"damage_healed":13.0,"max_hp_gain":0.0,"max_hp_loss":0.0,"gold_gain":0.0,"event_name":"The Cleric","player_choice":"Healed","floor":8.0,"gold_loss":35.0,"damage_taken":0.0},{"damage_healed":0.0,"max_hp_gain":0.0,"max_hp_loss":0.0,"gold_gain":0.0,"event_name":"Ghosts","player_choice":"Ignored","floor":21.0,"gold_loss":0.0,"damage_taken":0.0}],"is_beta":false,"boss_relics":[{"not_picked":["SacredBark","Ectoplasm"],"picked":"Black Star"}],"items_purged_floors":[4],"is_endless":false,"potions_floor_spawned":[1,6,14,18,19,27,29],"killed_by":"Champ","ascension_level":0}}