{"host":"63rwe7p34ct1i0qu","time":1610444078,"event":{"mods":["BaseMod","Colored Map","DeckTracker","Minty Spire (QoL Compilation)","Permanent Neow","Quick Restart","StSLib"],"gold_per_floor":[11,11,24,24,24,24,52,52,121,131,131,102,102,131,143,252,264,292,219,321,353,135,135,95,123,123,123,140,140,140],"floor_reached":29,"playtime":720,"items_purged":[],"score":395,"play_id":"a73045b7-d502-4f53-88e1-ababb0be5d39","local_time":"20210112183438","is_ascension_mode":true,"campfire_choices":[{"data":"Zap","floor":6.0,"key":"SMITH"},{"data":"Dualcast","floor":8.0,"key":"SMITH"},{"floor":13,"key":"REST"},{"floor":15,"key":"REST"},{"data":"Amplify","floor":23,"key":"SMITH"},{"floor":27,"key":"REST"}],"circlet_count":0,"master_deck":["AscendersBane","Strike_B","Strike_B","Strike_B","Strike_B","Defend_B","Defend_B","Defend_B","Defend_B","Zap+1","Dualcast+1","Electrodynamics","Ball Lightning","Rebound","Amplify+1","Undo+1","Doom and Gloom","Amplify+1","Turbo+1","Storm","Darkness+1","Go for the Eyes+1"],"relics":["Cracked Core","Mercury Hourglass","Incense Burner","Toxic Egg 2","MawBank","Nuclear Battery","Gremlin Horn","Lee\u0027s Waffle","PreservedInsect","HornCleat"],"acts_visited":["Exordium","TheCity"],"potions_floor_usage":[14,21],"damage_taken":[{"damage":8.0,"enemies":"Small Slimes","floor":1.0,"turns":2.0},{"damage":1.0,"enemies":"Cultist","floor":3.0,"turns":4.0},{"damage":15.0,"enemies":"3 Sentries","floor":7.0,"turns":3.0},{"damage":0.0,"enemies":"2 Louse","floor":10.0,"turns":1.0},{"damage":18,"enemies":"Gremlin Nob","floor":14,"turns":3},{"damage":18,"enemies":"The Guardian","floor":16,"turns":12},{"damage":2,"enemies":"Chosen","floor":18,"turns":4},{"damage":20,"enemies":"2 Thieves","floor":21,"turns":4},{"damage":35,"enemies":"Gremlin Leader","floor":25,"turns":5},{"damage":14,"enemies":"Cultist and Chosen","floor":28,"turns":4},{"damage":19,"enemies":"Snake Plant","floor":29,"turns":4}],"seed_played":"-2646105440155555055","potions_obtained":[{"floor":3.0,"key":"Explosive Potion"},{"floor":7.0,"key":"SneckoOil"},{"floor":16,"key":"BlessingOfTheForge"},{"floor":18,"key":"Strength Potion"},{"floor":25,"key":"Dexterity Potion"}],"is_trial":false,"path_per_floor":["M","?","M","$","T","R","E","R","T","M","?","?","R","E","R","B",null,"M","?","?","M","$","R","$","E","T","R","M","M"],"character_chosen":"DEFECT","items_purchased":["Lee\u0027s Waffle","Storm","Darkness+1"],"campfire_rested":3,"item_purchase_floors":[22,22,24],"current_hp_per_floor":[60,60,59,59,59,59,44,44,44,44,44,44,66,48,70,52,69,67,67,55,35,82,82,82,47,47,71,57,38,38],"gold":140,"neow_bonus":"THREE_RARE_CARDS","is_daily":false,"chose_seed":false,"campfire_upgraded":3,"win_rate":0.0,"timestamp":1610444078,"path_taken":["M","?","?","$","?","R","E","R","T","M","?","?","R","E","R","BOSS","M","?","?","M","$","R","$","E","T","R","M","?"],"items_purchased_type":["Relic","Card","Card"],"build_version":"2020-12-22","purchased_purges":0,"victory":false,"max_hp_per_floor":[75,75,75,75,75,75,75,75,75,75,75,75,75,75,75,75,75,75,75,75,75,82,82,82,82,82,82,82,82,82],"card_choices":[{"not_picked":["Machine Learning","Reboot"],"picked":"Electrodynamics","floor":0.0},{"not_picked":["Gash","Leap","Steam"],"picked":"SKIP","floor":1.0},{"not_picked":["Gash","Leap","Steam"],"picked":"SKIP","floor":1.0},{"not_picked":["Go for the Eyes","Heatsinks"],"picked":"Rebound","floor":3.0},{"not_picked":["Ball Lightning","Heatsinks"],"picked":"Amplify","floor":7.0},{"not_picked":["Ball Lightning","Force Field+1"],"picked":"Undo+1","floor":10.0},{"not_picked":["Redo+1","Barrage"],"picked":"Doom and Gloom","floor":14},{"not_picked":["All For One","Fission+1"],"picked":"Amplify+1","floor":16},{"not_picked":["Gash","Sweeping Beam","Cold Snap"],"picked":"SKIP","floor":18},{"not_picked":["Steam+1","Ball Lightning+1"],"picked":"Turbo+1","floor":21},{"not_picked":["Go for the Eyes","Stack+1","Gash"],"picked":"SKIP","floor":25},{"not_picked":["Amplify+1","Conserve Battery+1"],"picked":"Go for the Eyes+1","floor":28}],"player_experience":838846,"relics_obtained":[{"floor":5.0,"key":"Mercury Hourglass"},{"floor":7.0,"key":"Incense Burner"},{"floor":9.0,"key":"Toxic Egg 2"},{"floor":14,"key":"MawBank"},{"floor":25,"key":"PreservedInsect"},{"floor":26,"key":"HornCleat"}],"event_choices":[{"damage_healed":0.0,"max_hp_gain":0.0,"max_hp_loss":0.0,"gold_gain":0.0,"event_name":"Match and Keep!","player_choice":"1 cards matched","floor":2.0,"gold_loss":0.0,"damage_taken":0.0,"cards_obtained":["Ball Lightning"]},{"damage_healed":0,"gold_gain":0,"player_choice":"Fled","damage_taken":0,"max_hp_gain":0,"max_hp_loss":0,"event_name":"Scrap Ooze","floor":11,"gold_loss":0},{"damage_healed":0,"gold_gain":0,"player_choice":"Left Gold","damage_taken":0,"max_hp_gain":0,"max_hp_loss":0,"event_name":"World of Goop","floor":12,"gold_loss":29},{"damage_healed":0,"gold_gain":0,"player_choice":"Obtained Relic","damage_taken":0,"relics_obtained":["Gremlin Horn"],"max_hp_gain":0,"max_hp_loss":0,"event_name":"Addict","floor":19,"gold_loss":85},{"damage_healed":0,"gold_gain":90,"player_choice":"GOLD ","damage_taken":12,"max_hp_gain":0,"max_hp_loss":0,"event_name":"Knowing Skull","floor":20,"potions_obtained":[],"gold_loss":0,"cards_obtained":[]}],"is_beta":false,"boss_relics":[{"not_picked":["Coffee Dripper","Black Star"],"picked":"Nuclear Battery"}],"items_purged_floors":[],"is_endless":false,"potions_floor_spawned":[3,7,16,18,25],"killed_by":"Snake Plant","ascension_level":12}}