{"host":"3yynf0dn84873kbr","time":1610469086,"event":{"mods":["Act Like it!","BaseMod","CapriCore","Minty Spire (QoL Compilation)","Pale of the Ancients","StSLib","The Marked","WarShipGirlsR/战舰少女R mod","[IsaacMod]以撒尖塔"],"gold_per_floor":[111,111,126,0,12,12,40,68,68,68,86,86,102,121,121,240,240,254,254,98,116,116,116,116,137,137,137,158,171,186,186,186,288,288,303,0,16,65,65,65,81,71,94,94,94,94,104,117,117,117,117],"floor_reached":50,"playtime":2012,"items_purged":[],"score":469,"play_id":"b10c3082-ec73-4ecf-bab8-5695bff00966","local_time":"20210113003126","is_ascension_mode":false,"campfire_choices":[{"data":"theMarked:GodGivenPower","floor":6.0,"key":"SMITH"},{"data":"theMarked:Generate","floor":12.0,"key":"SMITH"},{"floor":15.0,"key":"REST"},{"data":"theMarked:Aftermath","floor":23.0,"key":"SMITH"},{"data":"theMarked:MaelstromOfLightning","floor":27.0,"key":"SMITH"},{"data":"theMarked:Polarize","floor":32.0,"key":"SMITH"},{"data":"theMarked:ComboAttacks","floor":40,"key":"SMITH"},{"data":"theMarked:Generate","floor":45,"key":"SMITH"},{"data":"theMarked:StartUp","floor":49,"key":"SMITH"}],"circlet_count":0,"master_deck":["theMarked:Strike","theMarked:Strike","theMarked:Strike","theMarked:Strike","theMarked:Defend","theMarked:Defend","theMarked:Defend","theMarked:Defend","theMarked:SoldierOfQuellstein","theMarked:ChannelForce","theMarked:GodGivenPower+1","theMarked:ChainLightning","theMarked:ChainLightning","theMarked:FavorableWinds","theMarked:MaelstromOfLightning+1","theMarked:StartUp+1","theMarked:Generate+1","theMarked:Aftermath+1","theMarked:SummonStrength","theMarked:PowerFlow","Necronomicurse","theMarked:Polarize+1","theMarked:RogueSparks+1","CurseOfTheBell","theMarked:Overcharge","theMarked:ComboAttacks+1","theMarked:WardOff+1","theMarked:Generate+1","theMarked:WardOff","theMarked:BanishingStrike+1"],"relics":["theMarked:ArtifactOfAir","HushsDoor","MaYiHuaBei","Ornamental Fan","Odd Mushroom","PreservedInsect","Leech","Bloody Idol","MagicMushroom","Necronomicon","BookOfRevelations","UnicornStump","Calling Bell","Strawberry","TuHaoJin","Shovel","BFFS","Boot","theMarked:KettuFlask","Molten Egg 2","Potion Belt"],"acts_visited":["Exordium","TheCity","TheBeyond"],"potions_floor_usage":[33,47,50,50],"damage_taken":[{"damage":1.0,"enemies":"Cultist","floor":1.0,"turns":3.0},{"damage":4.0,"enemies":"2 Louse","floor":3.0,"turns":3.0},{"damage":9.0,"enemies":"Jaw Worm","floor":5.0,"turns":4.0},{"damage":8.0,"enemies":"The Mushroom Lair","floor":7.0,"turns":3.0},{"damage":14.0,"enemies":"3 Sentries","floor":8.0,"turns":6.0},{"damage":2.0,"enemies":"Blue Slaver","floor":11.0,"turns":3.0},{"damage":15.0,"enemies":"3 Louse","floor":13.0,"turns":2.0},{"damage":1.0,"enemies":"2 Fungi Beasts","floor":14.0,"turns":3.0},{"damage":16.0,"enemies":"The Guardian","floor":16.0,"turns":9.0},{"damage":0.0,"enemies":"Chosen","floor":18.0,"turns":3.0},{"damage":0.0,"enemies":"Spheric Guardian","floor":21.0,"turns":3.0},{"damage":0.0,"enemies":"Chosen and Byrds","floor":25.0,"turns":4.0},{"damage":19.0,"enemies":"Snake Plant","floor":28.0,"turns":3.0},{"damage":14.0,"enemies":"Snecko","floor":29.0,"turns":5.0},{"damage":0.0,"enemies":"Shelled Parasite and Fungi","floor":30.0,"turns":4.0},{"damage":17,"enemies":"Automaton","floor":33,"turns":8},{"damage":20,"enemies":"3 Shapes","floor":35,"turns":3},{"damage":8,"enemies":"Orb Walker","floor":37,"turns":3},{"damage":41,"enemies":"2 Orb Walkers","floor":38,"turns":4},{"damage":30,"enemies":"Spire Growth","floor":41,"turns":4},{"damage":0,"enemies":"Maw","floor":47,"turns":6},{"damage":4,"enemies":"3 Darklings","floor":48,"turns":4},{"damage":44,"enemies":"Time Eater","floor":50,"turns":3}],"seed_played":"-4469261000127928472","potions_obtained":[{"floor":1.0,"key":"Fire Potion"},{"floor":8.0,"key":"SpeedPotion"},{"floor":11.0,"key":"DistilledChaos"},{"floor":16.0,"key":"AttackPotion"},{"floor":24.0,"key":"FearPotion"},{"floor":28.0,"key":"Strength Potion"},{"floor":33,"key":"theMarked:ChargePotion"},{"floor":48,"key":"FearPotion"}],"is_trial":false,"path_per_floor":["M","?","M","$","M","R","?","E","T","?","M","R","M","M","R","B",null,"M","?","$","M","?","R","?","M","T","R","M","M","M","?","R","B",null,"M","$","M","?","T","R","M","?","T","?","R","$","M","M","R","B"],"character_chosen":"THE_DEFAULT","items_purchased":["theMarked:ChainLightning","BookOfRevelations","BFFS","theMarked:Overcharge","theMarked:ComboAttacks","Boot"],"campfire_rested":1,"item_purchase_floors":[4,20,36,36,36,36],"current_hp_per_floor":[69,51,47,47,38,38,30,16,16,16,17,17,3,4,23,13,72,72,56,56,59,59,59,59,64,64,64,48,39,43,43,43,38,79,66,71,71,39,39,39,18,18,23,23,23,23,34,40,40,0,0],"gold":117,"neow_bonus":"ONE_RANDOM_RARE_CARD","is_daily":false,"chose_seed":false,"campfire_upgraded":8,"win_rate":0.0,"timestamp":1610469086,"path_taken":["M","?","M","$","M","R","?","E","T","?","M","R","M","M","R","BOSS","M","?","$","M","?","R","?","M","T","R","M","M","M","?","R","BOSS","M","$","M","?","?","R","M","?","T","?","R","?","M","M","R","BOSS"],"items_purchased_type":["Card","Relic","Relic","Card","Card","Relic"],"build_version":"2020-12-22","purchased_purges":0,"victory":false,"max_hp_per_floor":[70,70,70,70,70,70,70,70,70,65,65,65,65,65,65,65,72,72,72,72,72,72,72,72,72,72,72,72,72,72,72,72,72,79,79,79,79,79,79,79,79,79,79,79,79,79,79,79,79,79,79],"card_choices":[{"not_picked":["theMarked:WardOff","theMarked:ParalyzingBlade"],"picked":"theMarked:GodGivenPower","floor":1.0},{"not_picked":["theMarked:Electrocute","theMarked:WastefulDefense"],"picked":"theMarked:ChainLightning","floor":3.0},{"not_picked":["theMarked:TwofoldDefense","theMarked:BanishingStrike"],"picked":"theMarked:FavorableWinds","floor":5.0},{"not_picked":["theMarked:Overcharge","theMarked:Frustration"],"picked":"theMarked:MaelstromOfLightning","floor":7.0},{"not_picked":["theMarked:WastefulDefense","theMarked:HeightenedSenses"],"picked":"theMarked:StartUp","floor":8.0},{"not_picked":["theMarked:ChainLightning","theMarked:Parkour"],"picked":"theMarked:Generate","floor":11.0},{"not_picked":["theMarked:TwofoldDefense","theMarked:Panic"],"picked":"theMarked:Aftermath","floor":13.0},{"not_picked":["theMarked:Parry","theMarked:Parkour","theMarked:MuscleMemory"],"picked":"SKIP","floor":14.0},{"not_picked":["theMarked:TurnInvisible","theMarked:FavorableWinds"],"picked":"theMarked:SummonStrength","floor":16.0},{"not_picked":["theMarked:EmpowerWeapon","theMarked:RepellingDischarge+1"],"picked":"theMarked:PowerFlow","floor":18.0},{"not_picked":["theMarked:EmpowerWeapon+1","theMarked:Reabsorb","theMarked:ContemptForTheProud"],"picked":"SKIP","floor":21.0},{"not_picked":["theMarked:WastefulDefense","theMarked:EmpowerWeapon","theMarked:RepellingDischarge"],"picked":"SKIP","floor":25.0},{"not_picked":["theMarked:ThrowWeapon","theMarked:Indomitable"],"picked":"theMarked:Polarize","floor":28.0},{"not_picked":["theMarked:Aftermath","theMarked:ChainLightning"],"picked":"theMarked:RogueSparks+1","floor":29.0},{"not_picked":["theMarked:ChainLightning","theMarked:ParalyzingBlade+1","theMarked:Improvise"],"picked":"SKIP","floor":30.0},{"not_picked":["theMarked:ChainLightning","theMarked:Opportunist","theMarked:Parry+1"],"picked":"SKIP","floor":35},{"not_picked":["theMarked:KeepCalmAndFightOn+1","theMarked:EnhanceMovement+1","theMarked:TakeCover"],"picked":"SKIP","floor":37},{"not_picked":["theMarked:ElectricStrings+1","theMarked:KeepCalmAndFightOn"],"picked":"theMarked:WardOff+1","floor":38},{"not_picked":["theMarked:WastefulDefense","theMarked:Improvise","theMarked:LightningStrikesTwice+1"],"picked":"SKIP","floor":41},{"not_picked":[],"picked":"theMarked:Generate","floor":42},{"not_picked":["theMarked:WastefulAttack+1","theMarked:Improvise+1"],"picked":"theMarked:WardOff","floor":47},{"not_picked":["theMarked:WastefulDefense","theMarked:TurnInvisible"],"picked":"theMarked:BanishingStrike+1","floor":48}],"player_experience":119863,"relics_obtained":[{"floor":7.0,"key":"Odd Mushroom"},{"floor":8.0,"key":"PreservedInsect"},{"floor":9.0,"key":"Leech"},{"floor":19.0,"key":"Necronomicon"},{"floor":26.0,"key":"UnicornStump"},{"floor":34,"key":"Strawberry"},{"floor":34,"key":"TuHaoJin"},{"floor":34,"key":"Shovel"},{"floor":38,"key":"theMarked:KettuFlask"},{"floor":39,"key":"Molten Egg 2"},{"floor":43,"key":"Potion Belt"}],"event_choices":[{"damage_healed":0.0,"max_hp_gain":0.0,"max_hp_loss":0.0,"gold_gain":0.0,"event_name":"Scrap Ooze","player_choice":"Success","floor":2.0,"gold_loss":0.0,"damage_taken":18.0,"relics_obtained":["Ornamental Fan"]},{"damage_healed":0.0,"max_hp_gain":0.0,"max_hp_loss":0.0,"gold_gain":0.0,"event_name":"Mushrooms","player_choice":"Fought Mushrooms","floor":7.0,"gold_loss":0.0,"damage_taken":0.0},{"damage_healed":0.0,"max_hp_gain":0.0,"max_hp_loss":5.0,"gold_gain":0.0,"event_name":"Golden Idol","player_choice":"Lose Max HP","floor":10.0,"gold_loss":0.0,"damage_taken":0.0,"relics_obtained":["Golden Idol"]},{"damage_healed":0.0,"max_hp_gain":0.0,"max_hp_loss":0.0,"gold_gain":0.0,"event_name":"Cursed Tome","player_choice":"Obtained Book","floor":19.0,"gold_loss":0.0,"damage_taken":16.0},{"damage_healed":0.0,"max_hp_gain":0.0,"max_hp_loss":0.0,"gold_gain":0.0,"event_name":"Lab","player_choice":"Got Potions","floor":24.0,"gold_loss":0.0,"damage_taken":0.0},{"damage_healed":0.0,"max_hp_gain":0.0,"max_hp_loss":0.0,"gold_gain":0.0,"event_name":"Forgotten Altar","player_choice":"Gave Idol","floor":31.0,"relics_lost":["Golden Idol"],"gold_loss":0.0,"damage_taken":0.0,"relics_obtained":["Bloody Idol"]},{"damage_healed":0,"gold_gain":0,"player_choice":"Fight","damage_taken":0,"max_hp_gain":0,"max_hp_loss":0,"event_name":"Mysterious Sphere","floor":38,"gold_loss":0},{"cards_removed":["theMarked:Strike"],"damage_healed":0,"gold_gain":0,"player_choice":"Removed Attack","damage_taken":0,"max_hp_gain":0,"max_hp_loss":0,"event_name":"Falling","floor":44,"gold_loss":0}],"is_beta":false,"boss_relics":[{"not_picked":["Runic Dome","SacredBark"],"picked":"MagicMushroom"},{"not_picked":[]},{"not_picked":["Pandora\u0027s Box","Velvet Choker"],"picked":"Calling Bell"},{"not_picked":[]}],"items_purged_floors":[],"is_endless":false,"potions_floor_spawned":[1,8,11,16,25,28,30,33,41,48],"killed_by":"Time Eater","ascension_level":0}}