{"host":"bbdwwpc15nggbv3k","time":1610495614,"event":{"mods":["AchievementEnabler","Aspiration","BaseMod","BetterRewards","Colored Map","Colored Powertips","Conspire","Hermit","Hubris","Minty Spire (QoL Compilation)","StSLib","The Jungle"],"gold_per_floor":[109,75,92,105,123,155,167,208,288,334,346,371,383,405,417,524,536,558,589,611,393,308,308,337,337,337,337,215,226,246,33,33,138,188,205,215,17,33,47,47,47,47,126,141,141,141,141],"floor_reached":46,"language":"ENG","playtime":1465,"items_purged":[],"score":512,"play_id":"a154f5e6-59c4-4bb2-bce3-634a2c9e16b9","local_time":"20210112235334","is_ascension_mode":false,"campfire_choices":[{"data":"Rupture","floor":7,"key":"SMITH"},{"data":"Hemokinesis","floor":13,"key":"SMITH"},{"data":"Inflame","floor":15,"key":"SMITH"},{"floor":23,"key":"REST"},{"floor":25,"key":"REST"},{"data":"Rupture","floor":32,"key":"SMITH"},{"data":"Pommel Strike","floor":40,"key":"SMITH"},{"floor":45,"key":"REST"}],"circlet_count":0,"master_deck":["Strike_R","Strike_R","Strike_R","Strike_R+1","Defend_R","Defend_R","Defend_R","Defend_R","Bash","Hemokinesis+1","Thunderclap","Cleave","Rupture+1","Thunderclap","Twin Strike","Inflame+1","Demon Form","Flex","Pommel Strike+1","Demon Form","Brutality+1","Bludgeon","Pummel","Flex","Inflame+1","Rupture+1","Reaper","Flex","Pommel Strike+1","Cleave+1","Flex+1","Pommel Strike+1"],"relics":["Burning Blood","NeowsBlessing","MawBank","Ornamental Fan","Pantograph","conspire:Flyswatter","hubris:Icosahedron","conspire:SeveredTorchhead","Vajra","conspire:GiftBox","Anchor","Blood Vial","Lee\u0027s Waffle","Tiny House","MealTicket","hubris:TinFlute"],"acts_visited":["Exordium","TheCity","TheBeyond"],"potions_floor_usage":[6,10,12,18,19,29,29,36,36,36,38,44,44],"damage_taken":[{"damage":0,"enemies":"Cultist","floor":1,"turns":1},{"damage":0,"enemies":"2 Louse","floor":3,"turns":1},{"damage":0,"enemies":"Jaw Worm","floor":4,"turns":1},{"damage":12,"enemies":"Looter","floor":5,"turns":2},{"damage":16,"enemies":"Gremlin Nob","floor":6,"turns":3},{"damage":37,"enemies":"3 Sentries","floor":8,"turns":6},{"damage":8,"enemies":"Gremlin Nob","floor":10,"turns":4},{"damage":2,"enemies":"Red Slaver","floor":12,"turns":1},{"damage":0,"enemies":"Gremlin Gang","floor":14,"turns":1},{"damage":56,"enemies":"Hexaghost","floor":16,"turns":8},{"damage":16,"enemies":"conspire:FuzzyDice","floor":18,"turns":4},{"damage":11,"enemies":"3 Byrds","floor":19,"turns":4},{"damage":32,"enemies":"Centurion and Healer","floor":20,"turns":4},{"damage":28,"enemies":"Gremlin Leader","floor":24,"turns":4},{"damage":21,"enemies":"Snake Plant","floor":29,"turns":3},{"damage":25,"enemies":"conspire:HollyBat","floor":30,"turns":6},{"damage":67,"enemies":"Champ","floor":33,"turns":6},{"damage":42,"enemies":"3 Shapes","floor":35,"turns":4},{"damage":3,"enemies":"Orb Walker","floor":36,"turns":2},{"damage":26,"enemies":"4 Shapes","floor":38,"turns":3},{"damage":19,"enemies":"Transient","floor":39,"turns":5},{"damage":30,"enemies":"Maw","floor":44,"turns":6},{"damage":126,"enemies":"Giant Head","floor":46,"turns":6}],"seed_played":"-8391730143490596402","potions_obtained":[{"floor":4,"key":"BloodPotion"},{"floor":8,"key":"Weak Potion"},{"floor":10,"key":"DistilledChaos"},{"floor":16,"key":"Swift Potion"},{"floor":18,"key":"Weak Potion"},{"floor":24,"key":"Explosive Potion"},{"floor":33,"key":"Swift Potion"},{"floor":34,"key":"Regen Potion"},{"floor":35,"key":"Weak Potion"},{"floor":38,"key":"SteroidPotion"}],"is_trial":false,"path_per_floor":["M","$","M","M","M","E","R","E","T","E","?","M","R","M","R","B",null,"M","M","M","$","?","R","E","R","T","?","$","M","M","$","R","B",null,"M","M","$","M","M","R","?","$","T","M","R","E"],"character_chosen":"IRONCLAD","items_purchased":["Hemokinesis","Vajra","Demon Form","Pummel","ColorlessPotion","Lee\u0027s Waffle","Rupture","MealTicket","SteroidPotion"],"campfire_rested":3,"item_purchase_floors":[2,21,21,28,28,31,31,37,37],"current_hp_per_floor":[80,80,80,80,74,80,80,49,49,47,47,51,51,57,57,30,80,70,65,39,39,39,63,41,65,65,65,65,52,35,87,87,26,92,62,72,72,68,57,57,57,72,72,50,77,0,0],"gold":141,"neow_bonus":"THREE_ENEMY_KILL","is_daily":false,"chose_seed":false,"campfire_upgraded":5,"win_rate":0.0,"timestamp":1610495614,"path_taken":["M","$","?","M","?","E","R","E","T","E","?","M","R","M","R","BOSS","M","M","M","$","?","R","E","R","T","?","$","M","M","$","R","BOSS","M","M","$","M","M","R","?","$","T","?","R","E"],"items_purchased_type":["Card","Relic","Card","Card","Potion","Relic","Card","Relic","Potion"],"build_version":"2020-12-22","purchased_purges":0,"victory":false,"max_hp_per_floor":[80,80,80,80,80,80,80,80,80,80,80,80,80,80,80,80,80,80,80,80,80,80,80,80,80,80,80,80,80,80,87,87,87,92,92,92,92,92,92,92,92,92,92,92,92,92,92],"card_choices":[{"not_picked":["hubris:ReadiedAction","Shrug It Off","Feel No Pain"],"picked":"SKIP","floor":1},{"not_picked":["Entrench","Dark Embrace"],"picked":"Thunderclap","floor":3},{"not_picked":["Entrench","Bloodletting"],"picked":"Cleave","floor":4},{"not_picked":["Armaments","Second Wind","Shrug It Off"],"picked":"SKIP","floor":5},{"not_picked":["Sever Soul","Entrench"],"picked":"Rupture","floor":6},{"not_picked":["Entrench","Disarm"],"picked":"Thunderclap","floor":8},{"not_picked":["Body Slam","Second Wind"],"picked":"Twin Strike","floor":10},{"not_picked":["Shockwave","Dark Embrace","Armaments"],"picked":"SKIP","floor":12},{"not_picked":["Body Slam","Metallicize"],"picked":"Inflame","floor":14},{"not_picked":["hubris:StunningStrike","Impervious"],"picked":"Demon Form","floor":16},{"not_picked":["Shrug It Off+1","Thunderclap","Body Slam"],"picked":"SKIP","floor":18},{"not_picked":["Entrench","Warcry"],"picked":"Flex","floor":19},{"not_picked":["Clash","Feel No Pain"],"picked":"Pommel Strike","floor":20},{"not_picked":["Reaper","Corruption"],"picked":"Brutality","floor":22},{"not_picked":["Iron Wave+1","Armaments"],"picked":"Bludgeon","floor":24},{"not_picked":["hubris:CleavingFinish","Feel No Pain+1"],"picked":"Flex","floor":29},{"not_picked":["Cleave+1","Pommel Strike"],"picked":"Inflame+1","floor":30},{"not_picked":["Feed","Berserk"],"picked":"Reaper","floor":33},{"not_picked":["Metallicize","Sever Soul"],"picked":"Flex","floor":34},{"not_picked":["Flex","Clash+1"],"picked":"Pommel Strike+1","floor":35},{"not_picked":["Twin Strike","hubris:ReadiedAction"],"picked":"Cleave+1","floor":36},{"not_picked":["Pummel+1","hubris:StunningStrike","hubris:ReadiedAction+1"],"picked":"SKIP","floor":38},{"not_picked":["Perfected Strike","Second Wind"],"picked":"Flex+1","floor":39},{"not_picked":["Thunderclap+1","Second Wind+1"],"picked":"Pommel Strike+1","floor":44}],"player_experience":501,"relics_obtained":[{"floor":6,"key":"MawBank"},{"floor":8,"key":"Ornamental Fan"},{"floor":9,"key":"Pantograph"},{"floor":10,"key":"conspire:Flyswatter"},{"floor":24,"key":"Anchor"},{"floor":26,"key":"Blood Vial"},{"floor":43,"key":"hubris:TinFlute"}],"event_choices":[{"damage_healed":0,"gold_gain":0,"player_choice":"Obtained Relic","damage_taken":0,"relics_obtained":["conspire:GiftBox"],"max_hp_gain":0,"max_hp_loss":0,"event_name":"Addict","floor":22,"gold_loss":85},{"cards_removed":["Strike_R"],"damage_healed":0,"gold_gain":0,"player_choice":"Purged","damage_taken":0,"max_hp_gain":0,"max_hp_loss":0,"event_name":"Purifier","floor":41,"gold_loss":0}],"is_beta":false,"boss_relics":[{"not_picked":["Snecko Eye","aspiration:RunicSpoon"],"picked":"conspire:SeveredTorchhead"},{"not_picked":["hubris:HollowSoul","conspire:RunicOctahedron"],"picked":"Tiny House"}],"items_purged_floors":[],"is_endless":false,"potions_floor_spawned":[4,8,10,16,18,24,33,35,38],"killed_by":"Giant Head","ascension_level":0}}