{"host":"y4sghvfd0ewtcchd","time":1610473794,"event":{"mods":["Aspiration","BaseMod","Better Debug","Better Note","Better Third Choice","BetterRewards","Block Reminder","Colored Map","Colored Powertips","Downfall","Highlight Path","Hubris","Infinite Spire","Minty Spire (QoL Compilation)","Relic Sorter","Relic Stats","Replay The Spire","Shop Mod","StSLib","The Jungle","The Saiyan"],"gold_per_floor":[112,131,95,115,115,115,16,31,55,55,71,100,100,120,120,216,216,232,243,243,257,267,267,267,293,293,328,339,355,455,483,483,581,581,598,598,598,598,598,45,79,79,79],"floor_reached":42,"playtime":2175,"items_purged":["Blizzard","Replay:UnknownCurse"],"score":852,"play_id":"cd00d742-9182-4abb-b315-41ddfb009e69","local_time":"20210112204954","is_ascension_mode":true,"campfire_choices":[{"data":"Storm","floor":6.0,"key":"SMITH"},{"data":"Double Energy","floor":10.0,"key":"SMITH"},{"data":"Zap","floor":15.0,"key":"SMITH"},{"data":"FIFO Queue","floor":23.0,"key":"SMITH"},{"data":"Redo","floor":24.0,"key":"SMITH"},{"floor":32.0,"key":"RECALL"},{"floor":39.0,"key":"REST"}],"circlet_count":0,"master_deck":["Zap+1","Dualcast","Storm+1","ReplayTheSpireMod:Calculation Training","expansioncontent:DefensiveStance","Storm+1","Turbo","Double Energy+1","Self Repair","hubris:Ukulele","Loop","Steam","hubris:Ukulele","Defragment","BootSequence","Echo Form","Darkness","Electrodynamics","Redo+1","Self Repair","FTL+1","Stack","FIFO Queue+1","Creative AI","expansioncontent:BronzeBeam","ReplayTheSpireMod:Chaos Vortex","hubris:InfiniteBlow+22","Steam+1","Defragment","Barrage+1","Biased Cognition","Capacitor","Skim","expansioncontent:StudyTheSpire"],"relics":["Cracked Core","Oddly Smooth Stone","Solar Panel","MealTicket","aspiration:Lifesprig","Bottled Lightning","Pandora\u0027s Box","ReplayTheSpireMod:SealedPack","WingedGreaves","aspiration:Stabinomicon","Whetstone","Bird Faced Urn","aspiration:StickyExplosives_weak","Toy Ornithopter","Fusion Hammer","Prayer Wheel","ReplayTheSpireMod:Lightbulb","Replay:Multitool"],"acts_visited":["Exordium","TheCity","TheBeyond","TheEnding"],"potions_floor_usage":[42],"damage_taken":[{"damage":12.0,"enemies":"Small Slimes","floor":1.0,"turns":4.0},{"damage":6.0,"enemies":"Cultist","floor":2.0,"turns":4.0},{"damage":7.0,"enemies":"Jaw Worm","floor":4.0,"turns":3.0},{"damage":11.0,"enemies":"Exordium Thugs","floor":8.0,"turns":2.0},{"damage":24.0,"enemies":"Exordium Wildlife","floor":11.0,"turns":4.0},{"damage":10.0,"enemies":"Gremlin Nob","floor":12.0,"turns":3.0},{"damage":0.0,"enemies":"Red Slaver","floor":14.0,"turns":2.0},{"damage":18.0,"enemies":"Hexaghost","floor":16.0,"turns":7.0},{"damage":15.0,"enemies":"Shell Parasite","floor":18.0,"turns":3.0},{"damage":26.0,"enemies":"3 Byrds","floor":19.0,"turns":4.0},{"damage":0.0,"enemies":"Centurion and Healer","floor":21.0,"turns":3.0},{"damage":18.0,"enemies":"Snecko","floor":22.0,"turns":3.0},{"damage":15.0,"enemies":"Book of Stabbing","floor":25.0,"turns":3.0},{"damage":33.0,"enemies":"Gremlin Leader","floor":27.0,"turns":4.0},{"damage":8.0,"enemies":"Snake Plant","floor":28.0,"turns":3.0},{"damage":11.0,"enemies":"Sentry and Sphere","floor":29.0,"turns":3.0},{"damage":16.0,"enemies":"Colosseum Slavers","floor":30.0,"turns":4.0},{"damage":0.0,"enemies":"Colosseum Nobs","floor":30.0,"turns":3.0},{"damage":24.0,"enemies":"Book of Stabbing","floor":31.0,"turns":3.0},{"damage":17.0,"enemies":"Champ","floor":33.0,"turns":6.0},{"damage":0.0,"enemies":"3 Shapes","floor":35.0,"turns":3.0},{"damage":43.0,"enemies":"Donu and Deca","floor":37.0,"turns":4.0},{"damage":61.0,"enemies":"Shield and Spear","floor":41.0,"turns":4.0},{"damage":62,"enemies":"The Heart","floor":42,"turns":2}],"seed_played":"6013532414808755901","potions_obtained":[{"floor":1.0,"key":"Fire Potion"},{"floor":8.0,"key":"sneckomod:MuddlingPotion"},{"floor":11.0,"key":"EssenceOfSteel"},{"floor":16.0,"key":"SteroidPotion"},{"floor":19.0,"key":"champ:CounterPotion"},{"floor":22.0,"key":"Block Potion"},{"floor":25.0,"key":"SkillPotion"},{"floor":30.0,"key":"ColorlessPotion"},{"floor":31.0,"key":"FocusPotion"}],"is_trial":false,"path_per_floor":["M","M","$","M","?","R","$","M","T","R","M","E","?","M","R","B",null,"M","M","AVR","M","M","R","R","E","T","E","M","M","?","E","R","B",null,"M","?","B",null,"R","$","E","B"],"character_chosen":"DEFECT","items_purchased":["Oddly Smooth Stone","Storm","ReplayTheSpireMod:Calculation Training","expansioncontent:DefensiveStance","Storm","Solar Panel","MealTicket","Self Repair","Loop","Steam","Capacitor","Skim","ReplayTheSpireMod:Lightbulb","expansioncontent:StudyTheSpire"],"campfire_rested":1,"item_purchase_floors":[0,0,0,0,0,0,0,3,7,7,40,40,40,40],"current_hp_per_floor":[27,25,40,39,39,39,54,47,47,47,36,32,32,38,38,33,65,70,72,72,75,61,61,61,67,67,58,62,72,75,75,75,75,75,75,75,66,73,75,75,46,0,0],"gold":79,"neow_bonus":"","is_daily":false,"chose_seed":false,"campfire_upgraded":5,"win_rate":0.0,"timestamp":1610473794,"path_taken":["M","M","$","M","?","R","?","M","T","R","?","E","?","M","R","BOSS","M","M","AVR","M","M","R","R","E","T","E","M","M","?","E","R","BOSS","M","?","BOSS","R","$","E","BOSS"],"items_purchased_type":["Relic","Card","Card","Card","Card","Relic","Relic","Card","Card","Card","Card","Card","Relic","Card"],"build_version":"2020-12-22","purchased_purges":2,"victory":false,"max_hp_per_floor":[75,75,75,75,75,75,75,75,75,75,75,75,75,75,75,75,75,75,75,75,75,75,75,75,75,75,75,75,75,75,75,75,75,75,75,75,75,75,75,75,75,75,75],"relic_stats":{"counters":[46,195],"Bird Faced Urn":[47],"MealTicket":30,"Pandora\u0027s Box":["Blizzard","Darkness","Electrodynamics","Redo","Self Repair","FTL","Stack"],"Prayer Wheel":0,"Whetstone":["FTL","hubris:InfiniteBlow"],"obtain_stats":[{"Solar Panel":0,"Carrot":0,"aspiration:Lifesprig":9,"SacredBark":17,"aspiration:TomeofQuesting":10,"hubris:SlimyHat":43,"aspiration:Stabinomicon":25,"Replay:Multitool":41,"Whetstone":27,"Replay:Mystery Machine":7,"ClockworkSouvenir":23,"aspiration:StickyExplosives_weak":30,"Blood Vial":0,"Centennial Puzzle":27,"Chameleon Ring":45,"Replay:Bronze Core":17,"Philosopher\u0027s Stone":17,"MealTicket":0,"Prayer Wheel":37,"WingedGreaves":20,"Fusion Hammer":34,"Toxic Egg 2":5,"Cracked Core":0,"Replay:Drink Me":21,"Lee\u0027s Waffle":0,"BargainBundle":0,"Inserter":48,"NeowsBlessing":0,"Replay:Grab Bag":17,"Velvet Choker":34,"Oddly Smooth Stone":0,"Eternal Feather":20,"ReplayTheSpireMod:SealedPack":20,"Geode":30,"Question Card":47,"Du-Vu Doll":24,"Bird Faced Urn":30,"Orrery":48,"Pandora\u0027s Box":17,"Bottled Lightning":12,"ReplayTheSpireMod:Lightbulb":40,"Toy Ornithopter":31,"ReplayTheSpireMod:ShopPack":21,"hubris:BottledRain":26},{"Solar Panel":22,"Carrot":0,"aspiration:Lifesprig":26,"SacredBark":7,"aspiration:TomeofQuesting":5,"hubris:SlimyHat":17,"aspiration:Stabinomicon":35,"Replay:Multitool":45,"Whetstone":36,"Replay:Mystery Machine":4,"ClockworkSouvenir":9,"aspiration:StickyExplosives_weak":40,"Blood Vial":0,"Centennial Puzzle":10,"Chameleon Ring":19,"Replay:Bronze Core":7,"Philosopher\u0027s Stone":7,"MealTicket":22,"Prayer Wheel":44,"WingedGreaves":32,"Fusion Hammer":42,"Toxic Egg 2":3,"Cracked Core":0,"Replay:Drink Me":8,"Lee\u0027s Waffle":0,"BargainBundle":22,"Inserter":21,"NeowsBlessing":0,"Replay:Grab Bag":7,"Velvet Choker":14,"Oddly Smooth Stone":22,"Eternal Feather":8,"ReplayTheSpireMod:SealedPack":32,"Geode":12,"Question Card":21,"Du-Vu Doll":9,"Bird Faced Urn":40,"Orrery":21,"Pandora\u0027s Box":30,"Bottled Lightning":28,"ReplayTheSpireMod:Lightbulb":44,"Toy Ornithopter":41,"ReplayTheSpireMod:ShopPack":8,"hubris:BottledRain":9},{"Solar Panel":111,"Carrot":0,"aspiration:Lifesprig":124,"SacredBark":30,"aspiration:TomeofQuesting":17,"hubris:SlimyHat":85,"aspiration:Stabinomicon":156,"Replay:Multitool":193,"Whetstone":160,"Replay:Mystery Machine":13,"ClockworkSouvenir":37,"aspiration:StickyExplosives_weak":173,"Blood Vial":0,"Centennial Puzzle":42,"Chameleon Ring":98,"Replay:Bronze Core":30,"Philosopher\u0027s Stone":30,"MealTicket":111,"Prayer Wheel":188,"WingedGreaves":147,"Fusion Hammer":182,"Toxic Egg 2":7,"Cracked Core":0,"Replay:Drink Me":33,"Lee\u0027s Waffle":0,"BargainBundle":111,"Inserter":104,"NeowsBlessing":0,"Replay:Grab Bag":30,"Velvet Choker":72,"Oddly Smooth Stone":111,"Eternal Feather":33,"ReplayTheSpireMod:SealedPack":147,"Geode":57,"Question Card":104,"Du-Vu Doll":37,"Bird Faced Urn":173,"Orrery":104,"Pandora\u0027s Box":140,"Bottled Lightning":131,"ReplayTheSpireMod:Lightbulb":189,"Toy Ornithopter":176,"ReplayTheSpireMod:ShopPack":33,"hubris:BottledRain":37}],"Toy Ornithopter":10},"card_choices":[{"not_picked":["Go for the Eyes","Compile Driver"],"picked":"Turbo","floor":1.0},{"not_picked":["Streamline","Reinforced Body"],"picked":"Double Energy","floor":2.0},{"not_picked":["Rebound","Auto Shields"],"picked":"hubris:Ukulele","floor":4.0},{"not_picked":["Auto Shields","Beam Cell"],"picked":"hubris:Ukulele","floor":8.0},{"not_picked":["Cold Snap","Steam Power","Ball Lightning"],"picked":"SKIP","floor":11.0},{"not_picked":["Panic Button","Mirror Shield"],"picked":"Defragment","floor":12.0},{"not_picked":["Panic Button","Beam Cell"],"picked":"BootSequence","floor":14.0},{"not_picked":["Mirror Shield","Hyperbeam"],"picked":"Echo Form","floor":16.0},{"not_picked":["Steam","BasicCrystalCard"],"picked":"FIFO Queue","floor":18.0},{"not_picked":["Go for the Eyes","Sweeping Beam","BootSequence"],"picked":"SKIP","floor":19.0},{"not_picked":["Fission","Meteor Strike"],"picked":"Creative AI","floor":20.0},{"not_picked":["expansioncontent:ManipulateTime","expansioncontent:Torchfire"],"picked":"expansioncontent:BronzeBeam","floor":20.0},{"not_picked":["infinitespire:Oblivion","infinitespire:Menacing"],"picked":"ReplayTheSpireMod:Chaos Vortex","floor":20.0},{"not_picked":["Steam","Streamline","Beam Cell"],"picked":"SKIP","floor":21.0},{"not_picked":["Hologram","Beam Cell","Streamline"],"picked":"SKIP","floor":22.0},{"not_picked":["Beam Cell","Fusion"],"picked":"Steam+1","floor":25.0},{"not_picked":["Stack","Redo","FTL"],"picked":"SKIP","floor":27.0},{"not_picked":["Sweeping Beam+1","Streamline+1"],"picked":"ReplayTheSpireMod:Fabricate Wheel","floor":28.0},{"not_picked":["Sunder","Sweeping Beam"],"picked":"Defragment","floor":29.0},{"not_picked":["Panic Button","Redo"],"picked":"Barrage+1","floor":30.0},{"not_picked":["Go for the Eyes","Cold Snap","Ball Lightning"],"picked":"SKIP","floor":31.0},{"not_picked":["Hyperbeam","Mirror Shield"],"picked":"Biased Cognition","floor":33.0},{"not_picked":["aspiration:Polymerization+1","Hologram+1","Compile Driver"],"picked":"SKIP","floor":35.0},{"not_picked":["Go for the Eyes","Coolheaded+1","Rebound+1"],"picked":"SKIP","floor":41.0}],"player_experience":547428,"relics_obtained":[{"floor":9.0,"key":"aspiration:Lifesprig"},{"floor":12.0,"key":"Bottled Lightning"},{"floor":25.0,"key":"aspiration:Stabinomicon"},{"floor":27.0,"key":"Whetstone"},{"floor":30.0,"key":"Bird Faced Urn"},{"floor":30.0,"key":"aspiration:StickyExplosives_weak"},{"floor":31.0,"key":"Toy Ornithopter"},{"floor":41.0,"key":"Replay:Multitool"}],"event_choices":[{"damage_healed":0.0,"max_hp_gain":0.0,"max_hp_loss":0.0,"gold_gain":0.0,"event_name":"Upgrade Shrine","player_choice":"Upgraded","floor":5.0,"gold_loss":0.0,"damage_taken":0.0,"cards_upgraded":["Storm"]},{"cards_removed":["Strike_B"],"damage_healed":0.0,"max_hp_gain":0.0,"max_hp_loss":0.0,"gold_gain":0.0,"event_name":"Purifier","player_choice":"Purged","floor":13.0,"gold_loss":0.0,"damage_taken":0.0},{"damage_healed":0.0,"max_hp_gain":0.0,"max_hp_loss":0.0,"gold_gain":0.0,"event_name":"Colosseum","player_choice":"Fight","floor":30.0,"gold_loss":0.0,"damage_taken":0.0},{"damage_healed":0.0,"max_hp_gain":0.0,"max_hp_loss":0.0,"gold_gain":0.0,"event_name":"Colosseum","player_choice":"Fought Nobs","floor":30.0,"gold_loss":0.0,"damage_taken":0.0},{"damage_healed":0.0,"max_hp_gain":0.0,"max_hp_loss":0.0,"gold_gain":0.0,"event_name":"betterThird:BetterPortal","player_choice":"Portal","floor":36.0,"gold_loss":0.0,"damage_taken":0.0}],"is_beta":false,"boss_relics":[{"not_picked":["Runic Dome","Runic Pyramid"],"picked":"Pandora\u0027s Box"},{"not_picked":["hubris:RunicObelisk","hubris:HollowSoul"],"picked":"Fusion Hammer"}],"items_purged_floors":[20,40],"is_endless":false,"potions_floor_spawned":[1,8,11,12,16,19,22,25,30,30,31],"killed_by":"The Heart","ascension_level":7}}