{"host":"c3lc60y5x60jlt1y","time":1610461718,"event":{"mods":["AchievementEnabler","BaseMod","Bestiary","Colored Map","Minty Spire (QoL Compilation)","Quick Restart","StSLib","ojb\u0027s Info Mod"],"gold_per_floor":[110,110,385,396,412,412,441,455,455,67,81,157,157,2,2,105,105,85,104,29,29,44,44,44,44],"floor_reached":24,"playtime":4267,"items_purged":["Regret"],"score":283,"play_id":"2e16a8b2-81d5-4d8b-afe3-60d8565b49b6","local_time":"20210112162838","is_ascension_mode":true,"campfire_choices":[{"data":"Turbo","floor":6,"key":"SMITH"},{"floor":13,"key":"REST"},{"data":"Capacitor","floor":15,"key":"SMITH"},{"data":"Fission","floor":23,"key":"SMITH"}],"circlet_count":0,"master_deck":["Strike_B","Strike_B","Defend_B+1","Defend_B","Defend_B","Zap+1","Dualcast","PanicButton","Stack","Ball Lightning","Turbo+1","Darkness","Undo","Buffer","Genetic Algorithm","Capacitor+1","Fission+1","Self Repair","Heatsinks","Beam Cell","Defragment"],"relics":["Cracked Core","Torii","Symbiotic Virus","Singing Bowl","Orrery","Cables","Coffee Dripper"],"acts_visited":["Exordium","TheCity"],"potions_floor_usage":[11,19,22,24],"damage_taken":[{"damage":5,"enemies":"Small Slimes","floor":1,"turns":3},{"damage":2,"enemies":"Jaw Worm","floor":4,"turns":4},{"damage":2,"enemies":"Cultist","floor":5,"turns":3},{"damage":46,"enemies":"3 Sentries","floor":7,"turns":10},{"damage":3,"enemies":"Exordium Thugs","floor":8,"turns":5},{"damage":4,"enemies":"Large Slime","floor":11,"turns":5},{"damage":0,"enemies":"Slime Boss","floor":16,"turns":5},{"damage":24,"enemies":"2 Thieves","floor":18,"turns":4},{"damage":27,"enemies":"3 Byrds","floor":19,"turns":7},{"damage":20,"enemies":"Snecko","floor":22,"turns":7},{"damage":28,"enemies":"Gremlin Leader","floor":24,"turns":6}],"seed_played":"625583850248209036","potions_obtained":[{"floor":1,"key":"LiquidMemories"},{"floor":5,"key":"FearPotion"},{"floor":8,"key":"FearPotion"},{"floor":18,"key":"Swift Potion"},{"floor":19,"key":"AttackPotion"}],"is_trial":false,"path_per_floor":["M","?","?","M","M","R","E","M","T","$","M","T","R","$","R","B",null,"M","M","?","?","M","R","E"],"character_chosen":"DEFECT","items_purchased":["Singing Bowl","Orrery","Capacitor"],"campfire_rested":1,"item_purchase_floors":[10,10,14],"current_hp_per_floor":[70,55,55,53,51,51,5,2,2,8,6,6,30,30,30,30,83,59,41,41,41,28,28,0,0],"gold":44,"neow_bonus":"RANDOM_COLORLESS","is_daily":false,"chose_seed":false,"campfire_upgraded":3,"win_rate":0.0,"timestamp":1610461718,"path_taken":["M","?","?","?","M","R","E","M","T","$","M","?","R","?","R","BOSS","M","M","?","?","M","R","E"],"items_purchased_type":["Relic","Relic","Card"],"build_version":"2020-12-22","purchased_purges":1,"victory":false,"max_hp_per_floor":[75,75,75,75,75,75,75,75,75,81,83,83,83,83,83,83,83,83,85,85,85,85,85,85,85],"card_choices":[{"not_picked":["Purity","Forethought"],"picked":"PanicButton","floor":0},{"not_picked":["Compile Driver","Gash"],"picked":"Stack","floor":1},{"not_picked":["Sweeping Beam","Reprogram"],"picked":"Ball Lightning","floor":4},{"not_picked":["Conserve Battery","Hologram"],"picked":"Turbo","floor":5},{"not_picked":["Stack","Coolheaded"],"picked":"Darkness","floor":7},{"not_picked":["Conserve Battery","Blizzard"],"picked":"Undo","floor":8},{"not_picked":["Capacitor","Coolheaded"],"picked":"Buffer","floor":10},{"not_picked":["Redo","Recycle","Auto Shields"],"picked":"Singing Bowl","floor":10},{"not_picked":["Blizzard","Steam Power"],"picked":"Genetic Algorithm","floor":10},{"not_picked":["Sweeping Beam","Steam","White Noise"],"picked":"Singing Bowl","floor":10},{"not_picked":["Beam Cell","Turbo","Ball Lightning"],"picked":"Singing Bowl","floor":10},{"not_picked":["Gash","Streamline","Scrape"],"picked":"Singing Bowl","floor":11},{"not_picked":["Echo Form","Multi-Cast"],"picked":"Fission","floor":16},{"not_picked":["Reinforced Body","Stack"],"picked":"Self Repair","floor":18},{"not_picked":["Cold Snap","Turbo","Compile Driver"],"picked":"Singing Bowl","floor":19},{"not_picked":["Redo+1","Coolheaded+1"],"picked":"Defragment","floor":22}],"player_experience":7943625,"relics_obtained":[{"floor":7,"key":"Torii"},{"floor":9,"key":"Symbiotic Virus"},{"floor":12,"key":"Cables"}],"event_choices":[{"damage_healed":0,"gold_gain":0,"player_choice":"Entered Light","damage_taken":15,"max_hp_gain":0,"max_hp_loss":0,"event_name":"Shining Light","floor":2,"gold_loss":0,"cards_upgraded":["Defend_B","Zap"]},{"damage_healed":0,"gold_gain":275,"player_choice":"Desecrate","damage_taken":0,"max_hp_gain":0,"max_hp_loss":0,"event_name":"Golden Shrine","floor":3,"gold_loss":0,"cards_obtained":["Regret"]},{"cards_removed":["Strike_B"],"damage_healed":0,"gold_gain":0,"player_choice":"Gave Gold","damage_taken":0,"max_hp_gain":0,"max_hp_loss":0,"event_name":"Beggar","floor":20,"gold_loss":75},{"damage_healed":0,"gold_gain":0,"cards_transformed":["Strike_B","Defend_B"],"player_choice":"Became Test Subject","damage_taken":0,"max_hp_gain":0,"max_hp_loss":0,"event_name":"Drug Dealer","floor":21,"gold_loss":0,"cards_obtained":["Heatsinks","Beam Cell"]}],"is_beta":false,"boss_relics":[{"not_picked":["Black Star","FrozenCore"],"picked":"Coffee Dripper"}],"items_purged_floors":[14],"is_endless":false,"potions_floor_spawned":[1,5,8,18,19],"killed_by":"Gremlin Leader","ascension_level":3}}