{"host":"Connor","time":1610484867,"event":{"mods":["Aspiration","BaseMod","Downfall","Hubris","Marisa????????","Minty Spire (QoL Compilation)","Replay The Spire","StSLib","The Cursed","The Jungle","The Servant 0.9.4"],"gold_per_floor":[13,29,29,29,45,45,75,88,88,88,88],"floor_reached":10,"language":"ENG","playtime":309,"items_purged":[],"score":133,"play_id":"8d0e42d6-f0d3-446d-96df-1c64ee77a96a","local_time":"20210112125427","is_ascension_mode":true,"campfire_choices":[{"data":"Metallicize","floor":6,"key":"SMITH"}],"circlet_count":0,"master_deck":["AscendersBane","Strike_R+1","Strike_R","Strike_R","Defend_R","Defend_R","Defend_R","Bash+1","Metallicize+1","Rage","Armaments"],"relics":["Burning Blood","Whetstone"],"acts_visited":["Exordium"],"potions_floor_usage":[10],"damage_taken":[{"damage":9,"enemies":"Jaw Worm","floor":1,"turns":4},{"damage":3,"enemies":"2 Louse","floor":2,"turns":4},{"damage":6,"enemies":"Cultist","floor":5,"turns":4},{"damage":48,"enemies":"Lagavulin","floor":7,"turns":8},{"damage":8,"enemies":"Gremlin Gang","floor":8,"turns":7},{"damage":18,"enemies":"3 Sentries","floor":10,"turns":7}],"seed_played":"8241186652681526696","potions_obtained":[{"floor":7,"key":"Energy Potion"}],"is_trial":false,"path_per_floor":["M","M","?","?","M","R","E","M","T","E"],"character_chosen":"IRONCLAD","items_purchased":[],"campfire_rested":0,"item_purchase_floors":[],"current_hp_per_floor":[65,68,68,57,57,57,15,13,13,0,0],"gold":88,"neow_bonus":"REMOVE_TWO","is_daily":false,"chose_seed":false,"campfire_upgraded":1,"win_rate":0.0,"timestamp":1610484867,"path_taken":["M","M","?","?","M","R","E","?","T","E"],"items_purchased_type":[],"build_version":"2020-12-18","purchased_purges":0,"victory":false,"max_hp_per_floor":[75,75,75,75,75,75,75,75,75,75,75],"card_choices":[{"not_picked":["Perfected Strike","Run Through","True Grit"],"picked":"SKIP","floor":1},{"not_picked":["Run Through","Sword Boomerang"],"picked":"Metallicize","floor":2},{"not_picked":["hubris:ReadiedAction","Havoc","Anger"],"picked":"SKIP","floor":5},{"not_picked":["Bloodletting","Life Link"],"picked":"Rage","floor":7},{"not_picked":["Pummel","Run Through"],"picked":"Armaments","floor":8}],"player_experience":616662,"relics_obtained":[{"floor":7,"key":"Whetstone"}],"event_choices":[{"cards_removed":["Defend_R"],"damage_healed":0,"gold_gain":0,"player_choice":"Forget","damage_taken":0,"max_hp_gain":0,"max_hp_loss":0,"event_name":"Living Wall","floor":3,"gold_loss":0},{"damage_healed":0,"gold_gain":0,"player_choice":"Damaged","damage_taken":11,"max_hp_gain":0,"max_hp_loss":0,"event_name":"Wheel of Change","floor":4,"gold_loss":0}],"is_beta":true,"boss_relics":[],"items_purged_floors":[],"is_endless":false,"potions_floor_spawned":[7],"killed_by":"3 Sentries","ascension_level":19}}