{"host":"ecaj4hn004xnnrw9","time":1610481571,"event":{"mods":["AchievementEnabler","BaseMod","Hermit","Minty Spire (QoL Compilation)","Quick Restart","Replay The Spire","Shop Mod","StSLib","The Jungle"],"gold_per_floor":[117,117,128,78,78,106,106,138,138,169,179,209,222,44,44,140,140,158,158,240,254,254,254,254],"floor_reached":23,"language":"ENG","playtime":729,"items_purged":["Strike_R"],"score":336,"play_id":"89cdf41e-ef27-45d8-9512-94a3bcfeb026","local_time":"20210112195931","is_ascension_mode":true,"campfire_choices":[{"data":"Strike_R","floor":7,"key":"PURGE"},{"data":"Defend_R","floor":15,"key":"PURGE"}],"circlet_count":0,"master_deck":["AscendersBane","Strike_R","Defend_R","Defend_R","Defend_R","Bash","Uppercut+1","Shrug It Off","Spot Weakness","ReplayTheSpireMod:LeadingStrike","Cleave","Shrug It Off","Rage","True Grit","Corruption"],"relics":["Burning Blood","Peace Pipe","Paper Frog","Pen Nib","Blue Candle","Unceasing Top","Ooze Armor","Bottled Lightning","Nloth\u0027s Gift"],"acts_visited":["Exordium","TheCity"],"potions_floor_usage":[8,12,13,16,21,23],"damage_taken":[{"damage":14,"enemies":"2 Louse","floor":1,"turns":3},{"damage":6,"enemies":"Cultist","floor":3,"turns":3},{"damage":15,"enemies":"Gremlin Nob","floor":6,"turns":4},{"damage":5,"enemies":"3 Sentries","floor":8,"turns":6},{"damage":40,"enemies":"Lagavulin","floor":10,"turns":6},{"damage":4,"enemies":"Small Slimes","floor":11,"turns":5},{"damage":12,"enemies":"Gremlin Nob","floor":12,"turns":4},{"damage":0,"enemies":"3 Louse","floor":13,"turns":3},{"damage":2,"enemies":"The Guardian","floor":16,"turns":9},{"damage":12,"enemies":"Spheric Guardian","floor":18,"turns":4},{"damage":31,"enemies":"2 Thieves","floor":21,"turns":4},{"damage":31,"enemies":"Slavers","floor":23,"turns":3}],"seed_played":"4907972257194284897","potions_obtained":[{"floor":3,"key":"SneckoOil"},{"floor":11,"key":"HeartOfIron"},{"floor":12,"key":"Adrenaline Potion"},{"floor":13,"key":"Dexterity Potion"},{"floor":21,"key":"Explosive Potion"}],"is_trial":false,"path_per_floor":["M","?","M","?","?","E","R","E","T","E","M","E","M","$","R","B",null,"M","?","T","M","?","E"],"character_chosen":"IRONCLAD","items_purchased":["True Grit","Weak Potion"],"campfire_rested":0,"item_purchase_floors":[14,14],"current_hp_per_floor":[64,64,64,64,64,55,55,56,56,22,24,18,24,24,24,28,61,55,55,55,30,30,0,0],"gold":254,"neow_bonus":"ONE_RARE_RELIC","is_daily":false,"chose_seed":false,"campfire_upgraded":0,"win_rate":0.0,"timestamp":1610481571,"path_taken":["M","?","?","?","?","E","R","E","T","E","?","E","?","$","R","BOSS","M","?","?","M","?","E"],"items_purchased_type":["Card","Potion"],"build_version":"2020-12-22","purchased_purges":1,"victory":false,"max_hp_per_floor":[72,72,72,72,72,72,72,72,72,72,72,72,72,72,72,72,72,72,72,72,72,72,72,72],"card_choices":[{"not_picked":["Heavy Blade","Perfected Strike"],"picked":"Uppercut","floor":1},{"not_picked":["Clash","Abandon"],"picked":"Shrug It Off","floor":3},{"not_picked":["Sentinel","Searing Blow"],"picked":"Spot Weakness","floor":6},{"not_picked":["Heavy Blade","Clash","Headbutt"],"picked":"SKIP","floor":8},{"not_picked":["Hemokinesis","Thunderclap"],"picked":"ReplayTheSpireMod:LeadingStrike","floor":10},{"not_picked":["Clash","Headbutt"],"picked":"Cleave","floor":11},{"not_picked":["Power Through","Intimidate"],"picked":"Shrug It Off","floor":12},{"not_picked":["Bloodletting","Life Link"],"picked":"Rage","floor":13},{"not_picked":["Hemogenesis","Exhume"],"picked":"Corruption","floor":16},{"not_picked":["Cleave","Havoc","Run Through"],"picked":"SKIP","floor":18},{"not_picked":["Armaments","Twin Strike","Run Through"],"picked":"SKIP","floor":21}],"player_experience":289727,"relics_obtained":[{"floor":6,"key":"Paper Frog"},{"floor":8,"key":"Tiny Chest"},{"floor":9,"key":"Pen Nib"},{"floor":10,"key":"Blue Candle"},{"floor":12,"key":"Unceasing Top"},{"floor":20,"key":"Bottled Lightning"}],"event_choices":[{"cards_removed":["Strike_R"],"damage_healed":0,"gold_gain":0,"player_choice":"Purged","damage_taken":0,"max_hp_gain":0,"max_hp_loss":0,"event_name":"Purifier","floor":2,"gold_loss":0},{"cards_removed":["Strike_R"],"damage_healed":0,"gold_gain":0,"player_choice":"Card Removal","damage_taken":0,"max_hp_gain":0,"max_hp_loss":0,"event_name":"The Cleric","floor":4,"gold_loss":50},{"damage_healed":0,"gold_gain":0,"player_choice":"Upgraded","damage_taken":0,"max_hp_gain":0,"max_hp_loss":0,"event_name":"Upgrade Shrine","floor":5,"gold_loss":0,"cards_upgraded":["Uppercut"]},{"damage_healed":0,"gold_gain":0,"player_choice":"Traded Relic","damage_taken":0,"relics_obtained":["Nloth\u0027s Gift"],"max_hp_gain":0,"max_hp_loss":0,"event_name":"N\u0027loth","floor":22,"relics_lost":["Tiny Chest"],"gold_loss":0}],"is_beta":false,"boss_relics":[{"not_picked":["Honey Jar","Replay:Bronze Core"],"picked":"Ooze Armor"}],"items_purged_floors":[14],"is_endless":false,"potions_floor_spawned":[3,11,12,13,21],"killed_by":"Slavers","ascension_level":11}}