{"host":"4rvakrj1idbgia3f","time":1610433379,"event":{"mods":["BaseMod","Colored Map","Colored Powertips","DeckTracker","Highlight Path","Minty Spire (QoL Compilation)","Random Character Button","StSLib"],"gold_per_floor":[113,126,136,149,165,165,180,180,180,180,200,200,226,226,226,297,297,313,313,333,362,377,377,216,216,216,242,242,254,580,580,580,652,652,663,221,240,260,272,297,519,549,572,592,592,592,592,609,609,609,609,609],"floor_reached":51,"playtime":2135,"items_purged":["Pain","Sever Soul"],"score":1548,"play_id":"532c394d-ac3c-485e-82fa-fa96ae462e54","local_time":"20210112153619","is_ascension_mode":true,"campfire_choices":[{"data":"Wild Strike","floor":6,"key":"SMITH"},{"data":"Pommel Strike","floor":8,"key":"SMITH"},{"data":"Cleave","floor":10,"key":"SMITH"},{"data":"Perfected Strike","floor":12,"key":"SMITH"},{"data":"Perfected Strike","floor":15,"key":"SMITH"},{"floor":23,"key":"REST"},{"floor":25,"key":"REST"},{"floor":32,"key":"REST"},{"floor":47,"key":"RECALL"},{"floor":49,"key":"REST"}],"circlet_count":0,"master_deck":["AscendersBane","Strike_R+1","Strike_R+1","Strike_R+1","Strike_R+1","Strike_R+1","Defend_R+1","Defend_R+1","Defend_R+1","Defend_R+1","Bash","Shrug It Off","Pommel Strike+1","Cleave+1","Battle Trance","Perfected Strike+1","Perfected Strike+1","Feed","Disarm","Feel No Pain","Perfected Strike+1","Shrug It Off","Offering","Feed","Offering","Bash","True Grit","Corruption","Perfected Strike"],"relics":["Mark of Pain","Eternal Feather","Boot","WarpedTongs","Fusion Hammer","Red Mask","Gremlin Horn","Blood Vial","Old Coin","Runic Pyramid","OrangePellets","Lantern","Orichalcum","Magic Flower"],"acts_visited":["Exordium","TheCity","TheBeyond"],"potions_floor_usage":[4,21,39,48,50],"damage_taken":[{"damage":6,"enemies":"Jaw Worm","floor":1,"turns":4},{"damage":1,"enemies":"Cultist","floor":2,"turns":3},{"damage":7,"enemies":"Small Slimes","floor":3,"turns":3},{"damage":14,"enemies":"Gremlin Gang","floor":4,"turns":5},{"damage":2,"enemies":"Exordium Wildlife","floor":5,"turns":3},{"damage":8,"enemies":"Blue Slaver","floor":7,"turns":4},{"damage":0,"enemies":"2 Fungi Beasts","floor":11,"turns":2},{"damage":12,"enemies":"Lagavulin","floor":13,"turns":5},{"damage":36,"enemies":"Hexaghost","floor":16,"turns":6},{"damage":21,"enemies":"2 Thieves","floor":18,"turns":3},{"damage":21,"enemies":"3 Byrds","floor":20,"turns":4},{"damage":5,"enemies":"Masked Bandits","floor":21,"turns":2},{"damage":12,"enemies":"Cultist and Chosen","floor":22,"turns":5},{"damage":10,"enemies":"Gremlin Leader","floor":27,"turns":6},{"damage":0,"enemies":"Snecko","floor":29,"turns":2},{"damage":15,"enemies":"Slavers","floor":30,"turns":5},{"damage":83,"enemies":"Champ","floor":33,"turns":8},{"damage":6,"enemies":"3 Darklings","floor":35,"turns":3},{"damage":0,"enemies":"Orb Walker","floor":37,"turns":3},{"damage":6,"enemies":"3 Darklings","floor":38,"turns":2},{"damage":10,"enemies":"Sphere and 2 Shapes","floor":39,"turns":4},{"damage":14,"enemies":"Reptomancer","floor":40,"turns":6},{"damage":6,"enemies":"Nemesis","floor":42,"turns":3},{"damage":12,"enemies":"Jaw Worm Horde","floor":44,"turns":4},{"damage":12,"enemies":"3 Darklings","floor":48,"turns":3},{"damage":77,"enemies":"Donu and Deca","floor":50,"turns":11},{"damage":60,"enemies":"Time Eater","floor":51,"turns":3}],"seed_played":"3826476855851617463","potions_obtained":[{"floor":2,"key":"DistilledChaos"},{"floor":4,"key":"Weak Potion"},{"floor":20,"key":"EssenceOfSteel"},{"floor":27,"key":"SteroidPotion"},{"floor":33,"key":"ElixirPotion"},{"floor":42,"key":"DistilledChaos"},{"floor":48,"key":"PowerPotion"}],"is_trial":false,"path_per_floor":["M","M","M","M","M","R","M","R","T","R","M","R","E","?","R","B",null,"M","?","M","?","M","R","$","R","T","E","?","M","E","?","R","B",null,"M","$","M","M","M","E","?","E","T","M","?","?","R","M","R","B","B"],"character_chosen":"IRONCLAD","items_purchased":["Offering","OrangePellets","Lantern"],"campfire_rested":4,"item_purchase_floors":[24,36,36],"current_hp_per_floor":[62,61,54,40,38,38,30,30,30,39,39,48,36,36,45,9,59,41,41,24,19,7,43,43,79,79,73,73,78,72,72,96,13,75,74,74,80,80,75,67,67,63,63,64,64,64,79,75,123,52,0,0],"gold":609,"neow_bonus":"BOSS_RELIC","is_daily":false,"chose_seed":false,"campfire_upgraded":5,"win_rate":0.0,"timestamp":1610433379,"path_taken":["M","M","M","M","M","R","M","R","T","R","M","R","E","?","R","BOSS","M","?","M","?","M","R","$","R","T","E","?","?","E","?","R","BOSS","M","$","M","M","M","E","?","E","T","M","?","?","R","M","R","BOSS","BOSS"],"items_purchased_type":["Card","Relic","Relic"],"build_version":"2020-12-22","purchased_purges":2,"victory":false,"max_hp_per_floor":[75,75,75,75,75,75,75,75,75,75,75,75,75,75,75,75,75,78,78,82,82,82,82,82,82,82,86,86,89,96,96,96,96,96,99,99,103,107,110,114,114,114,114,120,120,120,120,123,123,127,127,127],"card_choices":[{"not_picked":["Thunderclap","Iron Wave"],"picked":"Shrug It Off","floor":1},{"not_picked":["Perfected Strike","Iron Wave"],"picked":"Wild Strike","floor":2},{"not_picked":["Headbutt","Wild Strike"],"picked":"Pommel Strike","floor":3},{"not_picked":["Rampage","Thunderclap","Headbutt"],"picked":"SKIP","floor":4},{"not_picked":["Wild Strike","Shockwave"],"picked":"Cleave","floor":5},{"not_picked":["Perfected Strike","Rage"],"picked":"Battle Trance","floor":7},{"not_picked":["Carnage","Sword Boomerang"],"picked":"Perfected Strike","floor":11},{"not_picked":["Headbutt","Dropkick"],"picked":"Perfected Strike","floor":13},{"not_picked":["Corruption","Immolate"],"picked":"Feed","floor":16},{"not_picked":["Feel No Pain","Sword Boomerang"],"picked":"Disarm","floor":18},{"not_picked":["Anger","Searing Blow"],"picked":"Feel No Pain","floor":20},{"not_picked":["Carnage","Intimidate"],"picked":"Perfected Strike+1","floor":21},{"not_picked":["Clash","Iron Wave"],"picked":"Shrug It Off","floor":22},{"not_picked":["Reckless Charge","Cleave"],"picked":"Feed","floor":27},{"not_picked":["Metallicize","Havoc"],"picked":"True Grit","floor":29},{"not_picked":["Exhume","Headbutt"],"picked":"Sever Soul","floor":30},{"not_picked":["Juggernaut","Bludgeon"],"picked":"Corruption","floor":33},{"not_picked":["True Grit","Dropkick+1","Heavy Blade"],"picked":"SKIP","floor":35},{"not_picked":["Body Slam","Clash","Sword Boomerang+1"],"picked":"SKIP","floor":37},{"not_picked":["Searing Blow","Cleave","Clothesline+1"],"picked":"SKIP","floor":38},{"not_picked":["Havoc","Body Slam","Heavy Blade+1"],"picked":"SKIP","floor":39},{"not_picked":["Perfected Strike","Warcry","Rampage"],"picked":"SKIP","floor":40},{"not_picked":["Iron Wave","Corruption","Pummel"],"picked":"SKIP","floor":42},{"not_picked":["Shrug It Off","Wild Strike","True Grit"],"picked":"SKIP","floor":44},{"not_picked":["Iron Wave+1","Clothesline"],"picked":"Perfected Strike","floor":48}],"player_experience":2008260,"relics_obtained":[{"floor":9,"key":"Eternal Feather"},{"floor":13,"key":"Boot"},{"floor":21,"key":"Red Mask"},{"floor":26,"key":"Gremlin Horn"},{"floor":27,"key":"Blood Vial"},{"floor":30,"key":"Old Coin"},{"floor":40,"key":"Orichalcum"},{"floor":42,"key":"Magic Flower"}],"event_choices":[{"damage_healed":0,"gold_gain":0,"player_choice":"Rummage","damage_taken":0,"relics_obtained":["WarpedTongs"],"max_hp_gain":0,"max_hp_loss":0,"event_name":"Accursed Blacksmith","floor":14,"gold_loss":0,"cards_obtained":["Pain"]},{"damage_healed":0,"gold_gain":0,"player_choice":"Simplicity","damage_taken":0,"max_hp_gain":0,"max_hp_loss":0,"event_name":"Back to Basics","floor":19,"gold_loss":0,"cards_upgraded":["Strike_R","Strike_R","Strike_R","Strike_R","Strike_R","Defend_R","Defend_R","Defend_R","Defend_R"]},{"damage_healed":0,"gold_gain":0,"player_choice":"Fought Bandits","damage_taken":0,"max_hp_gain":0,"max_hp_loss":0,"event_name":"Masked Bandits","floor":21,"gold_loss":0},{"damage_healed":0,"gold_gain":0,"player_choice":"2 cards matched","damage_taken":0,"max_hp_gain":0,"max_hp_loss":0,"event_name":"Match and Keep!","floor":28,"gold_loss":0,"cards_obtained":["Offering","Bash"]},{"damage_healed":0,"gold_gain":0,"player_choice":"Ignored","damage_taken":0,"max_hp_gain":0,"max_hp_loss":0,"event_name":"The Mausoleum","floor":31,"gold_loss":0},{"damage_healed":0,"gold_gain":222,"player_choice":"Wore Mask","damage_taken":0,"max_hp_gain":0,"max_hp_loss":0,"event_name":"Tomb of Lord Red Mask","floor":41,"gold_loss":0},{"damage_healed":0,"gold_gain":0,"player_choice":"Memory 1","damage_taken":0,"max_hp_gain":0,"max_hp_loss":0,"event_name":"SensoryStone","floor":45,"gold_loss":0},{"cards_removed":["Wild Strike"],"damage_healed":0,"gold_gain":0,"player_choice":"Removed Attack","damage_taken":0,"max_hp_gain":0,"max_hp_loss":0,"event_name":"Falling","floor":46,"gold_loss":0}],"is_beta":false,"boss_relics":[{"not_picked":["Busted Crown","Pandora\u0027s Box"],"picked":"Fusion Hammer"},{"not_picked":["Tiny House","Velvet Choker"],"picked":"Runic Pyramid"}],"items_purged_floors":[24,36],"is_endless":false,"potions_floor_spawned":[2,4,20,27,33,38,42,48],"killed_by":"Time Eater","ascension_level":20}}