{"host":"i7jfea87xc8lz16p","time":1610458607,"event":{"mods":["AchievementEnabler","BaseMod","Colored Powertips","Minty Spire (QoL Compilation)","Relic Stats"],"gold_per_floor":[118,128,52,52,65,65,94,111,136,171,20,20,37,72,72,147,147,167,187,210,227,240,240,271,271,271,271,53,53,82,26,26,100,100,115,0,0,25,25,25,25,53,53,37,55,0,14,44,44,44,44,44],"floor_reached":51,"playtime":3058,"items_purged":["Strike_G","Dagger Spray"],"score":1418,"play_id":"0e81477f-5c24-4664-8692-46e192cae639","local_time":"20210112143647","is_ascension_mode":true,"campfire_choices":[{"data":"Poisoned Stab","floor":6,"key":"SMITH"},{"data":"Survivor","floor":15,"key":"SMITH"},{"data":"Wraith Form v2","floor":23,"key":"SMITH"},{"data":"Skewer","floor":25,"key":"SMITH"},{"data":"Footwork","floor":29,"key":"SMITH"},{"data":"Dagger Spray","floor":32,"key":"SMITH"},{"data":"Tools of the Trade","floor":40,"key":"SMITH"},{"floor":49,"key":"REST"}],"circlet_count":0,"master_deck":["AscendersBane","Survivor+1","Neutralize+1","Poisoned Stab+1","Crippling Poison+1","Quick Slash","Caltrops+1","Tools of the Trade+1","Deflect","Wraith Form v2+1","Phantasmal Killer","Cloak And Dagger","Skewer+1","Dagger Spray+1","Blade Dance","Backflip+1","Dash","Footwork+1","Backflip+1","Backflip+1","Deflect+1","Acrobatics+1"],"relics":["Busted Crown","Akabeko","Whetstone","MealTicket","HornCleat","Pandora\u0027s Box","Strawberry","Toxic Egg 2","Anchor","Bronze Scales","Empty Cage","Red Mask","Bird Faced Urn","Bottled Lightning","CeramicFish","Gremlin Horn","Turnip","Bag of Marbles"],"acts_visited":["Exordium","TheCity","TheBeyond"],"potions_floor_usage":[13,14,21,22,24,30,33,42,50,51],"damage_taken":[{"damage":5,"enemies":"Small Slimes","floor":1,"turns":5},{"damage":7,"enemies":"Jaw Worm","floor":2,"turns":4},{"damage":0,"enemies":"Cultist","floor":5,"turns":3},{"damage":7,"enemies":"Lagavulin","floor":7,"turns":7},{"damage":0,"enemies":"Red Slaver","floor":8,"turns":2},{"damage":10,"enemies":"3 Sentries","floor":10,"turns":7},{"damage":0,"enemies":"Gremlin Gang","floor":13,"turns":2},{"damage":6,"enemies":"Gremlin Nob","floor":14,"turns":3},{"damage":17,"enemies":"Hexaghost","floor":16,"turns":8},{"damage":0,"enemies":"Spheric Guardian","floor":18,"turns":1},{"damage":8,"enemies":"2 Thieves","floor":19,"turns":3},{"damage":0,"enemies":"3 Cultists","floor":21,"turns":3},{"damage":1,"enemies":"Cultist and Chosen","floor":22,"turns":4},{"damage":15,"enemies":"Gremlin Leader","floor":24,"turns":6},{"damage":12,"enemies":"Slavers","floor":30,"turns":4},{"damage":12,"enemies":"Automaton","floor":33,"turns":8},{"damage":1,"enemies":"Orb Walker","floor":35,"turns":3},{"damage":0,"enemies":"Mind Bloom Boss Battle","floor":38,"turns":3},{"damage":10,"enemies":"Nemesis","floor":42,"turns":9},{"damage":0,"enemies":"3 Darklings","floor":45,"turns":4},{"damage":6,"enemies":"Jaw Worm Horde","floor":47,"turns":3},{"damage":41,"enemies":"Giant Head","floor":48,"turns":9},{"damage":52,"enemies":"Awakened One","floor":50,"turns":31},{"damage":17,"enemies":"Time Eater","floor":51,"turns":3}],"seed_played":"-5984513993823877285","potions_obtained":[{"floor":5,"key":"Weak Potion"},{"floor":7,"key":"PowerPotion"},{"floor":8,"key":"Explosive Potion"},{"floor":13,"key":"Strength Potion"},{"floor":14,"key":"DistilledChaos"},{"floor":21,"key":"DistilledChaos"},{"floor":27,"key":"CultistPotion"},{"floor":27,"key":"SkillPotion"},{"floor":33,"key":"Fire Potion"},{"floor":38,"key":"Block Potion"},{"floor":45,"key":"Weak Potion"}],"is_trial":false,"path_per_floor":["M","M","$","?","M","R","E","M","T","E","$","?","M","E","R","B",null,"M","M","T","M","M","R","E","R","T","?","$","R","E","$","R","B",null,"M","?","$","?","T","R","?","E","T","$","M","$","M","E","R","B","B"],"character_chosen":"THE_SILENT","items_purchased":["Crippling Poison","Caltrops","Footwork","Backflip+1","AttackPotion","Acrobatics+1","Strength Potion"],"campfire_rested":1,"item_purchase_floors":[3,11,28,28,31,44,46],"current_hp_per_floor":[54,47,47,47,47,47,40,40,40,30,45,45,45,39,39,22,55,55,47,54,54,53,53,38,38,38,38,53,53,41,56,56,44,66,65,65,73,73,73,73,73,65,65,73,73,73,69,32,53,9,0,0],"gold":44,"neow_bonus":"BOSS_RELIC","is_daily":false,"chose_seed":false,"campfire_upgraded":7,"win_rate":0.0,"timestamp":1610458607,"path_taken":["M","M","$","?","M","R","E","M","T","E","$","?","?","E","R","BOSS","M","M","?","M","?","R","E","R","T","?","$","R","E","?","R","BOSS","M","?","$","?","?","R","?","E","T","$","?","?","M","E","R","BOSS","BOSS"],"items_purchased_type":["Card","Card","Card","Card","Potion","Card","Potion"],"build_version":"2020-12-22","purchased_purges":2,"victory":false,"max_hp_per_floor":[66,66,66,66,66,66,66,66,66,66,66,66,66,66,66,66,66,66,66,73,73,73,73,73,73,73,73,73,73,73,73,73,73,73,73,73,73,73,73,73,73,73,73,73,73,73,73,73,73,73,73,73],"relic_stats":{"Busted Crown":44,"Gremlin Horn":[8,8],"counters":[24,135],"Bronze Scales":[280],"Bird Faced Urn":[20],"CeramicFish":9,"MealTicket":61,"Pandora\u0027s Box":["Deflect","Wraith Form v2","Phantasmal Killer","Cloak And Dagger","Tools of the Trade","Masterful Stab","Skewer","Dagger Spray","Blade Dance"],"Turnip":[0],"Whetstone":["Strike_G","Neutralize"],"obtain_stats":[{"Gremlin Horn":42,"CeramicFish":41,"Whetstone":9,"Empty Cage":34,"Akabeko":7,"Anchor":26,"Busted Crown":0,"HornCleat":14,"Strawberry":20,"Bronze Scales":30,"Bird Faced Urn":38,"MealTicket":10,"Pandora\u0027s Box":17,"Turnip":43,"Red Mask":36,"Bag of Marbles":48,"Bottled Lightning":39,"Toxic Egg 2":24,"Ring of the Snake":0},{"Gremlin Horn":19,"CeramicFish":18,"Whetstone":5,"Empty Cage":16,"Akabeko":4,"Anchor":14,"Busted Crown":0,"HornCleat":8,"Strawberry":11,"Bronze Scales":15,"Bird Faced Urn":18,"MealTicket":6,"Pandora\u0027s Box":9,"Turnip":19,"Red Mask":17,"Bag of Marbles":22,"Bottled Lightning":18,"Toxic Egg 2":14,"Ring of the Snake":0},{"Gremlin Horn":85,"CeramicFish":76,"Whetstone":21,"Empty Cage":70,"Akabeko":19,"Anchor":58,"Busted Crown":0,"HornCleat":33,"Strawberry":45,"Bronze Scales":62,"Bird Faced Urn":76,"MealTicket":28,"Pandora\u0027s Box":41,"Turnip":85,"Red Mask":73,"Bag of Marbles":101,"Bottled Lightning":76,"Toxic Egg 2":58,"Ring of the Snake":0}]},"card_choices":[{"not_picked":[],"picked":"Poisoned Stab","floor":1},{"not_picked":["Cloak And Dagger"],"picked":"SKIP","floor":2},{"not_picked":[],"picked":"Quick Slash","floor":5},{"not_picked":["Choke"],"picked":"SKIP","floor":7},{"not_picked":["Concentrate"],"picked":"SKIP","floor":8},{"not_picked":[],"picked":"Dagger Spray","floor":10},{"not_picked":["Quick Slash"],"picked":"SKIP","floor":13},{"not_picked":["Blade Dance"],"picked":"SKIP","floor":14},{"not_picked":[],"picked":"Tools of the Trade","floor":16},{"not_picked":["Sucker Punch"],"picked":"SKIP","floor":18},{"not_picked":[],"picked":"Backflip+1","floor":19},{"not_picked":[],"picked":"Dash","floor":21},{"not_picked":["Underhanded Strike"],"picked":"SKIP","floor":22},{"not_picked":["Dagger Spray"],"picked":"SKIP","floor":24},{"not_picked":["Choke"],"picked":"SKIP","floor":30},{"not_picked":[],"picked":"Backflip+1","floor":35},{"not_picked":[],"picked":"Deflect+1","floor":38},{"not_picked":["Finisher"],"picked":"SKIP","floor":42},{"not_picked":["Sucker Punch"],"picked":"SKIP","floor":45},{"not_picked":["Dash"],"picked":"SKIP","floor":47},{"not_picked":["Slice"],"picked":"SKIP","floor":48}],"player_experience":1758356,"relics_obtained":[{"floor":7,"key":"Akabeko"},{"floor":9,"key":"Whetstone"},{"floor":10,"key":"MealTicket"},{"floor":14,"key":"HornCleat"},{"floor":20,"key":"Strawberry"},{"floor":24,"key":"Toxic Egg 2"},{"floor":26,"key":"Anchor"},{"floor":30,"key":"Bronze Scales"},{"floor":38,"key":"Bird Faced Urn"},{"floor":39,"key":"Bottled Lightning"},{"floor":42,"key":"Gremlin Horn"},{"floor":43,"key":"Turnip"},{"floor":48,"key":"Bag of Marbles"}],"event_choices":[{"damage_healed":0,"gold_gain":0,"player_choice":"Grow","damage_taken":0,"max_hp_gain":0,"max_hp_loss":0,"event_name":"Living Wall","floor":4,"gold_loss":0,"cards_upgraded":["Crippling Poison"]},{"damage_healed":0,"gold_gain":0,"player_choice":"Upgraded","damage_taken":0,"max_hp_gain":0,"max_hp_loss":0,"event_name":"Upgrade Shrine","floor":12,"gold_loss":0,"cards_upgraded":["Caltrops"]},{"damage_healed":0,"gold_gain":0,"player_choice":"Got Potions","damage_taken":0,"max_hp_gain":0,"max_hp_loss":0,"event_name":"Lab","floor":27,"gold_loss":0},{"damage_healed":0,"gold_gain":0,"player_choice":"Paid","damage_taken":0,"relics_obtained":["Red Mask"],"max_hp_gain":0,"max_hp_loss":0,"event_name":"Tomb of Lord Red Mask","floor":36,"gold_loss":115},{"damage_healed":0,"gold_gain":0,"player_choice":"Fight","damage_taken":0,"max_hp_gain":0,"max_hp_loss":0,"event_name":"MindBloom","floor":38,"gold_loss":0},{"damage_healed":0,"gold_gain":0,"player_choice":"Gave Potion","damage_taken":0,"relics_obtained":["CeramicFish"],"max_hp_gain":0,"max_hp_loss":0,"event_name":"WeMeetAgain","floor":41,"gold_loss":0}],"is_beta":false,"boss_relics":[{"not_picked":["Calling Bell","Tiny House"],"picked":"Pandora\u0027s Box"},{"not_picked":["Runic Dome","Velvet Choker"],"picked":"Empty Cage"}],"items_purged_floors":[11,28],"is_endless":false,"potions_floor_spawned":[5,7,8,13,14,19,21,33,38,45],"killed_by":"Time Eater","ascension_level":20}}