{"host":"t0zrw5dahhy31ra8","time":1610446766,"event":{"mods":["BaseMod","Downfall","Minty Spire (QoL Compilation)","StSLib"],"gold_per_floor":[116,135,135,149,1,1,32,32,83,111,111,135,154,165,165,266,266,278,313,337,31,31,31,66,66,66,40,0,15,27,46,46,46,46],"floor_reached":33,"playtime":1849,"items_purged":[],"score":289,"play_id":"39481653-c2ac-462f-972c-d74ae0b6fd62","local_time":"20210112031926","is_ascension_mode":true,"campfire_choices":[{"data":"Rainbow","floor":6,"key":"SMITH"},{"data":"Tempest","floor":11,"key":"SMITH"},{"floor":15,"key":"REST"},{"floor":23,"key":"REST"},{"data":"Thunder Strike","floor":32,"key":"SMITH"}],"circlet_count":0,"master_deck":["Strike_B","Strike_B","Strike_B","Strike_B","Defend_B","Defend_B","Defend_B","Defend_B","Zap","Dualcast","Rainbow+1","Leap","Static Discharge","Go for the Eyes","Tempest+1","Coolheaded","Redo","Cold Snap","Thunder Strike+1","FTL+1","Shame","Cold Snap+1","Capacitor+1"],"relics":["Cracked Core","GremlinMask","Bag of Marbles","Blood Vial","Oddly Smooth Stone","Art of War","Dream Catcher","Busted Crown","Red Mask","Pen Nib","Ginger","Frozen Egg 2","Orichalcum","TungstenRod"],"acts_visited":["Exordium","TheCity"],"potions_floor_usage":[33,33,33],"damage_taken":[{"damage":7,"enemies":"2 Louse","floor":1,"turns":2},{"damage":0,"enemies":"Cultist","floor":2,"turns":4},{"damage":3,"enemies":"Jaw Worm","floor":4,"turns":4},{"damage":9,"enemies":"3 Sentries","floor":7,"turns":9},{"damage":6,"enemies":"Gremlin Nob","floor":10,"turns":4},{"damage":11,"enemies":"Exordium Wildlife","floor":13,"turns":3},{"damage":1,"enemies":"Looter","floor":14,"turns":3},{"damage":16,"enemies":"Slime Boss","floor":16,"turns":11},{"damage":0,"enemies":"Chosen","floor":18,"turns":4},{"damage":32,"enemies":"Masked Bandits","floor":19,"turns":4},{"damage":9,"enemies":"Gremlin Leader","floor":24,"turns":5},{"damage":7,"enemies":"2 Thieves","floor":27,"turns":5},{"damage":6,"enemies":"Snecko","floor":29,"turns":3},{"damage":0,"enemies":"Centurion and Healer","floor":30,"turns":7},{"damage":3,"enemies":"Cultist and Chosen","floor":31,"turns":4},{"damage":66,"enemies":"Collector","floor":33,"turns":7}],"seed_played":"8167100100006086851","potions_obtained":[{"floor":2,"key":"Strength Potion"},{"floor":7,"key":"Guardian:BlockOnCardUsePotion"},{"floor":14,"key":"Dexterity Potion"},{"floor":24,"key":"EssenceOfSteel"}],"is_trial":false,"path_per_floor":["M","M","?","M","$","R","E","?","T","E","R","T","M","M","R","B",null,"M","?","T","$","?","R","E","?","T","M","$","M","M","M","R","B"],"character_chosen":"DEFECT","items_purchased":["Bag of Marbles","Ginger","Capacitor+1"],"campfire_rested":2,"item_purchase_floors":[5,21,28],"current_hp_per_floor":[68,68,68,65,65,65,56,61,61,57,57,57,48,49,73,59,80,80,48,48,48,48,72,65,65,65,60,60,56,58,57,57,0,0],"gold":46,"neow_bonus":"ONE_RANDOM_RARE_CARD","is_daily":false,"chose_seed":false,"campfire_upgraded":3,"win_rate":0.0,"timestamp":1610446766,"path_taken":["M","M","?","?","$","R","E","?","T","E","R","?","M","M","R","BOSS","M","?","?","$","?","R","E","?","T","M","$","?","M","M","R","BOSS"],"items_purchased_type":["Relic","Relic","Card"],"build_version":"2020-12-22","purchased_purges":0,"victory":false,"max_hp_per_floor":[75,75,75,75,75,75,75,80,80,80,80,80,80,80,80,80,80,80,80,80,80,80,80,80,80,80,80,80,80,80,80,80,80,80],"card_choices":[{"not_picked":["Turbo","Rebound"],"picked":"Leap","floor":1},{"not_picked":["Steam","Barrage"],"picked":"Static Discharge","floor":2},{"not_picked":["Steam","Auto Shields"],"picked":"Go for the Eyes","floor":4},{"not_picked":["Fission","Steam Power","Meteor Strike"],"picked":"SKIP","floor":7},{"not_picked":["Gash","Genetic Algorithm"],"picked":"Tempest","floor":10},{"not_picked":["Redo","Stack"],"picked":"Coolheaded","floor":13},{"not_picked":["Go for the Eyes","Hello World"],"picked":"Redo","floor":14},{"not_picked":["Reprogram","Force Field"],"picked":"Cold Snap","floor":15},{"not_picked":["Echo Form","Amplify"],"picked":"Thunder Strike","floor":16},{"not_picked":[],"picked":"FTL+1","floor":18},{"not_picked":[],"picked":"Cold Snap+1","floor":23},{"not_picked":["Hologram"],"picked":"SKIP","floor":24},{"not_picked":["Hologram+1"],"picked":"SKIP","floor":27},{"not_picked":["Redo"],"picked":"SKIP","floor":29},{"not_picked":["Turbo"],"picked":"SKIP","floor":30},{"not_picked":["Heatsinks+1"],"picked":"SKIP","floor":31}],"player_experience":204651,"relics_obtained":[{"floor":7,"key":"Blood Vial"},{"floor":9,"key":"Oddly Smooth Stone"},{"floor":10,"key":"Art of War"},{"floor":12,"key":"Dream Catcher"},{"floor":19,"key":"Red Mask"},{"floor":20,"key":"Pen Nib"},{"floor":24,"key":"Orichalcum"},{"floor":26,"key":"TungstenRod"}],"event_choices":[{"damage_healed":0,"gold_gain":0,"player_choice":"Trade","damage_taken":0,"relics_obtained":["GremlinMask"],"max_hp_gain":0,"max_hp_loss":0,"event_name":"FaceTrader","floor":3,"gold_loss":0},{"damage_healed":0,"gold_gain":0,"player_choice":"Donut","damage_taken":0,"max_hp_gain":5,"max_hp_loss":0,"event_name":"Big Fish","floor":8,"gold_loss":0},{"damage_healed":0,"gold_gain":0,"player_choice":"Fought Bandits","damage_taken":0,"max_hp_gain":0,"max_hp_loss":0,"event_name":"Masked Bandits","floor":19,"gold_loss":0},{"damage_healed":0,"gold_gain":0,"player_choice":"Stole Relic","damage_taken":0,"relics_obtained":["Frozen Egg 2"],"max_hp_gain":0,"max_hp_loss":0,"event_name":"Addict","floor":22,"gold_loss":0,"cards_obtained":["Shame"]},{"damage_healed":0,"gold_gain":0,"player_choice":"Bought 0 Potions","damage_taken":0,"max_hp_gain":0,"max_hp_loss":0,"event_name":"The Woman in Blue","floor":25,"gold_loss":0}],"is_beta":false,"boss_relics":[{"not_picked":["Cursed Key","Empty Cage"],"picked":"Busted Crown"}],"items_purged_floors":[],"is_endless":false,"potions_floor_spawned":[2,7,14,24,27],"killed_by":"Collector","ascension_level":1}}