{"host":"obplhmlw33xb91v8","time":1610437960,"event":{"mods":["BaseMod","Block Reminder","Curses Come First","Evolution","Minty Spire (QoL Compilation)","Quick Restart","Relic Stats","Spicy Shops","StSLib","Uncapped","Waifu the Spire","slay the spire mod where everything is the same but ironclad has a cowboy hat"],"gold_per_floor":[114,124,186,204,204,237,237,257,257,270,270,295,295,309,309,409,409,421,421,439,452,470,470,35,35,35,35,35,35,69,83,83,184,184,204,8,24,42,42,42,73,73,120,132,157,1,1,15,15,15],"floor_reached":51,"playtime":1968,"items_purged":[],"score":886,"play_id":"c36d484f-7a86-4029-99cb-3a10b1babb08","local_time":"20210112025240","is_ascension_mode":true,"campfire_choices":[{"floor":7.0,"key":"REST"},{"data":"Fire Breathing","floor":11.0,"key":"SMITH"},{"floor":13.0,"key":"REST"},{"data":"Inflame","floor":15.0,"key":"SMITH"},{"floor":23.0,"key":"REST"},{"floor":25.0,"key":"REST"},{"data":"Demon Form","floor":27.0,"key":"SMITH"},{"data":"Demon Form","floor":32.0,"key":"SMITH"},{"floor":40.0,"key":"REST"},{"floor":42.0,"key":"REST"},{"data":"Double Tap","floor":47.0,"key":"SMITH"},{"data":"Fire Breathing","floor":49,"key":"SMITH"}],"circlet_count":0,"master_deck":["Wild Strike","Defend_R","Defend_R","Defend_R","Defend_R","Bash","CurseOfTheBell","Cleave","Shrug It Off","Inflame+1","Fire Breathing+1","Shrug It Off","Clothesline","Demon Form+1","Fire Breathing+1","Demon Form+1","Shockwave","Bite","Bite","Bite","Bite","Bite","Double Tap+1"],"relics":["EVO:Axolotl","Calling Bell","Boot","Pantograph","Dead Branch","Singing Bowl","Mercury Hourglass","FossilizedHelix","Bottled Tornado","Snecko Eye","Ice Cream","Letter Opener","StoneCalendar","SlaversCollar","Sling","Paper Frog","Bag of Marbles","Darkstone Periapt","Blood Vial"],"acts_visited":["Exordium","TheCity","TheBeyond"],"potions_floor_usage":[48],"damage_taken":[{"damage":0.0,"enemies":"Cultist","floor":1.0,"turns":4.0},{"damage":7.0,"enemies":"Jaw Worm","floor":2.0,"turns":3.0},{"damage":0.0,"enemies":"2 Louse","floor":4.0,"turns":1.0},{"damage":44.0,"enemies":"3 Sentries","floor":6.0,"turns":9.0},{"damage":12.0,"enemies":"Looter","floor":8.0,"turns":3.0},{"damage":3.0,"enemies":"Exordium Thugs","floor":10.0,"turns":3.0},{"damage":41.0,"enemies":"Gremlin Nob","floor":12.0,"turns":5.0},{"damage":0.0,"enemies":"2 Fungi Beasts","floor":14.0,"turns":3.0},{"damage":0.0,"enemies":"Slime Boss","floor":16.0,"turns":6.0},{"damage":10.0,"enemies":"Chosen","floor":18.0,"turns":4.0},{"damage":18.0,"enemies":"3 Byrds","floor":20.0,"turns":3.0},{"damage":10.0,"enemies":"Sentry and Sphere","floor":21.0,"turns":4.0},{"damage":18.0,"enemies":"Centurion and Healer","floor":22.0,"turns":5.0},{"damage":17.0,"enemies":"Slavers","floor":30.0,"turns":3.0},{"damage":5.0,"enemies":"Snecko","floor":31.0,"turns":6.0},{"damage":46.0,"enemies":"Collector","floor":33.0,"turns":7.0},{"damage":71.0,"enemies":"3 Shapes","floor":35.0,"turns":4.0},{"damage":8.0,"enemies":"3 Darklings","floor":37.0,"turns":7.0},{"damage":21.0,"enemies":"4 Shapes","floor":38.0,"turns":3.0},{"damage":7.0,"enemies":"Nemesis","floor":41.0,"turns":5.0},{"damage":0.0,"enemies":"Spire Growth","floor":44.0,"turns":3.0},{"damage":38.0,"enemies":"Giant Head","floor":45.0,"turns":7.0},{"damage":41,"enemies":"Writhing Mass","floor":48,"turns":5},{"damage":31,"enemies":"Time Eater","floor":50,"turns":7}],"seed_played":"-6683700366639558228","potions_obtained":[{"floor":2.0,"key":"LiquidBronze"},{"floor":12.0,"key":"Strength Potion"},{"floor":14.0,"key":"Dexterity Potion"},{"floor":16.0,"key":"EntropicBrew"},{"floor":18.0,"key":"SteroidPotion"},{"floor":22.0,"key":"Strength Potion"},{"floor":37.0,"key":"DistilledChaos"},{"floor":38.0,"key":"EntropicBrew"},{"floor":41.0,"key":"Block Potion"},{"floor":48,"key":"SpeedPotion"}],"is_trial":false,"path_per_floor":["M","M","?","M","T","E","R","M","T","M","R","E","R","M","R","B",null,"M","?","M","M","M","R","$","R","T","R","$","?","E","M","R","B",null,"M","$","M","M","?","R","E","R","T","M","E","$","R","M","R","B",null],"character_chosen":"IRONCLAD","items_purchased":["Ice Cream","Demon Form","Shockwave","BloodPotion","Sling","Blood Vial"],"campfire_rested":6,"item_purchase_floors":[24,24,24,36,36,46],"current_hp_per_floor":[80,73,73,73,73,31,55,45,45,42,42,1,26,26,26,51,84,74,58,42,34,18,46,46,74,74,74,74,66,55,58,58,34,70,3,17,31,16,18,41,42,66,66,72,66,66,66,62,62,65],"gold":15,"neow_bonus":"BOSS_RELIC","is_daily":false,"chose_seed":false,"campfire_upgraded":6,"win_rate":0.0,"timestamp":1610437960,"path_taken":["M","?","?","M","?","E","R","M","T","M","R","E","R","M","R","BOSS","M","?","M","M","M","R","$","R","T","R","$","?","E","M","R","BOSS","M","$","M","M","?","R","E","R","T","M","E","$","R","M","R","BOSS"],"items_purchased_type":["Relic","Card","Card","Potion","Relic","Relic"],"build_version":"2020-12-22","purchased_purges":0,"victory":true,"max_hp_per_floor":[80,80,80,80,80,82,82,84,84,84,84,84,84,84,84,84,84,84,89,91,93,95,95,95,95,95,95,95,66,68,70,70,70,70,72,72,74,76,78,78,80,80,80,82,84,84,84,86,86,86],"relic_stats":{"Darkstone Periapt":0,"Blood Vial":4,"Singing Bowl":30,"counters":[24,109],"Pantograph":59,"Dead Branch":[23],"Snecko Eye":[127,130,121,109],"StoneCalendar":[21],"Letter Opener":[58],"Boot":[27],"obtain_stats":[{"Ice Cream":24,"Darkstone Periapt":45,"Singing Bowl":5,"Dead Branch":0,"StoneCalendar":30,"EVO:Axolotl":0,"Letter Opener":26,"Bottled Tornado":12,"Boot":0,"Sling":36,"Burning Blood":0,"Mercury Hourglass":6,"Calling Bell":0,"Blood Vial":46,"SlaversCollar":34,"Pantograph":0,"Snecko Eye":17,"Bag of Marbles":43,"FossilizedHelix":9,"Paper Frog":41},{"Ice Cream":13,"Darkstone Periapt":22,"Singing Bowl":3,"Dead Branch":0,"StoneCalendar":14,"EVO:Axolotl":0,"Letter Opener":13,"Bottled Tornado":7,"Boot":0,"Sling":17,"Burning Blood":0,"Mercury Hourglass":4,"Calling Bell":0,"Blood Vial":22,"SlaversCollar":16,"Pantograph":0,"Snecko Eye":9,"Bag of Marbles":20,"FossilizedHelix":5,"Paper Frog":20},{"Ice Cream":53,"Darkstone Periapt":97,"Singing Bowl":8,"Dead Branch":0,"StoneCalendar":56,"EVO:Axolotl":0,"Letter Opener":53,"Bottled Tornado":28,"Boot":0,"Sling":72,"Burning Blood":0,"Mercury Hourglass":17,"Calling Bell":0,"Blood Vial":97,"SlaversCollar":69,"Pantograph":0,"Snecko Eye":37,"Bag of Marbles":87,"FossilizedHelix":20,"Paper Frog":87}],"Mercury Hourglass":[378]},"card_choices":[{"not_picked":["Sword Boomerang","Flex"],"picked":"Cleave","floor":1.0},{"not_picked":["Anger","Whirlwind"],"picked":"Shrug It Off","floor":2.0},{"not_picked":["Havoc","Blood for Blood"],"picked":"Inflame","floor":4.0},{"not_picked":["Perfected Strike","Exhume","Searing Blow"],"picked":"Singing Bowl","floor":6.0},{"not_picked":["Perfected Strike","Rupture","Blood for Blood"],"picked":"Singing Bowl","floor":8.0},{"not_picked":["Twin Strike","Dark Embrace"],"picked":"Fire Breathing","floor":10.0},{"not_picked":["Iron Wave","Headbutt"],"picked":"Shrug It Off","floor":12.0},{"not_picked":["Shrug It Off","Burning Pact"],"picked":"Clothesline","floor":14.0},{"not_picked":["Berserk","Bludgeon"],"picked":"Demon Form","floor":16.0},{"not_picked":["Twin Strike","Searing Blow+1"],"picked":"Fire Breathing","floor":18.0},{"not_picked":["Pommel Strike","Wild Strike","Iron Wave"],"picked":"Singing Bowl","floor":20.0},{"not_picked":["Exhume","Dual Wield","Perfected Strike+1"],"picked":"Singing Bowl","floor":21.0},{"not_picked":["Thunderclap","Heavy Blade","Berserk"],"picked":"Singing Bowl","floor":22.0},{"not_picked":["Whirlwind","Warcry+1","Hemokinesis"],"picked":"Singing Bowl","floor":30.0},{"not_picked":["Body Slam","Clash","Pommel Strike+1"],"picked":"Singing Bowl","floor":31.0},{"not_picked":["Immolate","Bludgeon"],"picked":"Double Tap","floor":33.0},{"not_picked":["Perfected Strike+1","True Grit+1","Anger+1"],"picked":"Singing Bowl","floor":35.0},{"not_picked":["Headbutt","Shrug It Off","Warcry+1"],"picked":"Singing Bowl","floor":37.0},{"not_picked":["Pommel Strike+1","Anger+1","Sentinel"],"picked":"Singing Bowl","floor":38.0},{"not_picked":["Swift Strike","Deep Breath","Enlightenment"],"picked":"Singing Bowl","floor":39.0},{"not_picked":["Fire Breathing+1","Body Slam","Seeing Red"],"picked":"Singing Bowl","floor":41.0},{"not_picked":["Warcry","Sword Boomerang","Fire Breathing+1"],"picked":"Singing Bowl","floor":44.0},{"not_picked":["Perfected Strike","Bludgeon","Body Slam"],"picked":"Singing Bowl","floor":45.0},{"not_picked":["Flex+1","Havoc+1","Anger"],"picked":"Singing Bowl","floor":48}],"player_experience":166898,"relics_obtained":[{"floor":0.0,"key":"Boot"},{"floor":0.0,"key":"Pantograph"},{"floor":0.0,"key":"Dead Branch"},{"floor":5.0,"key":"Singing Bowl"},{"floor":6.0,"key":"Mercury Hourglass"},{"floor":9.0,"key":"FossilizedHelix"},{"floor":12.0,"key":"Bottled Tornado"},{"floor":26.0,"key":"Letter Opener"},{"floor":30.0,"key":"StoneCalendar"},{"floor":41.0,"key":"Paper Frog"},{"floor":43.0,"key":"Bag of Marbles"},{"floor":45.0,"key":"Darkstone Periapt"}],"event_choices":[{"damage_healed":0.0,"max_hp_gain":0.0,"max_hp_loss":0.0,"gold_gain":62.0,"event_name":"Golden Wing","player_choice":"Gained Gold","floor":3.0,"gold_loss":0.0,"damage_taken":0.0},{"damage_healed":0.0,"max_hp_gain":5.0,"max_hp_loss":0.0,"gold_gain":0.0,"event_name":"Forgotten Altar","player_choice":"Shed Blood","floor":19.0,"gold_loss":0.0,"damage_taken":21.0},{"damage_healed":0.0,"max_hp_gain":0.0,"max_hp_loss":29.0,"gold_gain":0.0,"event_name":"Vampires","player_choice":"Became a vampire","floor":29.0,"gold_loss":0.0,"damage_taken":0.0,"cards_obtained":["Bite","Bite","Bite","Bite","Bite"]},{"damage_healed":0.0,"max_hp_gain":0.0,"max_hp_loss":0.0,"gold_gain":0.0,"event_name":"SensoryStone","player_choice":"Memory 1","floor":39.0,"gold_loss":0.0,"damage_taken":0.0}],"is_beta":false,"boss_relics":[{"not_picked":["Velvet Choker","Runic Pyramid"],"picked":"Snecko Eye"},{"not_picked":["Pandora\u0027s Box","Black Star"],"picked":"SlaversCollar"}],"items_purged_floors":[],"is_endless":false,"potions_floor_spawned":[2,12,14,16,18,22,37,38,41,48],"ascension_level":2}}