{"host":"rz01j32460kf2mtw","time":1610474008,"event":{"mods":["BaseMod","Downfall","Minty Spire (QoL Compilation)","Quick Restart","StSLib"],"gold_per_floor":[149,160,179,195,195,195,221,31,31,31,71,103,138,170,208,341,353,365,406,418,499,540,580,592,604,661,673,635,814,851,42,42,42],"floor_reached":32,"playtime":2273,"items_purged":["sneckomod:Strike","sneckomod:Unknown"],"score":313,"play_id":"5c38c292-daa5-4f09-bde5-d38173cfb8b0","local_time":"20210112105328","is_ascension_mode":false,"campfire_choices":[{"data":"sneckomod:SerpentIdol","floor":1,"key":"SMITH"},{"data":"sneckomod:UnknownRareSkill","floor":6,"key":"SMITH"},{"data":"sneckomod:DefensiveFlair","floor":9,"key":"SMITH"},{"data":"sneckomod:UnknownRarePower","floor":18,"key":"SMITH"},{"data":"sneckomod:Mudshield","floor":25,"key":"SMITH"},{"floor":27,"key":"REST"}],"circlet_count":0,"master_deck":["sneckomod:TailWhip","sneckomod:SnekBite+1","sneckomod:SerpentIdol+1","sneckomod:UnknownStrike","sneckomod:UnknownRareSkill+1","sneckomod:SerpentIdol","sneckomod:Unknown1Cost","sneckomod:DefensiveFlair+1","sneckomod:DiceCrush","sneckomod:MorePower","sneckomod:UnknownStrength+1","sneckomod:SlitherStrike","sneckomod:UnknownDexterity+1","sneckomod:UnendingSupply","sneckomod:UnknownUncommonPower","sneckomod:UnknownColorless+1","sneckomod:UnknownRarePower+1","sneckomod:UnknownUncommonAttack+1","sneckomod:WideSting+1","sneckomod:UnknownStrike+1","sneckomod:DefensiveFlair","sneckomod:UnknownStrength+1","sneckomod:Mudshield+1","sneckomod:UnknownStrength","sneckomod:UnknownClassPURPLE","sneckomod:UnknownUncommonPower","sneckomod:Unknown0Cost","sneckomod:SoulRoll","sneckomod:WideSting","J.A.X.","sneckomod:IronFang+1","expansioncontent:ChargeUp"],"relics":["Tiny House","Omamori","CeramicFish","White Beast Statue","MawBank","Cursed Key","downfall:KnowingSkull","Blue Candle","Darkstone Periapt","MutagenicStrength","Orichalcum","Pantograph","Lantern","HandDrill"],"acts_visited":["Exordium","TheCity"],"potions_floor_usage":[11,13,13,14,16,16,16,19,22,23,23,29,30,30,31,32],"damage_taken":[{"damage":0,"enemies":"Cultist","floor":2,"turns":3},{"damage":0,"enemies":"Small Slimes","floor":3,"turns":3},{"damage":0,"enemies":"Jaw Worm","floor":4,"turns":3},{"damage":0,"enemies":"downfall:FleeingMerchant","floor":8,"turns":4},{"damage":18,"enemies":"3 Sentries","floor":11,"turns":8},{"damage":7,"enemies":"Red Slaver","floor":12,"turns":3},{"damage":10,"enemies":"Gremlin Nob","floor":13,"turns":4},{"damage":0,"enemies":"3 Louse","floor":14,"turns":3},{"damage":8,"enemies":"2 Fungi Beasts","floor":15,"turns":3},{"damage":22,"enemies":"downfall:Watcher","floor":16,"turns":6},{"damage":0,"enemies":"3 Byrds","floor":19,"turns":5},{"damage":19,"enemies":"Centurion and Healer","floor":21,"turns":5},{"damage":7,"enemies":"3 Cultists","floor":22,"turns":5},{"damage":31,"enemies":"Slavers","floor":23,"turns":4},{"damage":55,"enemies":"downfall:Augmenter","floor":29,"turns":5},{"damage":29,"enemies":"Gremlin Leader","floor":30,"turns":6},{"damage":1,"enemies":"downfall:FleeingMerchant","floor":31,"turns":4},{"damage":16,"enemies":"Snecko","floor":32,"turns":2}],"seed_played":"-6555273388230097283","potions_obtained":[{"floor":0,"key":"Energy Potion"},{"floor":3,"key":"bronze:BurnAndBuffPotion"},{"floor":11,"key":"Weak Potion"},{"floor":12,"key":"Explosive Potion"},{"floor":13,"key":"PowerPotion"},{"floor":14,"key":"bronze:BurnAndBuffPotion"},{"floor":15,"key":"bronze:BurnAndBuffPotion"},{"floor":16,"key":"SneckoOil"},{"floor":19,"key":"Swift Potion"},{"floor":21,"key":"SkillPotion"},{"floor":22,"key":"ColorlessPotion"},{"floor":23,"key":"sneckomod:OffclassReductionPotion"},{"floor":29,"key":"Strength Potion"},{"floor":30,"key":"ColorlessPotion"},{"floor":31,"key":"BlessingOfTheForge"}],"is_trial":false,"path_per_floor":["R","M","M","M","?","R","T","$","R","?","E","M","E","M","M","B",null,"R","M","?","M","M","E","T","R","?","R","?","?","E","$","M"],"character_chosen":"THE_SNECKO","items_purchased":["sneckomod:DefensiveFlair","sneckomod:DiceCrush","Pantograph","Lantern","HandDrill","LiquidMemories","expansioncontent:ChargeUp"],"campfire_rested":1,"item_purchase_floors":[8,8,31,31,31,31,31],"current_hp_per_floor":[95,95,95,95,95,95,95,95,95,95,77,70,60,60,52,30,95,95,95,88,76,69,38,38,38,38,66,95,40,11,10,0,0],"gold":42,"neow_bonus":"BOSS_RELIC","is_daily":false,"chose_seed":false,"campfire_upgraded":5,"win_rate":0.0,"timestamp":1610474008,"path_taken":["R","M","M","?","?","R","T","$","R","?","E","M","E","M","M","BOSS","R","M","?","?","M","E","T","R","?","R","?","?","E","$","M"],"items_purchased_type":["Card","Card","Relic","Relic","Relic","Potion","Card"],"build_version":"2020-12-22","purchased_purges":2,"victory":false,"max_hp_per_floor":[95,95,95,95,95,95,95,95,95,95,95,95,95,95,95,95,95,95,95,95,95,95,95,95,95,95,95,95,95,95,95,95,95],"card_choices":[{"not_picked":["sneckomod:WideSting","sneckomod:UnknownBlock"],"picked":"sneckomod:SerpentIdol","floor":0},{"not_picked":["sneckomod:UnknownCommonSkill","sneckomod:UnknownWeak"],"picked":"sneckomod:UnknownStrike","floor":2},{"not_picked":["sneckomod:SnakeSap","sneckomod:IronFang"],"picked":"sneckomod:UnknownRareSkill","floor":3},{"not_picked":["sneckomod:IronFang","sneckomod:QuickMove"],"picked":"sneckomod:SerpentIdol","floor":4},{"not_picked":["sneckomod:UnknownCommonAttack","sneckomod:UnknownVulnerable"],"picked":"sneckomod:Unknown1Cost","floor":8},{"not_picked":["sneckomod:DiceBlock","sneckomod:WideSting"],"picked":"sneckomod:MorePower","floor":11},{"not_picked":["sneckomod:UnknownUncommonSkill+1","sneckomod:UnknownClassGREEN+1"],"picked":"sneckomod:UnknownStrength+1","floor":12},{"not_picked":["sneckomod:UnknownWeak","sneckomod:DiceBlock"],"picked":"sneckomod:SlitherStrike","floor":12},{"not_picked":["sneckomod:UnknownUncommonSkill+1","sneckomod:UnknownClassBLUE+1"],"picked":"sneckomod:UnknownDexterity+1","floor":13},{"not_picked":["sneckomod:ImprovisedGuard","sneckomod:Unknown0Cost","sneckomod:MasterEye"],"picked":"SKIP","floor":13},{"not_picked":["sneckomod:DiceBlock","sneckomod:UnknownCommonSkill"],"picked":"sneckomod:UnendingSupply","floor":14},{"not_picked":["sneckomod:QuickBite","sneckomod:SoulRoll"],"picked":"sneckomod:UnknownUncommonPower","floor":15},{"not_picked":["sneckomod:UnknownClassGREEN+1","sneckomod:Unknown+1"],"picked":"sneckomod:UnknownColorless+1","floor":16},{"not_picked":["sneckomod:Mudshield","sneckomod:UnknownRareSkill"],"picked":"sneckomod:UnknownRarePower","floor":16},{"not_picked":["sneckomod:UnknownClassTHE_CHAMP_GRAY+1","sneckomod:UnknownClassTHE_BRONZE_AUTOMATON+1"],"picked":"sneckomod:UnknownUncommonAttack+1","floor":19},{"not_picked":["sneckomod:UnknownCommonSkill","sneckomod:Unknown2Cost"],"picked":"sneckomod:WideSting+1","floor":19},{"not_picked":["sneckomod:UnknownClassSLIMEBOUND+1","sneckomod:UnknownX+1"],"picked":"sneckomod:UnknownStrike+1","floor":21},{"not_picked":["sneckomod:SlitherStrike","sneckomod:WideSting"],"picked":"sneckomod:DefensiveFlair","floor":21},{"not_picked":["sneckomod:UnknownWeak+1","sneckomod:Unknown2Cost+1"],"picked":"sneckomod:UnknownStrength+1","floor":22},{"not_picked":["sneckomod:Unknown2Cost","sneckomod:Mudshield","sneckomod:UnknownUncommonPower"],"picked":"SKIP","floor":22},{"not_picked":["sneckomod:Unknown2Cost","sneckomod:UnknownUncommonPower"],"picked":"sneckomod:Mudshield","floor":22},{"not_picked":["sneckomod:UnknownClassGREEN+1","sneckomod:UnknownExhaust","sneckomod:UnknownClassSLIMEBOUND"],"picked":"SKIP","floor":23},{"not_picked":[],"picked":"J.A.X.","floor":29},{"not_picked":["sneckomod:WideSting","sneckomod:UnknownClassTHE_BRONZE_AUTOMATON+1","sneckomod:UnknownCommonSkill"],"picked":"SKIP","floor":30},{"not_picked":["sneckomod:UnknownVulnerable","sneckomod:SoulRoll"],"picked":"sneckomod:IronFang+1","floor":31}],"player_experience":885244,"relics_obtained":[{"floor":7,"key":"CeramicFish"},{"floor":11,"key":"White Beast Statue"},{"floor":13,"key":"MawBank"},{"floor":23,"key":"Blue Candle"},{"floor":24,"key":"Darkstone Periapt"},{"floor":29,"key":"MutagenicStrength"},{"floor":30,"key":"Orichalcum"}],"event_choices":[{"damage_healed":0,"gold_gain":0,"player_choice":"Forge","damage_taken":0,"max_hp_gain":0,"max_hp_loss":0,"event_name":"Accursed Blacksmith","floor":10,"gold_loss":0,"cards_upgraded":["sneckomod:SnekBite"]}],"is_beta":false,"boss_relics":[{"not_picked":["Calling Bell","Busted Crown"],"picked":"Cursed Key"}],"items_purged_floors":[8,31],"is_endless":false,"potions_floor_spawned":[3,11,12,13,14,15,16,19,21,22,23,29,30,31],"killed_by":"Snecko","ascension_level":0}}