{"host":"ya062ahhhuj9au1o","time":1610481847,"event":{"mods":["BaseMod","Better Third Choice","Downfall","Filter the Spire","Hermit","Minty Spire (QoL Compilation)","Random Character Button","Robot Space Explorer","Somnambulant","StSLib","The Bug Knight","The Cursed","The Marked","The Servant 0.9.4"],"gold_per_floor":[110,128,128,139,159,159,13,13,37,65,83,117,128,185,185,284,284,300,315,330,330,429,463,463,474,474,474,494,528,528,528,528,528,528],"floor_reached":33,"playtime":2295,"items_purged":["TheCursedMod:Mangle"],"score":337,"play_id":"ffe9eebe-c37a-413b-b487-9afe1999a64a","local_time":"20210112150407","is_ascension_mode":false,"campfire_choices":[{"data":"TheCursedMod:ManaBullet","floor":6.0,"key":"SMITH"},{"data":"TheCursedMod:SpitefulPlan","floor":8.0,"key":"SMITH"},{"data":"TheCursedMod:CleanUpWorkshop","floor":15.0,"key":"SMITH"},{"data":"TheCursedMod:DemonicPact","floor":24,"key":"SMITH"},{"data":"TheCursedMod:CircleOfCorruption","floor":27,"key":"SMITH"},{"data":"TheCursedMod:HellfireBreathing","floor":30,"key":"SMITH"},{"data":"TheCursedMod:CursedWand","floor":32,"key":"SMITH"}],"circlet_count":0,"master_deck":["TheCursedMod:CursedWand+1","TheCursedMod:CleanUpWorkshop+1","TheCursedMod:Dregs","TheCursedMod:CircleOfAbyss","TheCursedMod:ManaBullet+1","TheCursedMod:RapidMovement","TheCursedMod:HellfireBreathing+1","TheCursedMod:HellsGateOpen","TheCursedMod:CircleOfAbyss","TheCursedMod:CircleOfBlood","TheCursedMod:CursedSpellbook","TheCursedMod:SpitefulPlan+1","TheCursedMod:DemonicPact+1","TheCursedMod:SurpriseAttack+1","TheCursedMod:CircleOfCorruption+1","TheCursedMod:SurpriseAttack"],"relics":["Pandora\u0027s Box","TheCursedMod:Tack","Odd Mushroom","Akabeko","HollowMod:LifeEnderRelic","Black Star","Anchor","Bag of Marbles","Pocketwatch","Smiling Mask","Strawberry","Juzu Bracelet"],"acts_visited":["Exordium","TheCity"],"potions_floor_usage":[23],"damage_taken":[{"damage":0.0,"enemies":"Small Slimes","floor":1.0,"turns":3.0},{"damage":1.0,"enemies":"2 Louse","floor":2.0,"turns":4.0},{"damage":5.0,"enemies":"Jaw Worm","floor":4.0,"turns":3.0},{"damage":12.0,"enemies":"Large Slime","floor":5.0,"turns":7.0},{"damage":0.0,"enemies":"The Mushroom Lair","floor":10.0,"turns":4.0},{"damage":0.0,"enemies":"Exordium Wildlife","floor":11.0,"turns":2.0},{"damage":7.0,"enemies":"3 Sentries","floor":12.0,"turns":4.0},{"damage":1.0,"enemies":"Looter","floor":13.0,"turns":3.0},{"damage":1.0,"enemies":"Gremlin Nob","floor":14.0,"turns":3.0},{"damage":9.0,"enemies":"Hexaghost","floor":16.0,"turns":5.0},{"damage":0,"enemies":"2 Thieves","floor":18,"turns":2},{"damage":5,"enemies":"3 Byrds","floor":19,"turns":2},{"damage":3,"enemies":"Snecko","floor":20,"turns":4},{"damage":2,"enemies":"Book of Stabbing","floor":23,"turns":3},{"damage":4,"enemies":"Shelled Parasite and Fungi","floor":25,"turns":3},{"damage":0,"enemies":"Cultist and Chosen","floor":28,"turns":3},{"damage":4,"enemies":"Gremlin Leader","floor":29,"turns":2},{"damage":25,"enemies":"Champ","floor":33,"turns":5}],"seed_played":"-2582744170328069568","potions_obtained":[{"floor":5.0,"key":"sneckomod:MuddlingPotion"},{"floor":11.0,"key":"Weak Potion"},{"floor":12.0,"key":"DuplicationPotion"},{"floor":13.0,"key":"Regen Potion"},{"floor":16,"key":"AttackPotion"},{"floor":19,"key":"EntropicBrew"},{"floor":25,"key":"SteroidPotion"}],"is_trial":false,"path_per_floor":["M","M","?","M","M","R","$","R","T","?","M","E","M","?","R","B",null,"M","M","M","$","?","E","R","M","T","R","M","E","R","T","R","B"],"character_chosen":"THE_CURSED","items_purchased":["TheCursedMod:SpitefulPlan"],"campfire_rested":0,"item_purchase_floors":[7],"current_hp_per_floor":[75,74,74,70,58,58,58,58,58,62,66,65,66,67,67,60,75,75,70,69,69,69,72,72,70,70,70,72,78,78,78,78,57,57],"gold":528,"neow_bonus":"BOSS_RELIC","is_daily":false,"chose_seed":false,"campfire_upgraded":7,"win_rate":0.0,"timestamp":1610481847,"path_taken":["M","M","?","M","M","R","$","R","T","?","M","E","M","?","R","BOSS","BOSS","M","M","M","$","?","E","R","M","T","R","M","E","R","?","R","BOSS"],"items_purchased_type":["Card"],"build_version":"2020-12-22","purchased_purges":1,"victory":false,"max_hp_per_floor":[75,75,75,75,75,75,75,75,75,75,75,75,75,75,75,75,75,75,75,75,75,75,75,75,75,75,75,75,82,82,82,82,82,82],"card_choices":[{"not_picked":["TheCursedMod:WearCloak","TheCursedMod:Wield"],"picked":"TheCursedMod:CircleOfBlood","floor":1.0},{"not_picked":["TheCursedMod:WearCloak","TheCursedMod:FuryStrike","TheCursedMod:Stigma"],"picked":"SKIP","floor":2.0},{"not_picked":["TheCursedMod:CursedAmulet","TheCursedMod:WearCloak","TheCursedMod:Neurasthenia"],"picked":"SKIP","floor":4.0},{"not_picked":["TheCursedMod:Obscuration","TheCursedMod:VitalStrike"],"picked":"TheCursedMod:CursedSpellbook","floor":5.0},{"not_picked":["TheCursedMod:CircleOfCorruption","TheCursedMod:Obscuration","TheCursedMod:TacticalStrike"],"picked":"SKIP","floor":11.0},{"not_picked":["TheCursedMod:CursedBlade","TheCursedMod:PrepareRite","TheCursedMod:Hemoplague"],"picked":"SKIP","floor":12.0},{"not_picked":["TheCursedMod:CursedBlade","TheCursedMod:PrepareRite","TheCursedMod:Hemoplague"],"picked":"SKIP","floor":12.0},{"not_picked":["TheCursedMod:FuryStrike","TheCursedMod:CursedMace","TheCursedMod:CircleOfBlood"],"picked":"SKIP","floor":13.0},{"not_picked":["TheCursedMod:ShockAndAwe","TheCursedMod:CircleOfAbyss"],"picked":"TheCursedMod:DemonicPact","floor":16},{"not_picked":["TheCursedMod:ManaBullet","TheCursedMod:CursedMace"],"picked":"TheCursedMod:SurpriseAttack+1","floor":18},{"not_picked":["TheCursedMod:VitalStrike","TheCursedMod:Obscuration","TheCursedMod:FleshFromBone"],"picked":"SKIP","floor":19},{"not_picked":["TheCursedMod:CircleOfAmplification","TheCursedMod:Stretching","TheCursedMod:FleshFromBone"],"picked":"SKIP","floor":20},{"not_picked":["TheCursedMod:FleshFromBone","TheCursedMod:SaltUponWound+1","TheCursedMod:CursedBlade"],"picked":"SKIP","floor":23},{"not_picked":["TheCursedMod:RavingStaff","TheCursedMod:DemonicPact"],"picked":"TheCursedMod:CircleOfCorruption","floor":25},{"not_picked":["TheCursedMod:Obscuration","TheCursedMod:CursedMace+1","TheCursedMod:AshesToAshes"],"picked":"SKIP","floor":28},{"not_picked":["TheCursedMod:CursedShiv","TheCursedMod:SmokeScreen"],"picked":"TheCursedMod:SurpriseAttack","floor":29}],"player_experience":1787208,"relics_obtained":[{"floor":9.0,"key":"TheCursedMod:Tack"},{"floor":10.0,"key":"Odd Mushroom"},{"floor":12.0,"key":"Akabeko"},{"floor":14.0,"key":"HollowMod:LifeEnderRelic"},{"floor":23,"key":"Anchor"},{"floor":23,"key":"Bag of Marbles"},{"floor":26,"key":"Pocketwatch"},{"floor":29,"key":"Smiling Mask"},{"floor":29,"key":"Strawberry"},{"floor":31,"key":"Juzu Bracelet"}],"event_choices":[{"cards_removed":["TheCursedMod:CircleOfFocus"],"damage_healed":0.0,"max_hp_gain":0.0,"max_hp_loss":0.0,"gold_gain":0.0,"event_name":"Living Wall","player_choice":"Forget","floor":3.0,"gold_loss":0.0,"damage_taken":0.0},{"damage_healed":0.0,"max_hp_gain":0.0,"max_hp_loss":0.0,"gold_gain":0.0,"event_name":"Mushrooms","player_choice":"Fought Mushrooms","floor":10.0,"gold_loss":0.0,"damage_taken":0.0},{"damage_healed":0.0,"max_hp_gain":0.0,"max_hp_loss":0.0,"gold_gain":30.0,"event_name":"Dead Adventurer","player_choice":"Searched \u00272\u0027 times","floor":14.0,"gold_loss":0.0,"damage_taken":0.0},{"damage_healed":0,"gold_gain":99,"player_choice":"Steal","damage_taken":0,"max_hp_gain":0,"max_hp_loss":0,"event_name":"betterThird:BetterNest","floor":22,"gold_loss":0}],"is_beta":false,"boss_relics":[{"not_picked":["Tiny House","TheCursedMod:OminousMark"],"picked":"Black Star"}],"items_purged_floors":[7],"is_endless":false,"potions_floor_spawned":[5,11,12,13,16,18,19,25],"killed_by":"Champ","ascension_level":0}}