{"host":"dhr6iszse2qz12e2","time":1610462102,"event":{"mods":["100% Spire Juice","2.2 Compatiblity","A Magickal Journey","Act Like it!","BaseMod","Bestiary","Better Note","BetterRewards","Colored Map","Downfall","Gensokyo","Hermit","Hubris","Infinite Spire","Marisa????????","Minty Spire (QoL Compilation)","Permanent Neow","Quick Restart","Reimu??????","Replay The Spire","Shop Mod","StSLib","Td1madao Mod","The Administrix","The Animator","The Bug Knight","The Cursed","The Gatherer","The Hierophant","The IronCluck","The Jungle","The Servant 0.9.4","everything is the same but u backflip on backflip","slay the spire mod where everything is the same but ironclad has a cowboy hat","??????REMEMod"],"gold_per_floor":[115,132,12,31,31,65,65,65,65,65,65,76,76,87,87,87,87],"floor_reached":16,"playtime":679,"items_purged":[],"score":100,"play_id":"51cd1c78-3f67-48b3-be0d-2d86706993a8","local_time":"20210112163502","is_ascension_mode":false,"campfire_choices":[{"floor":10,"key":"REST"},{"floor":15,"key":"REST"}],"circlet_count":0,"master_deck":["Moonworks:Strike","Moonworks:Strike","Moonworks:Strike","Moonworks:Defend+1","Moonworks:Defend","Moonworks:Defend+1","Moonworks:Defend","Moonworks:Ambush","Moonworks:LongDistanceShot","Moonworks:SubspaceTunnel","Moonworks:Heat300Percent","Moonworks:TreasureThief","Moonworks:Poppoformation","Moonworks:BigBangBell","Moonworks:LulusLuckyEgg"],"relics":["Moonworks:BrokenBomb","Moonworks:Homemark","REME_ComplimentaryCards","Replay:Kaleidoscope","Tiny Chest","Bag of Marbles"],"acts_visited":["Exordium"],"potions_floor_usage":[6,16,16],"damage_taken":[{"damage":1,"enemies":"Cultist","floor":1,"turns":3},{"damage":0,"enemies":"2 Louse","floor":2,"turns":3},{"damage":11,"enemies":"Small Slimes","floor":4,"turns":5},{"damage":18,"enemies":"Lagavulin","floor":6,"turns":8},{"damage":13,"enemies":"3 Louse","floor":12,"turns":4},{"damage":1,"enemies":"Large Slime","floor":14,"turns":8},{"damage":29,"enemies":"The Guardian","floor":16,"turns":9}],"seed_played":"-7636626214651302345","potions_obtained":[{"floor":2,"key":"Toxic Potion"},{"floor":6,"key":"hexamod:EctoCoolerPotion"},{"floor":12,"key":"Adrenaline Potion"}],"is_trial":false,"path_per_floor":["M","M","?","M","?","E","?","$","T","R","?","M","T","M","R","B"],"character_chosen":"THE_STARBREAKER","items_purchased":[],"campfire_rested":2,"item_purchase_floors":[],"current_hp_per_floor":[59,59,59,48,36,18,11,11,11,29,22,9,9,8,26,0,0],"gold":87,"neow_bonus":"ONE_RANDOM_RARE_CARD","is_daily":false,"chose_seed":false,"campfire_upgraded":0,"win_rate":0.0,"timestamp":1610462102,"path_taken":["M","?","?","M","?","E","?","$","T","R","?","M","?","M","R","BOSS"],"items_purchased_type":[],"build_version":"2020-12-22","purchased_purges":0,"victory":false,"max_hp_per_floor":[60,60,60,60,60,60,60,60,60,60,60,60,60,60,60,60,60],"card_choices":[{"not_picked":["Moonworks:FinalSurgery","Moonworks:Dinner"],"picked":"Moonworks:Heat300Percent","floor":1},{"not_picked":["Moonworks:SakisCookie","Moonworks:CloudOfSeagulls"],"picked":"Moonworks:TreasureThief","floor":2},{"not_picked":["Moonworks:UnpaidWork","Moonworks:CastOff"],"picked":"Moonworks:Poppoformation","floor":4},{"not_picked":["Moonworks:FinalSurgery","Moonworks:JonathanRush"],"picked":"Moonworks:BigBangBell","floor":6},{"not_picked":["Moonworks:EvilSpyWorkPreparation","Moonworks:DeployBits"],"picked":"Moonworks:LulusLuckyEgg","floor":12},{"not_picked":["Moonworks:CloudOfSeagulls","Moonworks:ExtendedPhotonRifle","Moonworks:Assault"],"picked":"SKIP","floor":14}],"player_experience":457332,"relics_obtained":[{"floor":6,"key":"Replay:Kaleidoscope"},{"floor":13,"key":"Bag of Marbles"}],"event_choices":[{"damage_healed":0,"gold_gain":0,"player_choice":"Ignored","damage_taken":0,"max_hp_gain":0,"max_hp_loss":0,"event_name":"Liars Game","floor":3,"gold_loss":0},{"damage_healed":0,"gold_gain":0,"player_choice":"Entered Light","damage_taken":12,"max_hp_gain":0,"max_hp_loss":0,"event_name":"Shining Light","floor":5,"gold_loss":0,"cards_upgraded":["Moonworks:Defend","Moonworks:Defend"]},{"cards_removed":["Moonworks:Strike"],"damage_healed":0,"gold_gain":0,"player_choice":"Card Removal","damage_taken":7,"max_hp_gain":0,"max_hp_loss":0,"event_name":"Golden Wing","floor":7,"gold_loss":0},{"damage_healed":0,"gold_gain":0,"player_choice":"Success","damage_taken":7,"relics_obtained":["Tiny Chest"],"max_hp_gain":0,"max_hp_loss":0,"event_name":"Scrap Ooze","floor":11,"gold_loss":0}],"is_beta":false,"boss_relics":[],"items_purged_floors":[],"is_endless":false,"potions_floor_spawned":[2,6,12],"killed_by":"The Guardian","ascension_level":0}}