{"host":"7l2t4psy44vpcd9q","time":1610450774,"event":{"mods":["AchievementEnabler","BaseMod","DeckTracker","Minty Spire (QoL Compilation)","SuperFastMode"],"gold_per_floor":[114,134,134,134,145,145,475,491,565,565,597,617,294,305,305,380,380,399,399,411,12,12,40,50,50,75,89,89,122,139,149,149,224,224,244,262,262,13,32,32,47,47,74,99,110,110,135,148,148,148,148],"floor_reached":50,"playtime":1888,"items_purged":["Strike_R"],"score":1177,"play_id":"c311e938-4394-4480-8c31-b4d46e0283ea","local_time":"20210112202614","is_ascension_mode":true,"campfire_choices":[{"data":"Twin Strike","floor":6.0,"key":"SMITH"},{"floor":10.0,"key":"REST"},{"floor":15.0,"key":"REST"},{"floor":25.0,"key":"REST"},{"data":"Rage","floor":32.0,"key":"SMITH"},{"floor":40.0,"key":"REST"},{"data":"True Grit","floor":42.0,"key":"SMITH"},{"floor":46,"key":"REST"},{"floor":49,"key":"REST"}],"circlet_count":0,"master_deck":["AscendersBane","Bash+1","Thunderclap","Cleave","Twin Strike+1","Carnage","Evolve","Blood for Blood","Second Wind","Shockwave","Immolate","Shockwave","Warcry","Exhume","Disarm","Sever Soul","Reckless Charge","Clash","Spot Weakness","Wild Strike","Necronomicurse","Iron Wave","Bite","Bite","Bite","Bite","Bite","Rage+1","Dropkick+1","Impervious","Infernal Blade+1","True Grit+1","Power Through","Uppercut","Ghostly Armor","Power Through+1"],"relics":["Runic Dome","Old Coin","Darkstone Periapt","Red Skull","Nunchaku","Pandora\u0027s Box","Necronomicon","Anchor","Vajra","Mercury Hourglass","Art of War","Question Card","SlaversCollar","Oddly Smooth Stone","Boot","Paper Frog","Shovel"],"acts_visited":["Exordium","TheCity","TheBeyond"],"potions_floor_usage":[44,44,45],"damage_taken":[{"damage":1.0,"enemies":"Cultist","floor":1.0,"turns":4.0},{"damage":7.0,"enemies":"Small Slimes","floor":2.0,"turns":3.0},{"damage":0.0,"enemies":"2 Louse","floor":5.0,"turns":4.0},{"damage":25.0,"enemies":"Lagavulin","floor":7.0,"turns":6.0},{"damage":30.0,"enemies":"Exordium Wildlife","floor":8.0,"turns":3.0},{"damage":0.0,"enemies":"Gremlin Nob","floor":11.0,"turns":2.0},{"damage":0.0,"enemies":"Looter","floor":12.0,"turns":1.0},{"damage":8.0,"enemies":"Exordium Thugs","floor":14.0,"turns":3.0},{"damage":33.0,"enemies":"Hexaghost","floor":16.0,"turns":5.0},{"damage":9.0,"enemies":"3 Byrds","floor":18.0,"turns":3.0},{"damage":0.0,"enemies":"Chosen","floor":20.0,"turns":2.0},{"damage":20.0,"enemies":"Slavers","floor":23.0,"turns":4.0},{"damage":8.0,"enemies":"Snake Plant","floor":24.0,"turns":2.0},{"damage":6.0,"enemies":"Cultist and Chosen","floor":27.0,"turns":3.0},{"damage":11.0,"enemies":"Book of Stabbing","floor":29.0,"turns":3.0},{"damage":0.0,"enemies":"Shelled Parasite and Fungi","floor":30.0,"turns":2.0},{"damage":3.0,"enemies":"Centurion and Healer","floor":31.0,"turns":3.0},{"damage":26.0,"enemies":"Collector","floor":33.0,"turns":4.0},{"damage":1.0,"enemies":"Orb Walker","floor":35.0,"turns":2.0},{"damage":0.0,"enemies":"3 Darklings","floor":36.0,"turns":1.0},{"damage":20.0,"enemies":"Transient","floor":39.0,"turns":6.0},{"damage":14.0,"enemies":"Spire Growth","floor":41.0,"turns":3.0},{"damage":47,"enemies":"Reptomancer","floor":44,"turns":5},{"damage":0,"enemies":"Maw","floor":45,"turns":6},{"damage":0,"enemies":"Mind Bloom Boss Battle","floor":47,"turns":4},{"damage":13,"enemies":"Sphere and 2 Shapes","floor":48,"turns":4},{"damage":44,"enemies":"Awakened One","floor":50,"turns":6}],"seed_played":"-4749111937669683440","potions_obtained":[{"floor":2.0,"key":"Explosive Potion"},{"floor":7.0,"key":"DistilledChaos"},{"floor":11.0,"key":"ColorlessPotion"},{"floor":12.0,"key":"LiquidBronze"},{"floor":24.0,"key":"Strength Potion"},{"floor":27.0,"key":"Block Potion"},{"floor":29.0,"key":"ColorlessPotion"},{"floor":33.0,"key":"BloodPotion"},{"floor":36.0,"key":"AttackPotion"},{"floor":41.0,"key":"HeartOfIron"},{"floor":44,"key":"PowerPotion"}],"is_trial":false,"path_per_floor":["M","M","?","?","M","R","E","M","T","R","E","M","$","M","R","B",null,"M","?","M","$","?","E","M","R","T","M","?","E","M","M","R","B",null,"M","M","?","$","M","R","M","R","T","E","M","R","?","M","R","B"],"character_chosen":"IRONCLAD","items_purchased":["Nunchaku","Regen Potion","Anchor","Vajra","PowerPotion","Power Through","Oddly Smooth Stone"],"campfire_rested":6,"item_purchase_floors":[13,13,21,21,21,38,38],"current_hp_per_floor":[67,60,60,60,60,60,35,5,5,27,27,27,27,19,41,22,62,53,38,38,38,38,26,20,36,36,38,38,33,37,34,34,14,46,47,47,47,47,35,50,38,38,38,7,15,30,30,21,36,0,0],"gold":148,"neow_bonus":"BOSS_RELIC","is_daily":false,"chose_seed":false,"campfire_upgraded":3,"win_rate":0.0,"timestamp":1610450774,"path_taken":["M","M","?","?","M","R","E","M","T","R","E","M","$","M","R","BOSS","M","?","M","$","?","E","M","R","T","M","?","E","?","M","R","BOSS","M","M","?","$","M","R","M","R","T","E","M","R","?","M","R","BOSS"],"items_purchased_type":["Relic","Potion","Relic","Relic","Potion","Card","Relic"],"build_version":"2020-12-22","purchased_purges":1,"victory":false,"max_hp_per_floor":[75,75,75,75,75,75,75,75,75,75,75,75,75,75,75,75,75,75,81,81,81,56,56,56,56,56,56,56,56,56,56,56,56,56,56,56,53,53,53,53,53,53,53,53,53,53,53,53,53,53,53],"card_choices":[{"not_picked":["Perfected Strike","Heavy Blade"],"picked":"Thunderclap","floor":1.0},{"not_picked":["Reckless Charge","Infernal Blade"],"picked":"Cleave","floor":2.0},{"not_picked":["True Grit","Warcry"],"picked":"Twin Strike","floor":5.0},{"not_picked":["Metallicize","Thunderclap"],"picked":"Carnage","floor":7.0},{"not_picked":["Sever Soul","Searing Blow"],"picked":"Evolve","floor":8.0},{"not_picked":["Flex","Hemokinesis"],"picked":"Blood for Blood","floor":11.0},{"not_picked":["Thunderclap","Perfected Strike"],"picked":"Second Wind","floor":12.0},{"not_picked":["Shrug It Off","Flex"],"picked":"Shockwave","floor":14.0},{"not_picked":["Juggernaut","Reaper"],"picked":"Immolate","floor":16.0},{"not_picked":["Heavy Blade","Body Slam"],"picked":"Wild Strike","floor":18.0},{"not_picked":["Juggernaut","Whirlwind"],"picked":"Iron Wave","floor":20.0},{"not_picked":["Thunderclap","Anger","Body Slam"],"picked":"SKIP","floor":23.0},{"not_picked":["Spot Weakness","Cleave"],"picked":"Rage","floor":24.0},{"not_picked":["Evolve+1","Spot Weakness","Sword Boomerang"],"picked":"SKIP","floor":27.0},{"not_picked":["Fiend Fire","Cleave","Pommel Strike"],"picked":"SKIP","floor":29.0},{"not_picked":["Clothesline","Fire Breathing+1","Thunderclap"],"picked":"Dropkick+1","floor":30.0},{"not_picked":["Sever Soul","Armaments","Entrench","Body Slam"],"picked":"SKIP","floor":31.0},{"not_picked":["Exhume","Brutality","Berserk"],"picked":"Impervious","floor":33.0},{"not_picked":["Flex","Havoc","Spot Weakness"],"picked":"Infernal Blade+1","floor":35.0},{"not_picked":["Second Wind","Wild Strike+1","Havoc"],"picked":"True Grit","floor":36.0},{"not_picked":["Searing Blow","Blood for Blood+1","Headbutt"],"picked":"Uppercut","floor":39.0},{"not_picked":["Pommel Strike","Clothesline","Headbutt+1"],"picked":"Ghostly Armor","floor":41.0},{"not_picked":["Carnage","Pummel","Hemokinesis","Warcry"],"picked":"SKIP","floor":44},{"not_picked":["Body Slam","Pommel Strike","Cleave+1","Barricade"],"picked":"SKIP","floor":45},{"not_picked":["Wild Strike","Body Slam","Ghostly Armor"],"picked":"Power Through+1","floor":48}],"player_experience":1215873,"relics_obtained":[{"floor":7.0,"key":"Old Coin"},{"floor":9.0,"key":"Darkstone Periapt"},{"floor":11.0,"key":"Red Skull"},{"floor":19.0,"key":"Necronomicon"},{"floor":23.0,"key":"Mercury Hourglass"},{"floor":26.0,"key":"Art of War"},{"floor":29.0,"key":"Question Card"},{"floor":43.0,"key":"Boot"},{"floor":44,"key":"Paper Frog"},{"floor":47,"key":"Shovel"}],"event_choices":[{"damage_healed":0.0,"max_hp_gain":0.0,"max_hp_loss":0.0,"gold_gain":0.0,"event_name":"Living Wall","player_choice":"Grow","floor":3.0,"gold_loss":0.0,"damage_taken":0.0,"cards_upgraded":["Bash"]},{"damage_healed":0.0,"max_hp_gain":0.0,"max_hp_loss":0.0,"gold_gain":0.0,"event_name":"Liars Game","player_choice":"Ignored","floor":4.0,"gold_loss":0.0,"damage_taken":0.0},{"damage_healed":0.0,"max_hp_gain":0.0,"max_hp_loss":0.0,"gold_gain":0.0,"event_name":"Cursed Tome","player_choice":"Obtained Book","floor":19.0,"gold_loss":0.0,"damage_taken":21.0},{"damage_healed":0.0,"max_hp_gain":0.0,"max_hp_loss":25.0,"gold_gain":0.0,"event_name":"Vampires","player_choice":"Became a vampire","floor":22.0,"gold_loss":0.0,"damage_taken":0.0,"cards_obtained":["Bite","Bite","Bite","Bite","Bite"]},{"damage_healed":0.0,"max_hp_gain":0.0,"max_hp_loss":0.0,"gold_gain":0.0,"event_name":"FaceTrader","player_choice":"Leave","floor":28.0,"gold_loss":0.0,"damage_taken":0.0},{"damage_healed":0.0,"max_hp_gain":0.0,"max_hp_loss":3.0,"gold_gain":0.0,"event_name":"Winding Halls","player_choice":"Max HP","floor":37.0,"gold_loss":0.0,"damage_taken":0.0},{"damage_healed":0,"gold_gain":0,"player_choice":"Fight","damage_taken":0,"max_hp_gain":0,"max_hp_loss":0,"event_name":"MindBloom","floor":47,"gold_loss":0}],"is_beta":false,"boss_relics":[{"not_picked":["Philosopher\u0027s Stone","Fusion Hammer"],"picked":"Pandora\u0027s Box"},{"not_picked":["Velvet Choker","Coffee Dripper"],"picked":"SlaversCollar"}],"items_purged_floors":[13],"is_endless":false,"potions_floor_spawned":[2,7,11,12,14,24,27,29,33,36,41,44],"killed_by":"Awakened One","ascension_level":20}}