{"host":"c97twqu0op5dg8i4","time":1610469645,"event":{"mods":["AchievementEnabler","BaseMod","Colored Map","Minty Spire (QoL Compilation)","Permanent Neow"],"gold_per_floor":[110,126,0,0,11,44,44,44,71,71,97,172,189,41,41,138,138,149,149,44,44,44,44,44,44],"floor_reached":24,"playtime":511,"items_purged":["Defend_B"],"score":306,"play_id":"4d3ba170-3857-42dc-b599-03d1e78432a6","local_time":"20210112114045","is_ascension_mode":true,"campfire_choices":[{"data":"Gash","floor":10,"key":"SMITH"},{"floor":15,"key":"REST"},{"floor":23,"key":"REST"}],"circlet_count":0,"master_deck":["Strike_B","Defend_B","Defend_B","Defend_B","Zap+1","Dualcast","Conserve Battery","Gash+1","Go for the Eyes","Sunder","Sweeping Beam","Gash","Rainbow"],"relics":["Black Star","PreservedInsect","Blue Candle","Strawberry","Symbiotic Virus","Sundial","Vajra","Empty Cage"],"acts_visited":["Exordium","TheCity"],"potions_floor_usage":[20],"damage_taken":[{"damage":3,"enemies":"Jaw Worm","floor":1,"turns":4},{"damage":3,"enemies":"2 Louse","floor":2,"turns":3},{"damage":0,"enemies":"Cultist","floor":5,"turns":3},{"damage":33,"enemies":"3 Sentries","floor":6,"turns":7},{"damage":0,"enemies":"Gremlin Nob","floor":11,"turns":2},{"damage":1,"enemies":"Large Slime","floor":13,"turns":2},{"damage":55,"enemies":"Hexaghost","floor":16,"turns":8},{"damage":31,"enemies":"Shell Parasite","floor":18,"turns":5},{"damage":73,"enemies":"Book of Stabbing","floor":24,"turns":6}],"seed_played":"-3107730342899424827","potions_obtained":[{"floor":1,"key":"FocusPotion"},{"floor":11,"key":"SpeedPotion"}],"is_trial":false,"path_per_floor":["M","M","$","?","M","E","?","$","T","R","E","?","M","$","R","B",null,"M","?","$","?","?","R","E"],"character_chosen":"DEFECT","items_purchased":["Go for the Eyes","Vajra","Fruit Juice"],"campfire_rested":2,"item_purchase_floors":[3,14,20],"current_hp_per_floor":[72,69,69,69,69,36,41,41,48,48,48,37,36,36,62,7,67,36,41,46,46,46,73,0,0],"gold":44,"neow_bonus":"BOSS_RELIC","is_daily":false,"chose_seed":false,"campfire_upgraded":1,"win_rate":0.0,"timestamp":1610469645,"path_taken":["M","M","$","?","M","E","?","$","T","R","E","?","M","$","R","BOSS","M","?","?","?","?","R","E"],"items_purchased_type":["Card","Relic","Potion"],"build_version":"2020-12-22","purchased_purges":1,"victory":false,"max_hp_per_floor":[75,75,75,75,75,75,80,80,87,87,87,87,87,87,87,87,87,87,87,92,92,92,92,92,92],"card_choices":[{"not_picked":["Glacier","Hologram"],"picked":"Conserve Battery","floor":1},{"not_picked":["Reprogram","Sweeping Beam"],"picked":"Gash","floor":2},{"not_picked":["Leap","White Noise"],"picked":"Sunder","floor":5},{"not_picked":["Chaos","Static Discharge"],"picked":"Beam Cell","floor":6},{"not_picked":["Fusion","Ball Lightning"],"picked":"Sweeping Beam","floor":11},{"not_picked":["Barrage","Ball Lightning"],"picked":"Gash","floor":13},{"not_picked":["Thunder Strike","Meteor Strike"],"picked":"Rainbow","floor":16},{"not_picked":["Turbo","Reinforced Body","Redo"],"picked":"SKIP","floor":18}],"player_experience":234337,"relics_obtained":[{"floor":6,"key":"PreservedInsect"},{"floor":6,"key":"Blue Candle"},{"floor":9,"key":"Strawberry"},{"floor":11,"key":"Symbiotic Virus"},{"floor":11,"key":"Sundial"}],"event_choices":[{"damage_healed":0,"gold_gain":0,"player_choice":"Grow","damage_taken":0,"max_hp_gain":0,"max_hp_loss":0,"event_name":"Living Wall","floor":4,"gold_loss":0,"cards_upgraded":["Zap"]},{"damage_healed":0,"gold_gain":0,"player_choice":"Donut","damage_taken":0,"max_hp_gain":5,"max_hp_loss":0,"event_name":"Big Fish","floor":7,"gold_loss":0},{"damage_healed":0,"gold_gain":75,"player_choice":"Gather Gold","damage_taken":11,"max_hp_gain":0,"max_hp_loss":0,"event_name":"World of Goop","floor":12,"gold_loss":0},{"cards_removed":["Beam Cell"],"damage_healed":5,"gold_gain":0,"player_choice":"Offered Common","damage_taken":0,"max_hp_gain":0,"max_hp_loss":0,"event_name":"Bonfire Elementals","floor":19,"gold_loss":0},{"cards_removed":["Beam Cell"],"damage_healed":5,"gold_gain":0,"player_choice":"Offered Special","damage_taken":0,"max_hp_gain":0,"max_hp_loss":0,"event_name":"Bonfire Elementals","floor":19,"gold_loss":0},{"cards_removed":["Strike_B"],"damage_healed":0,"gold_gain":0,"player_choice":"Elegance","damage_taken":0,"max_hp_gain":0,"max_hp_loss":0,"event_name":"Back to Basics","floor":21,"gold_loss":0},{"damage_healed":0,"gold_gain":0,"player_choice":"Ignored","damage_taken":0,"max_hp_gain":0,"max_hp_loss":0,"event_name":"Ghosts","floor":22,"gold_loss":0}],"is_beta":false,"boss_relics":[{"not_picked":["Velvet Choker","Cursed Key"],"picked":"Empty Cage"}],"items_purged_floors":[3],"is_endless":false,"potions_floor_spawned":[1,11],"killed_by":"Book of Stabbing","ascension_level":5}}