{"host":"uv231blk40vjdojr","time":1610484346,"event":{"mods":["AchievementEnabler","BaseMod","Bestiary","Minty Spire (QoL Compilation)","Relic Stats"],"gold_per_floor":[117,42,42,62,62,62,90,70,70,70,81,81,81],"floor_reached":12,"language":"ENG","playtime":273,"items_purged":["Defend_G"],"score":68,"play_id":"4271a800-8c2d-4264-b800-5145d99719a9","local_time":"20210112214546","is_ascension_mode":false,"campfire_choices":[{"data":"Neutralize","floor":6,"key":"SMITH"}],"circlet_count":0,"master_deck":["Strike_G","Strike_G","Strike_G","Strike_G","Defend_G","Defend_G","Defend_G","Defend_G","Survivor","Neutralize+1","Adrenaline"],"relics":["Ring of the Snake","CeramicFish","Matryoshka"],"acts_visited":["Exordium"],"potions_floor_usage":[],"damage_taken":[{"damage":5,"enemies":"Small Slimes","floor":1,"turns":4},{"damage":1,"enemies":"2 Louse","floor":4,"turns":3},{"damage":6,"enemies":"Cultist","floor":7,"turns":4},{"damage":1,"enemies":"Blue Slaver","floor":11,"turns":5},{"damage":13,"enemies":"Lagavulin","floor":12,"turns":5}],"seed_played":"8281404347795622635","potions_obtained":[{"floor":4,"key":"FearPotion"},{"floor":8,"key":"DistilledChaos"},{"floor":11,"key":"BlessingOfTheForge"}],"is_trial":false,"path_per_floor":["M","$","?","M","$","R","M","?","T","$","M","E"],"character_chosen":"THE_SILENT","items_purchased":[],"campfire_rested":0,"item_purchase_floors":[],"current_hp_per_floor":[65,65,58,57,57,57,51,51,51,51,50,37,37],"gold":81,"neow_bonus":"RANDOM_COMMON_RELIC","is_daily":false,"chose_seed":false,"campfire_upgraded":1,"win_rate":0.0,"timestamp":1610484346,"path_taken":["M","$","?","M","$","R","M","?","T","$","?","E"],"items_purchased_type":[],"build_version":"2020-12-22","purchased_purges":1,"victory":false,"max_hp_per_floor":[70,70,70,70,70,70,70,70,70,70,70,70,70],"relic_stats":{"counters":[5,21],"CeramicFish":9,"obtain_stats":[{"Matryoshka":9,"CeramicFish":0,"Ring of the Snake":0},{"Matryoshka":3,"CeramicFish":0,"Ring of the Snake":0},{"Matryoshka":11,"CeramicFish":0,"Ring of the Snake":0}],"Ring of the Snake":[10]},"card_choices":[{"not_picked":["Underhanded Strike","Deadly Poison","Blade Dance"],"picked":"SKIP","floor":1},{"not_picked":["Bane","Bouncing Flask","Predator"],"picked":"SKIP","floor":4},{"not_picked":["Noxious Fumes","Dodge and Roll"],"picked":"Adrenaline","floor":7},{"not_picked":["Flying Knee","Underhanded Strike","Cloak And Dagger"],"picked":"SKIP","floor":11}],"player_experience":675682,"relics_obtained":[{"floor":9,"key":"Matryoshka"}],"event_choices":[{"cards_removed":["Strike_G"],"damage_healed":0,"gold_gain":0,"player_choice":"Card Removal","damage_taken":7,"max_hp_gain":0,"max_hp_loss":0,"event_name":"Golden Wing","floor":3,"gold_loss":0},{"damage_healed":0,"gold_gain":0,"player_choice":"Bought 1 Potion","damage_taken":0,"max_hp_gain":0,"max_hp_loss":0,"event_name":"The Woman in Blue","floor":8,"gold_loss":0}],"is_beta":false,"boss_relics":[],"items_purged_floors":[2],"is_endless":false,"potions_floor_spawned":[4,11],"killed_by":"Lagavulin","ascension_level":0}}