{"host":"6hzrz31j95f2y1pa","time":1610495980,"event":{"mods":["BaseMod","Colored Map","Downfall","Minty Spire (QoL Compilation)","StSLib"],"gold_per_floor":[99,117,132,152,4,4,4,33,53,53,38,38,138,150,169,169,169,169],"floor_reached":16,"language":"ENG","playtime":726,"items_purged":["hexamod:Defend"],"score":184,"play_id":"5c6fd1ab-8875-4a52-9b4f-fdd6a4152379","local_time":"20210112185940","is_ascension_mode":true,"campfire_choices":[{"data":"expansioncontent:TimeRipple","floor":1.0,"key":"SMITH"},{"floor":12,"key":"REST"}],"circlet_count":0,"master_deck":["AscendersBane","hexamod:Strike","hexamod:Strike","hexamod:Strike","hexamod:Strike","hexamod:Defend","hexamod:Defend","hexamod:Defend","hexamod:Sear","hexamod:Float","expansioncontent:TimeRipple+1","hexamod:AdvancingGuard","hexamod:FourthSeal","hexamod:NightmareGuise","hexamod:ThermalTransfer","hexamod:RainOfEmbers","hexamod:PhantomCloak","hexamod:NightmareStrike"],"relics":["hexamod:SpiritBrand","Thread and Needle","Vajra","White Beast Statue"],"acts_visited":["Exordium"],"potions_floor_usage":[15],"damage_taken":[{"damage":0.0,"enemies":"Cultist","floor":2.0,"turns":3.0},{"damage":2.0,"enemies":"Jaw Worm","floor":3.0,"turns":4.0},{"damage":0.0,"enemies":"2 Louse","floor":4.0,"turns":3.0},{"damage":0.0,"enemies":"downfall:FleeingMerchant","floor":5.0,"turns":4.0},{"damage":22.0,"enemies":"Lagavulin","floor":8.0,"turns":8.0},{"damage":14.0,"enemies":"Exordium Wildlife","floor":9.0,"turns":5.0},{"damage":0,"enemies":"downfall:FleeingMerchant","floor":11,"turns":4},{"damage":22,"enemies":"downfall:LadyInBlue","floor":13,"turns":12},{"damage":0,"enemies":"3 Louse","floor":14,"turns":1},{"damage":2,"enemies":"Exordium Thugs","floor":15,"turns":6},{"damage":38,"enemies":"downfall:Silent","floor":16,"turns":4}],"seed_played":"-1993478154445907417","potions_obtained":[{"floor":4.0,"key":"SmokeBomb"},{"floor":8.0,"key":"Dexterity Potion"},{"floor":13,"key":"Strength Potion"},{"floor":13,"key":"Regen Potion"},{"floor":15,"key":"champ:CounterPotion"},{"floor":15,"key":"DuplicationPotion"}],"is_trial":false,"path_per_floor":["R","M","M","M","$","?","T","E","M","?","$","R","?","M","M","B"],"character_chosen":"THE_SPIRIT","items_purchased":["hexamod:ThermalTransfer"],"campfire_rested":1,"item_purchase_floors":[5],"current_hp_per_floor":[57,57,55,55,55,60,60,38,24,24,24,44,22,22,35,0,0,0],"gold":169,"neow_bonus":"RANDOM_COLORLESS","is_daily":false,"chose_seed":false,"campfire_upgraded":1,"win_rate":0.0,"timestamp":1610495980,"path_taken":["R","M","M","M","?","?","T","E","M","?","?","R","?","M","M","BOSS"],"items_purchased_type":["Card"],"build_version":"2020-12-22","purchased_purges":1,"victory":false,"max_hp_per_floor":[63,63,63,63,63,68,68,68,68,68,68,68,68,68,68,68,68,68],"card_choices":[{"not_picked":["expansioncontent:DecasProtection","Good Instincts"],"picked":"expansioncontent:TimeRipple","floor":0.0},{"not_picked":["hexamod:HeatShield","hexamod:RainOfEmbers"],"picked":"hexamod:AdvancingGuard","floor":2.0},{"not_picked":["hexamod:GhostLash","hexamod:BacktrackSmack","hexamod:InspiringFlames"],"picked":"SKIP","floor":3.0},{"not_picked":["hexamod:ShieldOfDarkness","hexamod:Hexaguard"],"picked":"hexamod:FourthSeal","floor":4.0},{"not_picked":["hexamod:EtherealExpedition","hexamod:GiftsFromTheDead"],"picked":"hexamod:NightmareGuise","floor":5.0},{"not_picked":["hexamod:BacktrackSmack","hexamod:NightmareGuise","hexamod:InspiringFlames"],"picked":"SKIP","floor":8.0},{"not_picked":["hexamod:GhostShield","hexamod:HeatShield","hexamod:FourthSeal"],"picked":"SKIP","floor":9},{"not_picked":["hexamod:SecondSeal","hexamod:AdvancingGuard"],"picked":"hexamod:RainOfEmbers","floor":11},{"not_picked":["hexamod:FastForward","hexamod:RainOfEmbers"],"picked":"hexamod:PhantomCloak","floor":13},{"not_picked":["hexamod:SoulSteal","hexamod:RainOfEmbers"],"picked":"hexamod:NightmareStrike","floor":14},{"not_picked":["hexamod:HeatCrush","hexamod:SpectersWail","hexamod:ParanormalForm"],"picked":"SKIP","floor":15}],"player_experience":1322217,"relics_obtained":[{"floor":7.0,"key":"Thread and Needle"},{"floor":8.0,"key":"Vajra"},{"floor":13,"key":"White Beast Statue"}],"event_choices":[{"damage_healed":0.0,"max_hp_gain":5.0,"max_hp_loss":0.0,"gold_gain":0.0,"event_name":"Big Fish","player_choice":"Donut","floor":6.0,"gold_loss":0.0,"damage_taken":0.0}],"is_beta":false,"boss_relics":[],"items_purged_floors":[5],"is_endless":false,"potions_floor_spawned":[4,8,14,15],"killed_by":"downfall:Silent","ascension_level":16}}