{"host":"25beq07qjecnigqh","time":1610421919,"event":{"mods":["BaseMod","Minty Spire (QoL Compilation)"],"gold_per_floor":[217,16,31,51,70,70,70,83,83,83,83,83,43,43,43,43,43],"floor_reached":16,"playtime":1114,"items_purged":[],"score":92,"play_id":"55fe0eea-c8f6-49b7-9997-40179dd2e36a","local_time":"20210112112519","is_ascension_mode":false,"campfire_choices":[{"data":"Uppercut","floor":6,"key":"SMITH"},{"data":"True Grit","floor":10,"key":"SMITH"},{"floor":12,"key":"REST"},{"floor":15,"key":"REST"}],"circlet_count":0,"master_deck":["Strike_R","Strike_R","Strike_R+1","Strike_R","Strike_R","Defend_R","Defend_R","Defend_R","Defend_R","Bash","Seeing Red","Metallicize","Chrysalis+1","Uppercut+1","Twin Strike","True Grit+1"],"relics":["Burning Blood","White Beast Statue","Orichalcum"],"acts_visited":["Exordium"],"potions_floor_usage":[8,14],"damage_taken":[{"damage":1,"enemies":"Cultist","floor":1,"turns":4},{"damage":3,"enemies":"Small Slimes","floor":3,"turns":5},{"damage":8,"enemies":"2 Louse","floor":4,"turns":2},{"damage":26,"enemies":"Exordium Thugs","floor":5,"turns":5},{"damage":8,"enemies":"Looter","floor":8,"turns":3},{"damage":0,"enemies":"3 Louse","floor":14,"turns":1},{"damage":62,"enemies":"Slime Boss","floor":16,"turns":18}],"seed_played":"-6794730446827306721","potions_obtained":[{"floor":3,"key":"Weak Potion"},{"floor":13,"key":"SmokeBomb"},{"floor":13,"key":"EntropicBrew"},{"floor":13,"key":"Weak Potion"}],"is_trial":false,"path_per_floor":["M","$","M","M","M","R","?","M","T","R","?","R","?","M","R","B"],"character_chosen":"IRONCLAD","items_purchased":["Metallicize","Chrysalis"],"campfire_rested":2,"item_purchase_floors":[2,2],"current_hp_per_floor":[80,80,80,78,58,58,42,40,40,40,7,31,31,37,61,0,0],"gold":43,"neow_bonus":"HUNDRED_GOLD","is_daily":false,"chose_seed":false,"campfire_upgraded":2,"win_rate":0.0,"timestamp":1610421919,"path_taken":["M","$","M","M","M","R","?","M","T","R","?","R","?","?","R","BOSS"],"items_purchased_type":["Card","Card"],"build_version":"2020-12-22","purchased_purges":0,"victory":false,"max_hp_per_floor":[80,80,80,80,80,80,80,80,80,80,80,80,80,80,80,80,80],"card_choices":[{"not_picked":["Anger","Combust"],"picked":"Seeing Red","floor":1},{"not_picked":["Clothesline","Heavy Blade","Sword Boomerang"],"picked":"SKIP","floor":3},{"not_picked":["Armaments","Second Wind"],"picked":"Uppercut","floor":4},{"not_picked":["Warcry","Sever Soul"],"picked":"Twin Strike","floor":5},{"not_picked":["Pummel","Whirlwind"],"picked":"True Grit","floor":8}],"player_experience":8546,"relics_obtained":[{"floor":9,"key":"White Beast Statue"}],"event_choices":[{"damage_healed":0,"gold_gain":0,"player_choice":"Entered Light","damage_taken":16,"max_hp_gain":0,"max_hp_loss":0,"event_name":"Shining Light","floor":7,"gold_loss":0,"cards_upgraded":["Chrysalis","Strike_R"]},{"damage_healed":0,"gold_gain":0,"player_choice":"Success","damage_taken":33,"relics_obtained":["Orichalcum"],"max_hp_gain":0,"max_hp_loss":0,"event_name":"Scrap Ooze","floor":11,"gold_loss":0},{"damage_healed":0,"gold_gain":0,"player_choice":"Bought 3 Potions","damage_taken":0,"max_hp_gain":0,"max_hp_loss":0,"event_name":"The Woman in Blue","floor":13,"gold_loss":0}],"is_beta":false,"boss_relics":[],"items_purged_floors":[],"is_endless":false,"potions_floor_spawned":[3,14],"killed_by":"Slime Boss","ascension_level":0}}