{"host":"f0gpob8hq9vgebej","time":1610426371,"event":{"mods":["AchievementEnabler","BaseMod","Minty Spire (QoL Compilation)","Quick Restart","SuperFastMode"],"gold_per_floor":[136,175,214,232,157,157,182,212,212,42,42,73,73,93,93,197,247,258,293,208,208,133,133,133,133],"floor_reached":24,"playtime":321,"items_purged":["Writhe","Strike_B"],"score":218,"play_id":"e7014efe-24f0-4397-91dd-25b075daaa34","local_time":"20210112133931","is_ascension_mode":true,"campfire_choices":[{"floor":6.0,"key":"REST"},{"data":"Self Repair","floor":13,"key":"SMITH"},{"data":"Darkness","floor":15,"key":"SMITH"},{"data":"Redo","floor":23,"key":"SMITH"}],"circlet_count":0,"master_deck":["Strike_B","Defend_B","Defend_B","Defend_B","Defend_B","Zap+1","Dualcast","HandOfGreed","Conserve Battery","Redo+1","Core Surge","Self Repair+1","Ball Lightning","Genetic Algorithm","Capacitor","Darkness+1","Biased Cognition","Redo","Tempest"],"relics":["Cracked Core","Gremlin Horn","Calipers","Symbiotic Virus","Tiny House","Bird Faced Urn"],"acts_visited":["Exordium","TheCity"],"potions_floor_usage":[7,16,16,24],"damage_taken":[{"damage":2.0,"enemies":"Jaw Worm","floor":1.0,"turns":3.0},{"damage":1.0,"enemies":"2 Louse","floor":2.0,"turns":2.0},{"damage":7.0,"enemies":"Small Slimes","floor":3.0,"turns":3.0},{"damage":11.0,"enemies":"Looter","floor":4.0,"turns":3.0},{"damage":14,"enemies":"Gremlin Nob","floor":7,"turns":3},{"damage":6,"enemies":"3 Louse","floor":8,"turns":3},{"damage":7,"enemies":"Exordium Wildlife","floor":12,"turns":3},{"damage":8,"enemies":"Large Slime","floor":14,"turns":3},{"damage":33,"enemies":"Hexaghost","floor":16,"turns":7},{"damage":29,"enemies":"2 Thieves","floor":18,"turns":4},{"damage":40,"enemies":"Shell Parasite","floor":19,"turns":5},{"damage":29,"enemies":"Slavers","floor":24,"turns":2}],"seed_played":"-6008409238912015311","potions_obtained":[{"floor":3.0,"key":"FearPotion"},{"floor":8,"key":"LiquidBronze"},{"floor":14,"key":"Fire Potion"},{"floor":17,"key":"BlessingOfTheForge"}],"is_trial":false,"path_per_floor":["M","M","M","M","$","R","E","M","T","$","?","M","R","M","R","B",null,"M","M","?","?","?","R","E"],"character_chosen":"DEFECT","items_purchased":["Genetic Algorithm"],"campfire_rested":1,"item_purchase_floors":[10],"current_hp_per_floor":[73,72,65,54,54,75,61,62,62,62,37,37,37,39,39,16,80,61,31,31,31,31,31,8,8],"gold":133,"neow_bonus":"RANDOM_COLORLESS_2","is_daily":false,"chose_seed":false,"campfire_upgraded":3,"win_rate":0.0,"timestamp":1610426371,"path_taken":["M","M","M","M","$","R","E","M","T","$","?","M","R","M","R","BOSS","M","M","?","?","?","R","E"],"items_purchased_type":["Card"],"build_version":"2020-12-22","purchased_purges":2,"victory":false,"max_hp_per_floor":[75,75,75,75,75,75,75,75,75,75,75,75,75,75,75,75,80,80,80,80,80,80,80,80,80],"card_choices":[{"not_picked":["Sadistic Nature","Mayhem"],"picked":"HandOfGreed","floor":0.0},{"not_picked":["Barrage","Force Field"],"picked":"Conserve Battery","floor":1.0},{"not_picked":["Streamline","Compile Driver"],"picked":"Redo","floor":2.0},{"not_picked":["Steam","Cold Snap"],"picked":"Core Surge","floor":3.0},{"not_picked":["Melter","Coolheaded","Redo"],"picked":"SKIP","floor":4.0},{"not_picked":["Aggregate","Consume"],"picked":"Self Repair","floor":7},{"not_picked":["Beam Cell","Cold Snap"],"picked":"Ball Lightning","floor":8},{"not_picked":["Go for the Eyes","Tempest"],"picked":"Capacitor","floor":12},{"not_picked":["Fusion","Streamline"],"picked":"Darkness","floor":14},{"not_picked":["Meteor Strike","All For One"],"picked":"Biased Cognition","floor":16},{"not_picked":["Sweeping Beam","Gash"],"picked":"Redo","floor":18},{"not_picked":["Leap","Cold Snap"],"picked":"Tempest","floor":19}],"player_experience":138108,"relics_obtained":[{"floor":7,"key":"Gremlin Horn"},{"floor":9,"key":"Calipers"}],"event_choices":[{"damage_healed":0,"gold_gain":0,"player_choice":"Success","damage_taken":25,"relics_obtained":["Symbiotic Virus"],"max_hp_gain":0,"max_hp_loss":0,"event_name":"Scrap Ooze","floor":11,"gold_loss":0},{"damage_healed":0,"gold_gain":0,"player_choice":"Obtained Relic","damage_taken":0,"relics_obtained":["Bird Faced Urn"],"max_hp_gain":0,"max_hp_loss":0,"event_name":"Addict","floor":20,"gold_loss":85},{"cards_removed":["Strike_B"],"damage_healed":0,"gold_gain":0,"player_choice":"Elegance","damage_taken":0,"max_hp_gain":0,"max_hp_loss":0,"event_name":"Back to Basics","floor":21,"gold_loss":0},{"cards_removed":["Strike_B"],"damage_healed":0,"gold_gain":0,"player_choice":"Gave Gold","damage_taken":0,"max_hp_gain":0,"max_hp_loss":0,"event_name":"Beggar","floor":22,"gold_loss":75}],"is_beta":false,"boss_relics":[{"not_picked":["Snecko Eye","Busted Crown"],"picked":"Tiny House"}],"items_purged_floors":[5,10],"is_endless":false,"potions_floor_spawned":[3,8,14],"killed_by":"Slavers","ascension_level":2}}