{"host":"qswkx8hggytna0kc","time":1610421470,"event":{"mods":["Aspiration","BaseMod","BetterRewards","Colored Map","Colored Powertips","Highlight Path","Hubris","Mimic Mod","Minty Spire (QoL Compilation)","MostiFishMod","Quick Restart","Replay The Spire","StSLib","SuperFastMode"],"gold_per_floor":[116,135,135,345,358,358,358],"floor_reached":6,"playtime":177,"items_purged":[],"score":61,"play_id":"056a1b4c-09af-4c38-818d-0d078fc68eb6","local_time":"20210112111750","is_ascension_mode":true,"campfire_choices":[],"circlet_count":0,"master_deck":["AscendersBane","Strike_B","Strike_B","Strike_B","Strike_B","Defend_B","Defend_B","Defend_B+1","Defend_B","Zap","Dualcast","Aggregate","MostiFishMod:PushDownKick+1","Turbo","ReplayTheSpireMod:Splinters","Chill","Steam Power"],"relics":["Cracked Core","DaveBox","SynthV:C4","SynthV:TestCard"],"acts_visited":["Exordium"],"potions_floor_usage":[],"damage_taken":[{"damage":7,"enemies":"Small Slimes","floor":1,"turns":4},{"damage":4,"enemies":"Jaw Worm","floor":2,"turns":3},{"damage":0,"enemies":"2 Louse","floor":5,"turns":3},{"damage":32,"enemies":"Lagavulin","floor":6,"turns":8}],"seed_played":"8460023017190003760","potions_obtained":[{"floor":5,"key":"SpeedPotion"}],"is_trial":false,"path_per_floor":["M","M","?","?","M","E"],"character_chosen":"DEFECT","items_purchased":[],"campfire_rested":0,"item_purchase_floors":[],"current_hp_per_floor":[57,53,39,39,39,7,7],"gold":358,"neow_bonus":"THREE_CARDS","is_daily":false,"chose_seed":false,"campfire_upgraded":0,"win_rate":0.0,"timestamp":1610421470,"path_taken":["M","M","?","?","M","E"],"items_purchased_type":[],"build_version":"2020-12-22","purchased_purges":0,"victory":false,"max_hp_per_floor":[71,71,71,71,71,71,71],"card_choices":[{"not_picked":["Doom and Gloom","Stack"],"picked":"Aggregate","floor":0},{"not_picked":["Sweeping Beam","Force Field"],"picked":"MostiFishMod:PushDownKick","floor":1},{"not_picked":["MostiFishMod:LinkProtocol","Rebound","Streamline","Conserve Battery"],"picked":"Turbo","floor":2},{"not_picked":["Compile Driver","BasicCrystalCard","Darkness","Conserve Battery"],"picked":"Chill","floor":4},{"not_picked":["MostiFishMod:PushDownKick","Leap","Chaos","Ball Lightning"],"picked":"Steam Power","floor":5}],"player_experience":270387,"relics_obtained":[{"floor":1,"key":"SynthV:TestCard"}],"event_choices":[{"damage_healed":0,"gold_gain":0,"player_choice":"Entered Light","damage_taken":14,"max_hp_gain":0,"max_hp_loss":0,"event_name":"Shining Light","floor":3,"gold_loss":0,"cards_upgraded":["Defend_B","MostiFishMod:PushDownKick"]}],"is_beta":false,"boss_relics":[],"items_purged_floors":[],"is_endless":false,"potions_floor_spawned":[5],"killed_by":"Lagavulin","ascension_level":14}}