{"host":"e52c7hvho6xny3hd","time":1610449145,"event":{"mods":["AchievementEnabler","BaseMod","Colored Map","DeckTracker","Minty Spire (QoL Compilation)","Permanent Neow","StSLib"],"gold_per_floor":[114,126,301,320,334,334,334,334,361,361,394,281,297,328,328,430,430,447,466,466,466,485,485,485,485,485,505,538,460,477,477,477],"floor_reached":31,"playtime":1382,"items_purged":["Doubt"],"score":384,"play_id":"97f453d0-19c1-4b4f-bd38-241039b00e53","local_time":"20210112195905","is_ascension_mode":true,"campfire_choices":[{"data":"Eruption","floor":6,"key":"SMITH"},{"data":"Tantrum","floor":8,"key":"SMITH"},{"data":"Establishment","floor":10,"key":"SMITH"},{"data":"BattleHymn","floor":15,"key":"SMITH"},{"data":"Wallop","floor":23,"key":"SMITH"},{"data":"Adaptation","floor":25,"key":"SMITH"}],"circlet_count":0,"master_deck":["Strike_P","Defend_P","Defend_P","Defend_P","Defend_P","Eruption+1","Vigilance+1","Tantrum+1","CarveReality","DeceiveReality+1","Wallop+1","Establishment+1","FlyingSleeves","Conclude+1","BattleHymn+1","EmptyMind","LessonLearned","FearNoEvil+1","ClearTheMind+1","FollowUp+1","Adaptation+1","FlyingSleeves+1","FlurryOfBlows"],"relics":["PureWater","War Paint","Oddly Smooth Stone","Blood Vial","Black Star","Turnip","Frozen Egg 2","Potion Belt","Question Card","TungstenRod"],"acts_visited":["Exordium","TheCity"],"potions_floor_usage":[],"damage_taken":[{"damage":0,"enemies":"2 Louse","floor":1,"turns":2},{"damage":0,"enemies":"Cultist","floor":2,"turns":2},{"damage":0,"enemies":"Jaw Worm","floor":4,"turns":4},{"damage":0,"enemies":"Exordium Wildlife","floor":5,"turns":4},{"damage":7,"enemies":"3 Sentries","floor":11,"turns":6},{"damage":0,"enemies":"Blue Slaver","floor":13,"turns":3},{"damage":23,"enemies":"Gremlin Nob","floor":14,"turns":4},{"damage":3,"enemies":"Hexaghost","floor":16,"turns":9},{"damage":18,"enemies":"3 Byrds","floor":18,"turns":4},{"damage":1,"enemies":"Shell Parasite","floor":19,"turns":4},{"damage":0,"enemies":"Sentry and Sphere","floor":22,"turns":4},{"damage":21,"enemies":"Snake Plant","floor":27,"turns":4},{"damage":17,"enemies":"Gremlin Leader","floor":28,"turns":4},{"damage":10,"enemies":"Centurion and Healer","floor":30,"turns":4},{"damage":5,"enemies":"Chosen and Byrds","floor":31,"turns":1}],"seed_played":"-5512174332605219173","potions_obtained":[{"floor":1,"key":"Dexterity Potion"},{"floor":2,"key":"Explosive Potion"},{"floor":11,"key":"Ancient Potion"},{"floor":16,"key":"LiquidBronze"},{"floor":28,"key":"DistilledChaos"}],"is_trial":false,"path_per_floor":["M","M","?","M","M","R","?","R","T","R","E","$","M","E","R","B",null,"M","M","?","T","M","R","?","R","T","M","E","?","M","M"],"character_chosen":"WATCHER","items_purchased":["Conclude"],"campfire_rested":0,"item_purchase_floors":[12],"current_hp_per_floor":[65,65,65,65,65,65,65,65,65,65,58,58,58,35,35,34,57,41,42,42,42,44,44,44,44,44,25,10,10,2,0,0],"gold":477,"neow_bonus":"TRANSFORM_TWO_CARDS","is_daily":false,"chose_seed":false,"campfire_upgraded":6,"win_rate":0.0,"timestamp":1610449145,"path_taken":["M","M","?","M","M","R","?","R","T","R","E","$","?","E","R","BOSS","M","M","?","?","M","R","?","R","T","M","E","?","M","?"],"items_purchased_type":["Card"],"build_version":"2020-12-22","purchased_purges":1,"victory":false,"max_hp_per_floor":[65,65,65,65,65,65,65,65,65,65,65,65,65,65,65,65,65,65,65,65,65,65,65,65,65,65,65,65,65,65,65,65],"card_choices":[{"not_picked":["Halt","Weave"],"picked":"DeceiveReality","floor":1},{"not_picked":["JustLucky","Wireheading","CrushJoints"],"picked":"SKIP","floor":2},{"not_picked":["BowlingBash","Crescendo","Prostrate"],"picked":"SKIP","floor":4},{"not_picked":["FlurryOfBlows","Halt"],"picked":"Wallop","floor":5},{"not_picked":["LikeWater","Wireheading"],"picked":"FlyingSleeves","floor":11},{"not_picked":["Consecrate","EmptyBody"],"picked":"BattleHymn","floor":13},{"not_picked":["BowlingBash","ClearTheMind"],"picked":"EmptyMind","floor":14},{"not_picked":["Devotion","ConjureBlade"],"picked":"LessonLearned","floor":16},{"not_picked":["Wallop","Collect"],"picked":"FearNoEvil+1","floor":18},{"not_picked":["Swivel+1","BowlingBash+1"],"picked":"ClearTheMind+1","floor":19},{"not_picked":["CutThroughFate","WaveOfTheHand"],"picked":"FollowUp+1","floor":22},{"not_picked":["CrushJoints","Consecrate+1"],"picked":"FlyingSleeves+1","floor":27},{"not_picked":["JustLucky+1","Fasting2+1"],"picked":"FlurryOfBlows","floor":28},{"not_picked":["Pray","CutThroughFate","Consecrate","ThirdEye"],"picked":"SKIP","floor":30}],"player_experience":649856,"relics_obtained":[{"floor":9,"key":"War Paint"},{"floor":11,"key":"Oddly Smooth Stone"},{"floor":14,"key":"Blood Vial"},{"floor":21,"key":"Turnip"},{"floor":26,"key":"Frozen Egg 2"},{"floor":28,"key":"Potion Belt"},{"floor":28,"key":"Question Card"}],"event_choices":[{"damage_healed":0,"gold_gain":175,"player_choice":"AGREE","damage_taken":0,"max_hp_gain":0,"max_hp_loss":0,"event_name":"Liars Game","floor":3,"gold_loss":0,"cards_obtained":["Doubt"]},{"damage_healed":0,"gold_gain":0,"cards_transformed":["Strike_P"],"player_choice":"Transformed","damage_taken":0,"max_hp_gain":0,"max_hp_loss":0,"event_name":"Transmorgrifier","floor":7,"gold_loss":0,"cards_obtained":["Establishment"]},{"damage_healed":0,"gold_gain":0,"player_choice":"Ignored","damage_taken":0,"max_hp_gain":0,"max_hp_loss":0,"event_name":"Cursed Tome","floor":20,"gold_loss":0},{"damage_healed":0,"gold_gain":0,"player_choice":"Read","damage_taken":0,"max_hp_gain":0,"max_hp_loss":0,"event_name":"The Library","floor":24,"gold_loss":0,"cards_obtained":["Adaptation"]},{"damage_healed":0,"gold_gain":0,"player_choice":"Paid Gold","damage_taken":0,"relics_obtained":["TungstenRod"],"max_hp_gain":0,"max_hp_loss":0,"event_name":"WeMeetAgain","floor":29,"gold_loss":78}],"is_beta":false,"boss_relics":[{"not_picked":["Velvet Choker","Pandora\u0027s Box"],"picked":"Black Star"}],"items_purged_floors":[12],"is_endless":false,"potions_floor_spawned":[1,2,11,16,22,27,28],"killed_by":"Chosen and Byrds","ascension_level":9}}