{"host":"Stephanie","time":1610473049,"event":{"mods":["BaseMod","Colored Powertips","Curses Come First","Minty Spire (QoL Compilation)","Rare Cards Sparkle","Relic Stats","StSLib","The Dragon Tamer"],"gold_per_floor":[111,128,303,314,334,367,367,385,385,660,679,4,4,4,4,4,4,4],"floor_reached":16,"playtime":750,"items_purged":[],"score":102,"play_id":"79191e11-1d58-4c61-9c22-0d5479df0a98","local_time":"20210112123729","is_ascension_mode":false,"metric_token":531,"campfire_choices":[{"data":"DTMod:CleansingStrike","floor":7,"key":"SMITH"},{"floor":13,"key":"REST"},{"data":"DTMod:MagiciansMark","floor":15,"key":"SMITH"}],"dtmod_dragon_data":[50,50,-1,-1,0,0],"circlet_count":0,"master_deck":["DTMod:Strike","DTMod:Strike","DTMod:Strike","DTMod:Strike","DTMod:DoubleHit","DTMod:TargetDefense","DTMod:TargetDefense","DTMod:TargetDefense","DTMod:TargetDefense","DTMod:SwitchingTactic","DTMod:CleansingStrike+1","DTMod:ComboAttack","Doubt","DTMod:BlazingStrike","DTMod:ShieldDrain","DTMod:RecklessFlurry","DTMod:Hide","Regret","DTMod:RunningTactic","DTMod:Harmonize","DTMod:MagiciansMark+1","DTMod:Observe"],"relics":["DTMod:PactStone","Eternal Feather","DTMod:DragonFood","DTMod:BasicTextbook","Kunai"],"acts_visited":["Exordium"],"potions_floor_usage":[16],"damage_taken":[{"damage":0,"enemies":"Small Slimes","floor":1,"turns":3},{"damage":0,"enemies":"2 Louse","floor":2,"turns":2},{"damage":0,"enemies":"Cultist","floor":4,"turns":3},{"damage":5,"enemies":"Red Slaver","floor":5,"turns":5},{"damage":10,"enemies":"Lagavulin","floor":6,"turns":5},{"damage":19,"enemies":"Large Slime","floor":8,"turns":4},{"damage":13,"enemies":"Blue Slaver","floor":11,"turns":3},{"damage":50,"enemies":"Hexaghost","floor":16,"turns":9}],"seed_played":"-5406141201316774382","potions_obtained":[{"floor":2,"key":"Ancient Potion"},{"floor":11,"key":"SkillPotion"}],"is_trial":false,"path_per_floor":["M","M","?","M","M","E","R","M","T","?","M","$","R","$","R","B"],"character_chosen":"THE_DT","items_purchased":["DTMod:Harmonize","DTMod:BasicTextbook","Kunai","DTMod:MagiciansMark","DTMod:Observe","FearPotion"],"campfire_rested":1,"item_purchase_floors":[12,12,12,12,12,12],"current_hp_per_floor":[49,49,49,49,44,34,43,24,24,24,11,11,37,37,49,0,0,0],"gold":4,"neow_bonus":"TEN_PERCENT_HP_BONUS","is_daily":false,"chose_seed":false,"campfire_upgraded":2,"win_rate":0.0,"timestamp":1610473049,"path_taken":["M","M","?","M","M","E","R","M","T","?","?","$","R","?","R","BOSS"],"items_purchased_type":["Card","Relic","Relic","Card","Card","Potion"],"build_version":"2020-12-18","purchased_purges":0,"victory":false,"max_hp_per_floor":[49,49,49,49,49,49,49,49,49,49,49,49,49,49,49,49,49,49],"relic_stats":{"counters":[8,34],"Eternal Feather":33,"Kunai":[3],"obtain_stats":[{"DTMod:PactStone":0,"Eternal Feather":6,"DTMod:DragonFood":9,"DTMod:BasicTextbook":12,"Kunai":12},{"DTMod:PactStone":0,"Eternal Feather":5,"DTMod:DragonFood":6,"DTMod:BasicTextbook":7,"Kunai":7},{"DTMod:PactStone":0,"Eternal Feather":18,"DTMod:DragonFood":22,"DTMod:BasicTextbook":25,"Kunai":25}]},"card_choices":[{"not_picked":["DTMod:BurningEnergy","DTMod:QuickFly"],"picked":"DTMod:CleansingStrike","floor":1},{"not_picked":["DTMod:Astonish","DTMod:QuickFly"],"picked":"DTMod:ComboAttack","floor":2},{"not_picked":["DTMod:Threaten","DTMod:BreakAttack"],"picked":"DTMod:BlazingStrike","floor":4},{"not_picked":["DTMod:Feint","DTMod:Adaptation"],"picked":"DTMod:ShieldDrain","floor":5},{"not_picked":["DTMod:BurningEnergy","DTMod:Threaten"],"picked":"DTMod:RecklessFlurry","floor":6},{"not_picked":["DTMod:Adaptation","DTMod:MasterPlan"],"picked":"DTMod:Hide","floor":8},{"not_picked":["DTMod:LowKick","DTMod:Hide"],"picked":"DTMod:RunningTactic","floor":11}],"player_experience":843033,"relics_obtained":[{"floor":6,"key":"Eternal Feather"},{"floor":9,"key":"DTMod:DragonFood"}],"event_choices":[{"damage_healed":0,"gold_gain":175,"player_choice":"AGREE","damage_taken":0,"max_hp_gain":0,"max_hp_loss":0,"event_name":"Liars Game","floor":3,"gold_loss":0,"cards_obtained":["Doubt"]},{"damage_healed":0,"gold_gain":275,"player_choice":"Desecrate","damage_taken":0,"max_hp_gain":0,"max_hp_loss":0,"event_name":"Golden Shrine","floor":10,"gold_loss":0,"cards_obtained":["Regret"]}],"is_beta":true,"boss_relics":[],"items_purged_floors":[],"is_endless":false,"potions_floor_spawned":[2,11],"killed_by":"Hexaghost","ascension_level":0}}