{"host":"rdkrwszfl07lpbj9","time":1610481039,"event":{"mods":["Act Like it!","Aspiration","BaseMod","Beaked The Cultist","Colored Powertips","Downfall","Friendly Minions","Hermit","Infinite Spire","Minty Spire (QoL Compilation)","Replay The Spire","StSLib","The Construct","The Elementalist","The Hierophant","The Jungle","The Marked","The Runesmith"],"gold_per_floor":[99,115,115,215,228,228,275,292,309,309,309,309],"floor_reached":10,"language":"ENG","playtime":451,"items_purged":[],"score":58,"play_id":"2246a7cb-fe68-4932-96cd-76145e1fec31","local_time":"20210112115039","is_ascension_mode":false,"campfire_choices":[{"data":"Replay:Fractal Strike","floor":6,"key":"SMITH"}],"circlet_count":0,"master_deck":["champ:Strike","champ:Strike","champ:Strike","champ:Defend","champ:Defend","champ:Defend","champ:Execute","champ:Taunt","champ:Encircle","Replay:Fractal Strike+1","champ:FocusedBerserking"],"relics":["m_IronCrown","Ancient Tea Set"],"acts_visited":["Exordium"],"potions_floor_usage":[9,10],"damage_taken":[{"damage":11,"enemies":"Jaw Worm","floor":2,"turns":3},{"damage":7,"enemies":"2 Louse","floor":5,"turns":3},{"damage":5,"enemies":"Cultist","floor":8,"turns":3},{"damage":28,"enemies":"Lots of Slimes","floor":9,"turns":4},{"damage":48,"enemies":"3 Sentries","floor":10,"turns":5}],"seed_played":"8636495144468507321","potions_obtained":[{"floor":5,"key":"Ancient Potion"},{"floor":8,"key":"champ:OpenerPotion"}],"is_trial":false,"path_per_floor":["R","M","?","?","M","R","T","M","M","E"],"character_chosen":"THE_CHAMP","items_purchased":[],"campfire_rested":0,"item_purchase_floors":[],"current_hp_per_floor":[63,63,41,41,47,47,47,52,48,0,0,0],"gold":309,"neow_bonus":"REMOVE_TWO","is_daily":false,"chose_seed":false,"campfire_upgraded":1,"win_rate":0.0,"timestamp":1610481039,"path_taken":["R","M","?","?","M","R","T","?","M","E"],"items_purchased_type":[],"build_version":"2020-12-22","purchased_purges":0,"victory":false,"max_hp_per_floor":[90,90,90,90,90,90,90,90,90,90,90,90],"card_choices":[{"not_picked":["champ:BladeFlurry","champ:CrookedStrike"],"picked":"champ:Encircle","floor":2},{"not_picked":["infinitespire:Starlight","infinitespire:Collect"],"picked":"Replay:Fractal Strike","floor":3},{"not_picked":["champ:TornadoPunch","champ:EndlessRage"],"picked":"champ:FocusedBerserking","floor":5},{"not_picked":["champ:FlashCut","champ:Backstep","champ:DefensiveShout"],"picked":"SKIP","floor":8},{"not_picked":["champ:BringItOn","champ:Backstep","champ:EnGarde"],"picked":"SKIP","floor":9}],"player_experience":1006595,"relics_obtained":[{"floor":7,"key":"Ancient Tea Set"}],"event_choices":[],"is_beta":false,"boss_relics":[],"items_purged_floors":[],"is_endless":false,"potions_floor_spawned":[5,8],"killed_by":"3 Sentries","ascension_level":0}}