{"host":"oehe2dxjvdgux73m","time":1610448152,"event":{"mods":["AchievementEnabler","BaseMod","Colored Map","Colored Powertips","DeckTracker","Keyboard Shortcuts","Minty Spire (QoL Compilation)","Permanent Neow","Quick Restart","StSLib","SuperFastMode"],"gold_per_floor":[111,123,140,215,106,106,141,151,175,98,131,131,149,169,169,267,267,286,296,315,315,328,353,353,372,424,443,443,443],"floor_reached":28,"playtime":1441,"items_purged":["Strike_R"],"score":330,"play_id":"7d7d7e44-cc43-474f-b8cb-7a0fb5b2085f","local_time":"20210112194232","is_ascension_mode":true,"campfire_choices":[{"floor":6.0,"key":"REST"},{"data":"Second Wind","floor":12.0,"key":"SMITH"},{"floor":15.0,"key":"REST"},{"data":"Offering","floor":24.0,"key":"SMITH"}],"circlet_count":0,"master_deck":["Strike_R","Strike_R","Defend_R","Defend_R","Defend_R","Defend_R","Bash","True Grit","Seeing Red","Shrug It Off","Disarm","Fire Breathing","Power Through","Cleave","Second Wind+1","Power Through","Twin Strike","Anger","Offering+1","Warcry+1","Entrench","Sentinel"],"relics":["Burning Blood","Pen Nib","MealTicket","Tiny Chest","Runic Pyramid","Mummified Hand","Happy Flower"],"acts_visited":["Exordium","TheCity"],"potions_floor_usage":[28],"damage_taken":[{"damage":15.0,"enemies":"Cultist","floor":1.0,"turns":5.0},{"damage":9.0,"enemies":"Small Slimes","floor":2.0,"turns":7.0},{"damage":6.0,"enemies":"Jaw Worm","floor":3.0,"turns":8.0},{"damage":19.0,"enemies":"3 Sentries","floor":7.0,"turns":6.0},{"damage":9.0,"enemies":"Large Slime","floor":8.0,"turns":8.0},{"damage":24.0,"enemies":"Lagavulin","floor":11.0,"turns":9.0},{"damage":2.0,"enemies":"Lots of Slimes","floor":13.0,"turns":4.0},{"damage":24.0,"enemies":"Exordium Thugs","floor":14.0,"turns":8.0},{"damage":18.0,"enemies":"Hexaghost","floor":16.0,"turns":10.0},{"damage":0.0,"enemies":"Shell Parasite","floor":18.0,"turns":7.0},{"damage":7.0,"enemies":"Chosen","floor":19.0,"turns":6.0},{"damage":20.0,"enemies":"Centurion and Healer","floor":20.0,"turns":9.0},{"damage":1.0,"enemies":"Snake Plant","floor":22.0,"turns":7.0},{"damage":23.0,"enemies":"Gremlin Leader","floor":23.0,"turns":8.0},{"damage":27.0,"enemies":"Cultist and Chosen","floor":25.0,"turns":8.0},{"damage":10.0,"enemies":"Sentry and Sphere","floor":27.0,"turns":9.0},{"damage":24,"enemies":"Slavers","floor":28,"turns":3}],"seed_played":"-5601003131613632967","potions_obtained":[{"floor":2.0,"key":"CultistPotion"},{"floor":8.0,"key":"Strength Potion"},{"floor":13.0,"key":"Block Potion"},{"floor":18.0,"key":"EssenceOfSteel"},{"floor":20.0,"key":"EssenceOfSteel"},{"floor":22.0,"key":"LiquidMemories"}],"is_trial":false,"path_per_floor":["M","M","M","?","$","R","E","M","T","$","E","R","M","M","R","B",null,"M","M","M","?","M","E","R","M","T","M","E"],"character_chosen":"IRONCLAD","items_purchased":["Fire Breathing","Second Wind"],"campfire_rested":2,"item_purchase_floors":[5,10],"current_hp_per_floor":[42,39,39,28,28,52,39,36,36,51,33,33,37,19,43,31,68,74,73,59,59,64,47,47,26,26,22,0,0],"gold":443,"neow_bonus":"TRANSFORM_TWO_CARDS","is_daily":false,"chose_seed":false,"campfire_upgraded":2,"win_rate":0.0,"timestamp":1610448152,"path_taken":["M","?","M","?","$","R","E","M","T","$","E","R","M","M","R","BOSS","M","M","M","?","M","E","R","M","T","M","E"],"items_purchased_type":["Card","Card"],"build_version":"2020-12-22","purchased_purges":1,"victory":false,"max_hp_per_floor":[80,80,80,80,80,80,80,80,80,80,80,80,80,80,80,80,80,80,80,80,80,80,80,80,80,80,80,80,80],"card_choices":[{"not_picked":["Perfected Strike","Warcry","True Grit"],"picked":"SKIP","floor":1.0},{"not_picked":["Havoc","Sword Boomerang"],"picked":"Shrug It Off","floor":2.0},{"not_picked":["Entrench","Cleave"],"picked":"Disarm","floor":3.0},{"not_picked":["Combust","Havoc"],"picked":"Power Through","floor":7.0},{"not_picked":["Hemokinesis","Heavy Blade"],"picked":"Cleave","floor":8.0},{"not_picked":["Infernal Blade","Clothesline"],"picked":"Power Through","floor":11.0},{"not_picked":["Demon Form","Heavy Blade"],"picked":"Twin Strike","floor":13.0},{"not_picked":["Heavy Blade","Seeing Red"],"picked":"Anger","floor":14.0},{"not_picked":["Corruption","Barricade"],"picked":"Offering","floor":16.0},{"not_picked":["Iron Wave","Havoc","Searing Blow+1"],"picked":"SKIP","floor":18.0},{"not_picked":["Clash","Anger"],"picked":"Warcry+1","floor":19.0},{"not_picked":["Disarm+1","Iron Wave+1","Clothesline"],"picked":"SKIP","floor":20.0},{"not_picked":["Twin Strike","Clothesline","Sword Boomerang"],"picked":"SKIP","floor":22.0},{"not_picked":["Wild Strike","True Grit"],"picked":"Entrench","floor":23.0},{"not_picked":["Pummel","Iron Wave","Rage"],"picked":"SKIP","floor":25.0},{"not_picked":["Twin Strike","Whirlwind"],"picked":"Sentinel","floor":27.0}],"player_experience":129036,"relics_obtained":[{"floor":7.0,"key":"Pen Nib"},{"floor":9.0,"key":"MealTicket"},{"floor":11.0,"key":"Tiny Chest"},{"floor":23.0,"key":"Mummified Hand"},{"floor":26.0,"key":"Happy Flower"}],"event_choices":[{"damage_healed":0.0,"max_hp_gain":0.0,"max_hp_loss":0.0,"gold_gain":75.0,"event_name":"World of Goop","player_choice":"Gather Gold","floor":4.0,"gold_loss":0.0,"damage_taken":11.0},{"damage_healed":0.0,"max_hp_gain":0.0,"max_hp_loss":0.0,"gold_gain":0.0,"event_name":"Ghosts","player_choice":"Ignored","floor":21.0,"gold_loss":0.0,"damage_taken":0.0}],"is_beta":false,"boss_relics":[{"not_picked":["Calling Bell","Velvet Choker"],"picked":"Runic Pyramid"}],"items_purged_floors":[5],"is_endless":false,"potions_floor_spawned":[2,8,13,18,20,22,25],"killed_by":"Slavers","ascension_level":6}}