{"host":"d2qr1mepz038nv6d","time":1610412574,"event":{"mods":["BaseMod","Downfall","Jorbs\u0027s Wanderer Trilogy","Marisa????????","Minty Spire (QoL Compilation)","Replay The Spire","Shop Mod","StSLib","The Necromancer","The Servant 0.9.4"],"gold_per_floor":[99,112,123,123,223,255,280,280,292,303,303,303,322,340,340,24,43,142,142,67,95,95,110,123,123,150,160,64,64,64,80,93,104,119,221,221,146,146,160,180,192,192,192,292,307,307,340,340,353,366,380,380],"floor_reached":53,"playtime":4193,"items_purged":[],"score":742,"play_id":"8cbf6c9b-b58f-4492-9a53-138b7120bce8","local_time":"20210112004934","is_ascension_mode":false,"campfire_choices":[{"floor":1,"key":"RECALL"},{"floor":8,"key":"REST"},{"data":"Slimebound:Gluttony","floor":15,"key":"SMITH"},{"data":"Slimebound:OozeBath","floor":20,"key":"SMITH"},{"floor":25,"key":"REST"},{"data":"expansioncontent:CaCaw","floor":30,"key":"SMITH"},{"data":"Slimebound:SelfFormingGoo","floor":37,"key":"SMITH"},{"floor":42,"key":"REST"},{"data":"Slimebound:SplitAcid","floor":46,"key":"SMITH"},{"data":"Slimebound:SplitAcid","floor":48,"key":"SMITH"}],"circlet_count":0,"master_deck":["Slimebound:Strike_Slimebound","Slimebound:Strike_Slimebound","Slimebound:Strike_Slimebound","Slimebound:Tackle","Slimebound:Defend_Slimebound+1","Slimebound:Defend_Slimebound","Slimebound:Defend_Slimebound","Slimebound:Defend_Slimebound","Slimebound:Split","Slimebound:CorrosiveSpit","Slimebound:PressTheAttack","Slimebound:SplitAcid+1","Slimebound:Gluttony+1","Slimebound:FirmFortitude","Slimebound:SplitAcid+1","Slimebound:SplitBruiser+1","Slimebound:SamplingLick","Slimebound:OozeBath+1","Slimebound:SplitAcid+1","Slimebound:LeechingTouch+1","Slimebound:LevelUp+1","expansioncontent:CaCaw+1","Slimebound:SplitAcid+1","Slimebound:SelfFormingGoo+1","Slimebound:ItLooksTasty+1","Slimebound:SplitBruiser+1","Slimebound:SplitBruiser+1","Panacea+1","Guardian:FloatingOrbs"],"relics":["Slimebound:AbsorbEndCombat","Question Card","Blue Doll","Sling","Busted Crown","downfall:HeartBlessingRed","Red Mask","Replay:Rubber Ducky","Runic Pyramid","downfall:HeartBlessingBlue","Durian","downfall:GremlinWheel","Replay:Bottled Eggs","PrismaticShard","Gremlin Food"],"acts_visited":["Exordium","TheCity","TheBeyond"],"potions_floor_usage":[18,18,18,27,34,35,39,41,47,47,47,50,52],"damage_taken":[{"damage":10,"enemies":"Small Slimes","floor":2,"turns":3},{"damage":3,"enemies":"2 Louse","floor":3,"turns":2},{"damage":36,"enemies":"3 Sentries","floor":6,"turns":10},{"damage":11,"enemies":"Cultist","floor":9,"turns":2},{"damage":11,"enemies":"2 Fungi Beasts","floor":10,"turns":2},{"damage":14,"enemies":"Blue Slaver","floor":13,"turns":3},{"damage":13,"enemies":"Gremlin Gang","floor":14,"turns":3},{"damage":18,"enemies":"downfall:FleeingMerchant","floor":16,"turns":4},{"damage":24,"enemies":"Red Slaver","floor":17,"turns":2},{"damage":56,"enemies":"downfall:Ironclad","floor":18,"turns":8},{"damage":45,"enemies":"Masked Bandits","floor":21,"turns":4},{"damage":37,"enemies":"Shell Parasite","floor":23,"turns":5},{"damage":41,"enemies":"Snake Plant","floor":24,"turns":4},{"damage":32,"enemies":"Sentry and Sphere","floor":27,"turns":4},{"damage":27,"enemies":"downfall:FleeingMerchant","floor":28,"turns":4},{"damage":19,"enemies":"Cultist and Chosen","floor":31,"turns":5},{"damage":16,"enemies":"Centurion and Healer","floor":32,"turns":4},{"damage":15,"enemies":"3 Cultists","floor":33,"turns":4},{"damage":20,"enemies":"Snecko","floor":34,"turns":5},{"damage":23,"enemies":"downfall:Watcher","floor":35,"turns":7},{"damage":19,"enemies":"Orb Walker","floor":39,"turns":4},{"damage":38,"enemies":"3 Darklings","floor":40,"turns":3},{"damage":31,"enemies":"Spire Growth","floor":41,"turns":5},{"damage":9,"enemies":"Spire Growth","floor":44,"turns":3},{"damage":17,"enemies":"Sphere and 2 Shapes","floor":45,"turns":6},{"damage":13,"enemies":"downfall:FleeingMerchant","floor":47,"turns":4},{"damage":6,"enemies":"Transient","floor":49,"turns":5},{"damage":20,"enemies":"3 Darklings","floor":50,"turns":4},{"damage":4,"enemies":"Maw","floor":51,"turns":6},{"damage":0,"enemies":"downfall:Silent","floor":52,"turns":9}],"seed_played":"7212420908588941284","potions_obtained":[{"floor":3,"key":"Weak Potion"},{"floor":13,"key":"Energy Potion"},{"floor":14,"key":"Weak Potion"},{"floor":18,"key":"Energy Potion"},{"floor":24,"key":"DistilledChaos"},{"floor":27,"key":"Energy Potion"},{"floor":34,"key":"Slimebound:SlimedPotion"},{"floor":35,"key":"Venom Potion"},{"floor":38,"key":"Slimebound:SlimedPotion"},{"floor":38,"key":"SkillPotion"},{"floor":40,"key":"Slimebound:SlimedPotion"},{"floor":44,"key":"Slimebound:SlimedPotion"},{"floor":49,"key":"Fruit Juice"},{"floor":50,"key":"Slimebound:SlimedPotion"}],"is_trial":false,"path_per_floor":["R","M","M","?","?","E","T","R","M","M","PTL","PTL","M","M","R","$","M","B",null,"R","?","?","M","M","R","T","M","$","?","R","M","M","M","M","B",null,"R","?","M","M","M","R","T","?","M","R","$","R","M","M","M","B",null],"character_chosen":"SLIMEBOUND","items_purchased":["Blue Doll","Sling","expansioncontent:CaCaw","PrismaticShard","Gremlin Food"],"campfire_rested":3,"item_purchase_floors":[16,16,28,47,47],"current_hp_per_floor":[66,64,63,63,63,35,35,54,63,66,66,66,66,61,61,66,58,58,66,66,41,41,36,19,38,38,34,39,61,61,58,62,63,63,64,66,76,76,76,50,51,73,78,81,65,65,81,81,81,82,86,86],"gold":380,"neow_bonus":"TEN_PERCENT_HP_BONUS","is_daily":false,"chose_seed":false,"campfire_upgraded":6,"win_rate":0.0,"timestamp":1610412574,"path_taken":["R","M","M","?","?","E","T","R","M","M","PTL","PTL","M","?","R","$","M","BOSS","R","?","?","M","M","R","T","M","$","?","R","M","M","M","M","BOSS","R","?","?","M","M","R","T","?","?","R","$","R","M","M","M","BOSS"],"items_purchased_type":["Relic","Relic","Card","Relic","Relic"],"build_version":"2020-12-22","purchased_purges":0,"victory":true,"max_hp_per_floor":[66,66,66,66,66,66,66,66,66,66,66,66,66,66,66,66,66,66,66,66,66,66,66,66,66,66,66,66,66,66,66,66,66,66,66,66,76,76,76,76,76,76,81,81,81,81,81,81,81,86,86,86],"card_choices":[{"not_picked":["Slimebound:FinishingTackle","Slimebound:GoopTackle"],"picked":"Slimebound:PressTheAttack","floor":2},{"not_picked":["Slimebound:Prepare","Slimebound:ComboTackle","Slimebound:FormOfPuddle"],"picked":"SKIP","floor":3},{"not_picked":["Slimebound:RainOfGoop","Slimebound:ProtectTheBoss"],"picked":"Slimebound:SplitAcid","floor":6},{"not_picked":["Slimebound:LeechEnergy","Slimebound:LeechingTouch","Slimebound:SpikyOuterGoop"],"picked":"Slimebound:Gluttony","floor":9},{"not_picked":["Slimebound:FinishingTackle","Slimebound:LeechEnergy","Slimebound:SlimeSpikes","Slimebound:ComboTackle"],"picked":"SKIP","floor":10},{"not_picked":["Slimebound:ComboTackle","Slimebound:LeechingTouch","Slimebound:SplitLeeching"],"picked":"Slimebound:FirmFortitude","floor":13},{"not_picked":["Slimebound:LeechingTouch","Slimebound:FormOfPuddle","Slimebound:LivingWall"],"picked":"Slimebound:SplitAcid","floor":14},{"not_picked":["Slimebound:MegaLick","Slimebound:LeechLife","Slimebound:SlimeSlap"],"picked":"Slimebound:SplitBruiser","floor":16},{"not_picked":["Slimebound:Repurpose","Slimebound:ItLooksTasty","Slimebound:Prepare"],"picked":"Slimebound:SamplingLick","floor":17},{"not_picked":["Slimebound:MassFeed","Slimebound:PrepareCrush","Slimebound:RallyTheTroops"],"picked":"Slimebound:OozeBath","floor":18},{"not_picked":["Slimebound:LeadByExample"],"picked":"Slimebound:SplitAcid+1","floor":23},{"not_picked":["Slimebound:Schlurp","Slimebound:SlimeBrawl"],"picked":"SKIP","floor":24},{"not_picked":["Slimebound:Grow"],"picked":"Slimebound:LeechingTouch+1","floor":27},{"not_picked":["Slimebound:SlimeBarrage"],"picked":"Slimebound:LevelUp+1","floor":28},{"not_picked":["Slimebound:RollThrough"],"picked":"Slimebound:SplitAcid+1","floor":31},{"not_picked":["Slimebound:Dissolve+1"],"picked":"Slimebound:SelfFormingGoo","floor":32},{"not_picked":["Slimebound:Schlurp","Slimebound:ViciousTackle"],"picked":"SKIP","floor":33},{"not_picked":["Slimebound:GoopSpray"],"picked":"Slimebound:ItLooksTasty+1","floor":34},{"not_picked":["Slimebound:SlimeSpikes"],"picked":"Slimebound:SplitBruiser","floor":39},{"not_picked":["Slimebound:LeechEnergy+1","Slimebound:GrowthPunch"],"picked":"SKIP","floor":40},{"not_picked":["Slimebound:Gluttony+1","Slimebound:ViciousTackle"],"picked":"SKIP","floor":41},{"not_picked":["Slimebound:Grow+1","Slimebound:GrowthPunch+1"],"picked":"SKIP","floor":45},{"not_picked":["Slimebound:SplitLeeching"],"picked":"Slimebound:SplitBruiser","floor":47},{"not_picked":["Guardian:RefractedBeam"],"picked":"Panacea+1","floor":49},{"not_picked":["BowlingBash","UnstableBomb+1"],"picked":"SKIP","floor":50},{"not_picked":["Warcry"],"picked":"Guardian:FloatingOrbs","floor":51}],"player_experience":220558,"relics_obtained":[{"floor":6,"key":"Question Card"},{"floor":21,"key":"Red Mask"},{"floor":26,"key":"Replay:Rubber Ducky"},{"floor":43,"key":"Durian"},{"floor":44,"key":"downfall:GremlinWheel"},{"floor":46,"key":"Replay:Bottled Eggs"}],"event_choices":[{"damage_healed":0,"gold_gain":0,"player_choice":"Fought Bandits","damage_taken":0,"max_hp_gain":0,"max_hp_loss":0,"event_name":"Masked Bandits","floor":21,"gold_loss":0},{"damage_healed":22,"gold_gain":0,"player_choice":"Heal","damage_taken":0,"max_hp_gain":0,"max_hp_loss":0,"event_name":"The Library","floor":29,"gold_loss":0},{"damage_healed":0,"gold_gain":0,"player_choice":"Got Potions","damage_taken":0,"max_hp_gain":0,"max_hp_loss":0,"event_name":"Lab","floor":38,"gold_loss":0},{"damage_healed":0,"gold_gain":0,"player_choice":"Relic","damage_taken":0,"max_hp_gain":0,"max_hp_loss":0,"event_name":"Wheel of Change","floor":46,"gold_loss":0}],"is_beta":false,"boss_relics":[{"not_picked":["ReplayTheSpireMod:DimensionalGlitch","Fusion Hammer"],"picked":"Busted Crown"},{"not_picked":["Replay:Bronze Core","Honey Jar"],"picked":"Runic Pyramid"}],"items_purged_floors":[],"is_endless":false,"potions_floor_spawned":[3,13,14,18,24,27,34,35,40,44,45,49,50],"ascension_level":0}}