{"host":"yqhiqbig8kve4qcd","time":1610440336,"event":{"mods":["Aspiration","BaseMod","Block Reminder","Colored Powertips","Conspire","Downfall","Filter the Spire","Hermit","Hubris","Infinite Spire","Minty Spire (QoL Compilation)","Permanent Neow","Quick Restart","Replay The Spire","StSLib","The Jungle","vexMod"],"gold_per_floor":[117,117,192,204,55,103,116,116,170,170,183,199,212,69,69,174,174,193,193,205,205,220,220,237,237,237],"floor_reached":25,"playtime":3150,"items_purged":["hermit:Strike_Hermit"],"score":195,"play_id":"830d3266-05af-4616-9dc7-275623766830","local_time":"20210112033216","is_ascension_mode":false,"campfire_choices":[{"floor":8.0,"key":"REST"},{"floor":10.0,"key":"REST"},{"floor":15.0,"key":"REST"},{"floor":23.0,"key":"REST"}],"circlet_count":0,"master_deck":["hermit:Strike_Hermit","hermit:Strike_Hermit","hermit:Defend_Hermit","hermit:Defend_Hermit","hermit:Defend_Hermit","hermit:Defend_Hermit","hermit:Snapshot","hermit:Covet+1","hermit:HighCaliber+1","hermit:ShadowCloak","hermit:Malice+1","hermit:TakeCover","hermit:Manifest","hermit:HighNoon","hermit:Glare","hermit:NoHoldsBarred+1","hermit:EyeOfTheStorm","hermit:BigShot","hermit:Scavenge+1","hermit:Horror","hermit:Dissolve","hermit:Quickdraw","infinitespire:FinalStrike","hermit:ItchyTrigger","hermit:FlashPowder","hermit:Dive"],"relics":["hermit:Momento","Gremlin Food","hubris:DeckOfHolding","Dream Catcher","Philosopher\u0027s Stone","Replay:Wax Seal"],"acts_visited":["Exordium","Exordium"],"potions_floor_usage":[],"damage_taken":[{"damage":2.0,"enemies":"Small Slimes","floor":1.0,"turns":3.0},{"damage":0.0,"enemies":"Cultist","floor":4.0,"turns":2.0},{"damage":8.0,"enemies":"Jaw Worm","floor":7.0,"turns":6.0},{"damage":9.0,"enemies":"Large Slime","floor":11.0,"turns":6.0},{"damage":9.0,"enemies":"Exordium Thugs","floor":12.0,"turns":8.0},{"damage":3.0,"enemies":"Exordium Wildlife","floor":13.0,"turns":4.0},{"damage":60.0,"enemies":"Slime Boss","floor":16.0,"turns":11.0},{"damage":18.0,"enemies":"theJungle:5_Spyders","floor":18.0,"turns":7.0},{"damage":12.0,"enemies":"theJungle:MUSHROOMGANG","floor":20.0,"turns":4.0},{"damage":13.0,"enemies":"Snake Plant","floor":22.0,"turns":2.0},{"damage":29.0,"enemies":"theJungle:JungleHuntersEncounter","floor":24.0,"turns":7.0},{"damage":24,"enemies":"Nightmare","floor":25,"turns":10}],"seed_played":"-8159220777394509598","potions_obtained":[{"floor":1.0,"key":"Explosive Potion"},{"floor":6.0,"key":"Fire Potion"},{"floor":7.0,"key":"Explosive Potion"},{"floor":18.0,"key":"AttackPotion"},{"floor":24.0,"key":"SmokeBomb"}],"is_trial":false,"path_per_floor":["M","?","?","M","$","?","M","R","T","R","M","M","M","$","R","B",null,"M","AVR","M","?","M","R","M","NM"],"character_chosen":"HERMIT","items_purchased":["Gremlin Food","hermit:Scavenge"],"campfire_rested":4,"item_purchase_floors":[5,14],"current_hp_per_floor":[73,73,62,62,62,62,54,75,75,75,66,57,54,54,75,15,75,57,57,45,45,32,54,25,1,1],"gold":237,"neow_bonus":"THREE_CARDS","is_daily":false,"chose_seed":false,"campfire_upgraded":0,"win_rate":0.0,"timestamp":1610440336,"path_taken":["M","?","?","M","$","?","M","R","T","R","M","M","?","$","R","BOSS","M","AVR","M","?","?","R","M","NM"],"items_purchased_type":["Relic","Card"],"build_version":"2020-12-22","purchased_purges":1,"victory":false,"max_hp_per_floor":[75,75,75,75,75,75,75,75,75,75,75,75,75,75,75,75,75,75,75,75,75,75,75,75,75,75],"card_choices":[{"not_picked":["hermit:Coalescence","hermit:HoleUp"],"picked":"hermit:HighCaliber","floor":0.0},{"not_picked":["hermit:HighCaliber","hermit:Malice"],"picked":"hermit:ShadowCloak","floor":1.0},{"not_picked":["hermit:Deadeye","hermit:Misfire"],"picked":"hermit:TakeCover","floor":4.0},{"not_picked":["hermit:NoHoldsBarred","hermit:CursedWeapon"],"picked":"hermit:Manifest","floor":6.0},{"not_picked":["hermit:WideOpen","hermit:Headshot"],"picked":"hermit:HighNoon","floor":7.0},{"not_picked":["hermit:TrackingShot","hermit:Dive"],"picked":"hermit:Glare","floor":10.0},{"not_picked":["hermit:Ricochet","hermit:Coalescence"],"picked":"hermit:NoHoldsBarred","floor":11.0},{"not_picked":["hermit:Coalescence","hermit:Manifest"],"picked":"hermit:EyeOfTheStorm","floor":12.0},{"not_picked":["hermit:Manifest","hermit:Vantage"],"picked":"hermit:BigShot","floor":13.0},{"not_picked":["hermit:CalledShot","hermit:Feint"],"picked":"hermit:Horror","floor":15.0},{"not_picked":["hermit:Magnum","hermit:OverwhelmingPower"],"picked":"hermit:Dissolve","floor":16.0},{"not_picked":["hermit:Roulette+1","hermit:Deadeye"],"picked":"hermit:Quickdraw","floor":18.0},{"not_picked":["hermit:SprayPray","hermit:NoHoldsBarred"],"picked":"hermit:ItchyTrigger","floor":20.0},{"not_picked":["hermit:CursedWeapon","hermit:Virtue","hermit:Quickdraw"],"picked":"SKIP","floor":22.0},{"not_picked":["hermit:TrackingShot+1","hermit:Virtue"],"picked":"hermit:FlashPowder","floor":23.0},{"not_picked":["hermit:Desperado+1","hermit:LowProfile+1"],"picked":"hermit:Dive","floor":24.0}],"player_experience":435599,"relics_obtained":[{"floor":6.0,"key":"hubris:DeckOfHolding"},{"floor":9.0,"key":"Dream Catcher"},{"floor":21.0,"key":"Replay:Wax Seal"}],"event_choices":[{"damage_healed":0.0,"max_hp_gain":0.0,"max_hp_loss":0.0,"gold_gain":75.0,"event_name":"World of Goop","player_choice":"Gather Gold","floor":3.0,"gold_loss":0.0,"damage_taken":11.0},{"damage_healed":0.0,"max_hp_gain":0.0,"max_hp_loss":0.0,"gold_gain":0.0,"event_name":"Wheel of Change","player_choice":"Relic","floor":21.0,"gold_loss":0.0,"damage_taken":0.0}],"is_beta":false,"boss_relics":[{"not_picked":["Coffee Dripper","Astrolabe"],"picked":"Philosopher\u0027s Stone"}],"items_purged_floors":[14],"is_endless":false,"potions_floor_spawned":[1,7,13,18,24],"killed_by":"Nightmare","ascension_level":0}}