{"host":"sh8ot41fo7a0kahq","time":1610455671,"event":{"mods":["ATMod(°¢èªMod)","BaseMod","Better Third Choice","Colored Powertips","Displayed Cursed Tome","Minty Spire (QoL Compilation)","Quick Restart","Spicy Shops","StSLib","UnlockEverythingMod","¡¾ÒÅÎï¿¨ÅÆ¡¿REMEMod"],"gold_per_floor":[116,131,147,165,14,46,46,81,155,167,177,190,190,202,202,298,298,316,331,351,6,6,36,2,30,57,74,106,120,120,130,130,229,229,248,264,264,277,293,293,328,328,328,362,362,377,31,49,49,49,49,49,49,76,76],"floor_reached":56,"playtime":2098,"items_purged":["Strike_G","Strike_G"],"score":1971,"play_id":"eeb11bc2-57ff-4d68-88ea-7cba597690bc","local_time":"20210112204751","is_ascension_mode":true,"campfire_choices":[{"data":"Acrobatics","floor":7.0,"key":"SMITH"},{"data":"AT_ChampionStep","floor":13.0,"key":"SMITH"},{"data":"Blade Dance","floor":15.0,"key":"SMITH"},{"floor":32.0,"key":"RECALL"},{"data":"REME_FirmDetermination","floor":40.0,"key":"SMITH"},{"data":"Prepared","floor":42.0,"key":"SMITH"},{"data":"1","floor":49,"key":"LIFT"},{"data":"REME_LeechingPoison","floor":52,"key":"SMITH"}],"circlet_count":0,"master_deck":["Strike_G","Defend_G","Defend_G","Defend_G","Defend_G","Defend_G","Survivor","Neutralize","AT_ChampionStep+1","AT_TwilightShroud","Blade Dance+1","Tactician","Acrobatics+1","Expertise","AT_WindFlip","Footwork","REME_LeechingPoison+1","Prepared","Calculated Gamble+1","Prepared+1","REME_FirmDetermination+1","AT_Desolate","Acrobatics","Doppelganger","Purity","AT_WindRun"],"relics":["Ring of the Snake","AT_ATBox","REME_ComplimentaryCards","AT_SeraphEmbrace","AT_DeathDance","Girya","REME_ChargedStone","Membership Card","AT_ChloranthyRing","Orichalcum","AT_LudenTempest","Smiling Mask","AT_SpeedBoots","Sozu","Gambling Chip","StrikeDummy","Omamori","REME_LimitBreaker","AT_RedNoBalance","AT_RabadonDeathcap","AT_GuinsooRageblade"],"acts_visited":["Exordium","TheCity","TheBeyond","TheEnding"],"potions_floor_usage":[],"damage_taken":[{"damage":6.0,"enemies":"Cultist","floor":1.0,"turns":6.0},{"damage":7.0,"enemies":"Jaw Worm","floor":2.0,"turns":4.0},{"damage":0.0,"enemies":"2 Louse","floor":3.0,"turns":3.0},{"damage":12.0,"enemies":"Exordium Wildlife","floor":4.0,"turns":7.0},{"damage":7.0,"enemies":"3 Sentries","floor":6.0,"turns":8.0},{"damage":3.0,"enemies":"Lagavulin","floor":8.0,"turns":5.0},{"damage":5.0,"enemies":"Gremlin Gang","floor":10.0,"turns":5.0},{"damage":0.0,"enemies":"Large Slime","floor":11.0,"turns":3.0},{"damage":0.0,"enemies":"Lots of Slimes","floor":12.0,"turns":5.0},{"damage":0.0,"enemies":"Blue Slaver","floor":14.0,"turns":1.0},{"damage":0.0,"enemies":"Hexaghost","floor":16.0,"turns":7.0},{"damage":10.0,"enemies":"Shell Parasite","floor":18.0,"turns":5.0},{"damage":0.0,"enemies":"Chosen","floor":19.0,"turns":2.0},{"damage":16.0,"enemies":"Centurion and Healer","floor":20.0,"turns":4.0},{"damage":0.0,"enemies":"Book of Stabbing","floor":23.0,"turns":2.0},{"damage":4.0,"enemies":"Gremlin Leader","floor":25.0,"turns":4.0},{"damage":0.0,"enemies":"Cultist and Chosen","floor":27.0,"turns":1.0},{"damage":0.0,"enemies":"Slavers","floor":28.0,"turns":4.0},{"damage":0.0,"enemies":"Shelled Parasite and Fungi","floor":29.0,"turns":2.0},{"damage":0.0,"enemies":"Sentry and Sphere","floor":31.0,"turns":1.0},{"damage":0.0,"enemies":"Collector","floor":33.0,"turns":2.0},{"damage":0.0,"enemies":"3 Darklings","floor":35.0,"turns":2.0},{"damage":0.0,"enemies":"3 Shapes","floor":36.0,"turns":2.0},{"damage":0.0,"enemies":"Transient","floor":38.0,"turns":5.0},{"damage":9.0,"enemies":"4 Shapes","floor":39.0,"turns":2.0},{"damage":23.0,"enemies":"Reptomancer","floor":41.0,"turns":3.0},{"damage":0.0,"enemies":"Nemesis","floor":44.0,"turns":1.0},{"damage":0,"enemies":"Maw","floor":46,"turns":1},{"damage":0,"enemies":"Sphere and 2 Shapes","floor":48,"turns":1},{"damage":0,"enemies":"Awakened One","floor":50,"turns":4},{"damage":3,"enemies":"Shield and Spear","floor":54,"turns":2},{"damage":16,"enemies":"The Heart","floor":55,"turns":3}],"seed_played":"54113292903307135","potions_obtained":[{"floor":1.0,"key":"EssenceOfSteel"},{"floor":6.0,"key":"DuplicationPotion"},{"floor":10.0,"key":"Regen Potion"}],"is_trial":false,"path_per_floor":["M","M","M","M","$","E","R","E","T","M","M","M","R","M","R","B",null,"M","M","M","$","?","E","$","E","T","M","E","M","?","M","R","B",null,"M","M","?","M","M","R","E","R","T","E","?","M","$","M","R","B",null,"R","$","E","B",null],"character_chosen":"THE_SILENT","items_purchased":["AT_ArchangelStaff","Membership Card","AT_ChloranthyRing","Prepared","REME_FirmDetermination","AT_Desolate","AT_WindRun","REME_LimitBreaker","AT_SilverBalance","AT_RabadonDeathcap"],"campfire_rested":0,"item_purchase_floors":[5,21,21,21,21,24,47,47,47,47],"current_hp_per_floor":[57,50,50,38,38,31,31,28,28,23,23,23,23,23,23,23,53,61,61,58,58,58,58,58,59,59,59,63,63,63,63,63,63,63,63,63,63,63,62,62,63,63,63,63,63,63,63,31,31,63,63,63,63,60,44],"gold":76,"neow_bonus":"REMOVE_TWO","is_daily":false,"chose_seed":false,"campfire_upgraded":6,"win_rate":0.0,"timestamp":1610455671,"path_taken":["M","M","M","M","$","E","R","E","T","M","M","?","R","M","R","BOSS","M","M","M","$","?","E","?","E","T","M","E","M","?","?","R","BOSS","M","?","?","M","?","R","E","R","T","E","?","M","$","M","R","BOSS","R","$","E","BOSS"],"items_purchased_type":["Relic","Relic","Relic","Card","Card","Card","Card","Relic","Relic","Relic"],"build_version":"2020-12-22","purchased_purges":2,"victory":true,"max_hp_per_floor":[63,63,63,63,63,63,63,63,63,63,63,63,63,63,63,63,63,63,63,63,63,63,63,63,63,63,63,63,63,63,63,63,63,63,63,63,63,63,63,63,63,63,63,63,63,63,63,63,63,63,63,63,63,63,63],"card_choices":[{"not_picked":["Dagger Spray","AT_ArcaneSupremacy"],"picked":"Blade Dance","floor":1.0},{"not_picked":["Concentrate","Prepared"],"picked":"Tactician","floor":2.0},{"not_picked":["Grand Finale","Flying Knee"],"picked":"Acrobatics","floor":3.0},{"not_picked":["Deflect","Dodge and Roll","Blur"],"picked":"SKIP","floor":4.0},{"not_picked":["Well Laid Plans","Predator","Deadly Poison"],"picked":"SKIP","floor":6.0},{"not_picked":["Tactician","Dagger Throw"],"picked":"Expertise","floor":8.0},{"not_picked":["Flechettes","Cloak And Dagger","Deadly Poison"],"picked":"SKIP","floor":10.0},{"not_picked":["Underhanded Strike","REME_ShadowStrike"],"picked":"AT_WindFlip","floor":11.0},{"not_picked":["Setup","Escape Plan","Night Terror"],"picked":"SKIP","floor":12.0},{"not_picked":["Setup","Escape Plan","Night Terror"],"picked":"SKIP","floor":12.0},{"not_picked":["AT_ShadowStep","Heel Hook"],"picked":"Footwork","floor":14.0},{"not_picked":["REME_CopyPotion","Bullet Time"],"picked":"REME_LeechingPoison","floor":16.0},{"not_picked":["Underhanded Strike","Slice"],"picked":"Prepared","floor":18.0},{"not_picked":["Dagger Spray","Catalyst+1","Cloak And Dagger+1"],"picked":"SKIP","floor":19.0},{"not_picked":["Bane","Doppelganger"],"picked":"Calculated Gamble+1","floor":20.0},{"not_picked":["Poisoned Stab+1","Setup","All Out Attack+1"],"picked":"SKIP","floor":23.0},{"not_picked":["Predator","AT_WindFlip+1","Deadly Poison"],"picked":"SKIP","floor":25.0},{"not_picked":["Dodge and Roll+1","Sucker Punch","After Image"],"picked":"SKIP","floor":27.0},{"not_picked":["REME_ShadowStrike","Predator","Outmaneuver"],"picked":"SKIP","floor":28.0},{"not_picked":["Noxious Fumes","Dodge and Roll","Choke+1"],"picked":"SKIP","floor":29.0},{"not_picked":["Backflip","Endless Agony"],"picked":"Acrobatics","floor":31.0},{"not_picked":["Wraith Form v2","AT_MyraUnstableElement"],"picked":"Doppelganger","floor":33.0},{"not_picked":["Footwork+1","Slice+1","Blade Dance"],"picked":"SKIP","floor":35.0},{"not_picked":["Caltrops","PiercingWail+1","Dagger Throw"],"picked":"SKIP","floor":36.0},{"not_picked":["Dagger Spray","AT_TinkerSharpsword","Bane+1"],"picked":"SKIP","floor":38.0},{"not_picked":["Outmaneuver","Endless Agony","AT_WindFlip"],"picked":"SKIP","floor":39.0},{"not_picked":["PiercingWail+1","AT_KingSlayer","AT_WindFlip"],"picked":"SKIP","floor":41.0},{"not_picked":["Blade Dance","AT_TwilightShroud+1","AT_TinkerSharpsword"],"picked":"SKIP","floor":44.0},{"not_picked":["REME_TheoryOfElimination","Sadistic Nature"],"picked":"Purity","floor":45},{"not_picked":["Dodge and Roll+1","Well Laid Plans+1","Leg Sweep"],"picked":"SKIP","floor":46},{"not_picked":["PiercingWail+1","Acrobatics","REME_GrazeFinale"],"picked":"SKIP","floor":48},{"not_picked":["Prepared","Dagger Throw","Outmaneuver+1"],"picked":"SKIP","floor":54}],"player_experience":318510,"relics_obtained":[{"floor":6.0,"key":"AT_DeathDance"},{"floor":8.0,"key":"Girya"},{"floor":23.0,"key":"Orichalcum"},{"floor":25.0,"key":"AT_LudenTempest"},{"floor":26.0,"key":"Smiling Mask"},{"floor":28.0,"key":"AT_SpeedBoots"},{"floor":41.0,"key":"Gambling Chip"},{"floor":43.0,"key":"StrikeDummy"},{"floor":44.0,"key":"Omamori"},{"floor":54,"key":"AT_GuinsooRageblade"}],"event_choices":[{"damage_healed":0.0,"max_hp_gain":0.0,"max_hp_loss":0.0,"gold_gain":0.0,"event_name":"NoteForYourself","player_choice":"Ignored","floor":22.0,"gold_loss":0.0,"damage_taken":0.0},{"damage_healed":0.0,"max_hp_gain":0.0,"max_hp_loss":0.0,"gold_gain":0.0,"event_name":"Cursed Tome","player_choice":"Ignored","floor":30.0,"gold_loss":0.0,"damage_taken":0.0},{"damage_healed":0.0,"max_hp_gain":0.0,"max_hp_loss":0.0,"gold_gain":0.0,"event_name":"Wheel of Change","player_choice":"Full Heal","floor":37.0,"gold_loss":0.0,"damage_taken":0.0},{"damage_healed":0,"gold_gain":0,"player_choice":"Memory 1","damage_taken":0,"max_hp_gain":0,"max_hp_loss":0,"event_name":"SensoryStone","floor":45,"gold_loss":0}],"is_beta":false,"boss_relics":[{"not_picked":["Coffee Dripper","Philosopher\u0027s Stone"],"picked":"REME_ChargedStone"},{"not_picked":["Ring of the Serpent","Tiny House"],"picked":"Sozu"}],"items_purged_floors":[5,47],"is_endless":false,"potions_floor_spawned":[1,6,10,12,18,25,27,31,33,35,39,44,46,54],"ascension_level":6}}