{"host":"oqhjdqr9xcmboomw","time":1610487983,"event":{"mods":["2.2 Compatiblity","AchievementEnabler","Act Like it!","Aspiration","BaseMod","Beaked The Cultist","Better Third Choice","Conjunction","Conspire","Disable Question Mark Monsters","Downfall","Elementarium","Energized Spire","GifTheSpireLib","Halation","Hallownest","Hermit","Hubris","Infinite Spire","Jorbs\u0027s Wanderer Trilogy","Mimic Mod","Minty Spire (QoL Compilation)","Random Character Button","Rare Cards Sparkle","Replay The Spire","Spicy Shops","Spikes Relics","StSLib","Stuff the Spire","The Blackbeard","The Blue Laboratory","The Cursed","The Disciple","The Gatherer","The Hierophant","The Judge","The Mystic","The Saiyan","The Wild Card","Unceasing Turn Reminder","Wandering Minibosses","vexMod"],"gold_per_floor":[110,110,73,73,87,111,111,111,137,147,169,169,177,195,195,280,280,292,342,383,315,315,315,635,664,702,702,724,748,748,748,748,742,742],"floor_reached":33,"language":"ENG","playtime":2358,"items_purged":[],"score":401,"play_id":"6d14f2ad-a0d0-4acf-8f7b-5a95feab6967","local_time":"20210112164623","is_ascension_mode":true,"campfire_choices":[{"data":"hermit:Midnight","floor":8,"key":"SMITH"},{"data":"hermit:GhostlyPresence","floor":12,"key":"SMITH"},{"floor":15,"key":"REST"},{"data":"hermit:Vantage","floor":23,"key":"SMITH"},{"floor":30,"key":"REST"}],"circlet_count":0,"master_deck":["hermit:Strike_Hermit","hermit:Strike_Hermit","hermit:Strike_Hermit","hermit:Strike_Hermit","hermit:Defend_Hermit","hermit:Defend_Hermit","hermit:Defend_Hermit","hermit:Defend_Hermit","hermit:Snapshot","hermit:Covet","ReplayTheSpireMod:Uncanny Aura","hermit:Manifest+1","hermit:Midnight+1","hermit:Enervate","hermit:Malice","Pot Of Greed","Pot Of Greed","hermit:Misfire+1","hermit:GhostlyPresence+1","hermit:Misfire","hermit:Roughhouse","hermit:Vantage+1","Voices","stsjorbsmod:PollutedStrike","vexMod:UltimateCard","Amnesia","Pot Of Greed"],"relics":["hermit:Momento","Grinning Jar","halation:EternalFortune","Replay:Mystery Machine","Thread and Needle","halation:ForbiddenBikini","Ring of Greed","Replay:Bandana","Tiny Chest","StuffTheSpire:NeowsTribute","halation:PinkSoulGem","Old Coin","infinitespire:BottledMercury"],"acts_visited":["Exordium","TheCity"],"potions_floor_usage":[6,20,20,24,29,33],"damage_taken":[{"damage":9,"enemies":"conspire:RoseBush","floor":1,"turns":3},{"damage":12,"enemies":"Small Slimes","floor":4,"turns":6},{"damage":0,"enemies":"2 Louse","floor":5,"turns":3},{"damage":19,"enemies":"Gremlin Nob","floor":6,"turns":5},{"damage":1,"enemies":"Looter","floor":10,"turns":2},{"damage":11,"enemies":"Replay:BlueRogue","floor":11,"turns":7},{"damage":0,"enemies":"Exordium Wildlife","floor":13,"turns":5},{"damage":9,"enemies":"Blue Slaver","floor":14,"turns":5},{"damage":0,"enemies":"The Guardian","floor":16,"turns":13},{"damage":10,"enemies":"Spheric Guardian","floor":18,"turns":4},{"damage":0,"enemies":"conspire:MimicChest","floor":20,"turns":8},{"damage":7,"enemies":"2 Thieves","floor":21,"turns":7},{"damage":85,"enemies":"Gremlin Leader","floor":24,"turns":11},{"damage":0,"enemies":"3 Cultists","floor":25,"turns":4},{"damage":4,"enemies":"Centurion and Healer","floor":26,"turns":8},{"damage":0,"enemies":"Centurion and Healer","floor":28,"turns":7},{"damage":1,"enemies":"Snecko","floor":29,"turns":5},{"damage":67,"enemies":"conspire:MysteriousRune","floor":33,"turns":13}],"seed_played":"7168076281369560876","potions_obtained":[{"floor":4,"key":"SpeedPotion"},{"floor":5,"key":"blueLaboratory:FruitPunch"},{"floor":6,"key":"blueLaboratory:FruitPreserves"},{"floor":13,"key":"Dexterity Potion"},{"floor":28,"key":"hermit:Tonic"},{"floor":29,"key":"SkillPotion"}],"is_trial":false,"path_per_floor":["M","?","$","M","M","E","?","R","T","M","E","R","M","M","R","B",null,"M","?","?","M","?","R","E","M","MIM","$","M","M","R","$","R","B"],"character_chosen":"HERMIT","items_purchased":["hermit:Midnight"],"campfire_rested":2,"item_purchase_floors":[3],"current_hp_per_floor":[66,66,66,54,54,37,40,40,40,39,28,28,28,19,43,43,80,73,73,73,66,66,66,14,17,13,13,13,12,37,37,62,0,0],"gold":742,"neow_bonus":"RANDOM_COLORLESS","is_daily":false,"chose_seed":false,"campfire_upgraded":3,"win_rate":0.0,"timestamp":1610487983,"path_taken":["M","?","$","M","M","E","?","R","T","M","E","R","M","M","R","BOSS","M","?","?","M","?","R","E","M","MIM","$","M","M","R","$","R","BOSS"],"items_purchased_type":["Card"],"build_version":"2020-12-22","purchased_purges":0,"victory":false,"max_hp_per_floor":[75,75,75,75,75,77,80,80,80,80,80,80,80,80,80,80,80,83,83,83,83,83,83,83,86,86,86,86,86,86,86,86,86,86],"card_choices":[{"not_picked":["Replay:Bootleg Shield Generator","Replay:BasicMightCard"],"picked":"ReplayTheSpireMod:Uncanny Aura","floor":0},{"not_picked":["hermit:Coalescence","hermit:Ricochet"],"picked":"hermit:Manifest","floor":1},{"not_picked":["hermit:Virtue","hermit:PistolWhip"],"picked":"hermit:Enervate","floor":4},{"not_picked":["hermit:WideOpen","hermit:HighCaliber"],"picked":"hermit:Malice","floor":5},{"not_picked":["hermit:CalledShot","hermit:Snipe"],"picked":"hermit:Misfire","floor":6},{"not_picked":["hermit:Headshot","hermit:Spite"],"picked":"hermit:GhostlyPresence","floor":10},{"not_picked":["hermit:TrackingShot","hermit:CalledShot"],"picked":"hermit:Misfire","floor":11},{"not_picked":["hermit:Combo","hermit:SprayPray","hermit:Vantage"],"picked":"SKIP","floor":13},{"not_picked":["hermit:Desperado","hermit:LuckOfTheDraw","hermit:BodyArmor"],"picked":"SKIP","floor":14},{"not_picked":["hermit:EternalForm","hermit:RoundhouseKick"],"picked":"hermit:Roughhouse","floor":16},{"not_picked":["hermit:TrackingShot+1","hermit:WideOpen"],"picked":"hermit:Vantage","floor":18},{"not_picked":["hermit:ItchyTrigger","hermit:CalledShot","hermit:PistolWhip"],"picked":"SKIP","floor":21},{"not_picked":["hermit:Dissolve","hermit:BigShot+1","hermit:CursedWeapon+1"],"picked":"SKIP","floor":24},{"not_picked":["hermit:Ricochet","hermit:Quickdraw+1","hermit:BigShot"],"picked":"SKIP","floor":25},{"not_picked":["hermit:SprayPray+1","hermit:TrackingShot+1","hermit:Quickdraw"],"picked":"SKIP","floor":28},{"not_picked":["hermit:HoleUp","hermit:Ricochet","hermit:Misfire"],"picked":"SKIP","floor":29}],"player_experience":1084291,"relics_obtained":[{"floor":6,"key":"Grinning Jar"},{"floor":9,"key":"Replay:Mystery Machine"},{"floor":11,"key":"Thread and Needle"},{"floor":18,"key":"halation:EternalFortune"},{"floor":19,"key":"Ring of Greed"},{"floor":19,"key":"Replay:Bandana"},{"floor":19,"key":"Tiny Chest"},{"floor":20,"key":"StuffTheSpire:NeowsTribute"},{"floor":24,"key":"Old Coin"},{"floor":25,"key":"halation:EternalFortune"},{"floor":26,"key":"infinitespire:BottledMercury"}],"event_choices":[{"damage_healed":0,"gold_gain":0,"player_choice":"Grow","damage_taken":0,"max_hp_gain":0,"max_hp_loss":0,"event_name":"Living Wall","floor":2,"gold_loss":0,"cards_upgraded":["hermit:Manifest"]}],"is_beta":false,"boss_relics":[{"not_picked":["conspire:SpecialSausage","vexMod:DeviousBotling"],"picked":"halation:ForbiddenBikini"}],"items_purged_floors":[],"is_endless":false,"potions_floor_spawned":[4,5,6,13,28,29],"killed_by":"conspire:MysteriousRune","ascension_level":3}}