{"host":"m5bsg12zcyqnofur","time":1610489596,"event":{"mods":["AchievementEnabler","BaseMod","BetterRewards","Colored Powertips","Downfall","Hermit","Highlight Path","Minty Spire (QoL Compilation)","Quick Restart","Replay The Spire","Shop Mod","StSLib","The Bug Knight"],"gold_per_floor":[118,131,146,109,109,144,161,161,243,253,253,78,109,109,109,209,209,220,230,246,262,278,308,114,64,142,142,168,130,142,172,172,271,271,281,281,297,313,325,355,355,384,384,402,449,247,275,294,294,294,294,294,50,79,79],"floor_reached":56,"playtime":4640,"items_purged":["HollowMod:NailStrikeStart","HollowMod:QuickDashStart","HollowMod:NailStrikeStart","HollowMod:QuickDashStart","HollowMod:NailStrikeStart","HollowMod:WraithStrike","HollowMod:NailStrikeStart","HollowMod:QuickDashStart","HollowMod:WraithStrike","HollowMod:DashSlash"],"score":1963,"play_id":"fd6578b8-2e6a-4b56-bbd7-08292f41213c","local_time":"20210112161316","is_ascension_mode":true,"campfire_choices":[{"data":"HollowMod:ShadowDash","floor":8.0,"key":"SMITH"},{"floor":15.0,"key":"DIG"},{"data":"HollowMod:FocusHealStart","floor":27.0,"key":"SMITH"},{"data":"HollowMod:SiblingsShadow","floor":32.0,"key":"SMITH"},{"data":"HollowMod:WraithStrike","floor":41.0,"key":"SMITH"},{"floor":49.0,"key":"RECALL"},{"data":"HollowMod:ShadowDash","floor":52.0,"key":"SMITH"}],"circlet_count":0,"master_deck":["HollowMod:FocusHealStart+1","HollowMod:PogoStrike","HollowMod:SharpenedShadows+1","HollowMod:ShapeofUnn+1","HollowMod:CloakDash","HollowMod:SoulMaster+1","HollowMod:DescendingDark","HollowMod:ShadowDash+1","HollowMod:CloakDash","HollowMod:WraithStrike+1","HollowMod:SiblingsSouls+1","HollowMod:ShapeofUnn+1","HollowMod:SiblingsShadow+1","HollowMod:VoidDash","HollowMod:VengefulVoid+1","HollowMod:SiblingsShadow","Pot Of Greed+1","Pot Of Greed+1","HollowMod:SiblingsSouls+1","HollowMod:ShadowDash+1"],"relics":["HollowMod:VesselMask","Frozen Egg 2","Centennial Puzzle","Ornamental Fan","Smiling Mask","Calipers","Black Star","Replay:Ringing Soul","Turnip","Replay:Baseball","FossilizedHelix","MawBank","PreservedInsect","Divine Protection","HollowMod:KingsBrand","Thread and Needle","Grinning Jar","Replay:Bottled Eggs","Mercury Hourglass","Golden Egg","Happy Flower","Iron Hammer","Ice Cream","ReplayFunnel","Onion Ring","Replay:Kaleidoscope"],"acts_visited":["Exordium","TheCity","TheBeyond","TheEnding"],"potions_floor_usage":[],"damage_taken":[{"damage":3.0,"enemies":"2 Louse","floor":1.0,"turns":3.0},{"damage":0.0,"enemies":"Cultist","floor":2.0,"turns":3.0},{"damage":0.0,"enemies":"Small Slimes","floor":3.0,"turns":2.0},{"damage":14.0,"enemies":"3 Sentries","floor":6.0,"turns":4.0},{"damage":1.0,"enemies":"Looter","floor":7.0,"turns":3.0},{"damage":0.0,"enemies":"Red Slaver","floor":10.0,"turns":3.0},{"damage":0.0,"enemies":"Gremlin Nob","floor":13.0,"turns":2.0},{"damage":8.0,"enemies":"The Guardian","floor":16.0,"turns":7.0},{"damage":7.0,"enemies":"Chosen","floor":18.0,"turns":4.0},{"damage":6.0,"enemies":"3 Byrds","floor":19.0,"turns":4.0},{"damage":21.0,"enemies":"Snake Plant","floor":20.0,"turns":3.0},{"damage":22.0,"enemies":"Shelled Parasite and Fungi","floor":21.0,"turns":4.0},{"damage":2.0,"enemies":"Centurion and Healer","floor":22.0,"turns":7.0},{"damage":6.0,"enemies":"Replay:Snechameleon","floor":23.0,"turns":5.0},{"damage":0.0,"enemies":"Book of Stabbing","floor":28.0,"turns":3.0},{"damage":0.0,"enemies":"Snake Plant","floor":30.0,"turns":3.0},{"damage":0.0,"enemies":"Gremlin Leader","floor":31.0,"turns":3.0},{"damage":0.0,"enemies":"Automaton","floor":33.0,"turns":5.0},{"damage":0.0,"enemies":"Orb Walker","floor":35.0,"turns":3.0},{"damage":11.0,"enemies":"3 Shapes","floor":37.0,"turns":2.0},{"damage":43.0,"enemies":"Writhing Mass","floor":38.0,"turns":4.0},{"damage":0.0,"enemies":"Sphere and 2 Shapes","floor":39.0,"turns":2.0},{"damage":7.0,"enemies":"Nemesis","floor":40.0,"turns":5.0},{"damage":0.0,"enemies":"R_Hoarder","floor":42.0,"turns":4.0},{"damage":0.0,"enemies":"3 Darklings","floor":44.0,"turns":2.0},{"damage":0.0,"enemies":"Reptomancer","floor":47.0,"turns":3.0},{"damage":0.0,"enemies":"Maw","floor":48.0,"turns":4.0},{"damage":0.0,"enemies":"Donu and Deca","floor":50.0,"turns":5.0},{"damage":6.0,"enemies":"Shield and Spear","floor":54.0,"turns":2.0},{"damage":0,"enemies":"The Heart","floor":55,"turns":4}],"seed_played":"-7011953815093711027","potions_obtained":[{"floor":3.0,"key":"Dexterity Potion"},{"floor":5.0,"key":"Flashbang"},{"floor":5.0,"key":"Strength Potion"},{"floor":5.0,"key":"Fruit Juice"},{"floor":6.0,"key":"sneckomod:MuddlingPotion"},{"floor":10.0,"key":"Reflective Coating"},{"floor":19.0,"key":"Swift Potion"},{"floor":21.0,"key":"champ:CounterPotion"},{"floor":22.0,"key":"Regen Potion"},{"floor":23.0,"key":"Toxic Potion"},{"floor":30.0,"key":"Guardian:BlockOnCardUsePotion"},{"floor":37.0,"key":"Cursed Concoction"},{"floor":38.0,"key":"sneckomod:MuddlingPotion"},{"floor":40.0,"key":"Explosive Potion"},{"floor":44.0,"key":"Fire Potion"},{"floor":48.0,"key":"Explosive Potion"}],"is_trial":false,"path_per_floor":["M","M","M","$","?","E","M","R","T","M","?","$","E","?","R","B",null,"M","M","M","M","M","E","$","$","T","R","E","$","M","E","R","B",null,"M","?","M","M","M","E","R","E","T","M","?","$","E","M","R","B",null,"R","$","E","B",null],"character_chosen":"THE_BUGKNIGHT","items_purchased":["HollowMod:SharpenedShadows+1","HollowMod:ShapeofUnn","HollowMod:CloakDash","Frozen Egg 2","HollowMod:SoulMaster+1","HollowMod:WraithStrike","HollowMod:DescendingDark","HollowMod:ShadowDash","HollowMod:WraithStrike","Replay:Baseball","Happy Flower","BlessingOfTheForge","ReplayFunnel"],"campfire_rested":0,"item_purchase_floors":[0,0,0,0,0,0,0,0,4,24,46,53,53],"current_hp_per_floor":[24,24,24,24,24,15,14,14,14,14,14,14,14,14,14,6,80,73,67,46,24,22,30,30,30,30,30,36,36,42,51,51,61,83,83,83,72,39,39,44,44,53,53,59,25,25,35,48,48,60,89,89,89,83,89],"gold":79,"neow_bonus":"","is_daily":false,"chose_seed":false,"campfire_upgraded":5,"win_rate":0.0,"timestamp":1610489596,"path_taken":["M","M","M","$","?","E","?","R","T","M","?","$","E","?","R","BOSS","M","M","M","M","M","E","?","$","T","R","E","$","M","E","R","BOSS","M","?","?","M","M","E","R","E","T","M","?","$","E","?","R","BOSS","R","$","E","BOSS"],"items_purchased_type":["Card","Card","Card","Relic","Card","Card","Card","Card","Card","Relic","Relic","Potion","Relic"],"build_version":"2020-12-22","purchased_purges":10,"victory":true,"max_hp_per_floor":[75,75,75,75,75,80,80,80,80,80,80,80,80,80,80,80,80,80,80,80,80,80,80,80,80,80,80,80,80,80,83,83,83,83,83,83,83,83,83,83,83,86,86,86,86,86,86,89,89,89,89,89,89,89,89],"card_choices":[{"not_picked":["HollowMod:HowlingWraiths","HollowMod:NewJinnsSoul","HollowMod:GrimmsGift"],"picked":"SKIP","floor":1.0},{"not_picked":["HollowMod:SoulStrike","HollowMod:CoiledNail","HollowMod:InfectedAttack"],"picked":"SKIP","floor":2.0},{"not_picked":["HollowMod:GoodIntentions","HollowMod:RecoilStrike"],"picked":"HollowMod:CloakDash","floor":3.0},{"not_picked":["HollowMod:GoodIntentions","HollowMod:InfectionAssault"],"picked":"HollowMod:DashSlash","floor":6.0},{"not_picked":["HollowMod:HuntersJournal","HollowMod:BlackTendrils"],"picked":"HollowMod:SiblingsSouls","floor":7.0},{"not_picked":["HollowMod:SoulVessel+1","HollowMod:InfectionAssault","HollowMod:WraithStrike"],"picked":"SKIP","floor":10.0},{"not_picked":["HollowMod:GoodIntentions","HollowMod:MonomonsArchive"],"picked":"HollowMod:ShapeofUnn+1","floor":13.0},{"not_picked":["HollowMod:LifebloodCore","HollowMod:AwokenDreamNail"],"picked":"HollowMod:VoidDash","floor":16.0},{"not_picked":["HollowMod:NewLittleFool","HollowMod:SiblingsShadow","HollowMod:HuntersJournal"],"picked":"SKIP","floor":18.0},{"not_picked":["HollowMod:HeavyBlow","HollowMod:SiblingsSouls","HollowMod:PerfectDash"],"picked":"SKIP","floor":19.0},{"not_picked":["HollowMod:SoulSplash","HollowMod:InfectedAttack","HollowMod:Grubsong+1"],"picked":"SKIP","floor":20.0},{"not_picked":["HollowMod:CornifersMapStart","HollowMod:MawleksShell","HollowMod:PerfectDash"],"picked":"SKIP","floor":21.0},{"not_picked":["HollowMod:SharpenedShadows+1","HollowMod:HowlingWraiths"],"picked":"HollowMod:VengefulVoid+1","floor":22.0},{"not_picked":["HollowMod:ElderbugsWisdom+1","HollowMod:AwokenDreamNail","HollowMod:SoulVessel+1"],"picked":"SKIP","floor":23.0},{"not_picked":["HollowMod:LuriensSpire","HollowMod:SoulSplash","HollowMod:CycloneSlash"],"picked":"SKIP","floor":28.0},{"not_picked":["HollowMod:InfectedCysts","HollowMod:NewJinnsSoul","HollowMod:SoulShaman"],"picked":"SKIP","floor":30.0},{"not_picked":["HollowMod:SharpenedNail","HollowMod:SoulMaster+1"],"picked":"HollowMod:SiblingsShadow","floor":31.0},{"not_picked":["HollowMod:QuirrelsAssistance","HollowMod:GoodIntentions","HollowMod:LifebloodCocoon"],"picked":"SKIP","floor":35.0},{"not_picked":["HollowMod:CornifersMapStart+1","HollowMod:CloakDash","HollowMod:DreamGate+1"],"picked":"SKIP","floor":37.0},{"not_picked":["HollowMod:HowlingWraiths+1","HollowMod:NewLittleFool+1","HollowMod:DoubleDash+1"],"picked":"SKIP","floor":38.0},{"not_picked":["HollowMod:SharpenedNail+1","HollowMod:InfectedAttack+1","HollowMod:MonomonsArchive+1"],"picked":"SKIP","floor":39.0},{"not_picked":["HollowMod:AbyssShriek+1","HollowMod:HornetsHelp","HollowMod:ShapeofUnn+1"],"picked":"SKIP","floor":40.0},{"not_picked":["HollowMod:NewLittleFool+1","HollowMod:SiblingsSouls+1","HollowMod:SoulShaman+1"],"picked":"SKIP","floor":42.0},{"not_picked":["HollowMod:NewLittleFool+1","HollowMod:SoulShaman+1"],"picked":"HollowMod:SiblingsSouls+1","floor":42.0},{"not_picked":["HollowMod:InfectedCysts+1","HollowMod:MonarchWings","HollowMod:SharpenedShadows+1"],"picked":"SKIP","floor":44.0},{"not_picked":["HollowMod:theNailsmith","HollowMod:MonomonsArchive+1","HollowMod:NewJinnsSoul+1"],"picked":"SKIP","floor":47.0},{"not_picked":["HollowMod:TaintedHusks","HollowMod:InfectedCysts+1"],"picked":"HollowMod:ShadowDash","floor":48.0},{"not_picked":["HollowMod:SiblingsShadow+1","HollowMod:NewLittleFool","HollowMod:GrimmsGift+1"],"picked":"SKIP","floor":54.0}],"player_experience":195412,"relics_obtained":[{"floor":6.0,"key":"Centennial Puzzle"},{"floor":9.0,"key":"Ornamental Fan"},{"floor":13.0,"key":"Smiling Mask"},{"floor":15.0,"key":"Calipers"},{"floor":23.0,"key":"Replay:Ringing Soul"},{"floor":23.0,"key":"Turnip"},{"floor":28.0,"key":"FossilizedHelix"},{"floor":28.0,"key":"MawBank"},{"floor":31.0,"key":"PreservedInsect"},{"floor":31.0,"key":"Divine Protection"},{"floor":40.0,"key":"HollowMod:KingsBrand"},{"floor":40.0,"key":"Thread and Needle"},{"floor":42.0,"key":"Grinning Jar"},{"floor":42.0,"key":"Replay:Bottled Eggs"},{"floor":43.0,"key":"Mercury Hourglass"},{"floor":45.0,"key":"Golden Egg"},{"floor":47.0,"key":"Iron Hammer"},{"floor":47.0,"key":"Ice Cream"},{"floor":54.0,"key":"Onion Ring"},{"floor":54.0,"key":"Replay:Kaleidoscope"}],"event_choices":[{"damage_healed":0.0,"max_hp_gain":0.0,"max_hp_loss":0.0,"gold_gain":0.0,"event_name":"Lab","player_choice":"Got Potions","floor":5.0,"gold_loss":0.0,"damage_taken":0.0},{"damage_healed":0.0,"max_hp_gain":0.0,"max_hp_loss":0.0,"gold_gain":0.0,"event_name":"Living Wall","player_choice":"Grow","floor":11.0,"gold_loss":0.0,"damage_taken":0.0,"cards_upgraded":["HollowMod:ShapeofUnn"]},{"damage_healed":0.0,"max_hp_gain":0.0,"max_hp_loss":0.0,"gold_gain":0.0,"cards_transformed":["HollowMod:QuickDashStart"],"event_name":"Transmorgrifier","player_choice":"Transformed","floor":14.0,"gold_loss":0.0,"damage_taken":0.0,"cards_obtained":["HollowMod:SiblingsShadow"]},{"damage_healed":0.0,"max_hp_gain":0.0,"max_hp_loss":0.0,"gold_gain":0.0,"event_name":"Upgrade Shrine","player_choice":"Upgraded","floor":36.0,"gold_loss":0.0,"damage_taken":0.0,"cards_upgraded":["HollowMod:SiblingsSouls"]}],"is_beta":false,"boss_relics":[{"not_picked":["Fusion Hammer","Replay:Bronze Core"],"picked":"Black Star"},{"not_picked":["Replay:Ancient Bell","Honey Jar","Replay:Drink Me"]}],"items_purged_floors":[0,0,0,0,12,24,25,29,46,53],"is_endless":false,"potions_floor_spawned":[3,6,10,19,21,22,23,30,37,38,40,44,48],"ascension_level":1}}