{"host":"f6f8cjhjgha9mpdq","time":1610462342,"event":{"mods":["BaseMod","Minty Spire (QoL Compilation)","Permanent Neow","StSLib","SuperFastMode"],"gold_per_floor":[16,31,31,46,61,61,92,92,92,111,111,136,151,164,164,238,238,258,258,258,308,326,326,357,134,212,212,246,256,256,256,256,330,330,346,356,356,140,194,222,222,242,295,338,375,399,411,438,450,462,474,486,78,107,107],"floor_reached":56,"playtime":3251,"items_purged":["Defend_P","Defend_P","Defend_P"],"score":2478,"play_id":"5236c64d-a9d5-40de-85cd-a3efb9436fc6","local_time":"20210112233902","is_ascension_mode":true,"campfire_choices":[{"data":"Eruption","floor":6.0,"key":"SMITH"},{"data":"Vault","floor":8.0,"key":"SMITH"},{"data":"Perseverance","floor":15.0,"key":"SMITH"},{"data":"Vault","floor":23.0,"key":"SMITH"},{"data":"Establishment","floor":27.0,"key":"SMITH"},{"data":"BattleHymn","floor":30.0,"key":"SMITH"},{"data":"MentalFortress","floor":32,"key":"SMITH"},{"data":"Scrawl","floor":41,"key":"SMITH"},{"floor":49,"key":"RECALL"},{"data":"Vigilance","floor":52,"key":"SMITH"}],"circlet_count":0,"master_deck":["AscendersBane","Eruption+1","Vigilance+1","BattleHymn+1","Establishment+1","Adaptation+1","Halt","Vault+1","Crescendo","Perseverance+1","Protect","Vault+1","Wallop","MentalFortress+1","Tantrum","Scrawl+1","InnerPeace","Vault+1","WheelKick","ClearTheMind","Worship"],"relics":["PureWater","Orichalcum","Matryoshka","Dead Branch","Philosopher\u0027s Stone","Shuriken","Lee\u0027s Waffle","Strawberry","Bottled Tornado","Vajra","Cursed Key","Membership Card","Thread and Needle","Omamori","MawBank","Centennial Puzzle","FossilizedHelix","Lantern","Bottled Flame","PrismaticShard","Akabeko"],"acts_visited":["Exordium","TheCity","TheBeyond","TheEnding"],"potions_floor_usage":[39,55,55],"damage_taken":[{"damage":0.0,"enemies":"Cultist","floor":1.0,"turns":4.0},{"damage":8.0,"enemies":"Small Slimes","floor":2.0,"turns":4.0},{"damage":5.0,"enemies":"2 Louse","floor":4.0,"turns":3.0},{"damage":0.0,"enemies":"Gremlin Gang","floor":5.0,"turns":5.0},{"damage":0.0,"enemies":"Lagavulin","floor":7.0,"turns":6.0},{"damage":1.0,"enemies":"2 Fungi Beasts","floor":10.0,"turns":3.0},{"damage":2.0,"enemies":"3 Sentries","floor":12.0,"turns":6.0},{"damage":0.0,"enemies":"Looter","floor":13.0,"turns":3.0},{"damage":7.0,"enemies":"Blue Slaver","floor":14.0,"turns":3.0},{"damage":0.0,"enemies":"Slime Boss","floor":16.0,"turns":5.0},{"damage":9.0,"enemies":"3 Byrds","floor":18.0,"turns":6.0},{"damage":0.0,"enemies":"Shell Parasite","floor":22.0,"turns":4.0},{"damage":0.0,"enemies":"Gremlin Leader","floor":24.0,"turns":6.0},{"damage":29.0,"enemies":"Slavers","floor":28.0,"turns":7.0},{"damage":2.0,"enemies":"Snecko","floor":29.0,"turns":5.0},{"damage":0,"enemies":"Collector","floor":33,"turns":6},{"damage":0,"enemies":"3 Darklings","floor":35,"turns":3},{"damage":12,"enemies":"Orb Walker","floor":36,"turns":3},{"damage":0,"enemies":"2 Orb Walkers","floor":39,"turns":4},{"damage":0,"enemies":"Giant Head","floor":40,"turns":5},{"damage":0,"enemies":"Spire Growth","floor":42,"turns":4},{"damage":10,"enemies":"Nemesis","floor":44,"turns":5},{"damage":0,"enemies":"Mind Bloom Boss Battle","floor":45,"turns":5},{"damage":0,"enemies":"3 Darklings","floor":46,"turns":4},{"damage":0,"enemies":"Maw","floor":48,"turns":7},{"damage":0,"enemies":"Donu and Deca","floor":50,"turns":7},{"damage":0,"enemies":"Shield and Spear","floor":54,"turns":7},{"damage":68,"enemies":"The Heart","floor":55,"turns":8}],"seed_played":"7948676503748935350","potions_obtained":[{"floor":2.0,"key":"SteroidPotion"},{"floor":5.0,"key":"Ancient Potion"},{"floor":24.0,"key":"SpeedPotion"},{"floor":33,"key":"CultistPotion"},{"floor":35,"key":"DistilledChaos"},{"floor":42,"key":"SteroidPotion"}],"is_trial":false,"path_per_floor":["M","M","?","M","M","R","E","R","T","M","?","E","M","M","R","B",null,"M","?","?","?","M","R","E","$","T","R","E","M","R","?","R","B",null,"M","M","?","$","?","E","R","M","T","E","?","M","?","M","R","B",null,"R","$","E","B",null],"character_chosen":"WATCHER","items_purchased":["Lee\u0027s Waffle","Membership Card","InnerPeace","Lantern","ClearTheMind","Bottled Flame","PrismaticShard","Worship","PowerPotion"],"campfire_rested":0,"item_purchase_floors":[25,38,38,53,53,53,53,53,53],"current_hp_per_floor":[61,53,53,48,48,48,48,48,48,47,47,45,45,38,38,38,61,52,52,33,33,33,33,33,80,87,87,58,56,56,56,56,56,79,79,67,67,67,67,67,67,67,67,57,57,57,57,57,57,57,80,80,80,80,12],"gold":107,"neow_bonus":"TRANSFORM_TWO_CARDS","is_daily":false,"chose_seed":false,"campfire_upgraded":9,"win_rate":0.0,"timestamp":1610462342,"path_taken":["M","M","?","M","M","R","E","R","T","M","?","E","?","M","R","BOSS","M","?","?","?","?","R","E","$","T","R","E","M","R","?","R","BOSS","M","M","?","$","?","E","R","M","T","E","?","?","?","M","R","BOSS","R","$","E","BOSS"],"items_purchased_type":["Relic","Relic","Card","Relic","Card","Relic","Relic","Card","Potion"],"build_version":"2020-12-22","purchased_purges":3,"victory":true,"max_hp_per_floor":[68,68,68,68,68,68,68,68,68,68,68,68,68,68,68,68,68,68,68,73,73,73,73,73,80,87,87,87,87,87,87,87,87,87,87,87,87,87,87,87,87,87,87,87,87,87,87,87,87,87,87,87,87,87,87],"card_choices":[{"not_picked":["ClearTheMind","EmptyFist"],"picked":"Adaptation","floor":1.0},{"not_picked":["Vengeance","Pray"],"picked":"Halt","floor":2.0},{"not_picked":["Pray","Consecrate"],"picked":"Crescendo","floor":4.0},{"not_picked":["DeceiveReality","FlurryOfBlows"],"picked":"Perseverance","floor":5.0},{"not_picked":["Tantrum","CrushJoints","ForeignInfluence"],"picked":"SKIP","floor":7.0},{"not_picked":["SashWhip","SignatureMove","Conclude"],"picked":"SKIP","floor":10.0},{"not_picked":["Vengeance","JustLucky","Tantrum"],"picked":"SKIP","floor":12.0},{"not_picked":["CrushJoints","SashWhip","Brilliance"],"picked":"SKIP","floor":13.0},{"not_picked":["Crescendo","Prostrate"],"picked":"Protect","floor":14.0},{"not_picked":["Devotion","DeusExMachina"],"picked":"Vault","floor":16.0},{"not_picked":["Protect","Crescendo"],"picked":"Wallop","floor":18.0},{"not_picked":["JustLucky+1","CarveReality","Evaluate"],"picked":"SKIP","floor":22.0},{"not_picked":["JustLucky+1","CarveReality","Evaluate"],"picked":"SKIP","floor":22.0},{"not_picked":["Crescendo","Devotion","Protect"],"picked":"SKIP","floor":24.0},{"not_picked":["Prostrate+1","BattleHymn","Wallop"],"picked":"SKIP","floor":28.0},{"not_picked":["Nirvana","Indignation"],"picked":"MentalFortress","floor":29.0},{"not_picked":["Judgement","DevaForm"],"picked":"Scrawl","floor":33},{"not_picked":["Crescendo","EmptyBody","CrushJoints"],"picked":"SKIP","floor":35},{"not_picked":["ThirdEye","Adaptation","LikeWater"],"picked":"SKIP","floor":36},{"not_picked":["Wish","Wireheading","EmptyFist+1"],"picked":"SKIP","floor":40},{"not_picked":["CrushJoints","Crescendo","LikeWater"],"picked":"SKIP","floor":42},{"not_picked":["CrushJoints","TalkToTheHand","Nirvana+1"],"picked":"SKIP","floor":44},{"not_picked":["WreathOfFlame","SandsOfTime","FollowUp+1"],"picked":"SKIP","floor":46},{"not_picked":["Consecrate","Evaluate"],"picked":"WheelKick","floor":48},{"not_picked":["Streamline+1","Anger","Redo"],"picked":"SKIP","floor":54}],"player_experience":555810,"relics_obtained":[{"floor":7.0,"key":"Orichalcum"},{"floor":9.0,"key":"Matryoshka"},{"floor":12.0,"key":"Dead Branch"},{"floor":24.0,"key":"Shuriken"},{"floor":26.0,"key":"Strawberry"},{"floor":26.0,"key":"Bottled Tornado"},{"floor":28.0,"key":"Vajra"},{"floor":39,"key":"Thread and Needle"},{"floor":40,"key":"Omamori"},{"floor":43,"key":"MawBank"},{"floor":44,"key":"Centennial Puzzle"},{"floor":45,"key":"FossilizedHelix"},{"floor":54,"key":"Akabeko"}],"event_choices":[{"damage_healed":0.0,"max_hp_gain":0.0,"max_hp_loss":0.0,"gold_gain":0.0,"cards_transformed":["Strike_P"],"event_name":"Living Wall","player_choice":"Change","floor":3.0,"gold_loss":0.0,"damage_taken":0.0,"cards_obtained":["Vault"]},{"damage_healed":0.0,"max_hp_gain":0.0,"max_hp_loss":0.0,"gold_gain":0.0,"event_name":"Upgrade Shrine","player_choice":"Upgraded","floor":11.0,"gold_loss":0.0,"damage_taken":0.0,"cards_upgraded":["Adaptation"]},{"damage_healed":0.0,"max_hp_gain":0.0,"max_hp_loss":0.0,"gold_gain":0.0,"event_name":"Ghosts","player_choice":"Ignored","floor":19.0,"gold_loss":0.0,"damage_taken":0.0},{"damage_healed":0.0,"max_hp_gain":5.0,"max_hp_loss":0.0,"gold_gain":0.0,"event_name":"Forgotten Altar","player_choice":"Shed Blood","floor":20.0,"gold_loss":0.0,"damage_taken":24.0},{"damage_healed":0.0,"max_hp_gain":0.0,"max_hp_loss":0.0,"gold_gain":100.0,"event_name":"The Joust","player_choice":"Bet on Murderer","floor":21.0,"gold_loss":50.0,"damage_taken":0.0},{"damage_healed":0,"gold_gain":0,"cards_transformed":["Strike_P","Strike_P"],"player_choice":"Became Test Subject","damage_taken":0,"max_hp_gain":0,"max_hp_loss":0,"event_name":"Drug Dealer","floor":31,"gold_loss":0,"cards_obtained":["Tantrum","Consecrate"]},{"cards_removed":["Consecrate"],"damage_healed":0,"gold_gain":0,"player_choice":"Removed Attack","damage_taken":0,"max_hp_gain":0,"max_hp_loss":0,"event_name":"Falling","floor":37,"gold_loss":0},{"damage_healed":0,"gold_gain":0,"player_choice":"Fight","damage_taken":0,"max_hp_gain":0,"max_hp_loss":0,"event_name":"Mysterious Sphere","floor":39,"gold_loss":0},{"damage_healed":0,"gold_gain":0,"player_choice":"Fight","damage_taken":0,"max_hp_gain":0,"max_hp_loss":0,"event_name":"MindBloom","floor":45,"gold_loss":0},{"damage_healed":0,"gold_gain":0,"player_choice":"Copied","damage_taken":0,"max_hp_gain":0,"max_hp_loss":0,"event_name":"Duplicator","floor":47,"gold_loss":0,"cards_obtained":["Vault"]}],"is_beta":false,"boss_relics":[{"not_picked":["Ectoplasm","Astrolabe"],"picked":"Philosopher\u0027s Stone"},{"not_picked":["SacredBark","Pandora\u0027s Box"],"picked":"Cursed Key"}],"items_purged_floors":[25,38,53],"is_endless":false,"potions_floor_spawned":[2,5,10,13,24,33,35,36,42,48],"ascension_level":15}}