{"host":"xzk9bt2l7avnb6n5","time":1610416938,"event":{"mods":["Aspiration","BaseMod","BetterRewards","Conspire","Downfall","Highlight Path","Infinite Spire","Jorbs\u0027s Wanderer Trilogy","Minty Spire (QoL Compilation)","READ ME - Guardian Mod","Replay The Spire","Shop Mod","StSLib","The Bug Knight","The Disciple","The Jungle","The Servant 0.9.4","The Wild Card"],"gold_per_floor":[199,218,237,255,273,198,198,123,139,167,167,2,2,122,142,245,245,258,270,285,301,50,50,50,68,79,95,95,195,195,224,237,332,332,332,348,364,364,384,399,422,34,34,34,34,66,86,86],"floor_reached":49,"playtime":2822,"items_purged":[],"score":741,"play_id":"b74b87ff-2690-41f7-8719-30df5da9a66f","local_time":"20210111190218","is_ascension_mode":false,"campfire_choices":[{"floor":1.0,"key":"RECALL"},{"data":"Slimebound:Gluttony","floor":6.0,"key":"SMITH"},{"data":"Slimebound:Schlurp","floor":8.0,"key":"SMITH"},{"data":"Slimebound:Gluttony","floor":13,"key":"SMITH"},{"data":"Slimebound:CheckThePlaybook","floor":23,"key":"PURGE"},{"floor":30,"key":"REST"},{"floor":35,"key":"DIG"},{"data":"Slimebound:Recycling","floor":45,"key":"SMITH"}],"circlet_count":0,"master_deck":["Slimebound:Strike_Slimebound","Slimebound:Strike_Slimebound","Slimebound:Strike_Slimebound","Slimebound:Tackle","Slimebound:Defend_Slimebound","Slimebound:Defend_Slimebound","Slimebound:Defend_Slimebound","Slimebound:Defend_Slimebound","Slimebound:Split","Slimebound:CorrosiveSpit","Slimebound:Schlurp+1","Slimebound:SamplingLick","Slimebound:Gluttony+1","Slimebound:HauntingLick","Slimebound:Gluttony+1","Slimebound:SplitMire","Slimebound:Schlurp","Slimebound:MegaLick","Slimebound:PressTheAttack","Slimebound:RainOfGoop","Slimebound:MegaLick","Slimebound:PressTheAttack","Slimebound:ItLooksTasty","Slimebound:LeechingTouch+1","Slimebound:GoopTackle","Slimebound:LivingWall","Slimebound:SamplingLick","Slimebound:LeechEnergy","Slimebound:Equalize","Slimebound:Recollect+1","Slimebound:RollThrough","Slimebound:TongueLash","Slimebound:MegaLick","Slimebound:WasteNot","CurseOfTheBell","Slimebound:Recycling+1","Slimebound:MegaLick+1","Parasite","Slimebound:TongueLash","Slimebound:MegaLick+1","Slimebound:DisruptingSlam+1","Slimebound:SlimeSpikes+1"],"relics":["Slimebound:AbsorbEndCombat","downfall:HeartBlessingRed","downfall:HeartBlessingBlue","Slimebound:ScrapOozeRelic","ReplayFunnel","Black Star","downfall:HeartBlessingGreen","Slimebound:SelfDamagePreventRelic","Bottled Flame","Turnip","aspiration:FetidBarrel","Calling Bell","Gremlin Horn","Replay:Bottled Steam","SacredBark","Blood Vial","MerchantsRug","Du-Vu Doll","White Beast Statue","downfall:TeleportStone","ReplayTheSpireMod:TigerMarble","Bag of Preparation"],"acts_visited":["Exordium","TheCity","TheBeyond"],"potions_floor_usage":[16,19,22,27,29,29,31,32,46,47,48],"damage_taken":[{"damage":8.0,"enemies":"Cultist","floor":2.0,"turns":4.0},{"damage":4.0,"enemies":"conspire:RoseBush","floor":3.0,"turns":3.0},{"damage":10.0,"enemies":"2 Louse","floor":4.0,"turns":2.0},{"damage":17.0,"enemies":"2 Fungi Beasts","floor":5.0,"turns":5.0},{"damage":17.0,"enemies":"Gremlin Gang","floor":9.0,"turns":4.0},{"damage":32.0,"enemies":"Lagavulin","floor":10.0,"turns":7.0},{"damage":15.0,"enemies":"downfall:FleeingMerchant","floor":12.0,"turns":4.0},{"damage":20,"enemies":"Blue Slaver","floor":15,"turns":3},{"damage":45,"enemies":"downfall:Watcher","floor":16,"turns":7},{"damage":38,"enemies":"3 Byrds","floor":19,"turns":5},{"damage":21,"enemies":"Shell Parasite","floor":20,"turns":4},{"damage":39,"enemies":"Centurion and Healer","floor":21,"turns":5},{"damage":11,"enemies":"downfall:FleeingMerchant","floor":22,"turns":4},{"damage":15,"enemies":"conspire:HollyBat","floor":25,"turns":6},{"damage":20,"enemies":"Chosen and Byrds","floor":26,"turns":3},{"damage":12,"enemies":"Snecko","floor":27,"turns":5},{"damage":46,"enemies":"downfall:Silent","floor":29,"turns":6},{"damage":30,"enemies":"Replay:Snechameleon","floor":31,"turns":4},{"damage":21,"enemies":"Snake Plant","floor":32,"turns":3},{"damage":68,"enemies":"downfall:Ironclad","floor":33,"turns":7},{"damage":36,"enemies":"Orb Walker","floor":36,"turns":3},{"damage":26,"enemies":"3 Darklings","floor":37,"turns":4},{"damage":30,"enemies":"Writhing Mass","floor":39,"turns":5},{"damage":43,"enemies":"3 Darklings","floor":40,"turns":5},{"damage":19,"enemies":"downfall:FleeingMerchant","floor":42,"turns":4},{"damage":40,"enemies":"HollowMod:StalkingDevout","floor":46,"turns":5},{"damage":83,"enemies":"HollowMod:SlobberingHusk","floor":47,"turns":6},{"damage":17,"enemies":"downfall:Defect","floor":48,"turns":6}],"seed_played":"8644637614949528176","potions_obtained":[{"floor":5.0,"key":"SkillPotion"},{"floor":9.0,"key":"SteroidPotion"},{"floor":10.0,"key":"conspire:TimeTravelPotion"},{"floor":15,"key":"Toxic Potion"},{"floor":16,"key":"PowerPotion"},{"floor":20,"key":"Energy Potion"},{"floor":25,"key":"Strength Potion"},{"floor":29,"key":"champ:CounterPotion"},{"floor":31,"key":"BlessingOfTheForge"},{"floor":37,"key":"Dexterity Potion"},{"floor":39,"key":"infinitespire:BlackPotion"},{"floor":46,"key":"Weak Potion"},{"floor":47,"key":"Block Potion"}],"is_trial":false,"path_per_floor":["R","M","M","M","M","R","T","R","M","E","?","$","R","?","M","B",null,"R","M","M","M","$","R","T","M","M","M","?","?","R","E","M","B",null,"R","M","M","AVR","M","M","T","$","?","?","R","E","M","B",null],"character_chosen":"SLIMEBOUND","items_purchased":["ReplayFunnel","Slimebound:SelfDamagePreventRelic","Slimebound:LivingWall","Slimebound:SamplingLick","MerchantsRug","Du-Vu Doll","White Beast Statue"],"campfire_rested":1,"item_purchase_floors":[12,22,22,22,42,42,42],"current_hp_per_floor":[60,60,60,58,52,52,52,62,69,51,51,64,64,47,39,38,70,70,64,63,54,67,67,67,59,68,64,64,54,70,56,57,33,70,70,60,66,66,68,49,49,60,60,60,60,47,10,39],"gold":86,"neow_bonus":"HUNDRED_GOLD","is_daily":false,"chose_seed":false,"campfire_upgraded":4,"win_rate":0.0,"timestamp":1610416938,"path_taken":["R","?","M","M","?","R","T","R","M","E","?","$","R","?","M","BOSS","R","M","?","M","$","R","T","M","M","M","?","?","R","E","M","BOSS","R","M","M","AVR","M","M","T","$","?","?","R","E","M","BOSS"],"items_purchased_type":["Relic","Relic","Card","Card","Relic","Relic","Relic"],"build_version":"2020-12-22","purchased_purges":0,"victory":true,"max_hp_per_floor":[60,60,60,60,60,60,60,70,70,70,70,70,70,70,70,70,70,70,70,70,70,70,70,70,70,70,70,70,70,70,70,70,70,70,70,70,70,70,70,70,70,70,70,70,70,70,70,70],"card_choices":[{"not_picked":["Slimebound:SlimeSpikes","Slimebound:SamplingLick"],"picked":"Slimebound:Schlurp","floor":2.0},{"not_picked":["Slimebound:Prepare","Slimebound:Nibble"],"picked":"Slimebound:SamplingLick","floor":3.0},{"not_picked":["Slimebound:DisruptingSlam","Slimebound:HauntingLick"],"picked":"Slimebound:Gluttony","floor":4.0},{"not_picked":["Slimebound:Repurpose","Slimebound:SplitAcid"],"picked":"Slimebound:HauntingLick","floor":5.0},{"not_picked":["Slimebound:Recollect","Slimebound:Schlurp"],"picked":"Slimebound:Gluttony","floor":9.0},{"not_picked":["Slimebound:SlimeSpikes","Slimebound:FormOfPuddle"],"picked":"Slimebound:SplitMire","floor":10.0},{"not_picked":["Slimebound:ProtectTheBoss","Slimebound:SelfFormingGoo"],"picked":"Slimebound:Schlurp","floor":12.0},{"not_picked":["Slimebound:LeechEnergy","Slimebound:Equalize"],"picked":"Slimebound:MegaLick","floor":14},{"not_picked":["Slimebound:SplitAcid","Slimebound:SplitBruiser"],"picked":"Slimebound:PressTheAttack","floor":14},{"not_picked":["Slimebound:SlimeSpikes","Slimebound:SplitAcid"],"picked":"Slimebound:RainOfGoop","floor":14},{"not_picked":["Slimebound:Replication","Slimebound:LeechEnergy"],"picked":"Slimebound:MegaLick","floor":15},{"not_picked":["Slimebound:OozeBath","Slimebound:Overexert"],"picked":"Slimebound:CheckThePlaybook","floor":16},{"not_picked":["Slimebound:Schlurp+1","Slimebound:SplitAcid+1"],"picked":"Slimebound:PressTheAttack","floor":19},{"not_picked":["Slimebound:SplitAcid+1","Slimebound:ViciousTackle"],"picked":"Slimebound:ItLooksTasty","floor":20},{"not_picked":["Slimebound:HungryTackle","Slimebound:FlameTackle"],"picked":"Slimebound:LeechingTouch+1","floor":21},{"not_picked":["Slimebound:HauntingLick","Slimebound:Replication+1"],"picked":"Slimebound:GoopTackle","floor":22},{"not_picked":["Slimebound:SplitAcid","Slimebound:SplitBruiser+1"],"picked":"Slimebound:LeechEnergy","floor":25},{"not_picked":["Slimebound:FlameTackle+1","Slimebound:LeechLife"],"picked":"Slimebound:Equalize","floor":26},{"not_picked":["Slimebound:RainOfGoop","Slimebound:Nibble"],"picked":"Slimebound:Recollect+1","floor":27},{"not_picked":["Slimebound:ItLooksTasty","Slimebound:LeechingTouch"],"picked":"Slimebound:RollThrough","floor":29},{"not_picked":["Slimebound:Schlurp","Slimebound:Replication+1"],"picked":"Slimebound:TongueLash","floor":31},{"not_picked":["Slimebound:Replication","Slimebound:ComboTackle"],"picked":"Slimebound:MegaLick","floor":32},{"not_picked":["Slimebound:MassRepurpose","Slimebound:OozeBath"],"picked":"Slimebound:WasteNot","floor":33},{"not_picked":["Slimebound:MassRepurpose","Slimebound:OneTwoCombo"],"picked":"Slimebound:Recycling","floor":34},{"not_picked":["Slimebound:SlimeTap","Slimebound:SplitLeeching"],"picked":"Slimebound:MegaLick+1","floor":36},{"not_picked":["Slimebound:AcidTongue+1","Slimebound:PressTheAttack+1","Slimebound:TongueLash+1"],"picked":"SKIP","floor":37},{"not_picked":["Slimebound:Equalize","Slimebound:Prepare+1","Slimebound:SplitAcid+1"],"picked":"SKIP","floor":39},{"not_picked":["Slimebound:FormOfPuddle+1","Slimebound:SplitBruiser+1"],"picked":"Slimebound:TongueLash","floor":40},{"not_picked":["Slimebound:SelfFormingGoo","Slimebound:FormOfPuddle+1"],"picked":"Slimebound:MegaLick+1","floor":42},{"not_picked":["Slimebound:FlameTackle","Slimebound:SplitMire+1"],"picked":"Slimebound:DisruptingSlam+1","floor":46},{"not_picked":["Slimebound:Nibble+1","Slimebound:ComboTackle+1"],"picked":"Slimebound:SlimeSpikes+1","floor":47}],"player_experience":480842,"relics_obtained":[{"floor":10.0,"key":"Akabeko"},{"floor":24,"key":"Bottled Flame"},{"floor":29,"key":"Turnip"},{"floor":29,"key":"Replay:Accelerometer"},{"floor":31,"key":"aspiration:FetidBarrel"},{"floor":31,"key":"Pocketwatch"},{"floor":34,"key":"aspiration:TomeofQuesting"},{"floor":34,"key":"Gremlin Horn"},{"floor":34,"key":"conspire:GiftBox"},{"floor":35,"key":"Replay:Bottled Steam"},{"floor":41,"key":"Blood Vial"},{"floor":46,"key":"ReplayTheSpireMod:TigerMarble"},{"floor":46,"key":"Bag of Preparation"}],"event_choices":[{"damage_healed":0,"gold_gain":0,"player_choice":"Ignored","damage_taken":0,"max_hp_gain":0,"max_hp_loss":0,"event_name":"Ghosts","floor":28,"gold_loss":0}],"is_beta":false,"boss_relics":[{"not_picked":["conspire:SeveredTorchhead","Runic Pyramid"],"picked":"Black Star"},{"not_picked":["Empty Cage","ChewingGum"],"picked":"Calling Bell"}],"items_purged_floors":[],"is_endless":false,"potions_floor_spawned":[5,9,10,15,16,20,25,29,31,37,39,46,47],"ascension_level":0}}