{"host":"2ulm0pyp8jok7fk5","time":1610417042,"event":{"mods":["Act Like it!","Arknights The Spire","BaseMod","Gensokyo","Koishi","Marisa£®ÏF”Í°°ƒß¿Ì…≥£©","Minty Spire (QoL Compilation)","Reimu£®≤©¿ˆ¡È√Œ£©","Remilia£®¿Ÿ√◊¿Ú—«£©","Replay The Spire","Shop Mod","Spicy Shops","StSLib","The Bug Knight","The Hierophant","The Servant 0.9.4","Waifu the Spire","Youmu£®ªÍ∆«—˝√Œ£©","Yuyuko"],"gold_per_floor":[109,109,109,122,122,132,159,159,159,159,191,211,240,258,258,363,363,383,400,400,400,117,117,136,149,149,149,149,163,194,206,206,206],"floor_reached":32,"playtime":1595,"items_purged":["KamiSacrifice:ReiMu"],"score":332,"play_id":"927b25fd-2924-4059-a8b7-398be41b3bd3","local_time":"20210112100402","daily_mods":["Allstar","Heirloom","Time Dilation"],"is_ascension_mode":false,"campfire_choices":[{"data":"Mayhem","floor":10,"key":"SMITH"},{"floor":15,"key":"DIG"},{"floor":23,"key":"REST"},{"floor":32,"key":"REST"}],"circlet_count":0,"master_deck":["Strike_Lin:ReiMu","Strike_Lin:ReiMu","Strike_Lin:ReiMu","Strike_Lin:ReiMu","Defend_Lin:ReiMu","Defend_Lin:ReiMu","Defend_Lin:ReiMu","Defend_Lin:ReiMu","NB:ReiMu","Stagnation:ReiMu","Panache","Master of Strategy","Swift Strike","Enlightenment","Mayhem+1","Meditation:ReiMu","SpringWay:ReiMu","Amulet:ReiMu","CleanRite:ReiMu","SubAcupoint:ReiMu","InherentArray:ReiMu","MikOfLucky:ReiMu","Free:ReiMu+1","AlertArray:ReiMu+1","Gathering:ReiMu+1","OctopathBindingBorder2:ReiMu","Apotheosis+1","Finesse+1","Dark Shackles+1","LovePray:ReiMu+1"],"relics":["FlyPower:ReiMu","Replay:Kaleidoscope","NeowsBlessing","Unceasing Top","NeowsBlessing","Chameleon Ring","Lantern","Toxic Egg 2","Happy Flower","Black Star","NeowsBlessing","Nilry\u0027s Codex","ReplayTheSpireMod:ShopPack","Replay:Bottled Snecko","NeowsBlessing","Replay:Baseball","Blue Candle"],"acts_visited":["Exordium","TheCity"],"potions_floor_usage":[],"damage_taken":[{"damage":0,"enemies":"Jaw Worm","floor":1,"turns":3},{"damage":0,"enemies":"Small Slimes","floor":4,"turns":1},{"damage":0,"enemies":"2 Louse","floor":6,"turns":1},{"damage":0,"enemies":"HollowMod:MossKnight","floor":7,"turns":1},{"damage":0,"enemies":"Lagavulin","floor":11,"turns":2},{"damage":0,"enemies":"Large Slime","floor":12,"turns":1},{"damage":0,"enemies":"HollowMod:MossKnight","floor":13,"turns":1},{"damage":3,"enemies":"3 Louse","floor":14,"turns":4},{"damage":32,"enemies":"The Guardian","floor":16,"turns":12},{"damage":44,"enemies":"Chosen","floor":18,"turns":9},{"damage":0,"enemies":"Spheric Guardian","floor":19,"turns":5},{"damage":20,"enemies":"Shelled Parasite and Fungi","floor":24,"turns":4},{"damage":5,"enemies":"Sentry and Sphere","floor":25,"turns":3},{"damage":0,"enemies":"Chosen and Byrds","floor":29,"turns":1},{"damage":21,"enemies":"Slavers","floor":30,"turns":3},{"damage":0,"enemies":"Cultist and Chosen","floor":31,"turns":2}],"seed_played":"-4139716007750706290","potions_obtained":[{"floor":6,"key":"Elixir"},{"floor":11,"key":"ColorlessPotion"},{"floor":14,"key":"Fire Potion"}],"is_trial":true,"path_per_floor":["M","WH","WH","M","WH","M","E","WH","T","R","E","M","E","M","R","B",null,"M","M","WH","?","$","R","M","M","T","WH","WH","M","E","M","R"],"character_chosen":"REIMU","items_purchased":["OctopathBindingBorder2:ReiMu","ReplayTheSpireMod:ShopPack"],"campfire_rested":2,"item_purchase_floors":[22,22],"current_hp_per_floor":[65,71,71,71,78,78,78,78,78,78,78,78,78,75,75,43,78,34,34,34,18,18,41,21,16,16,23,23,23,2,2,27,27],"gold":206,"neow_bonus":"THREE_ENEMY_KILL","is_daily":false,"chose_seed":false,"campfire_upgraded":1,"win_rate":0.0,"timestamp":1610417042,"path_taken":["M","WH","WH","M","WH","M","E","WH","T","R","E","M","E","M","R","BOSS","M","M","WH","?","$","R","M","M","T","WH","WH","M","E","M","R"],"items_purchased_type":["Card","Relic"],"build_version":"2020-12-22","purchased_purges":1,"victory":false,"max_hp_per_floor":[65,71,71,71,78,78,78,78,78,78,78,78,78,78,78,78,78,78,78,78,78,78,78,78,78,78,85,85,85,85,85,85,85],"card_choices":[{"not_picked":["AlertArray:ReiMu","SpringWay:ReiMu"],"picked":"Meditation:ReiMu","floor":1},{"not_picked":["SpiritualOutbreak2:ReiMu","Conquer:ReiMu"],"picked":"SpringWay:ReiMu","floor":4},{"not_picked":["Conquer:ReiMu","OrbThrow:ReiMu"],"picked":"Amulet:ReiMu","floor":6},{"not_picked":["PayForSelf:ReiMu","TightArray:ReiMu"],"picked":"CleanRite:ReiMu","floor":7},{"not_picked":["WonderfulDomain:ReiMu","PayForSelf:ReiMu"],"picked":"SubAcupoint:ReiMu","floor":11},{"not_picked":["WonderfulDomain:ReiMu","Meditation:ReiMu"],"picked":"KamiSacrifice:ReiMu","floor":12},{"not_picked":["PassingAway:ReiMu+1","Intuition:ReiMu+1"],"picked":"InherentArray:ReiMu","floor":13},{"not_picked":["RainPray2:ReiMu+1","EmergencyTakeOff:ReiMu+1"],"picked":"MikOfLucky:ReiMu","floor":14},{"not_picked":["YinYang:ReiMu","Shading:ReiMu+1"],"picked":"Free:ReiMu+1","floor":16},{"not_picked":["Meditation:ReiMu+1","SealNeedle:ReiMu+1"],"picked":"AlertArray:ReiMu+1","floor":18},{"not_picked":["Conquer:ReiMu","SubAcupoint:ReiMu+1"],"picked":"Gathering:ReiMu+1","floor":19},{"not_picked":["Panache","The Bomb"],"picked":"Apotheosis","floor":22},{"not_picked":["Replay:Sssssssssstrike","Impatience"],"picked":"Finesse","floor":22},{"not_picked":["HandOfGreed","ReplayTheSpireMod:Trickstab"],"picked":"Dark Shackles","floor":22},{"not_picked":["YinYangSange:ReiMu","FineLineFantasy:ReiMu","Crusade:ReiMu"],"picked":"SKIP","floor":24},{"not_picked":["KamiSacrifice:ReiMu+1","Enchanting:ReiMu+1","PhosphorusFlame:ReiMu+1"],"picked":"SKIP","floor":25},{"not_picked":["Dreaming2:ReiMu","MikOfLucky:ReiMu","Meditation:ReiMu+1"],"picked":"SKIP","floor":29},{"not_picked":["FoulBorder2:ReiMu","Conquer:ReiMu","SubAcupoint:ReiMu"],"picked":"SKIP","floor":30},{"not_picked":["Amulet:ReiMu+1","OrbThrow:ReiMu"],"picked":"LovePray:ReiMu+1","floor":31}],"player_experience":58354,"relics_obtained":[{"floor":7,"key":"Unceasing Top"},{"floor":9,"key":"Chameleon Ring"},{"floor":11,"key":"Lantern"},{"floor":13,"key":"Toxic Egg 2"},{"floor":15,"key":"Happy Flower"},{"floor":21,"key":"Nilry\u0027s Codex"},{"floor":26,"key":"Replay:Bottled Snecko"},{"floor":30,"key":"Replay:Baseball"},{"floor":30,"key":"Blue Candle"}],"event_choices":[{"damage_healed":0,"gold_gain":0,"player_choice":"Obtained Book","damage_taken":16,"max_hp_gain":0,"max_hp_loss":0,"event_name":"Cursed Tome","floor":21,"gold_loss":0}],"is_beta":false,"boss_relics":[{"not_picked":["Velvet Choker","Ectoplasm"],"picked":"Black Star"}],"items_purged_floors":[22],"is_endless":false,"potions_floor_spawned":[6,11,14,16,19,29],"ascension_level":0}}