{"host":"drkpql2ocxl3f5d4","time":1610440746,"event":{"mods":["Act Like it!","Ascension Reborn","Aspiration","BaseMod","Challenge The Spire","Colored Map","Conspire","Downfall","Energized Spire","Friendly Minions","Googly Eyes","Halation","Hubris","Infinite Spire","Jedi Mod","Minty Spire (QoL Compilation)","READ ME - Guardian Mod","Replay The Spire","Spikes Relics","StSLib","The Construct","vexMod"],"gold_per_floor":[0,17,31,48,58,92,115,265,300,315,340,372,222,240,253,353,353,353,371,389,409,419,446,518,518,543,543,543,231,231,231,251,350,350,350,363,363,373,388,406,453,453,196,227,240,63,63,83,99,99],"floor_reached":51,"playtime":3419,"items_purged":["hexamod:Strike","hexamod:Defend"],"score":857,"play_id":"b1d76ca4-8c57-4ac0-8b0b-c080fe15a7d9","local_time":"20210112093906","is_ascension_mode":true,"campfire_choices":[{"floor":1.0,"key":"RECALL"},{"data":"hexamod:Float","floor":13.0,"key":"SMITH"},{"data":"hexamod:HeatShield","floor":18.0,"key":"SMITH"},{"data":"Replay:AtTheReady","floor":28.0,"key":"SMITH"},{"data":"Mayhem","floor":30.0,"key":"SMITH"},{"data":"hexamod:CatchUp","floor":35.0,"key":"SMITH"},{"data":"Sadistic Nature","floor":47,"key":"SMITH"}],"circlet_count":0,"master_deck":["hexamod:Strike+1","hexamod:Defend","hexamod:Defend+1","hexamod:Defend+1","hexamod:Sear","hexamod:Float+1","Panache","hexamod:BurningTouch","hexamod:FlamesFromBeyond","hexamod:StepThrough","hexamod:CatchUp+1","hexamod:InspiringFlames","Slimebound:Icky","hexamod:HauntingEcho","hexamod:ThermalTransfer","hexamod:StepThrough","hexamod:HeatShield+1","hexamod:CatchUp+1","Pray","hexamod:FastForward","hexamod:InspiringFlames+1","Replay:AtTheReady+1","ForeignInfluence+1","Mayhem+1","Protect","hexamod:DynamicBlow+1","hexamod:TimeWarp","hexamod:NightmareStrike+1","hexamod:SwordOfDarkness+1","Perseverance+1","hexamod:Hexaguard","hexamod:SuperheatedStrike","FlyingSleeves+1","Sadistic Nature+1"],"relics":["hexamod:SpiritBrand","hubris:Potato","Potion Belt","WingedGreaves","Replay:PocketPolymizer","vexMod:ScavengeHelm","downfall:HeartBlessingRed","downfall:HeartBlessingGreen","aspiration:WatcherSkillbook","Gremlin Horn","hexamod:IceCube","Incense Burner","aspiration:RitualStick","hexamod:TheBrokenSeal","Philosopher\u0027s Stone","infinitespire:Beetle Shell","ReplayTheSpireMod:Ninjato","Smiling Mask","Membership Card","conspire:Dentures","Lizard Tail"],"acts_visited":["Exordium","TheCity","TheBeyond"],"potions_floor_usage":[50],"damage_taken":[{"damage":0.0,"enemies":"Jaw Worm","floor":2.0,"turns":3.0},{"damage":0.0,"enemies":"Small Slimes","floor":3.0,"turns":3.0},{"damage":0.0,"enemies":"conspire:RoseBush","floor":4.0,"turns":2.0},{"damage":2.0,"enemies":"Gremlin Gang","floor":5.0,"turns":3.0},{"damage":7.0,"enemies":"Gremlin Nob","floor":6.0,"turns":3.0},{"damage":0.0,"enemies":"Replay:BlueRogue","floor":9.0,"turns":3.0},{"damage":0.0,"enemies":"Exordium Wildlife","floor":10.0,"turns":3.0},{"damage":7.0,"enemies":"Lagavulin","floor":11.0,"turns":6.0},{"damage":13.0,"enemies":"conspire:MimicChest","floor":12.0,"turns":4.0},{"damage":0.0,"enemies":"Large Slime","floor":14.0,"turns":4.0},{"damage":0.0,"enemies":"Lots of Slimes","floor":15.0,"turns":3.0},{"damage":13.0,"enemies":"downfall:Ironclad","floor":16.0,"turns":7.0},{"damage":1.0,"enemies":"3 Byrds","floor":19.0,"turns":6.0},{"damage":15.0,"enemies":"Snake Plant","floor":20.0,"turns":4.0},{"damage":0.0,"enemies":"Centurion and Healer","floor":21.0,"turns":6.0},{"damage":3.0,"enemies":"Snecko","floor":22.0,"turns":6.0},{"damage":14.0,"enemies":"Shelled Parasite and Fungi","floor":23.0,"turns":8.0},{"damage":7.0,"enemies":"Chosen and Byrds","floor":26.0,"turns":8.0},{"damage":0.0,"enemies":"downfall:FleeingMerchant","floor":29.0,"turns":4.0},{"damage":0.0,"enemies":"conspire:HollyBat","floor":32.0,"turns":7.0},{"damage":0.0,"enemies":"downfall:Silent","floor":33.0,"turns":6.0},{"damage":8.0,"enemies":"3 Darklings","floor":36.0,"turns":4.0},{"damage":0.0,"enemies":"Orb Walker","floor":38.0,"turns":3.0},{"damage":0.0,"enemies":"Sphere and 2 Shapes","floor":39.0,"turns":5.0},{"damage":9.0,"enemies":"Spire Growth","floor":40.0,"turns":3.0},{"damage":0.0,"enemies":"downfall:FleeingMerchant","floor":43.0,"turns":4.0},{"damage":0.0,"enemies":"Giant Head","floor":44.0,"turns":5.0},{"damage":0.0,"enemies":"Jaw Worm Horde","floor":45.0,"turns":3.0},{"damage":0.0,"enemies":"downfall:FleeingMerchant","floor":46.0,"turns":3.0},{"damage":0,"enemies":"R_Hoarder","floor":48,"turns":5},{"damage":0,"enemies":"Transient","floor":49,"turns":5},{"damage":11,"enemies":"downfall:Defect","floor":50,"turns":5}],"seed_played":"-4486617955629899940","potions_obtained":[{"floor":3.0,"key":"Adrenaline Potion"},{"floor":9.0,"key":"Regen Potion"},{"floor":11.0,"key":"Fire Potion"},{"floor":14.0,"key":"Slimebound:ThreeZeroPotion"},{"floor":16.0,"key":"Elixir"},{"floor":19.0,"key":"Fire Potion"},{"floor":21.0,"key":"ColorlessPotion"},{"floor":26.0,"key":"LiquidMemories"},{"floor":29.0,"key":"jedi:hoardpotion"},{"floor":36.0,"key":"PowerPotion"},{"floor":40.0,"key":"Weak Potion"},{"floor":44.0,"key":"Block Potion"}],"is_trial":false,"path_per_floor":["R_BF","M","M","M","M","E","T","?","E","M","E","?","R","M","M","B",null,"R","M","M","M","M","M","T","AVR","M","?","R","$","R","?","M","B",null,"R","M","?","M","M","M","T","?","$","E","M","$","R","E","M","B",null],"character_chosen":"THE_SPIRIT","items_purchased":["Mayhem","Protect","ReplayTheSpireMod:Ninjato","Membership Card","conspire:Dentures","Sadistic Nature","Lizard Tail"],"campfire_rested":0,"item_purchase_floors":[29,29,43,46,46,46,46],"current_hp_per_floor":[70,70,70,70,68,61,61,61,61,61,54,41,41,41,41,43,70,70,69,54,61,58,51,51,51,51,51,51,58,58,44,80,80,80,80,72,72,72,72,63,63,63,63,63,63,63,63,63,63,52],"gold":99,"neow_bonus":"RANDOM_COLORLESS_2","is_daily":false,"chose_seed":false,"campfire_upgraded":6,"win_rate":0.0,"timestamp":1610440746,"path_taken":["R_BF","M","M","M","M","E","T","?","E","M","E","?","R","M","M","BOSS","R","M","M","M","M","M","T","AVR","?","?","R","$","R","?","M","BOSS","R","M","?","M","M","?","T","?","?","E","M","$","R","E","M","BOSS"],"items_purchased_type":["Card","Card","Relic","Relic","Relic","Card","Relic"],"build_version":"2020-12-22","purchased_purges":2,"victory":true,"max_hp_per_floor":[70,70,70,70,70,70,70,70,70,70,70,70,70,70,70,70,70,70,70,70,70,70,70,70,70,70,70,70,70,70,70,80,80,80,80,80,80,80,80,80,80,80,80,80,80,80,80,80,80,80],"card_choices":[{"not_picked":["Crow Ritual","Secret Technique"],"picked":"Panache","floor":0.0},{"not_picked":["hexamod:FastForward","hexamod:SwordOfDarkness"],"picked":"hexamod:BurningTouch","floor":2.0},{"not_picked":["hexamod:PhantomFireball","hexamod:GhostOfSpireFuture"],"picked":"hexamod:FlamesFromBeyond","floor":3.0},{"not_picked":["hexamod:RainOfEmbers","hexamod:DynamicBlow"],"picked":"hexamod:StepThrough","floor":4.0},{"not_picked":["hexamod:BurningTouch","hexamod:CrushingStance"],"picked":"hexamod:CatchUp","floor":5.0},{"not_picked":["hexamod:SwordOfDarkness","hexamod:GhostShield"],"picked":"hexamod:InspiringFlames","floor":6.0},{"not_picked":["hexamod:DynamicBlow","hexamod:Firestarter","hexamod:SpectersWail"],"picked":"SKIP","floor":9.0},{"not_picked":["hexamod:SpectersWail","hexamod:RainOfEmbers"],"picked":"hexamod:HauntingEcho","floor":10.0},{"not_picked":["hexamod:SearingWound","hexamod:SuperheatedStrike","hexamod:Rewind"],"picked":"SKIP","floor":11.0},{"not_picked":["hexamod:AdvancingGuard","hexamod:RainOfEmbers"],"picked":"hexamod:ThermalTransfer","floor":12.0},{"not_picked":["hexamod:BacktrackSmack","hexamod:PhantomCloak","hexamod:DynamicBlow"],"picked":"SKIP","floor":14.0},{"not_picked":["hexamod:ParanormalForm","hexamod:BurningTouch"],"picked":"hexamod:HeatShield","floor":15.0},{"not_picked":["hexamod:ParanormalForm","hexamod:GiftsFromTheDead"],"picked":"hexamod:FifthSeal","floor":16.0},{"not_picked":["JustLucky+1","WreathOfFlame","hexamod:SwordOfDarkness"],"picked":"Pray","floor":19.0},{"not_picked":["hexamod:ThirdSeal","hexamod:FourthSeal","hexamod:SixthSeal"],"picked":"hexamod:FirstSeal","floor":20.0},{"not_picked":["Replay:ManipulateFuture","hexamod:BurningTouch","hexamod:HauntingEcho"],"picked":"hexamod:FastForward","floor":20.0},{"not_picked":["hexamod:SecondSeal","hexamod:ThirdSeal","hexamod:FourthSeal"],"picked":"hexamod:SixthSeal","floor":21.0},{"not_picked":["hexamod:ThermalTransfer","ClearTheMind","Consecrate","Crescendo+1"],"picked":"SKIP","floor":21.0},{"not_picked":["hexamod:SixthSeal","hexamod:FirstSeal","hexamod:FourthSeal"],"picked":"hexamod:SecondSeal","floor":22.0},{"not_picked":["JustLucky+1","ClearTheMind","hexamod:GhostOfSpirePast"],"picked":"hexamod:InspiringFlames+1","floor":22.0},{"not_picked":["hexamod:FirstSeal","hexamod:ThirdSeal","hexamod:SixthSeal"],"picked":"hexamod:FourthSeal","floor":23.0},{"not_picked":["Crescendo","hexamod:RainOfEmbers","JustLucky+1","CrushJoints+1"],"picked":"SKIP","floor":23.0},{"not_picked":["Devotion","hexamod:SuperheatedStrike+1","CrushJoints"],"picked":"Replay:AtTheReady","floor":26.0},{"not_picked":["hexamod:FourthSeal","hexamod:FirstSeal","hexamod:SecondSeal","hexamod:SixthSeal"],"picked":"SKIP","floor":26.0},{"not_picked":["hexamod:FourthSeal","hexamod:SecondSeal","hexamod:FirstSeal"],"picked":"hexamod:ThirdSeal","floor":29.0},{"not_picked":["hexamod:EmpoweredFlame","BowlingBash","JustLucky+1"],"picked":"ForeignInfluence+1","floor":29.0},{"not_picked":["ClearTheMind+1","CutThroughFate","CrushJoints"],"picked":"hexamod:DynamicBlow+1","floor":32.0},{"not_picked":["Devotion","hexamod:EmpoweringStance","hexamod:ApocalypticArmor"],"picked":"hexamod:TimeWarp","floor":33.0},{"not_picked":["hexamod:GhostShield","hexamod:SwordOfDarkness","hexamod:InspiringFlames"],"picked":"hexamod:NightmareStrike+1","floor":36.0},{"not_picked":["hexamod:GhostLash+1","TalkToTheHand","Replay:AtTheReady+1"],"picked":"hexamod:SwordOfDarkness+1","floor":38.0},{"not_picked":["hexamod:InspiringFlames+1","FollowUp","Meditate"],"picked":"Perseverance+1","floor":39.0},{"not_picked":["EmptyFist","DeceiveReality","hexamod:GhostLash+1"],"picked":"hexamod:Hexaguard","floor":40.0},{"not_picked":["hexamod:ThirdSeal","hexamod:NecessarySacrifice","hexamod:GhostOfSpirePresent","hexamod:Again"],"picked":"SKIP","floor":43.0},{"not_picked":["Crescendo+1","TalkToTheHand+1","hexamod:HauntingEcho"],"picked":"hexamod:SuperheatedStrike","floor":44.0},{"not_picked":["EmptyBody","hexamod:Rewind+1","hexamod:HeatShield"],"picked":"FlyingSleeves+1","floor":45.0},{"not_picked":["Alpha","PathToVictory+1","hexamod:ThermalTransfer","hexamod:NecessarySacrifice"],"picked":"SKIP","floor":48},{"not_picked":["SashWhip+1","hexamod:Firestarter","Protect+1","FlurryOfBlows+1"],"picked":"SKIP","floor":49}],"player_experience":712658,"relics_obtained":[{"floor":6.0,"key":"hubris:Potato"},{"floor":7.0,"key":"Potion Belt"},{"floor":9.0,"key":"WingedGreaves"},{"floor":11.0,"key":"Replay:PocketPolymizer"},{"floor":12.0,"key":"vexMod:ScavengeHelm"},{"floor":24.0,"key":"Gremlin Horn"},{"floor":41.0,"key":"infinitespire:Beetle Shell"},{"floor":44.0,"key":"Smiling Mask"}],"event_choices":[{"damage_healed":0.0,"max_hp_gain":0.0,"max_hp_loss":0.0,"gold_gain":0.0,"event_name":"Transmorgrifier","player_choice":"Ignored","floor":37.0,"gold_loss":0.0,"damage_taken":0.0}],"is_beta":false,"boss_relics":[{"not_picked":["Pandora\u0027s Box","vexMod:RockOfEvil"],"picked":"aspiration:WatcherSkillbook"},{"not_picked":["halation:Prosthetics","Astrolabe"],"picked":"Philosopher\u0027s Stone"}],"items_purged_floors":[25,29],"is_endless":false,"potions_floor_spawned":[3,9,11,14,16,19,21,23,36,40,44],"ascension_level":0}}