{"host":"ai2zab3l3qrfb1vu","time":1610461565,"event":{"mods":["2.2 Compatiblity","Act Like it!","BaseMod","Better Third Choice","BetterRewards","Friendly Minions","Gensokyo","GifTheSpireLib","Highlight Path","Hubris","Infinite Spire","Marked Mod","Mimic Mod","Minty Spire (QoL Compilation)","Relic Filter","Replay The Spire","Shop Mod","StSLib","Wandering Minibosses"],"gold_per_floor":[119,136,156,16,26,26,26,26],"floor_reached":7,"playtime":482,"items_purged":[],"score":49,"play_id":"241bb7cd-bd6f-4991-9ca8-d6de33f22120","local_time":"20210112072605","is_ascension_mode":true,"campfire_choices":[{"data":"Judgement","floor":6,"key":"SMITH"}],"circlet_count":0,"master_deck":["Strike_P","Strike_P","Strike_P","Strike_P","Defend_P","Defend_P","Defend_P","Defend_P","Eruption","Vigilance","MarkedMod:FirstStrike","MarkedMod:OneThousandNeedles","Gensokyo:BlemishedSteel","Gensokyo:MysteriousEgg","Judgement+1"],"relics":["PureWater","NeowsBlessing"],"acts_visited":["Gensokyo:Gensokyo"],"potions_floor_usage":[7,7],"damage_taken":[{"damage":0,"enemies":"Gensokyo:2_Kodama","floor":1,"turns":1},{"damage":0,"enemies":"Gensokyo:Gryphon","floor":2,"turns":1},{"damage":0,"enemies":"Gensokyo:3_Fairies","floor":3,"turns":2},{"damage":16,"enemies":"Gensokyo:Gryphon_and_Rabbit","floor":5,"turns":7},{"damage":62,"enemies":"Gensokyo:Aya","floor":7,"turns":8}],"seed_played":"5530509992419801067","potions_obtained":[{"floor":1,"key":"FearPotion"},{"floor":3,"key":"Elixir"},{"floor":5,"key":"Dexterity Potion"}],"is_trial":false,"path_per_floor":["M","M","M","COS","M","R","E"],"character_chosen":"WATCHER","items_purchased":[],"campfire_rested":0,"item_purchase_floors":[],"current_hp_per_floor":[72,72,72,72,56,56,0,0],"gold":26,"neow_bonus":"THREE_ENEMY_KILL","is_daily":false,"chose_seed":false,"campfire_upgraded":1,"win_rate":0.0,"timestamp":1610461565,"path_taken":["M","?","M","COS","M","R","E"],"items_purchased_type":[],"build_version":"2020-12-22","purchased_purges":0,"victory":false,"max_hp_per_floor":[72,72,72,72,72,72,72,72],"card_choices":[{"not_picked":["MarkedMod:Acupuncture","Replay:ManipulateFuture"],"picked":"MarkedMod:FirstStrike","floor":1},{"not_picked":["ThirdEye","Evaluate"],"picked":"MarkedMod:OneThousandNeedles","floor":2},{"not_picked":["WheelKick","EmptyFist","WaveOfTheHand"],"picked":"SKIP","floor":3},{"not_picked":["JustLucky","Fasting2"],"picked":"Judgement","floor":5}],"player_experience":503259,"relics_obtained":[],"event_choices":[],"is_beta":false,"boss_relics":[],"items_purged_floors":[],"is_endless":false,"potions_floor_spawned":[1,3,5],"killed_by":"Gensokyo:Aya","ascension_level":3}}