{"host":"Connor","time":1610433265,"event":{"mods":["Aspiration","BaseMod","Downfall","Hubris","Marisa????????","Minty Spire (QoL Compilation)","Replay The Spire","StSLib","The Cursed","The Jungle","The Servant 0.9.4"],"gold_per_floor":[119,119,137,0,0,34,34,34,82,96,112,112,24,47,47,173,173,191,191,191,210,228,228,259,282,282,295,295,308,56,156,156,281,281,305,323,341,341,521,521,542,557,557,572,98,111,152,175,175,175,175,175,26,64,64,64],"floor_reached":55,"playtime":2618,"items_purged":[],"score":698,"play_id":"49638932-1062-4f9d-8d85-a1939fba6c16","local_time":"20210111223425","is_ascension_mode":false,"campfire_choices":[{"floor":7,"key":"RECALL"},{"data":"Barrier","floor":12,"key":"SMITH"},{"data":"Slimebound:Prepare","floor":15,"key":"SMITH"},{"data":"BestPractice","floor":23,"key":"SMITH"},{"floor":28,"key":"REST"},{"floor":32,"key":"REST"},{"floor":40,"key":"REST"},{"data":"Specialist","floor":49,"key":"SMITH"},{"data":"Panache","floor":52,"key":"SMITH"}],"circlet_count":0,"master_deck":["Strike_S+1","Strike_S+1","Defend_S+1","Defend_S+1","Defend_S+1","KidneyShot","Exchange","Slimebound:Prepare+1","Dagger Spray","aspiration:Lunge+1","Ricochet","expansioncontent:Chronoboost+1","Rearm","Barrier+1","FastForward","Starlight","expansioncontent:ChargeUp","Backstab","A Thousand Cuts+1","BestPractice+1","Ricochet+1","Rearm","SoulSculpture","Spin+1","Revamp+1","ReplayTheSpireMod:Splinters","Parasite","ShatteredReality+1","Specialist+1","Panache+1","SilverBlades","Sunlight","MoonPhase+1","Reset"],"relics":["Uniform","aspiration:Nostalgia","m_SlimeRing","aspiration:ChemicalBlood","Golden Idol","Busted Crown","Matryoshka","Replay:Rubber Ducky","Strawberry","Guide Book","hubris:VirtuousBlindfold","Bronze Scales","Unceasing Top","Orrery","Replay:WaspNest","ReplayFunnel","Akabeko"],"acts_visited":["Exordium","TheCity","TheBeyond","TheEnding"],"potions_floor_usage":[16,16,16,24,24,27,29,33,50,50,50,50,50,54,54,55,55],"damage_taken":[{"damage":7,"enemies":"Small Slimes","floor":1,"turns":4},{"damage":0,"enemies":"2 Louse","floor":3,"turns":2},{"damage":18,"enemies":"3 Sentries","floor":6,"turns":6},{"damage":4,"enemies":"Cultist","floor":10,"turns":3},{"damage":0,"enemies":"Exordium Wildlife","floor":11,"turns":2},{"damage":0,"enemies":"Large Slime","floor":14,"turns":4},{"damage":5,"enemies":"Slime Boss","floor":16,"turns":4},{"damage":0,"enemies":"Spheric Guardian","floor":18,"turns":5},{"damage":0,"enemies":"Chosen","floor":21,"turns":5},{"damage":5,"enemies":"Centurion and Healer","floor":22,"turns":5},{"damage":32,"enemies":"Slavers","floor":24,"turns":4},{"damage":7,"enemies":"3 Cultists","floor":25,"turns":3},{"damage":8,"enemies":"Snake Plant","floor":27,"turns":6},{"damage":11,"enemies":"Snecko","floor":29,"turns":5},{"damage":6,"enemies":"Automaton","floor":33,"turns":10},{"damage":15,"enemies":"3 Shapes","floor":35,"turns":4},{"damage":11,"enemies":"3 Darklings","floor":36,"turns":4},{"damage":3,"enemies":"Maw","floor":37,"turns":9},{"damage":0,"enemies":"4 Shapes","floor":41,"turns":2},{"damage":12,"enemies":"Spire Growth","floor":42,"turns":6},{"damage":0,"enemies":"Writhing Mass","floor":44,"turns":8},{"damage":0,"enemies":"Transient","floor":46,"turns":5},{"damage":3,"enemies":"Reptomancer","floor":47,"turns":4},{"damage":0,"enemies":"3 Darklings","floor":48,"turns":4},{"damage":53,"enemies":"Time Eater","floor":50,"turns":6},{"damage":42,"enemies":"Shield and Spear","floor":54,"turns":4},{"damage":34,"enemies":"The Heart","floor":55,"turns":3}],"seed_played":"-1926177082531073176","potions_obtained":[{"floor":6,"key":"BlessingOfTheForge"},{"floor":10,"key":"Swift Potion"},{"floor":14,"key":"FearPotion"},{"floor":16,"key":"LiquidBronze"},{"floor":21,"key":"FearPotion"},{"floor":24,"key":"BlessingOfTheForge"},{"floor":24,"key":"hexamod:EctoCoolerPotion"},{"floor":29,"key":"Strength Potion"},{"floor":35,"key":"DuplicationPotion"},{"floor":50,"key":"Fire Potion"},{"floor":54,"key":"Milkshake"}],"is_trial":false,"path_per_floor":["M","?","M","$","?","E","R","?","T","M","M","R","$","M","R","B",null,"M","?","?","M","M","R","E","M","T","M","R","M","$","?","R","B",null,"M","M","M","?","?","R","M","M","T","M","$","M","E","M","R","B",null,"R","$","E","B"],"character_chosen":"THE_SERVANT","items_purchased":["expansioncontent:Chronoboost","Rearm","expansioncontent:ChargeUp","Guide Book","FairyPotion","Specialist","Panache","SilverBlades","Orrery","ReplayFunnel"],"campfire_rested":3,"item_purchase_floors":[4,4,13,30,30,45,45,45,45,53],"current_hp_per_floor":[58,58,58,58,58,40,40,40,40,36,36,36,36,36,36,31,60,60,60,60,60,55,55,23,16,23,15,35,24,24,24,44,38,67,52,41,38,38,38,58,58,46,46,46,46,46,43,43,43,10,67,67,67,25,0,0],"gold":64,"neow_bonus":"NOSTALGIA","is_daily":false,"chose_seed":false,"campfire_upgraded":5,"win_rate":0.0,"timestamp":1610433265,"path_taken":["M","?","M","$","?","E","R","?","T","M","M","R","?","M","R","BOSS","M","?","?","M","M","R","E","?","T","M","R","M","$","?","R","BOSS","M","M","?","?","?","R","M","?","T","?","$","M","E","M","R","BOSS","R","$","E","BOSS"],"items_purchased_type":["Card","Card","Card","Relic","Potion","Card","Card","Card","Relic","Relic"],"build_version":"2020-12-18","purchased_purges":0,"victory":false,"max_hp_per_floor":[65,65,65,65,65,65,65,60,60,60,60,60,60,60,60,60,60,60,60,60,60,60,60,60,60,67,67,67,67,67,67,67,67,67,67,67,67,67,67,67,67,67,67,67,67,67,67,67,67,67,67,67,67,67,67,67],"card_choices":[{"not_picked":["Potential","Accuracy"],"picked":"Slimebound:Prepare","floor":1},{"not_picked":["Desolation","Replace"],"picked":"Ricochet","floor":3},{"not_picked":["Rearm","ReturningBlade"],"picked":"Barrier","floor":6},{"not_picked":["Unruled","Spin"],"picked":"FastForward","floor":10},{"not_picked":["Rearm","ShatteredReality"],"picked":"Starlight","floor":11},{"not_picked":["Misdirection","RealityMarble"],"picked":"Backstab","floor":14},{"not_picked":["Solidify","SoulSculpture"],"picked":"A Thousand Cuts","floor":16},{"not_picked":[],"picked":"BestPractice","floor":18},{"not_picked":[],"picked":"Ricochet+1","floor":21},{"not_picked":["Sabotage"],"picked":"SKIP","floor":22},{"not_picked":[],"picked":"Rearm","floor":24},{"not_picked":["DoubleEdge"],"picked":"SKIP","floor":25},{"not_picked":["Read"],"picked":"SKIP","floor":27},{"not_picked":["Potential"],"picked":"SKIP","floor":29},{"not_picked":[],"picked":"SoulSculpture","floor":33},{"not_picked":[],"picked":"Spin+1","floor":35},{"not_picked":["Replace"],"picked":"SKIP","floor":36},{"not_picked":[],"picked":"Revamp+1","floor":37},{"not_picked":["DualDimension+1"],"picked":"SKIP","floor":41},{"not_picked":["DualDimension+1"],"picked":"SKIP","floor":42},{"not_picked":[],"picked":"ShatteredReality+1","floor":44},{"not_picked":[],"picked":"Sunlight","floor":45},{"not_picked":[],"picked":"MoonPhase+1","floor":45},{"not_picked":[],"picked":"Reset","floor":45},{"not_picked":["Alleviate+1"],"picked":"SKIP","floor":46},{"not_picked":["Spin"],"picked":"SKIP","floor":47},{"not_picked":["Revamp+1"],"picked":"SKIP","floor":48},{"not_picked":["Spin+1"],"picked":"SKIP","floor":54}],"player_experience":610692,"relics_obtained":[{"floor":6,"key":"aspiration:ChemicalBlood"},{"floor":24,"key":"Matryoshka"},{"floor":26,"key":"Replay:Rubber Ducky"},{"floor":26,"key":"Strawberry"},{"floor":39,"key":"Bronze Scales"},{"floor":43,"key":"Unceasing Top"},{"floor":47,"key":"Replay:WaspNest"},{"floor":54,"key":"Akabeko"}],"event_choices":[{"damage_healed":0,"gold_gain":0,"player_choice":"Lose Max HP","damage_taken":0,"relics_obtained":["Golden Idol"],"max_hp_gain":0,"max_hp_loss":5,"event_name":"Golden Idol","floor":8,"gold_loss":0},{"damage_healed":0,"gold_gain":0,"player_choice":"Simplicity","damage_taken":0,"max_hp_gain":0,"max_hp_loss":0,"event_name":"Back to Basics","floor":19,"gold_loss":0,"cards_upgraded":["Strike_S","Strike_S","Defend_S","Defend_S","Defend_S"]},{"damage_healed":0,"gold_gain":0,"player_choice":"Ignored","damage_taken":0,"max_hp_gain":0,"max_hp_loss":0,"event_name":"NoteForYourself","floor":20,"gold_loss":0},{"damage_healed":0,"gold_gain":100,"player_choice":"Pray","damage_taken":0,"max_hp_gain":0,"max_hp_loss":0,"event_name":"Golden Shrine","floor":31,"gold_loss":0},{"cards_removed":["Corpse Explosion"],"damage_healed":0,"gold_gain":0,"player_choice":"Removed Skill","damage_taken":0,"max_hp_gain":0,"max_hp_loss":0,"event_name":"Falling","floor":38,"gold_loss":0}],"is_beta":true,"boss_relics":[{"not_picked":["Calling Bell","Ectoplasm"],"picked":"Busted Crown"},{"not_picked":["MysterySword","Snecko Eye"],"picked":"hubris:VirtuousBlindfold"}],"items_purged_floors":[],"is_endless":false,"potions_floor_spawned":[6,10,14,16,21,24,27,29,35,36,41,42,47,54],"killed_by":"The Heart","ascension_level":0}}