{"host":"j0pfm12paoskip8g","time":1610451032,"event":{"mods":["AchievementEnabler","BaseMod","Colored Map","Hermit","Marisa????????","Minty Spire (QoL Compilation)","Rare Cards Sparkle","StSLib","SuperFastMode","The Animator","The Bug Knight","The Cursed","The Necromancer","The Runesmith","The Servant 0.9.4"],"gold_per_floor":[119,119,69,69,83,114,114,132,155,167,167,179,179,199,199,199,199],"floor_reached":16,"playtime":384,"items_purged":[],"score":127,"play_id":"02ccd067-e7b2-4726-aab4-2d23ab535c3d","local_time":"20210112123032","is_ascension_mode":false,"campfire_choices":[{"floor":7,"key":"RECALL"},{"data":"hermit:TakeAim","floor":11,"key":"SMITH"},{"data":"hermit:Snipe","floor":13,"key":"SMITH"},{"floor":15,"key":"REST"}],"circlet_count":0,"master_deck":["hermit:Strike_Hermit","hermit:Strike_Hermit","hermit:Strike_Hermit+1","hermit:Defend_Hermit","hermit:Defend_Hermit","hermit:Defend_Hermit","hermit:Defend_Hermit","hermit:Snapshot+1","hermit:Covet","hermit:ItchyTrigger+1","hermit:Snipe+1","hermit:TrackingShot","hermit:TakeAim+1","hermit:Headshot"],"relics":["hermit:Momento","NeowsBlessing","Happy Flower"],"acts_visited":["Exordium"],"potions_floor_usage":[16,16,16],"damage_taken":[{"damage":0,"enemies":"Jaw Worm","floor":1,"turns":1},{"damage":0,"enemies":"Small Slimes","floor":5,"turns":1},{"damage":0,"enemies":"HollowMod:MossKnight","floor":6,"turns":1},{"damage":0,"enemies":"Cultist","floor":8,"turns":3},{"damage":9,"enemies":"Blue Slaver","floor":10,"turns":3},{"damage":0,"enemies":"2 Fungi Beasts","floor":12,"turns":2},{"damage":8,"enemies":"3 Louse","floor":14,"turns":3},{"damage":69,"enemies":"The Guardian","floor":16,"turns":7}],"seed_played":"1488326943909306024","potions_obtained":[{"floor":6,"key":"Strength Potion"},{"floor":8,"key":"hermit:Tonic"},{"floor":10,"key":"Strength Potion"},{"floor":12,"key":"GamblersBrew"}],"is_trial":false,"path_per_floor":["M","?","?","?","M","E","R","M","T","M","R","M","R","M","R","B"],"character_chosen":"HERMIT","items_purchased":[],"campfire_rested":1,"item_purchase_floors":[],"current_hp_per_floor":[75,60,60,60,60,60,60,60,60,51,51,51,51,43,65,0,0],"gold":199,"neow_bonus":"THREE_ENEMY_KILL","is_daily":false,"chose_seed":false,"campfire_upgraded":2,"win_rate":0.0,"timestamp":1610451032,"path_taken":["M","?","?","?","?","E","R","M","T","M","R","M","R","M","R","BOSS"],"items_purchased_type":[],"build_version":"2020-12-22","purchased_purges":0,"victory":false,"max_hp_per_floor":[75,75,75,75,75,75,75,75,75,75,75,75,75,75,75,75,75],"card_choices":[{"not_picked":["hermit:TakeCover","hermit:NoHoldsBarred"],"picked":"hermit:ItchyTrigger","floor":1},{"not_picked":["hermit:Feint","hermit:Roulette"],"picked":"hermit:Snipe","floor":5},{"not_picked":["hermit:BigShot","hermit:Snipe"],"picked":"hermit:TrackingShot","floor":6},{"not_picked":["hermit:Gestalt","hermit:Desperado"],"picked":"hermit:TakeAim","floor":8},{"not_picked":["hermit:HighCaliber","hermit:Feint","hermit:Combo"],"picked":"SKIP","floor":10},{"not_picked":["hermit:LowProfile","hermit:FullyLoaded","hermit:Grudge"],"picked":"SKIP","floor":12},{"not_picked":["hermit:Quickdraw","hermit:Malice"],"picked":"hermit:Headshot","floor":14}],"player_experience":22415,"relics_obtained":[{"floor":6,"key":"Happy Flower"}],"event_choices":[{"damage_healed":0,"gold_gain":0,"player_choice":"Entered Light","damage_taken":15,"max_hp_gain":0,"max_hp_loss":0,"event_name":"Shining Light","floor":2,"gold_loss":0,"cards_upgraded":["hermit:Snapshot","hermit:Strike_Hermit"]},{"cards_removed":["hermit:Strike_Hermit"],"damage_healed":0,"gold_gain":0,"player_choice":"Card Removal","damage_taken":0,"max_hp_gain":0,"max_hp_loss":0,"event_name":"The Cleric","floor":3,"gold_loss":50},{"damage_healed":0,"gold_gain":0,"player_choice":"Grow","damage_taken":0,"max_hp_gain":0,"max_hp_loss":0,"event_name":"Living Wall","floor":4,"gold_loss":0,"cards_upgraded":["hermit:ItchyTrigger"]}],"is_beta":false,"boss_relics":[],"items_purged_floors":[],"is_endless":false,"potions_floor_spawned":[6,8,10,12],"killed_by":"The Guardian","ascension_level":0}}