{"host":"5wznv0010959mrmz","time":1610427274,"event":{"mods":["BaseMod","Highlight Path","Minty Spire (QoL Compilation)","Relic Stats"],"gold_per_floor":[115,115,115,131,146,146,181,181,181,199,199,242,242,262,262,358,358,382,56,56,74,74,112,112,128,154,179,198,217,217,238,238,327,327,346,411,432,432,220,220,245,268,294,335,335,355,355,379,379,379,379],"floor_reached":50,"playtime":1579,"items_purged":["Writhe"],"score":1036,"play_id":"ba4f7412-acb2-457d-bdcf-6f5b66ff72f4","local_time":"20210111225434","is_ascension_mode":true,"campfire_choices":[{"data":"Bouncing Flask","floor":6,"key":"SMITH"},{"data":"Glass Knife","floor":8,"key":"SMITH"},{"data":"Blade Dance","floor":11,"key":"SMITH"},{"data":"Cloak And Dagger","floor":13,"key":"SMITH"},{"data":"Neutralize","floor":15,"key":"SMITH"},{"data":"Blade Dance","floor":24,"key":"SMITH"},{"floor":30,"key":"REST"},{"floor":32,"key":"REST"},{"data":"1","floor":40,"key":"LIFT"},{"data":"2","floor":47,"key":"LIFT"},{"data":"3","floor":49,"key":"LIFT"}],"circlet_count":0,"master_deck":["AscendersBane","Strike_G","Strike_G","Strike_G","Strike_G","Strike_G","Defend_G","Defend_G","Defend_G","Defend_G","Defend_G","Survivor","Neutralize+1","Glass Knife+1","Bouncing Flask+1","Endless Agony","Blade Dance+1","Backflip","Cloak And Dagger+1","Blur","After Image","Cloak And Dagger","Blade Dance","Die Die Die","Terror","Escape Plan","Blade Dance+1","Well Laid Plans","Parasite","Backstab","Corpse Explosion","Cloak And Dagger+1","Footwork","Backflip","Parasite","Shame","Acrobatics","Backflip"],"relics":["Ring of the Snake","Golden Idol","Pocketwatch","Shuriken","Art of War","Cursed Key","Nunchaku","Orrery","Spirit Poop","Mercury Hourglass","Fusion Hammer","Girya","Vajra","Lizard Tail"],"acts_visited":["Exordium","TheCity","TheBeyond"],"potions_floor_usage":[7,12,16,18,23,27,28,28,33,36,46,50,50],"damage_taken":[{"damage":1,"enemies":"Cultist","floor":1,"turns":3},{"damage":12,"enemies":"Small Slimes","floor":4,"turns":3},{"damage":2,"enemies":"Jaw Worm","floor":5,"turns":3},{"damage":9,"enemies":"3 Sentries","floor":7,"turns":6},{"damage":0,"enemies":"Exordium Wildlife","floor":10,"turns":2},{"damage":8,"enemies":"Gremlin Nob","floor":12,"turns":3},{"damage":7,"enemies":"Gremlin Gang","floor":14,"turns":4},{"damage":5,"enemies":"Hexaghost","floor":16,"turns":7},{"damage":8,"enemies":"Shell Parasite","floor":18,"turns":4},{"damage":0,"enemies":"Chosen","floor":21,"turns":3},{"damage":11,"enemies":"Book of Stabbing","floor":23,"turns":4},{"damage":0,"enemies":"3 Cultists","floor":25,"turns":3},{"damage":15,"enemies":"Shelled Parasite and Fungi","floor":27,"turns":3},{"damage":18,"enemies":"Snake Plant","floor":28,"turns":3},{"damage":0,"enemies":"3 Cultists","floor":29,"turns":3},{"damage":2,"enemies":"Snecko","floor":31,"turns":3},{"damage":19,"enemies":"Automaton","floor":33,"turns":8},{"damage":0,"enemies":"3 Darklings","floor":35,"turns":2},{"damage":0,"enemies":"2 Orb Walkers","floor":36,"turns":1},{"damage":0,"enemies":"Orb Walker","floor":37,"turns":2},{"damage":32,"enemies":"Writhing Mass","floor":41,"turns":6},{"damage":5,"enemies":"Sphere and 2 Shapes","floor":42,"turns":4},{"damage":22,"enemies":"Giant Head","floor":44,"turns":6},{"damage":12,"enemies":"Jaw Worm Horde","floor":46,"turns":3},{"damage":9,"enemies":"Spire Growth","floor":48,"turns":3},{"damage":24,"enemies":"Time Eater","floor":50,"turns":3}],"seed_played":"2614239459054769619","potions_obtained":[{"floor":1,"key":"PowerPotion"},{"floor":4,"key":"LiquidMemories"},{"floor":10,"key":"Block Potion"},{"floor":14,"key":"GamblersBrew"},{"floor":18,"key":"Ancient Potion"},{"floor":23,"key":"FearPotion"},{"floor":25,"key":"PowerPotion"},{"floor":27,"key":"GamblersBrew"},{"floor":31,"key":"FearPotion"},{"floor":35,"key":"CunningPotion"},{"floor":41,"key":"AttackPotion"},{"floor":44,"key":"Dexterity Potion"},{"floor":48,"key":"Strength Potion"}],"is_trial":false,"path_per_floor":["M","?","?","M","M","R","E","R","T","M","R","E","R","M","R","B",null,"M","$","?","M","?","E","R","M","T","M","M","M","R","M","R","B",null,"M","?","M","?","$","R","M","M","T","E","?","M","R","M","R","B"],"character_chosen":"THE_SILENT","items_purchased":["Nunchaku","Orrery","Footwork","Backflip"],"campfire_rested":2,"item_purchase_floors":[19,19,39,39],"current_hp_per_floor":[58,58,58,46,44,44,35,35,35,35,35,27,27,20,20,15,53,45,45,45,45,45,34,34,34,34,19,1,1,20,18,37,18,54,54,54,54,66,66,66,34,29,29,7,7,33,33,24,24,0,0],"gold":379,"neow_bonus":"THREE_RARE_CARDS","is_daily":false,"chose_seed":false,"campfire_upgraded":6,"win_rate":0.0,"timestamp":1610427274,"path_taken":["M","?","?","M","M","R","E","R","T","M","R","E","R","M","R","BOSS","M","$","?","M","?","E","R","M","T","?","M","M","R","M","R","BOSS","M","?","M","?","$","R","M","M","T","E","?","M","R","?","R","BOSS"],"items_purchased_type":["Relic","Relic","Card","Card"],"build_version":"2020-12-22","purchased_purges":1,"victory":false,"max_hp_per_floor":[66,66,66,66,66,66,66,66,66,66,66,66,66,66,66,66,66,66,66,66,66,66,66,66,66,66,66,66,66,66,66,66,66,66,66,66,66,66,66,66,66,66,66,66,66,66,66,66,66,66,66],"relic_stats":{"Nunchaku":[25],"Lizard Tail":33,"counters":[26,95],"Golden Idol":152,"Shuriken":[82],"Art of War":[1],"Cursed Key":2,"obtain_stats":[{"Girya":36,"Golden Idol":3,"Spirit Poop":22,"Vajra":43,"Cursed Key":17,"Mercury Hourglass":23,"Nunchaku":19,"Lizard Tail":44,"Shuriken":9,"Orrery":19,"Fusion Hammer":34,"Art of War":12,"Ring of the Snake":0,"Pocketwatch":7},{"Girya":19,"Golden Idol":1,"Spirit Poop":10,"Vajra":22,"Cursed Key":8,"Mercury Hourglass":11,"Nunchaku":9,"Lizard Tail":23,"Shuriken":4,"Orrery":9,"Fusion Hammer":17,"Art of War":6,"Ring of the Snake":0,"Pocketwatch":4},{"Girya":68,"Golden Idol":3,"Spirit Poop":38,"Vajra":80,"Cursed Key":31,"Mercury Hourglass":42,"Nunchaku":35,"Lizard Tail":86,"Shuriken":15,"Orrery":35,"Fusion Hammer":65,"Art of War":20,"Ring of the Snake":0,"Pocketwatch":15}],"Ring of the Snake":[53],"Pocketwatch":[19],"Mercury Hourglass":[185]},"card_choices":[{"not_picked":["Burst","Malaise"],"picked":"Glass Knife","floor":0},{"not_picked":["Quick Slash","Dagger Throw"],"picked":"Bouncing Flask","floor":1},{"not_picked":["Outmaneuver","Cloak And Dagger"],"picked":"Endless Agony","floor":4},{"not_picked":["Setup","Masterful Stab"],"picked":"Blade Dance","floor":5},{"not_picked":["Expertise","Heel Hook"],"picked":"Backflip","floor":7},{"not_picked":["PiercingWail","Deflect"],"picked":"Cloak And Dagger","floor":10},{"not_picked":["Dodge and Roll","Footwork"],"picked":"Blur","floor":12},{"not_picked":["Noxious Fumes","Skewer","Unload"],"picked":"SKIP","floor":14},{"not_picked":["Night Terror","Phantasmal Killer"],"picked":"After Image","floor":16},{"not_picked":["Dagger Spray","Underhanded Strike"],"picked":"Cloak And Dagger","floor":18},{"not_picked":["Acrobatics+1","Poisoned Stab"],"picked":"Blade Dance","floor":19},{"not_picked":["Acrobatics","Underhanded Strike"],"picked":"Die Die Die","floor":19},{"not_picked":["Dodge and Roll","All Out Attack"],"picked":"Terror","floor":19},{"not_picked":["Finisher","Grand Finale"],"picked":"Escape Plan","floor":19},{"not_picked":["Prepared","Backflip"],"picked":"Blade Dance","floor":21},{"not_picked":["Eviscerate","Outmaneuver+1","Reflex"],"picked":"SKIP","floor":23},{"not_picked":["Slice","Acrobatics"],"picked":"Well Laid Plans","floor":25},{"not_picked":["Quick Slash","Flying Knee"],"picked":"Backstab","floor":27},{"not_picked":["Dodge and Roll","Bane+1","Backstab+1"],"picked":"SKIP","floor":28},{"not_picked":["Doppelganger","Dagger Throw","Poisoned Stab"],"picked":"SKIP","floor":29},{"not_picked":["Catalyst","Masterful Stab","Eviscerate"],"picked":"SKIP","floor":31},{"not_picked":["Tools of the Trade","Bullet Time"],"picked":"Corpse Explosion","floor":33},{"not_picked":["Noxious Fumes","Blade Dance","Riddle With Holes"],"picked":"SKIP","floor":35},{"not_picked":["Slice","Sucker Punch"],"picked":"Cloak And Dagger+1","floor":37},{"not_picked":["Skewer+1","Deadly Poison","Deflect"],"picked":"SKIP","floor":41},{"not_picked":["Calculated Gamble","Dodge and Roll","Cloak And Dagger"],"picked":"SKIP","floor":42},{"not_picked":["Bane","Underhanded Strike","Distraction"],"picked":"SKIP","floor":44},{"not_picked":["Heel Hook","Dagger Throw"],"picked":"Acrobatics","floor":46},{"not_picked":["Concentrate+1","Riddle With Holes"],"picked":"Backflip","floor":48}],"player_experience":446485,"relics_obtained":[{"floor":7,"key":"Pocketwatch"},{"floor":9,"key":"Shuriken"},{"floor":12,"key":"Art of War"},{"floor":23,"key":"Mercury Hourglass"},{"floor":36,"key":"Girya"},{"floor":43,"key":"Vajra"},{"floor":44,"key":"Lizard Tail"}],"event_choices":[{"cards_removed":["Writhe"],"damage_healed":0,"gold_gain":0,"player_choice":"Forget","damage_taken":0,"max_hp_gain":0,"max_hp_loss":0,"event_name":"Living Wall","floor":2,"gold_loss":0},{"damage_healed":0,"gold_gain":0,"player_choice":"Take Wound","damage_taken":0,"relics_obtained":["Golden Idol"],"max_hp_gain":0,"max_hp_loss":0,"event_name":"Golden Idol","floor":3,"gold_loss":0,"cards_obtained":["Injury"]},{"damage_healed":0,"gold_gain":0,"player_choice":"Ignored","damage_taken":0,"max_hp_gain":0,"max_hp_loss":0,"event_name":"Cursed Tome","floor":20,"gold_loss":0},{"cards_removed":["Injury"],"damage_healed":0,"gold_gain":0,"player_choice":"Offered Curse","damage_taken":0,"relics_obtained":["Spirit Poop"],"max_hp_gain":0,"max_hp_loss":0,"event_name":"Bonfire Elementals","floor":22,"gold_loss":0},{"damage_healed":0,"gold_gain":0,"player_choice":"Fight","damage_taken":0,"max_hp_gain":0,"max_hp_loss":0,"event_name":"Mysterious Sphere","floor":36,"gold_loss":0},{"damage_healed":13,"gold_gain":0,"player_choice":"Writhe","damage_taken":0,"max_hp_gain":0,"max_hp_loss":0,"event_name":"Winding Halls","floor":38,"gold_loss":0,"cards_obtained":["Writhe"]},{"damage_healed":0,"gold_gain":0,"player_choice":"Ignored","damage_taken":0,"max_hp_gain":0,"max_hp_loss":0,"event_name":"SecretPortal","floor":45,"gold_loss":0}],"is_beta":false,"boss_relics":[{"not_picked":["Philosopher\u0027s Stone","SacredBark"],"picked":"Cursed Key"},{"not_picked":["HoveringKite","Sozu"],"picked":"Fusion Hammer"}],"items_purged_floors":[39],"is_endless":false,"potions_floor_spawned":[1,4,10,14,18,23,25,27,31,35,41,44,48],"killed_by":"Time Eater","ascension_level":20}}