{"host":"0ndhasp09f4rkdar","time":1610464797,"event":{"mods":["Act Like it!","BaseMod","Dio Mod","Energized Spire","Hermit","Hero for Fun","Minty Spire (QoL Compilation)","Pale of the Ancients","Replay The Spire","StSLib","SuperFastMode","The Bladedancer"],"gold_per_floor":[164,114,114,127,52,84,84,84,84,162,179,179,197,197,197,302,302,316,336,126,137,150,150,163,178,202,202,202,202,221,136,136,136,136],"floor_reached":33,"playtime":1287,"items_purged":["Consume"],"score":247,"play_id":"650bb633-9f43-4671-b475-7f8b688fa020","local_time":"20210112231957","is_ascension_mode":false,"campfire_choices":[{"data":"Fusion","floor":8.0,"key":"SMITH"},{"data":"Double Energy","floor":12.0,"key":"SMITH"},{"floor":15.0,"key":"REST"},{"floor":23,"key":"REST"},{"floor":27,"key":"REST"},{"floor":32,"key":"REST"}],"circlet_count":0,"master_deck":["Strike_B+1","Strike_B","Strike_B","Defend_B","Defend_B","Defend_B","Defend_B","ReplayGash","Rip and Tear","Fusion+1","Leap","Double Energy+1","Hyperbeam","Redo","Loop","Go for the Eyes","Fusion+1","FTL","Coolheaded+1","Hologram"],"relics":["Tiny House","Kunai","Iron Hammer","Nuclear Battery","Boot","BranchBurnRelic","Juzu Bracelet","Toy Ornithopter","Gambling Chip"],"acts_visited":["Exordium","TheCity"],"potions_floor_usage":[],"damage_taken":[{"damage":1.0,"enemies":"Jaw Worm","floor":1.0,"turns":5.0},{"damage":0.0,"enemies":"2 Louse","floor":4.0,"turns":3.0},{"damage":45.0,"enemies":"Lagavulin","floor":6.0,"turns":8.0},{"damage":4.0,"enemies":"Small Slimes","floor":11.0,"turns":3.0},{"damage":9.0,"enemies":"3 Louse","floor":13.0,"turns":4.0},{"damage":18.0,"enemies":"Hexaghost","floor":16.0,"turns":9.0},{"damage":10.0,"enemies":"Shell Parasite","floor":18.0,"turns":5.0},{"damage":0.0,"enemies":"Chosen","floor":19.0,"turns":4.0},{"damage":25,"enemies":"Snake Plant","floor":21,"turns":4},{"damage":20,"enemies":"Shelled Parasite and Fungi","floor":22,"turns":7},{"damage":18,"enemies":"Snecko","floor":24,"turns":5},{"damage":30,"enemies":"Centurion and Healer","floor":25,"turns":5},{"damage":26,"enemies":"Snake Plant","floor":30,"turns":6},{"damage":68,"enemies":"StardustCrusaders","floor":33,"turns":7}],"seed_played":"3561063443403549946","potions_obtained":[{"floor":0.0,"key":"Reflective Coating"},{"floor":1.0,"key":"CultistPotion"},{"floor":4.0,"key":"EssenceOfSteel"},{"floor":13.0,"key":"FocusPotion"},{"floor":21,"key":"Elixir"},{"floor":24,"key":"EssenceOfDarkness"},{"floor":25,"key":"FocusPotion"},{"floor":30,"key":"Dexterity Potion"}],"is_trial":false,"path_per_floor":["M","?","?","M","$","E","$","R","T","T","M","R","M","?","R","B",null,"M","M","$","M","M","R","M","M","T","R","?","?","M","?","R","B"],"character_chosen":"DEFECT","items_purchased":["Boot","Go for the Eyes"],"campfire_rested":4,"item_purchase_floors":[20,20],"current_hp_per_floor":[79,79,79,79,79,34,34,34,34,34,30,30,21,14,38,20,80,70,70,70,45,25,49,45,15,15,39,39,39,28,28,52,0,0],"gold":136,"neow_bonus":"BOSS_RELIC","is_daily":false,"chose_seed":false,"campfire_upgraded":2,"win_rate":0.0,"timestamp":1610464797,"path_taken":["M","?","?","M","$","E","$","R","T","?","M","R","M","?","R","BOSS","M","M","$","M","M","R","M","M","T","R","?","?","M","?","R","BOSS"],"items_purchased_type":["Relic","Card"],"build_version":"2020-12-22","purchased_purges":1,"victory":false,"max_hp_per_floor":[80,80,80,80,80,80,80,80,80,80,80,80,80,80,80,80,80,80,80,80,80,80,80,80,80,80,80,80,80,80,80,80,80,80],"card_choices":[{"not_picked":["Hologram","Leap"],"picked":"ReplayGash","floor":0.0},{"not_picked":["Hologram","Lockon"],"picked":"Rip and Tear","floor":1.0},{"not_picked":["Stack","Rip and Tear"],"picked":"Fusion","floor":4.0},{"not_picked":["Ball Lightning","Heatsinks"],"picked":"Leap","floor":6.0},{"not_picked":["Doom and Gloom","Coolheaded"],"picked":"Double Energy","floor":11.0},{"not_picked":["Force Field","Blizzard"],"picked":"Cold Snap","floor":13.0},{"not_picked":["ReplayTheSpireMod:Fabricate Wheel","Fission"],"picked":"Hyperbeam","floor":16.0},{"not_picked":["Cold Snap","BasicCrystalCard"],"picked":"Redo","floor":18.0},{"not_picked":["Steam","BootSequence+1"],"picked":"Loop","floor":19},{"not_picked":["Go for the Eyes","Stack"],"picked":"Fusion+1","floor":21},{"not_picked":["Cold Snap","Hyperbeam","Compile Driver"],"picked":"SKIP","floor":22},{"not_picked":["Panic Button","Cold Snap+1"],"picked":"FTL","floor":24},{"not_picked":["Steam","Ball Lightning"],"picked":"Coolheaded+1","floor":25},{"not_picked":["BasicCrystalCard","ReplayTheSpireMod:Repulse+1"],"picked":"Hologram","floor":30}],"player_experience":225596,"relics_obtained":[{"floor":6.0,"key":"Dead Branch"},{"floor":9.0,"key":"Kunai"},{"floor":10.0,"key":"Iron Hammer"},{"floor":26,"key":"Juzu Bracelet"}],"event_choices":[{"cards_removed":["Zap"],"damage_healed":0.0,"max_hp_gain":0.0,"max_hp_loss":0.0,"gold_gain":0.0,"event_name":"The Cleric","player_choice":"Card Removal","floor":2.0,"gold_loss":50.0,"damage_taken":0.0},{"damage_healed":0.0,"max_hp_gain":0.0,"max_hp_loss":0.0,"gold_gain":0.0,"cards_transformed":["Strike_B"],"event_name":"Living Wall","player_choice":"Change","floor":3.0,"gold_loss":0.0,"damage_taken":0.0,"cards_obtained":["Consume"]},{"cards_removed":["Dualcast"],"damage_healed":0.0,"max_hp_gain":0.0,"max_hp_loss":0.0,"gold_gain":0.0,"event_name":"Golden Wing","player_choice":"Card Removal","floor":14.0,"gold_loss":0.0,"damage_taken":7.0},{"damage_healed":0,"gold_gain":0,"player_choice":"Opened","damage_taken":0,"relics_obtained":["Toy Ornithopter"],"max_hp_gain":0,"max_hp_loss":0,"event_name":"The Mausoleum","floor":28,"gold_loss":0},{"cards_removed":["Cold Snap"],"damage_healed":0,"gold_gain":0,"player_choice":"Elegance","damage_taken":0,"max_hp_gain":0,"max_hp_loss":0,"event_name":"Back to Basics","floor":29,"gold_loss":0},{"damage_healed":0,"gold_gain":0,"player_choice":"Obtained Relic","damage_taken":0,"relics_obtained":["Gambling Chip"],"max_hp_gain":0,"max_hp_loss":0,"event_name":"Addict","floor":31,"gold_loss":85}],"is_beta":false,"boss_relics":[{"not_picked":["Abe\u0027s Treasure","Ectoplasm"],"picked":"Nuclear Battery"}],"items_purged_floors":[5],"is_endless":false,"potions_floor_spawned":[1,4,13,21,24,25,30],"killed_by":"StardustCrusaders","ascension_level":0}}