{"host":"0fmi5fguj5lvt8pf","time":1610424929,"event":{"mods":["BaseMod","Colored Map","Curses Come First","Downfall","Minty Spire (QoL Compilation)","Permanent Neow","StSLib","Waifu the Spire"],"gold_per_floor":[99,114,128,35,135,201,201,217,227,227,1,51,51,85,98,200,200,200,220,240,125,375,425,425,425,475,475,490,308,358,387,398,493,493,268,318,338,355,98,114,114,164,86,136,164,260,260,285,299,299,299,326,15,15,15],"floor_reached":56,"playtime":4155,"items_purged":["Guardian:Defend_Guardian","Guardian:Defend_Guardian","Guardian:Strike_Guardian"],"score":1373,"play_id":"c9f1760f-6850-4b0b-93df-03053f5a79f5","local_time":"20210111201529","is_ascension_mode":false,"campfire_choices":[{"data":"Guardian:CurlUp","floor":1.0,"key":"SMITH"},{"floor":10.0,"key":"RECALL"},{"data":"Guardian:DonusPower","floor":13.0,"key":"SMITH"},{"data":"Guardian:FloatingOrbs","floor":18.0,"key":"SMITH"},{"data":"Guardian:DonusPower","floor":25.0,"key":"SMITH"},{"data":"Guardian:FloatingOrbs","floor":27.0,"key":"SMITH"},{"data":"Guardian:FloatingOrbs","floor":35.0,"key":"SMITH"},{"data":"Guardian:StasisEngine","floor":47,"key":"SMITH"},{"data":"Guardian:BronzeArmor","floor":54,"key":"SMITH"}],"circlet_count":0,"master_deck":["Guardian:Strike_Guardian","Guardian:Defend_Guardian","Guardian:CurlUp+1","Guardian:TwinSlam","Guardian:ShieldCharger","Guardian:Harden+1","Guardian:DonusPower+1","Guardian:FloatingOrbs+1","Guardian:BronzeArmor+1","Guardian:FloatingOrbs+1","Guardian:BronzeOrb","Guardian:DonusPower+1","Guardian:FloatingOrbs+1","Guardian:StasisEngine","Guardian:StasisEngine+1","Guardian:WalkerClaw","Guardian:ChargeUp+1","Guardian:ExploitGems","Guardian:ChargeUp+1","Guardian:Orbwalk","expansioncontent:LastStand","Guardian:Repulse","Guardian:SentryBeam+1"],"relics":["Guardian:ModeShifter","Incense Burner","downfall:CloakOfManyFaces","CultistMask","FaceOfCleric","NlothsMask","GremlinMask","SsserpentHead","Juzu Bracelet","Boot","Kunai","Guardian:BottledStasis","champ:DeflectingBracers","SacredBark","downfall:HeartBlessingRed","downfall:HeartBlessingGreen","downfall:HeartBlessingBlue","Pantograph","Thread and Needle","Toy Ornithopter","Bird Faced Urn","Bronze Scales","StrikeDummy","champ:DuelingGlove"],"acts_visited":["Exordium","TheCity","TheBeyond","TheEnding"],"potions_floor_usage":[46,52,55,55,55],"damage_taken":[{"damage":0.0,"enemies":"Cultist","floor":2.0,"turns":4.0},{"damage":0.0,"enemies":"Small Slimes","floor":3.0,"turns":5.0},{"damage":1.0,"enemies":"downfall:FleeingMerchant","floor":4.0,"turns":4.0},{"damage":14.0,"enemies":"downfall:FaceTrader","floor":5.0,"turns":11.0},{"damage":2.0,"enemies":"Jaw Worm","floor":6.0,"turns":4.0},{"damage":4.0,"enemies":"Lots of Slimes","floor":8.0,"turns":4.0},{"damage":12.0,"enemies":"Gremlin Gang","floor":9.0,"turns":5.0},{"damage":5.0,"enemies":"downfall:FleeingMerchant","floor":11.0,"turns":4.0},{"damage":11.0,"enemies":"Gremlin Nob","floor":14.0,"turns":5.0},{"damage":0.0,"enemies":"Blue Slaver","floor":15.0,"turns":3.0},{"damage":5.0,"enemies":"downfall:Ironclad","floor":16.0,"turns":6.0},{"damage":0.0,"enemies":"Shell Parasite","floor":19.0,"turns":4.0},{"damage":11.0,"enemies":"Centurion and Healer","floor":20.0,"turns":4.0},{"damage":1.0,"enemies":"downfall:FleeingMerchant","floor":21.0,"turns":4.0},{"damage":0.0,"enemies":"Cultist and Chosen","floor":28.0,"turns":4.0},{"damage":0.0,"enemies":"downfall:FleeingMerchant","floor":29.0,"turns":4.0},{"damage":2.0,"enemies":"Book of Stabbing","floor":31.0,"turns":4.0},{"damage":0.0,"enemies":"Snake Plant","floor":32.0,"turns":4.0},{"damage":0.0,"enemies":"downfall:Watcher","floor":33.0,"turns":5.0},{"damage":0.0,"enemies":"3 Darklings","floor":37.0,"turns":4.0},{"damage":4.0,"enemies":"Orb Walker","floor":38.0,"turns":3.0},{"damage":0.0,"enemies":"3 Darklings","floor":40.0,"turns":3.0},{"damage":0,"enemies":"Nemesis","floor":45,"turns":5},{"damage":15,"enemies":"2 Orb Walkers","floor":46,"turns":3},{"damage":2,"enemies":"Reptomancer","floor":48,"turns":4},{"damage":9,"enemies":"Maw","floor":49,"turns":5},{"damage":9,"enemies":"downfall:Silent","floor":50,"turns":4},{"damage":0,"enemies":"downfall:CharBossMerchant","floor":52,"turns":4},{"damage":8,"enemies":"downfall:NeowBoss","floor":55,"turns":11}],"seed_played":"760889562723644322","potions_obtained":[{"floor":5.0,"key":"BlessingOfTheForge"},{"floor":6.0,"key":"AttackPotion"},{"floor":9.0,"key":"SpeedPotion"},{"floor":15.0,"key":"SpeedPotion"},{"floor":16.0,"key":"Explosive Potion"},{"floor":20.0,"key":"Ancient Potion"},{"floor":23.0,"key":"Fruit Juice"},{"floor":23.0,"key":"Slimebound:ThreeZeroPotion"},{"floor":28.0,"key":"Block Potion"},{"floor":45,"key":"SpeedPotion"},{"floor":46,"key":"Weak Potion"},{"floor":48,"key":"Guardian:DefensiveModePotion"},{"floor":49,"key":"DistilledChaos"},{"floor":52,"key":"SkillPotion"}],"is_trial":false,"path_per_floor":["R","M","M","$","?","M","T","M","M","R","$","?","R","E","M","B",null,"R","M","M","$","?","?","T","R","?","R","M","$","?","E","M","B",null,"R","?","M","M","$","M","T","?","$","?","E","?","R","E","M","B",null,"E","$","R","B",null],"character_chosen":"GUARDIAN","items_purchased":["Guardian:FloatingOrbs","Juzu Bracelet","Guardian:DonusPower","Kunai","Guardian:BottledStasis","Pantograph","Guardian:Orbwalk","Guardian:Gem_Red","champ:DuelingGlove"],"campfire_rested":0,"item_purchase_floors":[4,11,11,29,29,39,43,43,53],"current_hp_per_floor":[72,72,72,71,57,56,56,53,42,42,38,38,38,28,29,25,79,79,80,70,70,70,70,70,70,70,70,76,77,69,68,69,70,92,102,102,103,100,100,101,101,101,101,91,92,83,83,96,104,110,110,111,111,111,112],"gold":15,"neow_bonus":"ONE_RARE_RELIC","is_daily":false,"chose_seed":false,"campfire_upgraded":8,"win_rate":0.0,"timestamp":1610424929,"path_taken":["R","M","M","?","?","?","T","M","M","R","?","?","R","E","M","BOSS","R","M","M","$","?","?","T","R","?","R","M","$","?","E","M","BOSS","R","?","M","M","$","M","T","?","?","?","E","?","R","E","M","BOSS","E","$","R","BOSS"],"items_purchased_type":["Card","Relic","Card","Relic","Relic","Relic","Card","Card","Relic"],"build_version":"2020-12-22","purchased_purges":3,"victory":true,"max_hp_per_floor":[72,72,72,72,72,73,73,74,75,75,76,76,76,77,78,79,79,79,80,81,82,82,82,82,82,82,82,88,89,89,90,91,92,92,102,102,103,104,104,105,105,105,105,105,106,107,107,108,109,110,110,111,111,111,112],"card_choices":[{"not_picked":["Guardian:TemporalShield","Guardian:Gem_Red"],"picked":"Guardian:ShieldCharger","floor":2.0},{"not_picked":["Guardian:Suspension","Guardian:RollAttack"],"picked":"Guardian:Harden","floor":3.0},{"not_picked":["Guardian:WalkerClaw","Guardian:CrystalBeam"],"picked":"Guardian:DonusPower","floor":4.0},{"not_picked":["Guardian:Reroute","Guardian:Emergency"],"picked":"Guardian:BronzeArmor","floor":5.0},{"not_picked":["Guardian:Harden","Guardian:PolyBeam"],"picked":"Guardian:Gem_Cyan","floor":6.0},{"not_picked":["Guardian:Gem_Crimson","Guardian:Gem_Red"],"picked":"Guardian:FloatingOrbs","floor":8.0},{"not_picked":["Guardian:SentryBeam","Guardian:Gem_Blue","Guardian:Suspension"],"picked":"SKIP","floor":9.0},{"not_picked":["Guardian:DecasProtection","Guardian:Clone"],"picked":"Guardian:BronzeOrb","floor":11.0},{"not_picked":["Guardian:Gem_Green","Guardian:Harden"],"picked":"Guardian:FloatingOrbs","floor":14.0},{"not_picked":["Guardian:MultiBeam","Guardian:Incinerate"],"picked":"Guardian:StasisEngine","floor":15.0},{"not_picked":["Guardian:GemFire","Guardian:SphericShield"],"picked":"Guardian:StasisEngine","floor":16.0},{"not_picked":["Guardian:Preprogram","Guardian:DonusPower","Guardian:VentSteam+1"],"picked":"SKIP","floor":19.0},{"not_picked":["Guardian:WalkerClaw","Guardian:Gem_Cyan","Guardian:VentSteam"],"picked":"SKIP","floor":20.0},{"not_picked":["Guardian:Gem_Cyan","Guardian:VentSteam"],"picked":"Guardian:WalkerClaw","floor":20.0},{"not_picked":["Guardian:Incinerate","Guardian:TemporalShield+1","Guardian:Gem_Cyan"],"picked":"SKIP","floor":21.0},{"not_picked":["Guardian:Planning","Guardian:Gem_Lightblue"],"picked":"Guardian:ChargeUp+1","floor":28.0},{"not_picked":["Guardian:VentSteam","Guardian:AncientConstruct","Guardian:Incinerate"],"picked":"SKIP","floor":29.0},{"not_picked":["Guardian:Gem_Cyan","Guardian:WalkerClaw","Guardian:Incinerate"],"picked":"SKIP","floor":31.0},{"not_picked":["Guardian:Gem_Cyan","Guardian:WalkerClaw","Guardian:Incinerate"],"picked":"SKIP","floor":31.0},{"not_picked":["Guardian:Reroute","Guardian:Gem_Lightblue","Guardian:FuturePlans"],"picked":"SKIP","floor":32.0},{"not_picked":["Guardian:StasisStrike","Guardian:FastForward"],"picked":"Guardian:ExploitGems","floor":33.0},{"not_picked":["Guardian:Gem_Blue","Guardian:Reroute+1"],"picked":"Guardian:ChargeUp+1","floor":37.0},{"not_picked":["Guardian:PrimingBeam+1","Guardian:Gem_Purple","Guardian:Planning+1"],"picked":"SKIP","floor":38.0},{"not_picked":["Guardian:Reroute+1","Guardian:Gem_Green","Guardian:GuardianWhirl+1"],"picked":"SKIP","floor":40.0},{"not_picked":["expansioncontent:ManipulateTime","expansioncontent:DarkVoid"],"picked":"expansioncontent:LastStand","floor":44},{"not_picked":["Guardian:EvasiveProtocol","Guardian:RollAttack","Guardian:GuardianWhirl"],"picked":"SKIP","floor":45},{"not_picked":["Guardian:FloatingOrbs+1","Guardian:Incinerate"],"picked":"Guardian:Repulse","floor":46},{"not_picked":["Guardian:PrimingBeam+1","Guardian:Gem_Green"],"picked":"Guardian:Gem_Red","floor":48},{"not_picked":["Guardian:Gem_Cyan","Guardian:Suspension+1"],"picked":"Guardian:SentryBeam+1","floor":49},{"not_picked":["Guardian:Planning","Guardian:Incinerate+1","Guardian:PrismaticBeam+1"],"picked":"SKIP","floor":52}],"player_experience":1331810,"relics_obtained":[{"floor":5.0,"key":"downfall:CloakOfManyFaces"},{"floor":14.0,"key":"Boot"},{"floor":31.0,"key":"champ:DeflectingBracers"},{"floor":41.0,"key":"Thread and Needle"},{"floor":45,"key":"Toy Ornithopter"},{"floor":46,"key":"Bird Faced Urn"},{"floor":48,"key":"Bronze Scales"},{"floor":52,"key":"StrikeDummy"}],"event_choices":[{"damage_healed":0.0,"max_hp_gain":0.0,"max_hp_loss":0.0,"gold_gain":0.0,"event_name":"Lab","player_choice":"Got Potions","floor":23.0,"gold_loss":0.0,"damage_taken":0.0},{"cards_removed":["Guardian:Strike_Guardian"],"damage_healed":0.0,"max_hp_gain":0.0,"max_hp_loss":0.0,"gold_gain":0.0,"event_name":"Purifier","player_choice":"Purged","floor":26.0,"gold_loss":0.0,"damage_taken":0.0},{"damage_healed":0,"gold_gain":0,"player_choice":"Fight","damage_taken":0,"max_hp_gain":0,"max_hp_loss":0,"event_name":"Mysterious Sphere","floor":46,"gold_loss":0}],"is_beta":false,"boss_relics":[{"not_picked":["Philosopher\u0027s Stone","Busted Crown","Cursed Key"]},{"not_picked":["Runic Dome","Sozu"],"picked":"SacredBark"}],"items_purged_floors":[11,21,29],"is_endless":false,"potions_floor_spawned":[5,6,9,15,16,20,28,45,46,48,49,52],"ascension_level":0}}