{"host":"51f0ad793vly1w6u","time":1610440688,"event":{"mods":["BaseMod","Colored Map","DeckTracker","Hermit","Minty Spire (QoL Compilation)","StSLib","SuperFastMode"],"gold_per_floor":[115,128,128,140,155,155,181,181,205,55,80,137,148,163,163,259,259,259,16,16,16,16,16,16,16,16,16,16,16,16,16,16,16,16,16,16,16,16,16,16,16,16,16],"floor_reached":42,"playtime":1219,"items_purged":[],"score":522,"play_id":"61a2b0a0-4dea-429b-8cc0-3dbc19bd2ab5","local_time":"20210112173808","is_ascension_mode":true,"campfire_choices":[{"data":"hermit:Misfire","floor":6.0,"key":"SMITH"},{"floor":8.0,"key":"REST"},{"floor":15.0,"key":"REST"},{"floor":23.0,"key":"REST"},{"floor":27,"key":"REST"},{"data":"Apotheosis","floor":32,"key":"SMITH"},{"floor":40,"key":"REST"}],"circlet_count":0,"master_deck":["hermit:Strike_Hermit+1","hermit:Defend_Hermit+1","hermit:Defend_Hermit","hermit:Defend_Hermit","hermit:Snapshot+1","hermit:Covet","hermit:Shortfuse+1","hermit:Misfire+1","hermit:FlashPowder","hermit:ShadowCloak","hermit:GoldenBullet","hermit:DeadOrAlive","Apotheosis+1","hermit:FlashPowder","hermit:Brawl+1","hermit:SprayPray+1","hermit:FromBeyond","hermit:ItchyTrigger+1","hermit:DeadMansHand+1","hermit:Combo+1","hermit:Dive+1","hermit:FullyLoaded+1"],"relics":["hermit:Momento","Potion Belt","Whetstone","Regal Pillow","hermit:Horseshoe","Ectoplasm","Nilry\u0027s Codex","Kunai","Red Mask","Ancient Tea Set","Torii","Pear","Astrolabe","Eternal Feather","Pantograph"],"acts_visited":["Exordium","TheCity","TheBeyond"],"potions_floor_usage":[25,29,35],"damage_taken":[{"damage":1.0,"enemies":"Cultist","floor":1.0,"turns":3.0},{"damage":2.0,"enemies":"Jaw Worm","floor":2.0,"turns":3.0},{"damage":0.0,"enemies":"Small Slimes","floor":4.0,"turns":2.0},{"damage":14.0,"enemies":"3 Louse","floor":5.0,"turns":3.0},{"damage":26.0,"enemies":"Lagavulin","floor":7.0,"turns":5.0},{"damage":22.0,"enemies":"Gremlin Nob","floor":11.0,"turns":4.0},{"damage":7.0,"enemies":"3 Sentries","floor":12.0,"turns":5.0},{"damage":9.0,"enemies":"Looter","floor":13.0,"turns":3.0},{"damage":4.0,"enemies":"Exordium Thugs","floor":14.0,"turns":5.0},{"damage":29.0,"enemies":"Hexaghost","floor":16.0,"turns":11.0},{"damage":0.0,"enemies":"Spheric Guardian","floor":18.0,"turns":3.0},{"damage":26,"enemies":"Gremlin Leader","floor":24,"turns":7},{"damage":22,"enemies":"Masked Bandits","floor":25,"turns":5},{"damage":6,"enemies":"3 Byrds","floor":28,"turns":5},{"damage":7,"enemies":"Colosseum Slavers","floor":29,"turns":5},{"damage":18,"enemies":"Colosseum Nobs","floor":29,"turns":5},{"damage":13,"enemies":"Automaton","floor":33,"turns":11},{"damage":30,"enemies":"3 Darklings","floor":35,"turns":6},{"damage":1,"enemies":"Orb Walker","floor":36,"turns":3},{"damage":19,"enemies":"3 Darklings","floor":37,"turns":5},{"damage":52,"enemies":"Nemesis","floor":41,"turns":9},{"damage":24,"enemies":"Maw","floor":42,"turns":3}],"seed_played":"6700207268039657440","potions_obtained":[{"floor":2.0,"key":"Dexterity Potion"},{"floor":4.0,"key":"Strength Potion"},{"floor":11.0,"key":"Fire Potion"},{"floor":12.0,"key":"Fruit Juice"},{"floor":14.0,"key":"DuplicationPotion"},{"floor":18.0,"key":"hermit:Tonic"},{"floor":33,"key":"AttackPotion"}],"is_trial":false,"path_per_floor":["M","M","?","M","M","R","E","R","T","$","E","?","M","M","R","B",null,"M","$","?","?","?","R","E","?","T","R","M","?","$","?","R","B",null,"M","M","M","?","T","R","E","M"],"character_chosen":"HERMIT","items_purchased":["hermit:FlashPowder","hermit:ShadowCloak","Apotheosis","hermit:FlashPowder"],"campfire_rested":5,"item_purchase_floors":[10,10,19,19],"current_hp_per_floor":[74,72,57,57,43,43,17,39,39,39,17,10,1,2,41,12,80,80,80,64,64,49,85,59,37,37,77,71,56,56,56,56,43,95,65,64,45,45,45,95,43,19,19],"gold":16,"neow_bonus":"UPGRADE_CARD","is_daily":false,"chose_seed":false,"campfire_upgraded":2,"win_rate":0.0,"timestamp":1610440688,"path_taken":["M","M","?","M","M","R","E","R","T","$","E","?","?","M","R","BOSS","M","$","?","?","?","R","E","?","T","R","?","?","$","?","R","BOSS","M","M","?","?","?","R","E","M"],"items_purchased_type":["Card","Card","Card","Card"],"build_version":"2020-12-22","purchased_purges":0,"victory":false,"max_hp_per_floor":[75,75,75,75,75,75,75,75,75,75,75,75,75,80,80,80,80,80,80,80,80,85,85,85,85,85,85,85,95,95,95,95,95,95,95,95,95,95,95,95,95,95,95],"card_choices":[{"not_picked":["hermit:Headshot","hermit:TakeCover","hermit:HighCaliber"],"picked":"SKIP","floor":1.0},{"not_picked":["hermit:BodyArmor","hermit:Snipe"],"picked":"hermit:Shortfuse","floor":2.0},{"not_picked":["hermit:Roulette","hermit:LuckOfTheDraw"],"picked":"hermit:Misfire","floor":4.0},{"not_picked":["hermit:HighCaliber","hermit:CursedWeapon","hermit:Misfire"],"picked":"SKIP","floor":5.0},{"not_picked":["hermit:LowProfile","hermit:TakeCover","hermit:BodyArmor"],"picked":"SKIP","floor":7.0},{"not_picked":["hermit:HoleUp","hermit:TakeCover"],"picked":"hermit:GoldenBullet","floor":11.0},{"not_picked":["hermit:HoleUp","hermit:Determination","hermit:Malice"],"picked":"SKIP","floor":13.0},{"not_picked":["hermit:Horror","hermit:CalledShot","hermit:Misfire"],"picked":"SKIP","floor":14.0},{"not_picked":["hermit:Gambit","hermit:HeroicBravado"],"picked":"hermit:DeadOrAlive","floor":16.0},{"not_picked":["hermit:Roulette","hermit:Ricochet","hermit:HighCaliber+1"],"picked":"SKIP","floor":18.0},{"not_picked":["hermit:Ricochet","hermit:Coalescence"],"picked":"hermit:Brawl+1","floor":24},{"not_picked":["hermit:GoldenBullet+1","hermit:Feint","hermit:Ricochet+1"],"picked":"SKIP","floor":28},{"not_picked":["hermit:LowProfile","hermit:Cheat+1"],"picked":"hermit:SprayPray+1","floor":29},{"not_picked":["hermit:Magnum","hermit:EternalForm"],"picked":"hermit:FromBeyond","floor":33},{"not_picked":["hermit:HoleUp","hermit:EyeOfTheStorm"],"picked":"hermit:Dive+1","floor":35},{"not_picked":["hermit:SprayPray","hermit:HighCaliber","hermit:Headshot+1"],"picked":"SKIP","floor":36},{"not_picked":["hermit:Ricochet+1","hermit:OverwhelmingPower","hermit:Feint"],"picked":"SKIP","floor":37},{"not_picked":["hermit:HoleUp+1","hermit:WideOpen"],"picked":"hermit:FullyLoaded+1","floor":41}],"player_experience":1399599,"relics_obtained":[{"floor":7.0,"key":"Potion Belt"},{"floor":9.0,"key":"Whetstone"},{"floor":11.0,"key":"Regal Pillow"},{"floor":20.0,"key":"Nilry\u0027s Codex"},{"floor":24,"key":"Kunai"},{"floor":25,"key":"Red Mask"},{"floor":26,"key":"Ancient Tea Set"},{"floor":29,"key":"Torii"},{"floor":29,"key":"Pear"},{"floor":39,"key":"Eternal Feather"},{"floor":41,"key":"Pantograph"}],"event_choices":[{"damage_healed":0.0,"max_hp_gain":0.0,"max_hp_loss":0.0,"gold_gain":0.0,"event_name":"Shining Light","player_choice":"Entered Light","floor":3.0,"gold_loss":0.0,"damage_taken":15.0,"cards_upgraded":["hermit:Defend_Hermit","hermit:Strike_Hermit"]},{"damage_healed":0.0,"max_hp_gain":0.0,"max_hp_loss":0.0,"gold_gain":0.0,"event_name":"Dead Adventurer","player_choice":"Searched \u00272\u0027 times","floor":12.0,"gold_loss":0.0,"damage_taken":0.0,"relics_obtained":["hermit:Horseshoe"]},{"damage_healed":0.0,"max_hp_gain":0.0,"max_hp_loss":0.0,"gold_gain":0.0,"event_name":"Cursed Tome","player_choice":"Obtained Book","floor":20.0,"gold_loss":0.0,"damage_taken":16.0},{"cards_removed":["hermit:Strike_Hermit"],"damage_healed":0.0,"max_hp_gain":0.0,"max_hp_loss":0.0,"gold_gain":0.0,"event_name":"Back to Basics","player_choice":"Elegance","floor":21.0,"gold_loss":0.0,"damage_taken":0.0},{"damage_healed":0.0,"max_hp_gain":5.0,"max_hp_loss":0.0,"gold_gain":0.0,"event_name":"Forgotten Altar","player_choice":"Shed Blood","floor":22.0,"gold_loss":0.0,"damage_taken":20.0},{"damage_healed":0,"gold_gain":0,"player_choice":"Fought Bandits","damage_taken":0,"max_hp_gain":0,"max_hp_loss":0,"event_name":"Masked Bandits","floor":25,"gold_loss":0},{"damage_healed":0,"gold_gain":0,"player_choice":"Fight","damage_taken":0,"max_hp_gain":0,"max_hp_loss":0,"event_name":"Colosseum","floor":29,"gold_loss":0},{"damage_healed":0,"gold_gain":0,"player_choice":"Fought Nobs","damage_taken":0,"max_hp_gain":0,"max_hp_loss":0,"event_name":"Colosseum","floor":29,"gold_loss":0},{"damage_healed":0,"gold_gain":0,"player_choice":"Ignored","damage_taken":0,"max_hp_gain":0,"max_hp_loss":0,"event_name":"N\u0027loth","floor":31,"gold_loss":0},{"damage_healed":0,"gold_gain":222,"player_choice":"Wore Mask","damage_taken":0,"max_hp_gain":0,"max_hp_loss":0,"event_name":"Tomb of Lord Red Mask","floor":38,"gold_loss":0}],"is_beta":false,"boss_relics":[{"not_picked":["Black Star","Snecko Eye"],"picked":"Ectoplasm"},{"not_picked":["Philosopher\u0027s Stone","Pandora\u0027s Box"],"picked":"Astrolabe"}],"items_purged_floors":[],"is_endless":false,"potions_floor_spawned":[2,4,11,12,14,18,33],"killed_by":"Maw","ascension_level":2}}