{"host":"45gjn1i9lq2ky2i9","time":1610445043,"event":{"mods":["2.2 Compatiblity","Act Like it!","Aspiration","Bard","BaseMod","Beaked The Cultist","Better Altar","Better Match","Better Note","Better Sensory Stone","Better Skull","Better Third Choice","Better Vampires","Conspire","Downfall","Halation","Hubris","Infinite Spire","Jedi Mod","Lobotomy","LobotomyExtend","Minty Spire (QoL Compilation)","Pale of the Ancients","Permanent Neow","Replay The Spire","Shop Mod","Spikes Relics","StSLib","The Mystic","The Runesmith","The Wild Card"],"gold_per_floor":[99,99,99,24,24,124,196,210,135,147,162,262,262,273,289,289,289,289],"floor_reached":16,"playtime":531,"items_purged":[],"score":108,"play_id":"deacf17c-af55-4a9b-9aff-0bf123b9d437","local_time":"20210112175043","is_ascension_mode":true,"campfire_choices":[{"floor":1,"key":"RECALL"},{"data":"Guardian:Orbwalk","floor":9,"key":"SMITH"},{"data":"Guardian:ChargeUp","floor":13,"key":"SMITH"}],"circlet_count":0,"master_deck":["Guardian:Strike_Guardian","Guardian:Strike_Guardian","Guardian:Strike_Guardian","Guardian:Defend_Guardian","Guardian:Defend_Guardian","Guardian:Defend_Guardian","Guardian:CurlUp","Guardian:TwinSlam","Guardian:VentSteam","Guardian:Recover","Guardian:SpikerProtocol","Guardian:Orbwalk+1","Guardian:Orbwalk+1","Guardian:ChargeUp+1","Guardian:AncientConstruct","Guardian:EvasiveProtocol","Guardian:FloatingOrbs","Guardian:PiercingHide"],"relics":["Guardian:ModeShifter","downfall:HeartsMalice","halation:SelfBoilingWater","downfall:HeartBlessingRed"],"acts_visited":["Exordium"],"potions_floor_usage":[12],"damage_taken":[{"damage":0,"enemies":"Jaw Worm","floor":2,"turns":1},{"damage":0,"enemies":"Cultist","floor":3,"turns":1},{"damage":0,"enemies":"downfall:FleeingMerchant","floor":5,"turns":1},{"damage":4,"enemies":"Small Slimes","floor":8,"turns":3},{"damage":0,"enemies":"Blue Slaver","floor":10,"turns":4},{"damage":11,"enemies":"3 Louse","floor":11,"turns":3},{"damage":22,"enemies":"downfall:Heads","floor":12,"turns":7},{"damage":13,"enemies":"Exordium Wildlife","floor":14,"turns":4},{"damage":14,"enemies":"Exordium Thugs","floor":15,"turns":4},{"damage":18,"enemies":"downfall:Defect","floor":16,"turns":4}],"seed_played":"8518425949439147665","potions_obtained":[{"floor":8,"key":"Weak Potion"},{"floor":11,"key":"Elixir"},{"floor":12,"key":"GamblersBrew"},{"floor":15,"key":"SpeedPotion"}],"is_trial":false,"path_per_floor":["R","M","M","?","$","?","T","M","R","M","M","?","R","M","M","B"],"character_chosen":"GUARDIAN","items_purchased":[],"campfire_rested":0,"item_purchase_floors":[],"current_hp_per_floor":[80,80,80,80,80,80,80,76,76,76,65,43,43,30,16,0,0,0],"gold":289,"neow_bonus":"THREE_ENEMY_KILL","is_daily":false,"chose_seed":false,"campfire_upgraded":2,"win_rate":0.0,"timestamp":1610445043,"path_taken":["R","M","M","?","?","?","T","M","R","M","M","?","R","M","M","BOSS"],"items_purchased_type":[],"build_version":"2020-12-22","purchased_purges":0,"victory":false,"max_hp_per_floor":[80,80,80,80,80,80,80,80,80,80,80,80,80,80,80,80,80,80],"card_choices":[{"not_picked":["Guardian:TemporalStrike","Guardian:Suspension"],"picked":"Guardian:VentSteam","floor":2},{"not_picked":["Guardian:MultiBeam","Guardian:HyperBeam_Guardian"],"picked":"Guardian:Recover","floor":3},{"not_picked":["Guardian:TimeBomb","Guardian:GuardianWhirl"],"picked":"Guardian:SpikerProtocol","floor":4},{"not_picked":["Guardian:StasisField","Guardian:HyperBeam_Guardian"],"picked":"Guardian:Gem_Orange","floor":4},{"not_picked":["Guardian:Reroute","Guardian:BronzeOrb"],"picked":"Guardian:Gem_White","floor":5},{"not_picked":["Guardian:Gem_Cyan","Guardian:TemporalStrike"],"picked":"Guardian:Orbwalk","floor":8},{"not_picked":["Guardian:Suspension","Guardian:Gem_Green"],"picked":"Guardian:Orbwalk","floor":10},{"not_picked":["Guardian:ShieldSpikes","Guardian:Recover"],"picked":"Guardian:ChargeUp","floor":11},{"not_picked":["Guardian:Incinerate","Guardian:Gem_Crimson"],"picked":"Guardian:AncientConstruct","floor":12},{"not_picked":["Guardian:Gem_Purple","Guardian:Suspension"],"picked":"Guardian:FloatingOrbs","floor":14},{"not_picked":["Guardian:Incinerate","Guardian:CrystalBeam"],"picked":"Guardian:PiercingHide","floor":15}],"player_experience":535452,"relics_obtained":[{"floor":7,"key":"halation:SelfBoilingWater"}],"event_choices":[{"damage_healed":0,"gold_gain":0,"player_choice":"1","damage_taken":0,"max_hp_gain":0,"max_hp_loss":0,"event_name":"betterMatch:BetterMatch","floor":4,"gold_loss":0,"cards_obtained":["betterMatch:UncommonCard","betterMatch:RareCard"]}],"is_beta":false,"boss_relics":[],"items_purged_floors":[],"is_endless":false,"potions_floor_spawned":[8,11,12,15],"killed_by":"downfall:Defect","ascension_level":4}}