{"host":"ow66nzv2xecjoor3","time":1610423155,"event":{"mods":["BaseMod","Bestiary","Block Reminder","Colored Powertips","Curses Come First","Highlight Path","Keyboard Shortcuts","Minty Spire (QoL Compilation)","Permanent Neow","Relic Stats","StSLib","UnlockEverythingMod"],"gold_per_floor":[115,115,21,31,45,45,72,84,165,327,339,363,410,432,444,530,542,527,552,583,377,377,377,387,387,432,55,55,69,104,124,124,197,197,211,231,245,245,261,286,286,120,120,130,130,162,162,162,162,162,162,162],"floor_reached":51,"playtime":2721,"items_purged":["Doubt","Strike_B"],"score":1449,"play_id":"73ba91b8-e9da-4335-9c96-a28c777144d2","local_time":"20210111214555","is_ascension_mode":true,"campfire_choices":[{"data":"Cold Snap","floor":6.0,"key":"SMITH"},{"floor":8.0,"key":"REST"},{"data":"Lockon","floor":15.0,"key":"SMITH"},{"floor":23.0,"key":"REST"},{"data":"Defragment","floor":25.0,"key":"SMITH"},{"data":"Defragment","floor":28.0,"key":"SMITH"},{"floor":32.0,"key":"REST"},{"data":"Hologram","floor":41.0,"key":"SMITH"},{"floor":49,"key":"RECALL"}],"circlet_count":0,"master_deck":["AscendersBane","Defend_B","Defend_B","Defend_B+1","Zap","Dualcast+1","Beam Cell","Glacier","Cold Snap+1","Ball Lightning","Lockon+1","Hologram+1","Go for the Eyes","Creative AI","Chill","Conserve Battery","Defragment+1","Defragment+1","Steam","Capacitor","Capacitor","Self Repair+1","Static Discharge+1","Creative AI+1","Electrodynamics+1","Rip and Tear+1","Leap+1","Glacier","Creative AI+1","Hologram","Core Surge","Amplify"],"relics":["Velvet Choker","War Paint","MawBank","Ornamental Fan","Question Card","Eternal Feather","Inserter","Mummified Hand","Frozen Egg 2","Astrolabe","Incense Burner","Frozen Eye","Emotion Chip","Juzu Bracelet"],"acts_visited":["Exordium","TheCity","TheBeyond"],"potions_floor_usage":[46,50],"damage_taken":[{"damage":2.0,"enemies":"Jaw Worm","floor":1.0,"turns":4.0},{"damage":5.0,"enemies":"2 Louse","floor":4.0,"turns":3.0},{"damage":0.0,"enemies":"Small Slimes","floor":5.0,"turns":4.0},{"damage":16.0,"enemies":"3 Sentries","floor":7.0,"turns":12.0},{"damage":8.0,"enemies":"Exordium Wildlife","floor":12.0,"turns":5.0},{"damage":11.0,"enemies":"Lagavulin","floor":13.0,"turns":6.0},{"damage":1.0,"enemies":"Exordium Thugs","floor":14.0,"turns":4.0},{"damage":25.0,"enemies":"Hexaghost","floor":16.0,"turns":10.0},{"damage":4.0,"enemies":"2 Thieves","floor":18.0,"turns":4.0},{"damage":29.0,"enemies":"Spheric Guardian","floor":19.0,"turns":7.0},{"damage":15.0,"enemies":"Snake Plant","floor":20.0,"turns":7.0},{"damage":9.0,"enemies":"Centurion and Healer","floor":24.0,"turns":9.0},{"damage":6.0,"enemies":"3 Cultists","floor":29.0,"turns":4.0},{"damage":24.0,"enemies":"Gremlin Leader","floor":30.0,"turns":8.0},{"damage":21.0,"enemies":"Sentry and Sphere","floor":31.0,"turns":8.0},{"damage":22.0,"enemies":"Collector","floor":33.0,"turns":9.0},{"damage":26.0,"enemies":"3 Darklings","floor":35.0,"turns":4.0},{"damage":24.0,"enemies":"3 Shapes","floor":36.0,"turns":6.0},{"damage":2.0,"enemies":"3 Darklings","floor":37.0,"turns":4.0},{"damage":6.0,"enemies":"Sphere and 2 Shapes","floor":39.0,"turns":5.0},{"damage":25.0,"enemies":"Nemesis","floor":40.0,"turns":9.0},{"damage":6.0,"enemies":"Spire Growth","floor":44.0,"turns":6.0},{"damage":0,"enemies":"Giant Head","floor":46,"turns":6},{"damage":37,"enemies":"Time Eater","floor":50,"turns":16},{"damage":80,"enemies":"Awakened One","floor":51,"turns":5}],"seed_played":"3972119164226716920","potions_obtained":[{"floor":5.0,"key":"GamblersBrew"},{"floor":13.0,"key":"DuplicationPotion"},{"floor":16.0,"key":"EssenceOfSteel"},{"floor":19.0,"key":"PotionOfCapacity"},{"floor":29.0,"key":"Swift Potion"},{"floor":33.0,"key":"PowerPotion"},{"floor":38.0,"key":"Swift Potion"},{"floor":46,"key":"FairyPotion"}],"is_trial":false,"path_per_floor":["M","?","$","M","M","R","E","R","T","?","?","M","E","M","R","B",null,"M","M","M","$","?","R","M","R","T","$","R","M","E","M","R","B",null,"M","M","M","?","M","E","R","$","T","M","?","E","?","?","R","B","B"],"character_chosen":"DEFECT","items_purchased":["Glacier","FearPotion","Defragment","Steam","Mummified Hand","Frozen Eye"],"campfire_rested":3,"item_purchase_floors":[3,3,21,21,27,42],"current_hp_per_floor":[62,44,44,39,39,39,23,44,44,44,44,36,25,24,33,8,55,51,22,7,7,7,40,31,46,46,46,58,52,28,17,53,41,64,48,34,42,42,46,31,49,49,49,53,53,53,53,53,71,54,0,0],"gold":162,"neow_bonus":"BOSS_RELIC","is_daily":false,"chose_seed":false,"campfire_upgraded":5,"win_rate":0.0,"timestamp":1610423155,"path_taken":["M","?","$","M","M","R","E","R","T","?","?","?","E","M","R","BOSS","M","M","M","$","?","R","M","R","T","$","R","M","E","M","R","BOSS","M","M","M","?","M","E","R","$","T","?","?","E","?","?","R","BOSS","BOSS"],"items_purchased_type":["Card","Potion","Card","Card","Relic","Relic"],"build_version":"2020-12-22","purchased_purges":2,"victory":false,"max_hp_per_floor":[71,71,71,71,71,71,71,71,71,71,71,71,71,71,71,71,71,71,71,71,71,71,71,71,71,71,71,71,71,71,71,71,71,71,71,71,71,71,71,71,71,71,71,71,71,71,71,71,71,71,71,71],"relic_stats":{"Emotion Chip":[9,4,5,0,0],"Inserter":[46],"counters":[25,165],"Ornamental Fan":[84],"Mummified Hand":[186],"Astrolabe":["Electrodynamics","Rip and Tear","Leap"],"Eternal Feather":99,"Juzu Bracelet":0,"War Paint":["Defend_B","Dualcast"],"MawBank":168,"Question Card":20,"obtain_stats":[{"Inserter":17,"Astrolabe":34,"Velvet Choker":0,"Eternal Feather":13,"Incense Burner":40,"Juzu Bracelet":46,"War Paint":2,"Frozen Egg 2":30,"MawBank":7,"Question Card":11,"Frozen Eye":42,"Emotion Chip":43,"Ornamental Fan":9,"Mummified Hand":27,"Cracked Core":0},{"Inserter":8,"Astrolabe":16,"Velvet Choker":0,"Eternal Feather":6,"Incense Burner":21,"Juzu Bracelet":23,"War Paint":1,"Frozen Egg 2":14,"MawBank":4,"Question Card":4,"Frozen Eye":21,"Emotion Chip":21,"Ornamental Fan":4,"Mummified Hand":12,"Cracked Core":0},{"Inserter":48,"Astrolabe":104,"Velvet Choker":0,"Eternal Feather":34,"Incense Burner":132,"Juzu Bracelet":144,"War Paint":4,"Frozen Egg 2":87,"MawBank":23,"Question Card":23,"Frozen Eye":132,"Emotion Chip":132,"Ornamental Fan":23,"Mummified Hand":75,"Cracked Core":0}]},"card_choices":[{"not_picked":["Gash","Storm"],"picked":"Beam Cell","floor":1.0},{"not_picked":["Lockon","Rebound"],"picked":"Cold Snap","floor":4.0},{"not_picked":["Double Energy","Beam Cell","Stack"],"picked":"SKIP","floor":5.0},{"not_picked":["Steam","Beam Cell"],"picked":"Ball Lightning","floor":7.0},{"not_picked":["BootSequence","Barrage","Turbo"],"picked":"Lockon","floor":12.0},{"not_picked":["Meteor Strike","Streamline","Double Energy"],"picked":"Hologram","floor":13.0},{"not_picked":["Aggregate","Hologram","Rebound"],"picked":"Go for the Eyes","floor":14.0},{"not_picked":["Fission","All For One","Buffer"],"picked":"Creative AI","floor":16.0},{"not_picked":["Conserve Battery","Coolheaded","Rebound"],"picked":"Chill","floor":18.0},{"not_picked":["Barrage","Gash","Stack"],"picked":"Conserve Battery","floor":19.0},{"not_picked":["Rebound","Hyperbeam","Barrage"],"picked":"Defragment","floor":20.0},{"not_picked":["Darkness+1","Barrage","Redo"],"picked":"Capacitor","floor":24.0},{"not_picked":["Sweeping Beam","Hologram","Cold Snap"],"picked":"Capacitor","floor":29.0},{"not_picked":["Hologram","Reinforced Body","Fusion+1"],"picked":"Self Repair+1","floor":30.0},{"not_picked":["Compile Driver","Beam Cell","Stack"],"picked":"Static Discharge+1","floor":31.0},{"not_picked":["Thunder Strike","All For One","Rainbow"],"picked":"Creative AI+1","floor":33.0},{"not_picked":["Beam Cell","Redo","Cold Snap","Go for the Eyes"],"picked":"SKIP","floor":35.0},{"not_picked":["BootSequence","Hologram","Compile Driver"],"picked":"Glacier","floor":36.0},{"not_picked":["Conserve Battery","Skim+1","Steam"],"picked":"Creative AI+1","floor":37.0},{"not_picked":["Sweeping Beam","Conserve Battery","Steam"],"picked":"Hologram","floor":39.0},{"not_picked":["Cold Snap","Hologram","Reinforced Body"],"picked":"Core Surge","floor":40.0},{"not_picked":["Sweeping Beam","Conserve Battery","Compile Driver","Gash"],"picked":"SKIP","floor":44.0},{"not_picked":["Doom and Gloom","Scrape+1","Gash+1"],"picked":"Amplify","floor":46}],"player_experience":2692315,"relics_obtained":[{"floor":7.0,"key":"MawBank"},{"floor":9.0,"key":"Ornamental Fan"},{"floor":13.0,"key":"Eternal Feather"},{"floor":30.0,"key":"Frozen Egg 2"},{"floor":40.0,"key":"Incense Burner"},{"floor":43.0,"key":"Emotion Chip"},{"floor":46,"key":"Juzu Bracelet"}],"event_choices":[{"damage_healed":0.0,"max_hp_gain":0.0,"max_hp_loss":0.0,"gold_gain":0.0,"event_name":"Scrap Ooze","player_choice":"Success","floor":2.0,"gold_loss":0.0,"damage_taken":18.0,"relics_obtained":["War Paint"]},{"damage_healed":0.0,"max_hp_gain":0.0,"max_hp_loss":0.0,"gold_gain":150.0,"event_name":"Liars Game","player_choice":"AGREE","floor":10.0,"gold_loss":0.0,"damage_taken":0.0,"cards_obtained":["Doubt"]},{"damage_healed":0.0,"max_hp_gain":0.0,"max_hp_loss":0.0,"gold_gain":0.0,"event_name":"Dead Adventurer","player_choice":"Searched \u00271\u0027 times","floor":11.0,"gold_loss":0.0,"damage_taken":0.0,"relics_obtained":["Question Card"]},{"damage_healed":0.0,"max_hp_gain":0.0,"max_hp_loss":0.0,"gold_gain":0.0,"event_name":"Cursed Tome","player_choice":"Ignored","floor":22.0,"gold_loss":0.0,"damage_taken":0.0},{"damage_healed":0.0,"max_hp_gain":0.0,"max_hp_loss":0.0,"gold_gain":0.0,"event_name":"Lab","player_choice":"Got Potions","floor":38.0,"gold_loss":0.0,"damage_taken":0.0},{"cards_removed":["Defend_B"],"damage_healed":0.0,"max_hp_gain":0.0,"max_hp_loss":0.0,"gold_gain":0.0,"event_name":"Falling","player_choice":"Removed Skill","floor":45.0,"gold_loss":0.0,"damage_taken":0.0},{"damage_healed":0,"gold_gain":0,"player_choice":"Memory 1","damage_taken":0,"max_hp_gain":0,"max_hp_loss":0,"event_name":"SensoryStone","floor":47,"gold_loss":0},{"damage_healed":0,"gold_gain":0,"player_choice":"Ignored","damage_taken":0,"max_hp_gain":0,"max_hp_loss":0,"event_name":"Tomb of Lord Red Mask","floor":48,"gold_loss":0}],"is_beta":false,"boss_relics":[{"not_picked":["Sozu","Tiny House"],"picked":"Inserter"},{"not_picked":["Runic Pyramid","Calling Bell"],"picked":"Astrolabe"}],"items_purged_floors":[21,27],"is_endless":false,"potions_floor_spawned":[5,13,16,19,29,33,37,39,46],"killed_by":"Awakened One","ascension_level":20}}