{"host":"w97dq1whmpm6b2tc","time":1610464861,"event":{"mods":["BaseMod","Challenge The Spire","Downfall","Minty Spire (QoL Compilation)","Replay The Spire","StSLib","The Animator"],"gold_per_floor":[50000,50000,50000,49093,49110,49110,49150,49170,49195,49229,49229,48584,48614,48633,48633,48716,48716,48716,48716,48023,48023,46986,46911,46911,46911,46911,46911,46911,46911,46911,46911,46911,46911,46911,46911,46911,45895,45895,45895,45895,45895,45895,45895,45895,45895,45895,45216,45216,45216,45216,45216,45216,45216,999,50000,50055,50055,50055,48700,48775,48855,48855,47788,47883,47956,47956,46608,46723,46843,46843,46843],"floor_reached":70,"playtime":22376,"items_purged":["Regret","Pain","animator:Strike","animator:Strike","animator:Defend","animator:Defend","Hallucinations","animator:Strike_HitsugiNoChaika+1","animator:Defend_HitsugiNoChaika+1"],"score":2649,"play_id":"3eca47fe-781c-46b8-886f-1264b596c137","local_time":"20210112172101","is_ascension_mode":true,"campfire_choices":[{"data":"animator:AcuraAkari","floor":11.0,"key":"SMITH"},{"data":"animator:Guy","floor":15.0,"key":"SMITH"},{"data":"animator:Hibiki","floor":24.0,"key":"SMITH"},{"data":"animator:AcuraShin","floor":29.0,"key":"SMITH"},{"floor":32.0,"key":"RECALL"},{"floor":41.0,"key":"REST"},{"data":"1","floor":49.0,"key":"LIFT"},{"data":"2","floor":53.0,"key":"LIFT"}],"circlet_count":0,"master_deck":["AscendersBane","animator:AcuraAkari+1","animator:Gillette+1","animator:Emilia+1","animator:Guy+1","animator:AcuraAkari+1","animator:ChaikaBohdan+1","animator:Fredrika+1","animator:Rimuru","animator:Sebas+1","animator:ChaikaTrabant+1","animator:Layla+1","animator:Fredrika+1","animator:LimeBell+1","animator:Hibiki+1","animator:AcuraShin+1","animator:Demiurge+1","animator:Guy+1","animator:EmiyaShirou+1","animator:AcuraAkari+1","animator:AcuraAkari+1","animator:Entoma+28","animator:Guy+1","animator:Hibiki+1","animator:Rimuru","animator:ChaikaTrabant+1"],"relics":["animator:TheWolleyCore","animator:AncientMedallion","ReplayTheSpireMod:Ring of Exchange"],"acts_visited":["Exordium","TheCity","TheBeyond","TheEnding","EYB:TheUnnamedReign"],"potions_floor_usage":[61,64,64,68,69,70,70],"damage_taken":[{"damage":0.0,"enemies":"Jaw Worm","floor":1.0,"turns":4.0},{"damage":4.0,"enemies":"2 Louse","floor":5.0,"turns":3.0},{"damage":9.0,"enemies":"Gremlin Nob","floor":7.0,"turns":3.0},{"damage":1.0,"enemies":"Cultist","floor":8.0,"turns":3.0},{"damage":10.0,"enemies":"Lagavulin","floor":10.0,"turns":5.0},{"damage":21.0,"enemies":"Gremlin Nob","floor":13.0,"turns":4.0},{"damage":0.0,"enemies":"Blue Slaver","floor":14.0,"turns":2.0},{"damage":2.0,"enemies":"Slime Boss","floor":16.0,"turns":8.0},{"damage":0.0,"enemies":"Chosen","floor":18.0,"turns":3.0},{"damage":0.0,"enemies":"Replay:Snechameleon","floor":25.0,"turns":5.0},{"damage":4.0,"enemies":"Spheric Guardian","floor":27.0,"turns":3.0},{"damage":3.0,"enemies":"Shelled Parasite and Fungi","floor":30.0,"turns":4.0},{"damage":0.0,"enemies":"Centurion and Healer","floor":31.0,"turns":2.0},{"damage":8.0,"enemies":"Collector","floor":33.0,"turns":6.0},{"damage":0.0,"enemies":"3 Shapes","floor":35.0,"turns":3.0},{"damage":0.0,"enemies":"Orb Walker","floor":38.0,"turns":2.0},{"damage":17.0,"enemies":"R_Hoarder","floor":40.0,"turns":4.0},{"damage":5.0,"enemies":"Giant Head","floor":42.0,"turns":5.0},{"damage":0.0,"enemies":"Transient","floor":44.0,"turns":6.0},{"damage":19.0,"enemies":"Reptomancer","floor":46.0,"turns":4.0},{"damage":0.0,"enemies":"Maw","floor":48.0,"turns":4.0},{"damage":0.0,"enemies":"Time Eater","floor":50.0,"turns":5.0},{"damage":0.0,"enemies":"Donu and Deca","floor":51.0,"turns":5.0},{"damage":76.0,"enemies":"animator:TRIPLE_SHAPES_WEAK","floor":55.0,"turns":8.0},{"damage":19.0,"enemies":"animator:UNNAMED_HAT","floor":56.0,"turns":14.0},{"damage":31,"enemies":"animator:LARGE_CRYSTAL","floor":60,"turns":7},{"damage":17,"enemies":"animator:TRIPLE_LAGAVULIN","floor":61,"turns":6},{"damage":0,"enemies":"animator:ULTIMATE_WISP","floor":64,"turns":7},{"damage":25,"enemies":"animator:ULTIMATE_CUBE","floor":68,"turns":6},{"damage":31,"enemies":"animator:ULTIMATE_CRYSTAL","floor":69,"turns":9},{"damage":91,"enemies":"animator:TheUnnamed","floor":70,"turns":8}],"seed_played":"-1596564496549567133","potions_obtained":[{"floor":5.0,"key":"champ:CounterPotion"},{"floor":13.0,"key":"SteroidPotion"},{"floor":14.0,"key":"ColorlessPotion"},{"floor":30.0,"key":"SmokeBomb"},{"floor":31.0,"key":"Fire Potion"},{"floor":48.0,"key":"SpeedPotion"},{"floor":55.0,"key":"animator:FalseLifePotion"},{"floor":56.0,"key":"animator:FalseLifePotion"},{"floor":60,"key":"animator:FalseLifePotion"},{"floor":61,"key":"animator:FalseLifePotion"},{"floor":64,"key":"animator:FalseLifePotion"},{"floor":68,"key":"animator:FalseLifePotion"},{"floor":69,"key":"animator:FalseLifePotion"}],"is_trial":false,"path_per_floor":["M","?","?","$","M","?","E","M","T","E","R","$","E","M","R","B",null,"M","?","$","?","$","?","R","E","T","M","T","R","M","M","R","B",null,"M","?","$","M","?","E","R","E","T","M","T","E","$","M","R","B","B",null,"R","??","M","M","T","?","$","M","M","?","$","E","T","?","$","E","E","B"],"character_chosen":"THE_ANIMATOR","items_purchased":["Ornamental Fan","animator:HeavyHalberd","animator:Guy","DollysMirror","animator:Sebas","CloakClasp","animator:WornHelmet","Toxic Egg 2","Tiny Chest","animator:Layla","animator:Fredrika+1","Meat on the Bone","Mirror","animator:LimeBell+1","animator:Hibiki","animator:EmiyaShirou+1","Girya","HandDrill","Replay:Bottled Steam","animator:AcuraAkari+1","HornCleat","Guide Book","animator:AncientMedallion","animator:Guy","animator:AncientMedallion","animator:Entoma","animator:Hibiki","animator:AncientMedallion","animator:AncientMedallion","animator:AncientMedallion","animator:AncientMedallion","animator:Rimuru","animator:AncientMedallion","animator:AncientMedallion","animator:AncientMedallion","animator:FalseLifePotion"],"campfire_rested":1,"item_purchase_floors":[4,4,4,4,12,12,12,20,20,20,20,22,22,22,22,37,37,37,37,47,47,47,59,59,59,59,59,59,63,63,63,67,67,67,67,67],"current_hp_per_floor":[54,54,54,54,54,54,49,53,53,47,47,47,40,44,44,59,61,61,45,45,45,45,45,45,65,65,63,63,63,67,67,67,61,66,67,67,67,67,45,36,56,64,64,67,67,50,50,56,56,66,67,67,67,91,40,25,25,25,25,49,52,42,42,74,74,85,85,66,60,0,0],"gold":46843,"neow_bonus":"RANDOM_COLORLESS_2","is_daily":false,"chose_seed":false,"campfire_upgraded":4,"win_rate":0.0,"timestamp":1610464861,"path_taken":["M","?","?","$","?","?","E","M","T","E","R","$","E","?","R","BOSS","M","?","$","?","$","?","R","E","T","?","?","R","M","M","R","BOSS","M","?","$","M","?","E","R","E","T","?","?","E","?","M","R","BOSS","BOSS","R","??","M","M","T","?","$","M","M","?","$","E","T","?","$","E","E","BOSS"],"items_purchased_type":["Relic","Relic","Card","Relic","Card","Relic","Relic","Relic","Relic","Card","Card","Relic","Relic","Card","Card","Card","Relic","Relic","Relic","Card","Relic","Relic","Relic","Card","Relic","Card","Card","Relic","Relic","Relic","Relic","Card","Relic","Relic","Relic","Potion"],"build_version":"2020-12-22","purchased_purges":9,"victory":false,"max_hp_per_floor":[60,60,60,60,60,60,60,61,61,61,61,61,61,61,61,61,61,61,66,66,66,66,66,66,67,67,67,67,67,67,67,67,67,67,67,67,67,67,67,67,67,67,67,67,67,67,67,67,67,67,67,67,67,91,91,91,91,91,91,91,91,91,91,91,91,91,91,91,91,91,91],"card_choices":[{"not_picked":["animator:Lelouch","animator:Patchouli"],"picked":"animator:Emilia","floor":0.0},{"not_picked":["animator:Shalltear","animator:Assassin","animator:Alexander"],"picked":"SKIP","floor":1.0},{"not_picked":["animator:ChlammyZell","animator:Benimaru","animator:DolaStephanie"],"picked":"SKIP","floor":5.0},{"not_picked":["animator:Shalltear","animator:Witch"],"picked":"animator:ChaikaBohdan","floor":7.0},{"not_picked":["animator:AcuraAkari","animator:ChaikaBohdan"],"picked":"animator:Fredrika","floor":8.0},{"not_picked":["animator:Souei","animator:Viivi"],"picked":"animator:Rimuru","floor":10.0},{"not_picked":["animator:HiiragiShinya","animator:ChlammyZell","animator:Spearman"],"picked":"SKIP","floor":13.0},{"not_picked":["animator:FielNirvalen","animator:Lancer","animator:Evileye"],"picked":"SKIP","floor":14.0},{"not_picked":["animator:Ainz","animator:Saber"],"picked":"animator:ChaikaTrabant","floor":16.0},{"not_picked":["animator:Gillette","animator:CowGirl+1"],"picked":"animator:AcuraShin","floor":25.0},{"not_picked":["animator:Benimaru","animator:ChaikaBohdan","animator:Yuuichirou"],"picked":"SKIP","floor":27.0},{"not_picked":["animator:Lancer","animator:Alexander"],"picked":"animator:Demiurge+1","floor":30.0},{"not_picked":["animator:Viivi","animator:Gillette"],"picked":"animator:Guy+1","floor":31.0},{"not_picked":["animator:Jibril","animator:AcuraTooru","animator:HiiragiShinya+1"],"picked":"SKIP","floor":35.0},{"not_picked":["animator:Viivi","animator:Rider+1","animator:Archer"],"picked":"SKIP","floor":38.0},{"not_picked":["animator:Cocytus","animator:Mikaela","animator:Kaijin"],"picked":"SKIP","floor":40.0},{"not_picked":["animator:Gillette","animator:ChaikaBohdan"],"picked":"animator:AcuraAkari+1","floor":42.0},{"not_picked":["animator:Shuna+1","animator:Cocytus","animator:Vesta+1"],"picked":"SKIP","floor":44.0},{"not_picked":["animator:CowGirl+1","animator:FeridBathory","animator:DolaCouronne+1"],"picked":"SKIP","floor":46.0},{"not_picked":["animator:HiiragiShinya+1","animator:Hakurou","animator:DwarfShaman"],"picked":"SKIP","floor":48.0},{"not_picked":["animator:Mikaela","animator:Shalltear"],"picked":"animator:Entoma","floor":55.0},{"not_picked":["animator:FielNirvalen","animator:DolaCouronne","animator:Berserker"],"picked":"SKIP","floor":56.0},{"not_picked":["animator:DwarfShaman","animator:Shuna","animator:Jibril"],"picked":"SKIP","floor":60},{"not_picked":["animator:GoblinSlayer","animator:DwarfShaman","animator:ShinjiMatou"],"picked":"SKIP","floor":61},{"not_picked":["animator:AcuraAkari","animator:Guy","animator:Shinoa"],"picked":"SKIP","floor":64},{"not_picked":["animator:HiiragiShinya","animator:DolaCouronne","animator:DwarfShaman"],"picked":"SKIP","floor":68},{"not_picked":["animator:FeridBathory","animator:GoblinSlayer"],"picked":"animator:ChaikaTrabant","floor":69}],"player_experience":4396879,"relics_obtained":[{"floor":3.0,"key":"Red Skull"},{"floor":7.0,"key":"Dead Branch"},{"floor":9.0,"key":"Centennial Puzzle"},{"floor":10.0,"key":"animator:BattleDrones"},{"floor":13.0,"key":"Lantern"},{"floor":25.0,"key":"InkBottle"},{"floor":26.0,"key":"Gremlin Horn"},{"floor":39.0,"key":"Mummified Hand"},{"floor":40.0,"key":"ReplayTheSpireMod:TigerMarble"},{"floor":42.0,"key":"Bronze Scales"},{"floor":43.0,"key":"Anchor"},{"floor":45.0,"key":"Shuriken"},{"floor":46.0,"key":"animator:ShionDessert"},{"floor":54.0,"key":"animator:TheWolleyCore"},{"floor":54.0,"key":"animator:AncientMedallion"},{"floor":57.0,"key":"animator:AncientMedallion"},{"floor":58,"key":"ReplayTheSpireMod:Ring of Exchange"},{"floor":58,"key":"Ring of Peace"},{"floor":64,"key":"animator:AncientMedallion"},{"floor":65,"key":"animator:AncientMedallion"},{"floor":68,"key":"animator:AncientMedallion"},{"floor":69,"key":"animator:AncientMedallion"}],"event_choices":[{"damage_healed":0.0,"max_hp_gain":0.0,"max_hp_loss":0.0,"gold_gain":0.0,"event_name":"Big Fish","player_choice":"Box","floor":2.0,"gold_loss":0.0,"damage_taken":0.0,"relics_obtained":["Snack Pack"],"cards_obtained":["Regret"]},{"damage_healed":0.0,"max_hp_gain":0.0,"max_hp_loss":0.0,"gold_gain":0.0,"event_name":"Wheel of Change","player_choice":"Relic","floor":3.0,"gold_loss":0.0,"damage_taken":0.0},{"damage_healed":0.0,"max_hp_gain":0.0,"max_hp_loss":0.0,"gold_gain":0.0,"event_name":"Accursed Blacksmith","player_choice":"Rummage","floor":6.0,"gold_loss":0.0,"damage_taken":0.0,"relics_obtained":["WarpedTongs"],"cards_obtained":["Pain"]},{"damage_healed":0.0,"max_hp_gain":5.0,"max_hp_loss":0.0,"gold_gain":0.0,"event_name":"Forgotten Altar","player_choice":"Shed Blood","floor":19.0,"gold_loss":0.0,"damage_taken":21.0},{"cards_removed":["animator:Strike"],"damage_healed":0.0,"max_hp_gain":0.0,"max_hp_loss":0.0,"gold_gain":0.0,"event_name":"Back to Basics","player_choice":"Elegance","floor":21.0,"gold_loss":0.0,"damage_taken":0.0},{"cards_removed":["animator:Defend"],"damage_healed":0.0,"max_hp_gain":0.0,"max_hp_loss":0.0,"gold_gain":0.0,"event_name":"Beggar","player_choice":"Gave Gold","floor":23.0,"gold_loss":75.0,"damage_taken":0.0},{"damage_healed":0.0,"max_hp_gain":0.0,"max_hp_loss":0.0,"gold_gain":0.0,"event_name":"Tomb of Lord Red Mask","player_choice":"Ignored","floor":36.0,"gold_loss":0.0,"damage_taken":0.0},{"damage_healed":0,"gold_gain":0,"player_choice":"Memory 3","damage_taken":10,"max_hp_gain":0,"max_hp_loss":0,"event_name":"SensoryStone","floor":62,"gold_loss":0}],"is_beta":false,"boss_relics":[{"not_picked":["Snecko Heart","Astrolabe"],"picked":"Ectoplasm"},{"not_picked":["sneckomod:SneckoTalon","Velvet Choker"],"picked":"Replay:Wanted Poster"}],"items_purged_floors":[4,12,20,22,37,47,59,63,67],"is_endless":false,"potions_floor_spawned":[5,13,14,30,31,38,40,44,48,55,60,61,68,69],"killed_by":"animator:TheUnnamed","ascension_level":20}}