{"host":"t9zjxed0utvsfjwc","time":1610444276,"event":{"mods":["2.2 Compatiblity","Aspiration","BaseMod","Block Reminder","Colored Map","Colored Powertips","Highlight Path","Hubris","Infinite Spire","Minty Spire (QoL Compilation)","Quick Restart","Replay The Spire","StSLib","The Marked","Unceasing Turn Reminder","everything is the same but u backflip on backflip"],"gold_per_floor":[109,126,52,65,80,109,109,109,109,109,124,124,144,156,156,156,156],"floor_reached":16,"playtime":1117,"items_purged":[],"score":104,"play_id":"1be3bcdb-6e8a-4729-9022-fa6108d8beb7","local_time":"20210112093756","is_ascension_mode":false,"campfire_choices":[{"floor":8,"key":"REST"}],"circlet_count":0,"master_deck":["theMarked:Strike","theMarked:Strike","theMarked:Strike","theMarked:Strike","theMarked:Strike","theMarked:Defend","theMarked:Defend","theMarked:Defend","theMarked:SoldierOfQuellstein","theMarked:ParalyzingBlade","theMarked:Reabsorb","theMarked:Parry+1","theMarked:Generate"],"relics":["theMarked:ArtifactOfAir","Pen Nib","Replay:Accelerometer","Garlic"],"acts_visited":["Exordium"],"potions_floor_usage":[11,13,14,16],"damage_taken":[{"damage":0.0,"enemies":"Cultist","floor":1.0,"turns":3.0},{"damage":6.0,"enemies":"2 Louse","floor":2.0,"turns":2.0},{"damage":9.0,"enemies":"infinitespire:Voidling","floor":4.0,"turns":3.0},{"damage":16.0,"enemies":"Large Slime","floor":5.0,"turns":5.0},{"damage":18,"enemies":"Lagavulin","floor":6,"turns":6},{"damage":0,"enemies":"Exordium Thugs","floor":11,"turns":5},{"damage":0,"enemies":"Blue Slaver","floor":13,"turns":2},{"damage":0,"enemies":"3 Louse","floor":14,"turns":4},{"damage":83,"enemies":"The Guardian","floor":16,"turns":13}],"seed_played":"4147860961091200862","potions_obtained":[{"floor":5,"key":"Dexterity Potion"},{"floor":6,"key":"LifebloodPotion"},{"floor":11,"key":"Energy Potion"},{"floor":13,"key":"Dexterity Potion"}],"is_trial":false,"path_per_floor":["M","M","$","M","M","E","?","R","T","$","M","?","M","M","R_BF","B"],"character_chosen":"THE_DEFAULT","items_purchased":["theMarked:Reabsorb"],"campfire_rested":1,"item_purchase_floors":[3],"current_hp_per_floor":[70,64,64,55,39,21,21,42,42,42,42,42,42,42,63,0,0],"gold":156,"neow_bonus":"RANDOM_COMMON_RELIC","is_daily":false,"chose_seed":false,"campfire_upgraded":0,"win_rate":0.0,"timestamp":1610444276,"path_taken":["M","M","$","M","?","E","?","R","T","$","?","?","M","M","R_BF","BOSS"],"items_purchased_type":["Card"],"build_version":"2020-12-22","purchased_purges":0,"victory":false,"max_hp_per_floor":[70,70,70,70,70,70,70,70,70,70,70,70,70,70,70,70,70],"card_choices":[{"not_picked":["theMarked:ChainLightning","theMarked:Frustration"],"picked":"theMarked:ParalyzingBlade","floor":1.0},{"not_picked":["theMarked:Improvise","theMarked:Frustration"],"picked":"theMarked:EnhanceMovement","floor":2.0},{"not_picked":["theMarked:Frustration","theMarked:TwofoldDefense","theMarked:RepellingDischarge"],"picked":"SKIP","floor":4.0},{"not_picked":["theMarked:ElectricStrings","theMarked:Convert","theMarked:Static"],"picked":"SKIP","floor":5},{"not_picked":["theMarked:TwofoldDefense","theMarked:ElectricStrings"],"picked":"theMarked:Parry","floor":6},{"not_picked":["theMarked:HeritageOfTheMarked","theMarked:ElectricStrings"],"picked":"theMarked:Generate","floor":11},{"not_picked":["theMarked:Static","theMarked:Improvise","theMarked:Electrify"],"picked":"SKIP","floor":13},{"not_picked":["theMarked:Static","theMarked:Abjuration","theMarked:HeightenedSenses"],"picked":"SKIP","floor":14}],"player_experience":256743,"relics_obtained":[{"floor":6,"key":"Replay:Accelerometer"},{"floor":9,"key":"Garlic"}],"event_choices":[{"cards_removed":["theMarked:EnhanceMovement"],"damage_healed":0,"gold_gain":0,"player_choice":"Purged","damage_taken":0,"max_hp_gain":0,"max_hp_loss":0,"event_name":"Purifier","floor":7,"gold_loss":0},{"cards_removed":["theMarked:Defend"],"damage_healed":0,"gold_gain":0,"player_choice":"Offered Basic","damage_taken":0,"max_hp_gain":0,"max_hp_loss":0,"event_name":"Bonfire Elementals","floor":12,"gold_loss":0}],"is_beta":false,"boss_relics":[],"items_purged_floors":[],"is_endless":false,"potions_floor_spawned":[5,6,11,13],"killed_by":"The Guardian","ascension_level":0}}