{"host":"obplhmlw33xb91v8","time":1610440648,"event":{"mods":["BaseMod","Block Reminder","Curses Come First","Evolution","Minty Spire (QoL Compilation)","Quick Restart","Relic Stats","Spicy Shops","StSLib","Uncapped","Waifu the Spire","slay the spire mod where everything is the same but ironclad has a cowboy hat"],"gold_per_floor":[111,122,3,21,21,21,39,39,88,123,123,155,155,165,165,269,269,283,23,23,34,0,0,0],"floor_reached":23,"playtime":746,"items_purged":[],"score":254,"play_id":"17b311f4-0621-484a-8e9a-047e8221025c","local_time":"20210112033728","is_ascension_mode":true,"campfire_choices":[{"floor":6,"key":"REST"},{"floor":11,"key":"REST"},{"floor":13,"key":"REST"},{"floor":15,"key":"REST"}],"circlet_count":0,"master_deck":["Barrage","Barrage","Barrage","Barrage","Defend_B","Defend_B","Defend_B","Defend_B","Zap","Dualcast","Rebound","Storm","BootSequence","Cold Snap","Capacitor","Ball Lightning+1","Buffer","Writhe","Darkness"],"relics":["EVO:Axolotl","SlaversCollar","Letter Opener","Orichalcum","NlothsMask","Bag of Marbles","Molten Egg 2","Busted Crown","Kunai","Blood Vial"],"acts_visited":["Exordium","TheCity"],"potions_floor_usage":[12,23],"damage_taken":[{"damage":10,"enemies":"Small Slimes","floor":1,"turns":5},{"damage":10,"enemies":"Jaw Worm","floor":2,"turns":6},{"damage":10,"enemies":"Cultist","floor":4,"turns":5},{"damage":17,"enemies":"Exordium Thugs","floor":7,"turns":6},{"damage":24,"enemies":"Gremlin Nob","floor":10,"turns":5},{"damage":29,"enemies":"3 Sentries","floor":12,"turns":6},{"damage":3,"enemies":"2 Fungi Beasts","floor":14,"turns":4},{"damage":47,"enemies":"Slime Boss","floor":16,"turns":7},{"damage":13,"enemies":"Shell Parasite","floor":18,"turns":4},{"damage":19,"enemies":"2 Thieves","floor":21,"turns":4},{"damage":58,"enemies":"Slavers","floor":23,"turns":4}],"seed_played":"-210394176500826306","potions_obtained":[{"floor":7,"key":"PowerPotion"},{"floor":16,"key":"BlessingOfTheForge"}],"is_trial":false,"path_per_floor":["M","M","$","M","?","R","M","?","T","E","R","E","R","M","R","B",null,"M","$","?","M","?","E"],"character_chosen":"DEFECT","items_purchased":["Letter Opener","Kunai"],"campfire_rested":4,"item_purchase_floors":[3,19],"current_hp_per_floor":[65,55,55,45,33,55,38,38,38,14,36,7,29,26,48,1,75,62,62,62,45,45,0,0],"gold":0,"neow_bonus":"BOSS_RELIC","is_daily":false,"chose_seed":false,"campfire_upgraded":0,"win_rate":0.0,"timestamp":1610440648,"path_taken":["M","M","$","M","?","R","M","?","T","E","R","E","R","?","R","BOSS","M","$","?","M","?","E"],"items_purchased_type":["Relic","Relic"],"build_version":"2020-12-22","purchased_purges":0,"victory":false,"max_hp_per_floor":[75,75,75,75,75,75,75,75,75,75,75,75,75,75,75,75,75,75,75,75,75,75,75,75],"relic_stats":{"Blood Vial":4,"Busted Crown":4,"counters":[11,56],"Letter Opener":[50],"Kunai":[2],"Orichalcum":[66],"obtain_stats":[{"Blood Vial":20,"SlaversCollar":0,"Busted Crown":17,"Molten Egg 2":12,"Bag of Marbles":10,"EVO:Axolotl":0,"Letter Opener":3,"Kunai":19,"Orichalcum":5,"Cracked Core":0,"NlothsMask":8},{"Blood Vial":9,"SlaversCollar":0,"Busted Crown":8,"Molten Egg 2":6,"Bag of Marbles":5,"EVO:Axolotl":0,"Letter Opener":2,"Kunai":9,"Orichalcum":3,"Cracked Core":0,"NlothsMask":4},{"Blood Vial":48,"SlaversCollar":0,"Busted Crown":44,"Molten Egg 2":33,"Bag of Marbles":27,"EVO:Axolotl":0,"Letter Opener":11,"Kunai":48,"Orichalcum":16,"Cracked Core":0,"NlothsMask":22}]},"card_choices":[{"not_picked":["Hologram","Gash"],"picked":"Rebound","floor":1},{"not_picked":["Gash","Barrage"],"picked":"Storm","floor":2},{"not_picked":["Gash","Barrage"],"picked":"BootSequence","floor":4},{"not_picked":["Compile Driver","Chaos"],"picked":"Cold Snap","floor":7},{"not_picked":["Compile Driver","Meteor Strike","Storm"],"picked":"SKIP","floor":10},{"not_picked":["Steam","Conserve Battery"],"picked":"Capacitor","floor":12},{"not_picked":["Streamline+1","Steam Power"],"picked":"Ball Lightning+1","floor":14},{"not_picked":["Biased Cognition","Rainbow"],"picked":"Buffer","floor":16},{"not_picked":["Chaos"],"picked":"SKIP","floor":18},{"not_picked":[],"picked":"Darkness","floor":21}],"player_experience":168866,"relics_obtained":[{"floor":10,"key":"Bag of Marbles"},{"floor":12,"key":"Molten Egg 2"}],"event_choices":[{"damage_healed":0,"gold_gain":0,"player_choice":"Success","damage_taken":12,"relics_obtained":["Orichalcum"],"max_hp_gain":0,"max_hp_loss":0,"event_name":"Scrap Ooze","floor":5,"gold_loss":0},{"damage_healed":0,"gold_gain":0,"player_choice":"Trade","damage_taken":0,"relics_obtained":["NlothsMask"],"max_hp_gain":0,"max_hp_loss":0,"event_name":"FaceTrader","floor":8,"gold_loss":0},{"damage_healed":0,"gold_gain":0,"player_choice":"Opened","damage_taken":0,"relics_obtained":["Blood Vial"],"max_hp_gain":0,"max_hp_loss":0,"event_name":"The Mausoleum","floor":20,"gold_loss":0,"cards_obtained":["Writhe"]},{"damage_healed":0,"gold_gain":0,"player_choice":"Paid Fearfully","damage_taken":0,"max_hp_gain":0,"max_hp_loss":0,"event_name":"Masked Bandits","floor":22,"gold_loss":34}],"is_beta":false,"boss_relics":[{"not_picked":["Ectoplasm","Velvet Choker"],"picked":"Busted Crown"}],"items_purged_floors":[],"is_endless":false,"potions_floor_spawned":[7,16],"killed_by":"Slavers","ascension_level":3}}