{"host":"sc0o2qwpf9j16a4i","time":1610468810,"event":{"mods":["AchievementEnabler","BaseMod","BetterRewards","Block Reminder","Colored Map","Colored Powertips","Custom Start","Highlight Path","Minty Spire (QoL Compilation)","Relic Stats"],"gold_per_floor":[116,129,204,42,55,81,81,97,97,97,97,117,146,164,164,240,240,258,26,37,71,71,71,87,87,157,183,183,198,227,227,227,227,227],"floor_reached":33,"playtime":941,"items_purged":["Strike_B"],"score":665,"play_id":"4c272026-c324-49b1-ada0-46c0af8ba712","local_time":"20210112182650","is_ascension_mode":true,"campfire_choices":[{"floor":7,"key":"REST"},{"floor":11,"key":"REST"},{"floor":15,"key":"REST"},{"floor":23,"key":"REST"},{"floor":25,"key":"REST"},{"floor":28,"key":"REST"},{"data":"Fission","floor":32,"key":"SMITH"}],"circlet_count":0,"master_deck":["AscendersBane","Defend_B","Defend_B","Defend_B","Defend_B","Zap","Dualcast","Biased Cognition+1","Coolheaded","Compile Driver","Ball Lightning+1","Conserve Battery","Hologram","Cold Snap","Rip and Tear","Electrodynamics","Coolheaded","Go for the Eyes","Compile Driver","Fission+1","Conserve Battery","White Noise","Heatsinks","Buffer","Chill","Bite","Bite","Bite","Bite","Bite"],"relics":["Cracked Core","Orichalcum","PreservedInsect","Bottled Lightning","Runic Dome","Orrery","Red Mask","Mercury Hourglass","Nunchaku"],"acts_visited":["Exordium","TheCity"],"potions_floor_usage":[6,13,20,20,21,30],"damage_taken":[{"damage":6,"enemies":"2 Louse","floor":1,"turns":3},{"damage":0,"enemies":"Jaw Worm","floor":2,"turns":5},{"damage":2,"enemies":"Small Slimes","floor":5,"turns":3},{"damage":16,"enemies":"Lagavulin","floor":6,"turns":5},{"damage":0,"enemies":"Exordium Thugs","floor":8,"turns":4},{"damage":4,"enemies":"Looter","floor":12,"turns":3},{"damage":0,"enemies":"Gremlin Nob","floor":13,"turns":2},{"damage":0,"enemies":"2 Fungi Beasts","floor":14,"turns":3},{"damage":55,"enemies":"The Guardian","floor":16,"turns":17},{"damage":0,"enemies":"Chosen","floor":18,"turns":4},{"damage":0,"enemies":"3 Byrds","floor":20,"turns":3},{"damage":14,"enemies":"Masked Bandits","floor":21,"turns":4},{"damage":23,"enemies":"Snake Plant","floor":24,"turns":5},{"damage":16,"enemies":"Slavers","floor":27,"turns":2},{"damage":0,"enemies":"Centurion and Healer","floor":29,"turns":5},{"damage":5,"enemies":"Gremlin Leader","floor":30,"turns":4},{"damage":82,"enemies":"Champ","floor":33,"turns":14}],"seed_played":"6858805223788248199","potions_obtained":[{"floor":5,"key":"FearPotion"},{"floor":6,"key":"AttackPotion"},{"floor":13,"key":"Explosive Potion"},{"floor":16,"key":"BlessingOfTheForge"},{"floor":20,"key":"Fire Potion"},{"floor":29,"key":"Swift Potion"}],"is_trial":false,"path_per_floor":["M","M","?","$","M","E","R","M","T","?","R","M","E","M","R","B",null,"M","$","M","?","?","R","M","R","T","E","R","M","E","?","R","B"],"character_chosen":"DEFECT","items_purchased":["Orichalcum","Orrery"],"campfire_rested":6,"item_purchase_floors":[4,19],"current_hp_per_floor":[58,58,47,47,45,29,48,48,48,29,48,44,44,44,63,8,50,50,50,50,36,36,55,32,51,51,35,54,54,49,49,49,0,0],"gold":227,"neow_bonus":"THREE_RARE_CARDS","is_daily":false,"chose_seed":false,"campfire_upgraded":1,"win_rate":0.0,"timestamp":1610468810,"path_taken":["M","M","?","$","M","E","R","M","T","?","R","M","E","M","R","BOSS","M","$","M","?","?","R","?","R","T","E","R","M","E","?","R","BOSS"],"items_purchased_type":["Relic","Relic"],"build_version":"2020-12-22","purchased_purges":1,"victory":false,"max_hp_per_floor":[64,64,64,64,64,64,64,64,64,64,64,64,64,64,64,64,64,64,64,64,64,64,64,64,64,64,64,64,64,64,64,64,64,64],"relic_stats":{"Nunchaku":[4],"counters":[17,86],"PreservedInsect":110,"Orichalcum":[150],"obtain_stats":[{"Blood Vial":30,"Runic Dome":17,"Nunchaku":27,"Orrery":19,"PreservedInsect":6,"Red Mask":21,"Bottled Lightning":13,"Orichalcum":4,"Cracked Core":0,"Mercury Hourglass":26},{"Blood Vial":16,"Runic Dome":9,"Nunchaku":14,"Orrery":10,"PreservedInsect":4,"Red Mask":12,"Bottled Lightning":7,"Orichalcum":2,"Cracked Core":0,"Mercury Hourglass":13},{"Blood Vial":72,"Runic Dome":45,"Nunchaku":63,"Orrery":49,"PreservedInsect":16,"Red Mask":56,"Bottled Lightning":25,"Orichalcum":8,"Cracked Core":0,"Mercury Hourglass":61}],"Mercury Hourglass":[74]},"card_choices":[{"not_picked":["Seek","All For One"],"picked":"Biased Cognition","floor":0},{"not_picked":["Gash","Tempest"],"picked":"Coolheaded","floor":1},{"not_picked":["Go for the Eyes","Gash"],"picked":"Compile Driver","floor":2},{"not_picked":["Stack","Turbo"],"picked":"Ball Lightning","floor":5},{"not_picked":["Blizzard","All For One","Turbo"],"picked":"SKIP","floor":6},{"not_picked":["Recycle","Ball Lightning"],"picked":"Conserve Battery","floor":8},{"not_picked":["Compile Driver","Recycle"],"picked":"Hologram","floor":12},{"not_picked":["Glacier","Barrage"],"picked":"Cold Snap","floor":13},{"not_picked":["Auto Shields","Steam"],"picked":"Rip and Tear","floor":14},{"not_picked":["Creative AI","Meteor Strike"],"picked":"Electrodynamics","floor":16},{"not_picked":["Hologram","Sweeping Beam"],"picked":"Coolheaded","floor":18},{"not_picked":["FTL","Barrage"],"picked":"Go for the Eyes","floor":19},{"not_picked":["Go for the Eyes","Ball Lightning"],"picked":"Compile Driver","floor":19},{"not_picked":["Steam Power","Aggregate"],"picked":"Fission","floor":19},{"not_picked":["Leap","Go for the Eyes"],"picked":"Conserve Battery","floor":19},{"not_picked":["Leap","Steam+1","Gash"],"picked":"SKIP","floor":20},{"not_picked":["Compile Driver","Beam Cell"],"picked":"White Noise","floor":24},{"not_picked":["Storm","Compile Driver"],"picked":"Heatsinks","floor":27},{"not_picked":["Rebound","Chaos"],"picked":"Buffer","floor":29},{"not_picked":["Leap","Tempest"],"picked":"Chill","floor":30}],"player_experience":606633,"relics_obtained":[{"floor":6,"key":"PreservedInsect"},{"floor":13,"key":"Bottled Lightning"},{"floor":21,"key":"Red Mask"},{"floor":26,"key":"Mercury Hourglass"},{"floor":27,"key":"Nunchaku"},{"floor":30,"key":"Blood Vial"}],"event_choices":[{"damage_healed":0,"gold_gain":75,"player_choice":"Gather Gold","damage_taken":11,"max_hp_gain":0,"max_hp_loss":0,"event_name":"World of Goop","floor":3,"gold_loss":0},{"damage_healed":0,"gold_gain":0,"player_choice":"Entered Light","damage_taken":19,"max_hp_gain":0,"max_hp_loss":0,"event_name":"Shining Light","floor":10,"gold_loss":0,"cards_upgraded":["Biased Cognition","Ball Lightning"]},{"damage_healed":0,"gold_gain":0,"player_choice":"Fought Bandits","damage_taken":0,"max_hp_gain":0,"max_hp_loss":0,"event_name":"Masked Bandits","floor":21,"gold_loss":0},{"damage_healed":0,"gold_gain":0,"player_choice":"Became a vampire (Vial)","damage_taken":0,"max_hp_gain":0,"max_hp_loss":0,"event_name":"Vampires","floor":31,"relics_lost":["Blood Vial"],"gold_loss":0,"cards_obtained":["Bite","Bite","Bite","Bite","Bite"]}],"is_beta":false,"boss_relics":[{"not_picked":["Black Star","Calling Bell"],"picked":"Runic Dome"}],"items_purged_floors":[19],"is_endless":false,"potions_floor_spawned":[5,6,13,16,20,29],"killed_by":"Champ","ascension_level":20}}