{"host":"Ruben","time":1610492982,"event":{"mods":["AchievementEnabler","Aspiration","BaseMod","Better Altar","Better Match","Better Note","Better Sensory Stone","Better Skull","Better Third Choice","BetterRewards","Colored Map","Conspire","Downfall","GifTheSpireLib","Googly Eyes","Highlight Path","Hubris","Minty Spire (QoL Compilation)","Permanent Neow","Replay The Spire","Shop Mod","Spicy Shops","StSLib","Stuff the Spire","The IronCluck","everything is the same but u backflip on backflip","slay the spire mod where everything is the same but ironclad has a cowboy hat"],"gold_per_floor":[116,41,41,41,41,69,69,98,179,179,291,311,343,361,361,464,464,480,480,480,480,490,490,490],"floor_reached":23,"language":"ENG","playtime":1175,"items_purged":["Strike_B"],"score":232,"play_id":"21c2a023-52fe-4c2a-9e65-7371922c2947","local_time":"20210113000942","is_ascension_mode":false,"campfire_choices":[{"data":"Sweeping Beam","floor":7,"key":"SMITH"},{"floor":10,"key":"REST"},{"floor":15,"key":"REST"}],"circlet_count":0,"master_deck":["Defend_B","Defend_B","Defend_B","Zap+1","Dualcast","Sweeping Beam+1","Pain","StuffTheSpire:ShieldGenerator","Ball Lightning","Beam Cell","Rainbow","Clumsy","Amnesia","Ball Lightning","Bite","Bite","Bite","Bite","Bite","ReplayTheSpireMod:GoodbyeWorld+1"],"relics":["Cracked Core","WarpedTongs","hubris:Icosahedron","Pen Nib","Blue Candle","conspire:Flyswatter","MealTicket","Kintsugi"],"acts_visited":["Exordium","TheCity"],"potions_floor_usage":[16,16,16,23],"damage_taken":[{"damage":1,"enemies":"Cultist","floor":1,"turns":4},{"damage":24,"enemies":"3 Sentries","floor":6,"turns":5},{"damage":26,"enemies":"Gremlin Nob","floor":8,"turns":4},{"damage":5,"enemies":"Jaw Worm","floor":11,"turns":3},{"damage":4,"enemies":"Small Slimes","floor":12,"turns":3},{"damage":16,"enemies":"3 Sentries","floor":13,"turns":7},{"damage":0,"enemies":"Blue Slaver","floor":14,"turns":3},{"damage":41,"enemies":"Slime Boss","floor":16,"turns":7},{"damage":32,"enemies":"Shell Parasite","floor":18,"turns":6},{"damage":33,"enemies":"conspire:FuzzyDice","floor":22,"turns":5},{"damage":29,"enemies":"Book of Stabbing","floor":23,"turns":2}],"seed_played":"-8038621247041478663","potions_obtained":[{"floor":12,"key":"Swift Potion"},{"floor":13,"key":"Fire Potion"},{"floor":14,"key":"Weak Potion"},{"floor":22,"key":"SkillPotion"}],"is_trial":false,"path_per_floor":["M","$","?","$","?","E","R","E","T","R","M","M","E","M","R","B",null,"M","?","?","?","M","E"],"character_chosen":"DEFECT","items_purchased":[],"campfire_rested":2,"item_purchase_floors":[],"current_hp_per_floor":[74,74,74,74,74,50,50,24,24,46,41,37,21,21,43,2,75,43,36,36,36,18,0,0],"gold":490,"neow_bonus":"UPGRADE_CARD","is_daily":false,"chose_seed":false,"campfire_upgraded":1,"win_rate":0.0,"timestamp":1610492982,"path_taken":["M","$","?","?","?","E","R","E","T","R","?","M","E","M","R","BOSS","M","?","?","?","M","E"],"items_purchased_type":[],"build_version":"2020-12-18","purchased_purges":1,"victory":false,"max_hp_per_floor":[75,75,75,75,75,75,75,75,75,75,75,75,75,75,75,75,75,75,75,75,52,52,52,52],"card_choices":[{"not_picked":["Cold Snap","Double Energy"],"picked":"Sweeping Beam","floor":1},{"not_picked":["ReplaySort","Rip and Tear","hubris:PowerSurge"],"picked":"SKIP","floor":6},{"not_picked":["ReplayTheSpireMod:Reroute Power","Hyperbeam","ReplayTheSpireMod:Repulse"],"picked":"SKIP","floor":8},{"not_picked":["Conserve Battery","Panic Button"],"picked":"StuffTheSpire:ShieldGenerator","floor":11},{"not_picked":["Steam Power","Beam Cell","Hello World"],"picked":"SKIP","floor":12},{"not_picked":["Multi-Cast","Coolheaded"],"picked":"Ball Lightning","floor":13},{"not_picked":["StuffTheSpire:ShieldGenerator","Panic Button"],"picked":"Beam Cell","floor":14},{"not_picked":["hubris:Prefetch","hubris:DoWhile"],"picked":"Rainbow","floor":16},{"not_picked":["ReplayTheSpireMod:System Scan","ReplayTheSpireMod:Reroute Power"],"picked":"Ball Lightning","floor":18},{"not_picked":["hubris:PowerSurge","Panic Button"],"picked":"ReplayTheSpireMod:GoodbyeWorld+1","floor":22}],"player_experience":258017,"relics_obtained":[{"floor":6,"key":"Pen Nib"},{"floor":8,"key":"Blue Candle"},{"floor":9,"key":"conspire:Flyswatter"},{"floor":13,"key":"MealTicket"}],"event_choices":[{"damage_healed":0,"gold_gain":0,"player_choice":"Rummage","damage_taken":0,"relics_obtained":["WarpedTongs"],"max_hp_gain":0,"max_hp_loss":0,"event_name":"Accursed Blacksmith","floor":3,"gold_loss":0,"cards_obtained":["Pain"]},{"damage_healed":0,"gold_gain":0,"player_choice":"Damaged","damage_taken":7,"max_hp_gain":0,"max_hp_loss":0,"event_name":"Wheel of Change","floor":19,"gold_loss":0},{"damage_healed":0,"gold_gain":0,"player_choice":"Ignored","damage_taken":0,"max_hp_gain":0,"max_hp_loss":0,"event_name":"betterNote:BetterNote","floor":20,"gold_loss":0,"cards_obtained":["Worship"]},{"damage_healed":0,"gold_gain":0,"player_choice":"Became a vampire","damage_taken":0,"max_hp_gain":0,"max_hp_loss":23,"event_name":"Vampires","floor":21,"gold_loss":0,"cards_obtained":["Bite","Bite","Bite","Bite","Bite"]}],"is_beta":true,"boss_relics":[{"not_picked":["StuffTheSpire:RunicConfusion","hubris:VirtuousBlindfold"],"picked":"Kintsugi"}],"items_purged_floors":[2],"is_endless":false,"potions_floor_spawned":[12,13,14,22],"killed_by":"Book of Stabbing","ascension_level":0}}