{"host":"qxeepl7ydvsgmfdb","time":1610428583,"event":{"mods":["AchievementEnabler","BaseMod","Colored Powertips","Minty Spire (QoL Compilation)","Quick Restart","slay the spire mod where everything is the same but ironclad has a cowboy hat"],"gold_per_floor":[118,293,318,333,333,364,364,399,399,218,493,493,509,532,532,656,656,675,600,600,65,88,88,88],"floor_reached":23,"playtime":687,"items_purged":["Doubt","Strike_G"],"score":266,"play_id":"96a9ff87-9f27-43b3-a1a1-d85bc4d70397","local_time":"20210112001623","is_ascension_mode":true,"campfire_choices":[{"data":"Deadly Poison","floor":7,"key":"SMITH"},{"floor":12,"key":"REST"},{"floor":15,"key":"REST"}],"circlet_count":0,"master_deck":["Strike_G","Strike_G","Strike_G","Strike_G","Defend_G","Defend_G","Defend_G","Defend_G","Defend_G","Survivor","Neutralize","Deadly Poison","Deadly Poison+1","Cloak And Dagger","Infinite Blades+1","Distraction","Acrobatics","Backstab","Adrenaline","Envenom+1","Cloak And Dagger","Dagger Spray","Flying Knee+1"],"relics":["Ring of the Snake","NeowsBlessing","Smiling Mask","Golden Idol","WingedGreaves","Frozen Egg 2","Pen Nib","SacredBark","MutagenicStrength","Incense Burner"],"acts_visited":["Exordium","TheCity"],"potions_floor_usage":[8,16,16,23],"damage_taken":[{"damage":0,"enemies":"2 Louse","floor":1,"turns":1},{"damage":0,"enemies":"Jaw Worm","floor":4,"turns":1},{"damage":0,"enemies":"3 Sentries","floor":6,"turns":1},{"damage":23,"enemies":"Gremlin Nob","floor":8,"turns":4},{"damage":8,"enemies":"Small Slimes","floor":13,"turns":3},{"damage":11,"enemies":"Looter","floor":14,"turns":4},{"damage":16,"enemies":"Hexaghost","floor":16,"turns":8},{"damage":27,"enemies":"3 Byrds","floor":18,"turns":6},{"damage":8,"enemies":"Chosen","floor":22,"turns":4},{"damage":38,"enemies":"Gremlin Leader","floor":23,"turns":4}],"seed_played":"-4319473975752646878","potions_obtained":[{"floor":4,"key":"Block Potion"},{"floor":13,"key":"ColorlessPotion"},{"floor":14,"key":"Weak Potion"},{"floor":16,"key":"DuplicationPotion"}],"is_trial":false,"path_per_floor":["M","?","T","M","?","E","R","E","T","$","?","R","M","M","R","B",null,"M","?","?","$","M","E"],"character_chosen":"THE_SILENT","items_purchased":["Distraction","PowerPotion","Envenom+1","Incense Burner","Cloak And Dagger","Dagger Spray"],"campfire_rested":2,"item_purchase_floors":[10,10,21,21,21,21],"current_hp_per_floor":[70,70,70,70,53,53,53,30,30,30,30,51,43,32,53,37,70,43,43,43,43,35,0,0],"gold":88,"neow_bonus":"THREE_ENEMY_KILL","is_daily":false,"chose_seed":false,"campfire_upgraded":1,"win_rate":0.0,"timestamp":1610428583,"path_taken":["M","?","?","M","?","E","R","E","T","?","?","R","M","?","R","BOSS","M","?","?","$","M","E"],"items_purchased_type":["Card","Potion","Card","Relic","Card","Card"],"build_version":"2020-12-22","purchased_purges":2,"victory":false,"max_hp_per_floor":[70,70,70,70,70,70,70,70,70,70,70,70,70,70,70,70,70,70,70,70,70,70,70,70],"card_choices":[{"not_picked":["Deflect","Tactician"],"picked":"Deadly Poison","floor":1},{"not_picked":["Slice","PiercingWail"],"picked":"Deadly Poison","floor":4},{"not_picked":["Riddle With Holes","Unload"],"picked":"Cloak And Dagger","floor":6},{"not_picked":["Cloak And Dagger","Expertise"],"picked":"Infinite Blades+1","floor":8},{"not_picked":["Eviscerate","Sucker Punch"],"picked":"Acrobatics","floor":13},{"not_picked":["Backflip","Flechettes"],"picked":"Backstab","floor":14},{"not_picked":["Grand Finale","Venomology"],"picked":"Adrenaline","floor":16},{"not_picked":["Backflip","Heel Hook+1","Riddle With Holes"],"picked":"SKIP","floor":18},{"not_picked":["Riddle With Holes","Footwork+1"],"picked":"Flying Knee+1","floor":22}],"player_experience":123959,"relics_obtained":[{"floor":3,"key":"Smiling Mask"},{"floor":6,"key":"WingedGreaves"},{"floor":8,"key":"Frozen Egg 2"},{"floor":9,"key":"Pen Nib"}],"event_choices":[{"damage_healed":0,"gold_gain":175,"player_choice":"AGREE","damage_taken":0,"max_hp_gain":0,"max_hp_loss":0,"event_name":"Liars Game","floor":2,"gold_loss":0,"cards_obtained":["Doubt"]},{"damage_healed":0,"gold_gain":0,"player_choice":"Take Damage","damage_taken":17,"relics_obtained":["Golden Idol"],"max_hp_gain":0,"max_hp_loss":0,"event_name":"Golden Idol","floor":5,"gold_loss":0},{"damage_healed":0,"gold_gain":275,"player_choice":"Desecrate","damage_taken":0,"max_hp_gain":0,"max_hp_loss":0,"event_name":"Golden Shrine","floor":11,"gold_loss":0,"cards_obtained":["Regret"]},{"cards_removed":["Regret"],"damage_healed":0,"gold_gain":0,"player_choice":"Gave Gold","damage_taken":0,"max_hp_gain":0,"max_hp_loss":0,"event_name":"Beggar","floor":19,"gold_loss":75},{"damage_healed":0,"gold_gain":0,"player_choice":"Inject Mutagens","damage_taken":0,"relics_obtained":["MutagenicStrength"],"max_hp_gain":0,"max_hp_loss":0,"event_name":"Drug Dealer","floor":20,"gold_loss":0}],"is_beta":false,"boss_relics":[{"not_picked":["Fusion Hammer","Ectoplasm"],"picked":"SacredBark"}],"items_purged_floors":[10,21],"is_endless":false,"potions_floor_spawned":[4,13,14,16],"killed_by":"Gremlin Leader","ascension_level":4}}