{"host":"fkig9nrckec4xsh0","time":1610421811,"event":{"mods":["BaseMod","Colored Map","Minty Spire (QoL Compilation)","Quick Restart","Replay The Spire","StSLib"],"gold_per_floor":[115,115,115,115,134,175,175,175,190,190,190],"floor_reached":10,"playtime":126,"items_purged":[],"score":105,"play_id":"37a80d53-a3e8-408f-8254-ac6e7e48811f","local_time":"20210111222331","is_ascension_mode":true,"campfire_choices":[],"circlet_count":0,"master_deck":["Strike_G","Strike_G","Strike_G","Strike_G","Defend_G","Defend_G","Defend_G","Defend_G","Defend_G","Survivor","Neutralize","Flying Knee","Night Terror","Calculated Gamble"],"relics":["Ring of the Snake","NeowsBlessing","Golden Idol","HornCleat"],"acts_visited":["Exordium"],"potions_floor_usage":[],"damage_taken":[{"damage":0,"enemies":"2 Louse","floor":1,"turns":1},{"damage":0,"enemies":"Small Slimes","floor":5,"turns":1},{"damage":0,"enemies":"3 Sentries","floor":6,"turns":1},{"damage":2,"enemies":"Cultist","floor":9,"turns":4},{"damage":0,"enemies":"Lagavulin","floor":10,"turns":1}],"seed_played":"-8160331032430622362","potions_obtained":[{"floor":9,"key":"FairyPotion"}],"is_trial":false,"path_per_floor":["M","?","?","?","M","E","PTL","PTL","M","E"],"character_chosen":"THE_SILENT","items_purchased":[],"campfire_rested":0,"item_purchase_floors":[],"current_hp_per_floor":[70,53,53,58,58,58,58,58,56,56,56],"gold":190,"neow_bonus":"THREE_ENEMY_KILL","is_daily":false,"chose_seed":false,"campfire_upgraded":0,"win_rate":0.0,"timestamp":1610421811,"path_taken":["M","?","?","?","M","E","PTL","PTL","M","E"],"items_purchased_type":[],"build_version":"2020-12-22","purchased_purges":0,"victory":false,"max_hp_per_floor":[70,70,70,75,75,75,75,75,75,75,75],"card_choices":[{"not_picked":["Quick Slash","Outmaneuver"],"picked":"Flying Knee","floor":1},{"not_picked":["Infinite Blades","Deflect"],"picked":"Night Terror","floor":5},{"not_picked":["Dodge and Roll","Reflex"],"picked":"Calculated Gamble","floor":6},{"not_picked":["Sneak Up","Masterful Stab","Endless Agony"],"picked":"SKIP","floor":9}],"player_experience":286594,"relics_obtained":[{"floor":6,"key":"HornCleat"}],"event_choices":[{"damage_healed":0,"gold_gain":0,"player_choice":"Take Damage","damage_taken":17,"relics_obtained":["Golden Idol"],"max_hp_gain":0,"max_hp_loss":0,"event_name":"Golden Idol","floor":2,"gold_loss":0},{"cards_removed":["Strike_G"],"damage_healed":0,"gold_gain":0,"player_choice":"Forget","damage_taken":0,"max_hp_gain":0,"max_hp_loss":0,"event_name":"Living Wall","floor":3,"gold_loss":0},{"damage_healed":0,"gold_gain":0,"player_choice":"Donut","damage_taken":0,"max_hp_gain":5,"max_hp_loss":0,"event_name":"Big Fish","floor":4,"gold_loss":0}],"is_beta":false,"boss_relics":[],"items_purged_floors":[],"is_endless":false,"potions_floor_spawned":[9],"killed_by":"Lagavulin","ascension_level":3}}