{"host":"q4axc00jr2bozlh9","time":1610485413,"event":{"mods":["AchievementEnabler","BaseMod","Bestiary","Colored Map","Colored Powertips","Curses Come First","Minty Spire (QoL Compilation)","Relic Stats","StSLib","SuperFastMode","UnlockEverythingMod"],"gold_per_floor":[111,131,22,34,34,65,65,80,133,133,151,151,185,203,203,332,332,351,364,364,387,367,367,367],"floor_reached":23,"language":"ENG","playtime":1221,"items_purged":["Normality"],"score":203,"play_id":"7556ff05-a93f-4262-896e-eee16f978e4d","local_time":"20210112220333","is_ascension_mode":false,"campfire_choices":[{"data":"True Grit","floor":7,"key":"SMITH"},{"data":"Bash","floor":10,"key":"SMITH"},{"floor":15,"key":"REST"}],"circlet_count":0,"master_deck":["Strike_R","Strike_R","Strike_R","Strike_R","Strike_R+1","Defend_R+1","Defend_R","Defend_R","Defend_R","Bash+1","Iron Wave","Fire Breathing","Searing Blow","Shrug It Off","True Grit+1","Thunderclap","Double Tap","Inflame","Impervious","Shrug It Off","RitualDagger","Hemokinesis+1"],"relics":["Black Blood","CaptainsWheel","Golden Idol","Self Forming Clay","Bronze Scales","Boot"],"acts_visited":["Exordium","TheCity"],"potions_floor_usage":[14,16,16,23],"damage_taken":[{"damage":1,"enemies":"Cultist","floor":1,"turns":3},{"damage":6,"enemies":"Jaw Worm","floor":2,"turns":4},{"damage":7,"enemies":"2 Louse","floor":4,"turns":5},{"damage":22,"enemies":"Gremlin Nob","floor":6,"turns":5},{"damage":0,"enemies":"Exordium Wildlife","floor":8,"turns":4},{"damage":9,"enemies":"Exordium Thugs","floor":11,"turns":6},{"damage":12,"enemies":"Lagavulin","floor":13,"turns":9},{"damage":0,"enemies":"3 Louse","floor":14,"turns":4},{"damage":30,"enemies":"The Guardian","floor":16,"turns":9},{"damage":26,"enemies":"Shell Parasite","floor":18,"turns":7},{"damage":11,"enemies":"Chosen","floor":19,"turns":7},{"damage":23,"enemies":"Snake Plant","floor":21,"turns":5},{"damage":68,"enemies":"Gremlin Leader","floor":23,"turns":10}],"seed_played":"-9103259061891898192","potions_obtained":[{"floor":4,"key":"LiquidMemories"},{"floor":6,"key":"BlessingOfTheForge"},{"floor":8,"key":"SpeedPotion"},{"floor":19,"key":"Dexterity Potion"},{"floor":21,"key":"GamblersBrew"},{"floor":22,"key":"DistilledChaos"}],"is_trial":false,"path_per_floor":["M","M","$","M","?","E","R","M","T","R","M","?","E","M","R","B",null,"M","M","?","M","?","E"],"character_chosen":"IRONCLAD","items_purchased":["Searing Blow"],"campfire_rested":1,"item_purchase_floors":[3],"current_hp_per_floor":[80,80,80,79,59,43,43,49,49,49,46,30,24,30,54,30,80,66,67,61,50,50,0,0],"gold":367,"neow_bonus":"ONE_RARE_RELIC","is_daily":false,"chose_seed":false,"campfire_upgraded":2,"win_rate":0.0,"timestamp":1610485413,"path_taken":["M","M","?","?","?","E","R","M","T","R","M","?","E","M","R","BOSS","M","M","?","M","?","E"],"items_purchased_type":["Card"],"build_version":"2020-12-22","purchased_purges":1,"victory":false,"max_hp_per_floor":[80,80,80,80,80,80,80,80,80,80,80,80,80,80,80,80,80,80,80,80,80,80,80,80],"relic_stats":{"counters":[13,78],"Golden Idol":62,"Self Forming Clay":[72],"Bronze Scales":[197],"Black Blood":85,"Boot":[17],"obtain_stats":[{"CaptainsWheel":0,"Golden Idol":5,"Self Forming Clay":6,"Bronze Scales":9,"Black Blood":17,"Boot":13,"Burning Blood":0},{"CaptainsWheel":0,"Golden Idol":3,"Self Forming Clay":4,"Bronze Scales":5,"Black Blood":9,"Boot":7,"Burning Blood":0},{"CaptainsWheel":0,"Golden Idol":12,"Self Forming Clay":17,"Bronze Scales":21,"Black Blood":49,"Boot":36,"Burning Blood":0}]},"card_choices":[{"not_picked":["True Grit","Heavy Blade"],"picked":"Iron Wave","floor":1},{"not_picked":["Wild Strike","Heavy Blade"],"picked":"Fire Breathing","floor":2},{"not_picked":["Iron Wave","Shockwave"],"picked":"Shrug It Off","floor":4},{"not_picked":["Pummel","Havoc"],"picked":"True Grit","floor":6},{"not_picked":["Havoc","Perfected Strike"],"picked":"Thunderclap","floor":8},{"not_picked":["Body Slam","Havoc"],"picked":"Double Tap","floor":11},{"not_picked":["Sword Boomerang","Corruption","True Grit"],"picked":"SKIP","floor":13},{"not_picked":["Shrug It Off","Thunderclap"],"picked":"Inflame","floor":14},{"not_picked":["Brutality","Fiend Fire"],"picked":"Impervious","floor":16},{"not_picked":["Power Through","Spot Weakness","Body Slam"],"picked":"SKIP","floor":18},{"not_picked":["Body Slam","Perfected Strike"],"picked":"Shrug It Off","floor":19},{"not_picked":["True Grit","Wild Strike+1"],"picked":"Hemokinesis+1","floor":21}],"player_experience":218729,"relics_obtained":[{"floor":6,"key":"Self Forming Clay"},{"floor":9,"key":"Bronze Scales"},{"floor":13,"key":"Boot"}],"event_choices":[{"damage_healed":0,"gold_gain":0,"player_choice":"Take Damage","damage_taken":20,"relics_obtained":["Golden Idol"],"max_hp_gain":0,"max_hp_loss":0,"event_name":"Golden Idol","floor":5,"gold_loss":0},{"damage_healed":0,"gold_gain":0,"player_choice":"Entered Light","damage_taken":16,"max_hp_gain":0,"max_hp_loss":0,"event_name":"Shining Light","floor":12,"gold_loss":0,"cards_upgraded":["Defend_R","Strike_R"]},{"damage_healed":0,"gold_gain":0,"player_choice":"Joined the Cult","damage_taken":6,"max_hp_gain":0,"max_hp_loss":0,"event_name":"Nest","floor":20,"gold_loss":0,"cards_obtained":["RitualDagger"]},{"damage_healed":0,"gold_gain":0,"player_choice":"Bought 1 Potion","damage_taken":0,"max_hp_gain":0,"max_hp_loss":0,"event_name":"The Woman in Blue","floor":22,"gold_loss":0}],"is_beta":false,"boss_relics":[{"not_picked":["Tiny House","Runic Dome"],"picked":"Black Blood"}],"items_purged_floors":[3],"is_endless":false,"potions_floor_spawned":[4,6,8,11,19,21],"killed_by":"Gremlin Leader","ascension_level":0}}