{"host":"cwd5s03r1oaxs6mx","time":1610456687,"event":{"mods":["Act Like it!","BaseMod","Better Third Choice","BetterRewards","CapriCore","Card Filter","Colored Map","Custom Start","DeckTracker","Friendly Minions","Hubris","Infinite Spire","Marisa£¨Ùöéë¡¡Øª×âÞÞ£©","Minty Spire (QoL Compilation)","Quick Restart","Relic Stats","Shop Mod","Spicy Shops","StSLib","SuperFastMode"],"gold_per_floor":[117,128,128,146,146,177,189,219,219,247,247,260,66,78,78,151,151,162,162,162,77,77,109,109,34,34,52,78,78,37,55,55,132,132,144,160,180,129,141,141,141],"floor_reached":40,"playtime":938,"items_purged":["Strike_B","Strike_B","Strike_B","Strike_B","Defend_B","Defend_B"],"score":1292,"play_id":"0a895980-4a10-4156-b6e1-08f5b65b399b","local_time":"20210112220447","is_ascension_mode":true,"campfire_choices":[{"data":"hubris:EnhanceAbility","floor":15,"key":"SMITH"},{"data":"Defragment","floor":24,"key":"SMITH"},{"floor":29,"key":"REST"},{"floor":32,"key":"REST"}],"circlet_count":0,"master_deck":["AscendersBane","Dualcast","Defragment+1","Consume","Cold Snap+1","Darkness","hubris:EnhanceAbility+1","Hologram","Ball Lightning+1","Loop","Reinforced Body","Conserve Battery","Multi-Cast","Doom and Gloom+1","Redo","Parasite","Conserve Battery+1"],"relics":["Cracked Core","Medical Kit","hubris:RGBLights","Symbiotic Virus","Whetstone","Bag of Marbles","Pantograph","Art of War","Lee\u0027s Waffle","Sozu","hubris:MobiusCoin","Nunchaku","Molten Egg 2","infinitespire:Satchel","Empty Cage"],"acts_visited":["Exordium","TheCity","TheBeyond"],"potions_floor_usage":[0,8],"damage_taken":[{"damage":9,"enemies":"Small Slimes","floor":1,"turns":3},{"damage":0,"enemies":"2 Louse","floor":2,"turns":2},{"damage":12,"enemies":"Jaw Worm","floor":4,"turns":3},{"damage":0,"enemies":"Lagavulin","floor":6,"turns":4},{"damage":9,"enemies":"2 Fungi Beasts","floor":7,"turns":3},{"damage":23,"enemies":"Gremlin Nob","floor":8,"turns":4},{"damage":6,"enemies":"3 Sentries","floor":10,"turns":5},{"damage":0,"enemies":"Large Slime","floor":12,"turns":2},{"damage":13,"enemies":"Blue Slaver","floor":14,"turns":2},{"damage":38,"enemies":"Hexaghost","floor":16,"turns":5},{"damage":14,"enemies":"Shell Parasite","floor":18,"turns":2},{"damage":35,"enemies":"Book of Stabbing","floor":23,"turns":4},{"damage":8,"enemies":"Spheric Guardian","floor":27,"turns":3},{"damage":20,"enemies":"Gremlin Leader","floor":28,"turns":4},{"damage":22,"enemies":"Snake Plant","floor":31,"turns":3},{"damage":24,"enemies":"Automaton","floor":33,"turns":7},{"damage":16,"enemies":"3 Shapes","floor":35,"turns":2},{"damage":4,"enemies":"Orb Walker","floor":36,"turns":2},{"damage":9,"enemies":"Sphere and 2 Shapes","floor":37,"turns":4},{"damage":6,"enemies":"Writhing Mass","floor":39,"turns":4},{"damage":45,"enemies":"Reptomancer","floor":40,"turns":2}],"seed_played":"-426663945831726573","potions_obtained":[{"floor":1,"key":"EssenceOfDarkness"},{"floor":6,"key":"Block Potion"},{"floor":8,"key":"Weak Potion"},{"floor":14,"key":"Block Potion"},{"floor":16,"key":"Regen Potion"}],"is_trial":false,"path_per_floor":["M","M","?","M","?","E","M","E","T","E","?","M","$","M","R","B",null,"M","AVR","?","?","?","E","R","?","T","M","E","R","$","M","R","B",null,"M","M","M","$","M","E"],"character_chosen":"DEFECT","items_purchased":["Defragment","Consume","Medical Kit","Cold Snap","Darkness","hubris:EnhanceAbility","Hologram","Fruit Juice","Ball Lightning","hubris:RGBLights","Symbiotic Virus","Loop","Lee\u0027s Waffle","Conserve Battery","Doom and Gloom+1","Redo"],"campfire_rested":2,"item_purchase_floors":[0,0,0,0,0,0,0,0,0,0,0,0,13,13,30,38],"current_hp_per_floor":[60,60,65,53,53,53,44,21,21,15,8,8,88,75,75,50,79,65,65,65,65,65,30,30,30,30,22,2,28,28,6,32,33,74,58,54,45,45,39,0,0],"gold":141,"neow_bonus":"","is_daily":false,"chose_seed":false,"campfire_upgraded":2,"win_rate":0.0,"timestamp":1610456687,"path_taken":["M","M","?","M","?","E","M","E","T","E","?","M","?","M","R","BOSS","M","AVR","?","?","?","E","R","?","T","M","E","R","?","M","R","BOSS","M","M","M","$","M","E"],"items_purchased_type":["Card","Card","Relic","Card","Card","Card","Card","Potion","Card","Relic","Relic","Card","Relic","Card","Card","Card"],"build_version":"2020-12-22","purchased_purges":6,"victory":false,"max_hp_per_floor":[76,76,81,81,81,81,81,81,81,81,81,81,88,88,88,88,88,88,88,88,88,88,88,88,88,88,88,88,88,88,88,88,88,88,88,88,88,88,88,88,88],"relic_stats":{"Sozu":5,"Lee\u0027s Waffle":80,"Nunchaku":[1],"counters":[158,588],"Pantograph":38,"Art of War":[14],"Whetstone":["Cold Snap","Ball Lightning"],"Medical Kit":[1],"obtain_stats":[{"Ice Cream":40,"hubris:BallOfYels":0,"infinitespire:BottledMercury":0,"Calipers":54,"Gremlin Horn":9,"hubris:VirtuousBlindfold":17,"infinitespire:Cubic Diamond":3,"Runic Capacitor":0,"Whetstone":6,"hubris:MysteriousPyramids":40,"Boot":25,"Sozu":34,"Centennial Puzzle":6,"infinitespire:ShieldingShard":26,"DollysMirror":0,"Strawberry":46,"MealTicket":10,"Kunai":0,"Toxic Egg 2":0,"hubris:RGBLights":47,"hubris:MobiusCoin":12,"Girya":8,"MerchantsRug":54,"Happy Flower":8,"Blue Candle":55,"Oddly Smooth Stone":8,"hubris:HollowSoul":17,"Pen Nib":55,"infinitespire:Beetle Shell":5,"Letter Opener":0,"War Paint":26,"Question Card":23,"Akabeko":40,"Cables":23,"hubris:Zylophone":4,"Du-Vu Doll":43,"Shuriken":0,"Bird Faced Urn":41,"Molten Egg 2":0,"hubris:PeanutButter":55,"infinitespire:EmpoweringShard":30,"Symbiotic Virus":0,"infinitespire:PuzzleCube":55,"Meat on the Bone":28,"Lantern":43,"Torii":42,"Incense Burner":27,"Bag of Preparation":44,"Smiling Mask":0,"Ancient Tea Set":13,"Empty Cage":29,"hubris:BlackHole":34,"Nunchaku":28,"Emotion Chip":0,"hubris:Icosahedron":7,"Pantograph":54,"Gambling Chip":30,"hubris:ScarierMask":17,"Tiny Chest":26,"Chemical X":31,"infinitespire:Eraser":11,"Cracked Core":0,"InkBottle":26,"Runic Pyramid":17,"Lee\u0027s Waffle":13,"infinitespire:Joker Card":3,"The Courier":8,"infinitespire:CheckeredPen":9,"Orichalcum":26,"Frozen Egg 2":44,"Odd Mushroom":10,"Medical Kit":0,"Nuclear Battery":34,"Anchor":54,"infinitespire:DarkRift":3,"DataDisk":20,"Busted Crown":34,"Ornamental Fan":11,"infinitespire:Satchel":28,"Turnip":0,"hubris:BundleOfHerbs":7,"Bag of Marbles":13,"Art of War":10,"Membership Card":0,"Bottled Lightning":9,"hubris:CrackedHourglass":17,"hubris:OldNail":6,"hubris:Potato":0,"TungstenRod":41,"hubris:NiceRug":0,"infinitespire:Freezer":11,"infinitespire:Midas Blood":14},{"Ice Cream":129,"hubris:BallOfYels":14,"infinitespire:BottledMercury":78,"Calipers":76,"Gremlin Horn":82,"hubris:VirtuousBlindfold":10,"infinitespire:Cubic Diamond":80,"Runic Capacitor":22,"Whetstone":141,"hubris:MysteriousPyramids":39,"Boot":62,"Sozu":37,"Centennial Puzzle":20,"infinitespire:ShieldingShard":122,"DollysMirror":111,"Strawberry":133,"MealTicket":53,"Kunai":78,"Toxic Egg 2":46,"hubris:RGBLights":73,"hubris:MobiusCoin":7,"Girya":21,"MerchantsRug":76,"Happy Flower":52,"Blue Candle":77,"Oddly Smooth Stone":5,"hubris:HollowSoul":86,"Pen Nib":110,"infinitespire:Beetle Shell":113,"Letter Opener":78,"War Paint":35,"Question Card":61,"Akabeko":101,"Cables":91,"hubris:Zylophone":25,"Du-Vu Doll":132,"Shuriken":46,"Bird Faced Urn":131,"Molten Egg 2":46,"hubris:PeanutButter":136,"infinitespire:EmpoweringShard":65,"Symbiotic Virus":137,"infinitespire:PuzzleCube":45,"Meat on the Bone":123,"Lantern":40,"Torii":132,"Incense Burner":63,"Bag of Preparation":133,"Smiling Mask":0,"Ancient Tea Set":27,"Empty Cage":64,"hubris:BlackHole":126,"Nunchaku":14,"Emotion Chip":111,"hubris:Icosahedron":4,"Pantograph":76,"Gambling Chip":94,"hubris:ScarierMask":118,"Tiny Chest":92,"Chemical X":36,"infinitespire:Eraser":21,"Cracked Core":0,"InkBottle":13,"Runic Pyramid":57,"Lee\u0027s Waffle":145,"infinitespire:Joker Card":3,"The Courier":27,"infinitespire:CheckeredPen":52,"Orichalcum":62,"Frozen Egg 2":104,"Odd Mushroom":114,"Medical Kit":46,"Nuclear Battery":96,"Anchor":76,"infinitespire:DarkRift":80,"DataDisk":119,"Busted Crown":66,"Ornamental Fan":115,"infinitespire:Satchel":151,"Turnip":78,"hubris:BundleOfHerbs":82,"Bag of Marbles":55,"Art of War":144,"Membership Card":2,"Bottled Lightning":21,"hubris:CrackedHourglass":30,"hubris:OldNail":26,"hubris:Potato":46,"TungstenRod":71,"hubris:NiceRug":0,"infinitespire:Freezer":83,"infinitespire:Midas Blood":117},{"Ice Cream":467,"hubris:BallOfYels":86,"infinitespire:BottledMercury":323,"Calipers":313,"Gremlin Horn":331,"hubris:VirtuousBlindfold":59,"infinitespire:Cubic Diamond":327,"Runic Capacitor":120,"Whetstone":530,"hubris:MysteriousPyramids":194,"Boot":272,"Sozu":187,"Centennial Puzzle":110,"infinitespire:ShieldingShard":431,"DollysMirror":380,"Strawberry":485,"MealTicket":252,"Kunai":323,"Toxic Egg 2":237,"hubris:RGBLights":303,"hubris:MobiusCoin":33,"Girya":116,"MerchantsRug":313,"Happy Flower":249,"Blue Candle":318,"Oddly Smooth Stone":21,"hubris:HollowSoul":339,"Pen Nib":374,"infinitespire:Beetle Shell":386,"Letter Opener":323,"War Paint":176,"Question Card":270,"Akabeko":360,"Cables":346,"hubris:Zylophone":129,"Du-Vu Doll":480,"Shuriken":237,"Bird Faced Urn":478,"Molten Egg 2":237,"hubris:PeanutButter":504,"infinitespire:EmpoweringShard":279,"Symbiotic Virus":518,"infinitespire:PuzzleCube":228,"Meat on the Bone":436,"Lantern":199,"Torii":480,"Incense Burner":273,"Bag of Preparation":485,"Smiling Mask":0,"Ancient Tea Set":143,"Empty Cage":276,"hubris:BlackHole":453,"Nunchaku":86,"Emotion Chip":380,"hubris:Icosahedron":16,"Pantograph":313,"Gambling Chip":350,"hubris:ScarierMask":411,"Tiny Chest":347,"Chemical X":181,"infinitespire:Eraser":116,"Cracked Core":0,"InkBottle":75,"Runic Pyramid":262,"Lee\u0027s Waffle":544,"infinitespire:Joker Card":13,"The Courier":143,"infinitespire:CheckeredPen":249,"Orichalcum":272,"Frozen Egg 2":364,"Odd Mushroom":390,"Medical Kit":237,"Nuclear Battery":352,"Anchor":313,"infinitespire:DarkRift":327,"DataDisk":415,"Busted Crown":282,"Ornamental Fan":397,"infinitespire:Satchel":564,"Turnip":323,"hubris:BundleOfHerbs":331,"Bag of Marbles":255,"Art of War":542,"Membership Card":8,"Bottled Lightning":116,"hubris:CrackedHourglass":156,"hubris:OldNail":137,"hubris:Potato":237,"TungstenRod":297,"hubris:NiceRug":0,"infinitespire:Freezer":333,"infinitespire:Midas Blood":404}]},"card_choices":[{"not_picked":["Skim","Sweeping Beam","Gash"],"picked":"SKIP","floor":1},{"not_picked":["Chill","Tempest","Barrage"],"picked":"SKIP","floor":2},{"not_picked":["Rainbow","Double Energy","Melter"],"picked":"SKIP","floor":4},{"not_picked":["Beam Cell","Leap","Sunder"],"picked":"SKIP","floor":6},{"not_picked":["Ball Lightning","Doom and Gloom","Cold Snap"],"picked":"SKIP","floor":7},{"not_picked":["Tempest","Conserve Battery","Sweeping Beam"],"picked":"SKIP","floor":8},{"not_picked":["Reinforced Body","Coolheaded","Rip and Tear"],"picked":"SKIP","floor":10},{"not_picked":["Coolheaded","Rip and Tear"],"picked":"Reinforced Body","floor":10},{"not_picked":["Genetic Algorithm","Streamline"],"picked":"Tempest","floor":12},{"not_picked":["Gash","Rebound","Cold Snap"],"picked":"SKIP","floor":14},{"not_picked":["Reboot","Machine Learning"],"picked":"Multi-Cast","floor":16},{"not_picked":["FTL","Sunder","Stack"],"picked":"SKIP","floor":18},{"not_picked":["Rebound","Ball Lightning+1","Compile Driver+1"],"picked":"SKIP","floor":23},{"not_picked":["Storm","Conserve Battery","White Noise"],"picked":"SKIP","floor":27},{"not_picked":["Conserve Battery","Genetic Algorithm","Double Energy+1"],"picked":"SKIP","floor":28},{"not_picked":["Coolheaded","Compile Driver+1","Melter+1"],"picked":"SKIP","floor":31},{"not_picked":["Blizzard+1","Melter+1","Force Field+1"],"picked":"SKIP","floor":35},{"not_picked":["Beam Cell+1","Leap","Cold Snap+1"],"picked":"SKIP","floor":36},{"not_picked":["Leap","Capacitor","Gash+1"],"picked":"SKIP","floor":37},{"not_picked":["BootSequence+1","Conserve Battery+1","Rebound+1"],"picked":"SKIP","floor":39},{"not_picked":["BootSequence+1","Rebound+1"],"picked":"Conserve Battery+1","floor":39}],"player_experience":1033381,"relics_obtained":[{"floor":6,"key":"Whetstone"},{"floor":8,"key":"Bag of Marbles"},{"floor":9,"key":"Pantograph"},{"floor":10,"key":"Art of War"},{"floor":23,"key":"Nunchaku"},{"floor":26,"key":"Molten Egg 2"},{"floor":28,"key":"infinitespire:Satchel"}],"event_choices":[{"damage_healed":0,"gold_gain":0,"player_choice":"Donut","damage_taken":0,"max_hp_gain":5,"max_hp_loss":0,"event_name":"Big Fish","floor":3,"gold_loss":0},{"cards_removed":["Defend_B"],"damage_healed":0,"gold_gain":0,"player_choice":"Card Removal","damage_taken":7,"max_hp_gain":0,"max_hp_loss":0,"event_name":"Golden Wing","floor":11,"gold_loss":0},{"damage_healed":0,"gold_gain":0,"player_choice":"Adaptability","damage_taken":0,"max_hp_gain":0,"max_hp_loss":0,"event_name":"betterThird:BetterWriting","floor":20,"gold_loss":0},{"damage_healed":0,"gold_gain":0,"player_choice":"Obtained Relic","damage_taken":0,"relics_obtained":["hubris:MobiusCoin"],"max_hp_gain":0,"max_hp_loss":0,"event_name":"Addict","floor":21,"gold_loss":85},{"damage_healed":0,"gold_gain":0,"player_choice":"Ignored","damage_taken":0,"max_hp_gain":0,"max_hp_loss":0,"event_name":"Ghosts","floor":22,"gold_loss":0},{"cards_removed":["Tempest"],"damage_healed":0,"gold_gain":0,"player_choice":"Gave Gold","damage_taken":0,"max_hp_gain":0,"max_hp_loss":0,"event_name":"Beggar","floor":25,"gold_loss":75}],"is_beta":false,"boss_relics":[{"not_picked":["SlaversCollar","Astrolabe"],"picked":"Sozu"},{"not_picked":["hubris:BlackHole","Runic Pyramid"],"picked":"Empty Cage"}],"items_purged_floors":[0,0,0,0,0,19],"is_endless":false,"potions_floor_spawned":[1,6,8,12,14,16,23,28,33,35,36],"killed_by":"Reptomancer","ascension_level":20}}