{"host":"wrlgpq1wkw8k1x5v","time":1610469994,"event":{"mods":["Act Like it!","BaseMod","Colored Powertips","Gensokyo","Koishi","Minty Spire (QoL Compilation)","RumiaBox-露米娅的神秘盒子","StSLib"],"gold_per_floor":[119,24,24,38,38,38,71,71,71,71,82,82,101,101,101,203,203,213,213,213,232,243,243,45,45,45,45,80,80,5,15,15,117,117,436,463,463,75,75,104,104,26,52,52,52,66,66,76,76,76],"floor_reached":51,"playtime":5907,"items_purged":["Decay","Parasite"],"score":687,"play_id":"be274ae8-9758-4e0b-aa33-20d171652a00","local_time":"20210113004634","is_ascension_mode":false,"campfire_choices":[{"data":"Koishi:TraumaticStroke","floor":8,"key":"SMITH"},{"data":"Koishi:JumpScare","floor":10,"key":"SMITH"},{"data":"Koishi:SilentAndRestless","floor":12,"key":"SMITH"},{"floor":15,"key":"REST"},{"data":"Koishi:ApparitionsStalkTheNight","floor":23,"key":"SMITH"},{"data":"Koishi:GrowingPain","floor":25,"key":"SMITH"},{"data":"Koishi:Provoke","floor":27,"key":"SMITH"},{"floor":32,"key":"REST"},{"data":"Koishi:UnconsciousUrges","floor":41,"key":"SMITH"},{"data":"Koishi:TerrifyingSpectre","floor":44,"key":"SMITH"},{"data":"Koishi:PerfectMindControl","floor":49,"key":"SMITH"}],"circlet_count":0,"master_deck":["Koishi:BasicStrike","Koishi:BasicStrike","Koishi:BasicStrike","Koishi:BasicStrike","Koishi:BasicDefend","Koishi:BasicDefend","Koishi:BasicDefend","Koishi:BasicDefend","Koishi:Provoke+1","Koishi:HauntingSlash","Koishi:StingingMind","Koishi:RacingHeart","Koishi:TraumaticStroke+1","Koishi:SilentAndRestless+1","Koishi:ParalyzingFear","Koishi:GrowingPain+1","Koishi:ApparitionsStalkTheNight+1","Koishi:SpiritedAway","Koishi:TerrifyingSpectre+1","Koishi:PerfectMindControl+1","Koishi:UnconsciousUrges+1","Koishi:PerfectMindControl","Koishi:BloodcurdlingScream+1","Gensokyo:EverlastingLife","Koishi:ReflexRadar","Magnetism","Koishi:VengefulSpirit","Koishi:DanmakuParanoia+1","Gensokyo:BlemishedSteel","Parasite","Koishi:ParalyzingFear+1","Koishi:Possession+1"],"relics":["Koishi:ImaginaryFriend","NeowsBlessing","Gensokyo:Justice","GodSword7","White Beast Statue","Koishi:AHoleWhereASisterShouldBe","Cursed Key","Gensokyo:ConquerorOfFear","Bottled Lightning","Orichalcum","Nunchaku","EasyGame_NEW","Unceasing Top","Toy Ornithopter","Thread and Needle","Oddly Smooth Stone","MoreBug"],"acts_visited":["Gensokyo:Gensokyo","Gensokyo:Gensokyoer","Gensokyo:Gensokyoest"],"potions_floor_usage":[16,28,28,31,33,40],"damage_taken":[{"damage":0,"enemies":"Gensokyo:Python","floor":1,"turns":1},{"damage":0,"enemies":"Gensokyo:2_Kodama","floor":4,"turns":1},{"damage":0,"enemies":"Gensokyo:Mamizou","floor":7,"turns":1},{"damage":0,"enemies":"Gensokyo:3_Fairies","floor":11,"turns":4},{"damage":14,"enemies":"Gensokyo:Gryphon_and_Rabbit","floor":13,"turns":5},{"damage":31,"enemies":"Gensokyo:Reimu","floor":16,"turns":14},{"damage":0,"enemies":"Gensokyo:2_Gloops","floor":18,"turns":4},{"damage":5,"enemies":"Gensokyo:Chomper","floor":21,"turns":4},{"damage":24,"enemies":"Gensokyo:3_Gloops","floor":22,"turns":5},{"damage":34,"enemies":"Gensokyo:Reisen","floor":28,"turns":8},{"damage":11,"enemies":"Gensokyo:Slime_Group","floor":31,"turns":5},{"damage":20,"enemies":"Gensokyo:Eiki","floor":33,"turns":7},{"damage":26,"enemies":"Gensokyo:AncientGuardian","floor":35,"turns":6},{"damage":0,"enemies":"Gensokyo:Doremy","floor":40,"turns":5},{"damage":5,"enemies":"Gensokyo:3_Bats","floor":46,"turns":4},{"damage":5,"enemies":"Gensokyo:Dusk_and_Dawn","floor":48,"turns":3},{"damage":22,"enemies":"Gensokyo:Scarlet_Devils","floor":50,"turns":8}],"seed_played":"-2759121445166296568","potions_obtained":[{"floor":4,"key":"Fire Potion"},{"floor":11,"key":"SpeedPotion"},{"floor":13,"key":"Ancient Potion"},{"floor":16,"key":"PowerPotion"},{"floor":21,"key":"FairyPotion"},{"floor":22,"key":"Swift Potion"},{"floor":28,"key":"LiquidMemories"},{"floor":31,"key":"Strength Potion"},{"floor":33,"key":"Dexterity Potion"},{"floor":35,"key":"DistilledChaos"},{"floor":40,"key":"EssenceOfSteel"},{"floor":46,"key":"LiquidBronze"},{"floor":48,"key":"BlessingOfTheForge"}],"is_trial":false,"path_per_floor":["M","$","?","M","?","$","E","R","T","R","M","R","M","?","R","B",null,"M","?","?","M","M","R","COS","R","T","R","E","?","$","M","R","B",null,"M","T","?","$","?","E","R","COS","T","R","$","M","?","M","R","B",null],"character_chosen":"KOISHI","items_purchased":["Koishi:StingingMind","Koishi:RacingHeart","Koishi:ReflexRadar","Magnetism","Koishi:VengefulSpirit"],"campfire_rested":2,"item_purchase_floors":[2,2,38,38,38],"current_hp_per_floor":[60,60,60,60,60,60,60,60,60,60,60,60,57,45,60,50,60,60,60,60,60,37,37,37,37,37,37,13,13,13,6,24,11,60,37,37,37,37,37,49,49,49,49,49,49,57,35,30,30,15],"gold":76,"neow_bonus":"THREE_ENEMY_KILL","is_daily":false,"chose_seed":false,"campfire_upgraded":9,"win_rate":0.0,"timestamp":1610469994,"path_taken":["M","$","?","?","?","?","E","R","T","R","M","R","M","?","R","BOSS","M","?","?","M","?","R","COS","R","T","R","E","?","$","M","R","BOSS","M","?","?","$","?","E","R","COS","T","R","?","M","?","M","R","BOSS"],"items_purchased_type":["Card","Card","Card","Card","Card"],"build_version":"2020-12-22","purchased_purges":2,"victory":true,"max_hp_per_floor":[60,60,60,60,60,60,60,60,60,60,60,60,60,60,60,60,60,60,60,60,60,60,60,60,60,60,60,60,60,60,60,60,60,60,60,60,60,57,57,57,57,57,57,57,57,57,57,57,57,57],"card_choices":[{"not_picked":["Koishi:UnansweredLove","Koishi:Prune"],"picked":"Koishi:JumpScare","floor":1},{"not_picked":["Koishi:Jaunt","Koishi:SpiritedAway"],"picked":"Koishi:TraumaticStroke","floor":4},{"not_picked":["Koishi:StingingMind","Koishi:UnconsciousUprising"],"picked":"Koishi:JumpScare","floor":7},{"not_picked":["Koishi:SprinkleStarAndHeart","Koishi:ParalyzingFear"],"picked":"Koishi:SilentAndRestless","floor":11},{"not_picked":["Koishi:SpiritedAway","Koishi:RacingHeart"],"picked":"Koishi:ParalyzingFear","floor":13},{"not_picked":["Koishi:PerfectMindControl","Koishi:HeartStoppingHorror"],"picked":"Koishi:GrowingPain","floor":16},{"not_picked":["Koishi:FreudianInstinct+1","Koishi:EmbryosDream"],"picked":"Koishi:ApparitionsStalkTheNight","floor":18},{"not_picked":["Koishi:SubconsciousSweep","Koishi:Jaunt","Koishi:HeartfeltFancy+1"],"picked":"SKIP","floor":21},{"not_picked":["Koishi:StingingMind","Koishi:Jaunt"],"picked":"Koishi:SpiritedAway","floor":22},{"not_picked":["Koishi:PredatoryInstincts","Koishi:MassHysteria"],"picked":"Koishi:SprinkleStarAndHeart+1","floor":28},{"not_picked":["Koishi:HeartStoppingHorror","Koishi:FadingMemory"],"picked":"Koishi:PerfectMindControl","floor":31},{"not_picked":["Koishi:FourthEye","Koishi:Jaunt"],"picked":"Koishi:UnconsciousUrges","floor":31},{"not_picked":["Koishi:GrowingPain","Koishi:SilentAndRestless"],"picked":"Koishi:PerfectMindControl","floor":33},{"not_picked":["Koishi:ParalyzingFear","Koishi:PhantomBarrier"],"picked":"Koishi:BloodcurdlingScream+1","floor":35},{"not_picked":["Gensokyo:NewMoon","Gensokyo:MorningMist"],"picked":"Gensokyo:EverlastingLife","floor":37},{"not_picked":["Koishi:Ego","Koishi:GrowingPain"],"picked":"Koishi:DanmakuParanoia+1","floor":40},{"not_picked":["Koishi:VengefulSpirit","Koishi:PhantomStrike"],"picked":"Koishi:ParalyzingFear+1","floor":46},{"not_picked":["Koishi:ApparitionsStalkTheNight","Koishi:Prune+1"],"picked":"Koishi:Possession+1","floor":48}],"player_experience":17315,"relics_obtained":[{"floor":7,"key":"GodSword7"},{"floor":9,"key":"White Beast Statue"},{"floor":21,"key":"Gensokyo:ConquerorOfFear"},{"floor":26,"key":"Bottled Lightning"},{"floor":28,"key":"Orichalcum"},{"floor":36,"key":"Toy Ornithopter"},{"floor":40,"key":"Thread and Needle"},{"floor":43,"key":"Oddly Smooth Stone"}],"event_choices":[],"is_beta":false,"boss_relics":[{"not_picked":["Sozu","Koishi:ColorfulDays"],"picked":"Cursed Key"},{"not_picked":["AddBug","SacredBark"],"picked":"EasyGame_NEW"}],"items_purged_floors":[30,38],"is_endless":false,"potions_floor_spawned":[4,11,13,16,18,21,22,28,31,33,35,40,46,48],"ascension_level":0}}