{"host":"ilhhjx796p2x2wmd","time":1610434330,"event":{"mods":["AchievementEnabler","BaseMod","BetterRewards","Colored Map","Colored Powertips","DeckTracker","Highlight Path","Minty Spire (QoL Compilation)","Permanent Neow","Rare Cards Sparkle","Shop Mod"],"gold_per_floor":[117,42,54,70,85,85,103,103,103,103,103,103,3,67,67,168,168,184,59,59,71,90,122,135,135,135,135,169,84,84,101,101,101,101],"floor_reached":33,"playtime":1294,"items_purged":["Concentrate","Noxious Fumes","Unload+1"],"score":303,"play_id":"f958d629-a105-4e45-927f-75b662ec5dcd","local_time":"20210112155210","is_ascension_mode":true,"campfire_choices":[{"data":"Grand Finale","floor":6.0,"key":"SMITH"},{"data":"Die Die Die","floor":8.0,"key":"SMITH"},{"data":"Setup","floor":11.0,"key":"SMITH"},{"data":"Neutralize","floor":15.0,"key":"SMITH"},{"floor":25.0,"key":"REST"},{"data":"Grand Finale","floor":30.0,"key":"SMITH"},{"floor":32.0,"key":"REST"}],"circlet_count":0,"master_deck":["Survivor","Neutralize+1","Blur","Setup+1","Cloak And Dagger","Die Die Die+1","Grand Finale+1","Venomology","Choke+1","Skewer+1","Grand Finale+1"],"relics":["Pandora\u0027s Box","StrikeDummy","Astrolabe","Oddly Smooth Stone","Blue Candle","HornCleat","MealTicket"],"acts_visited":["Exordium","TheCity"],"potions_floor_usage":[],"damage_taken":[{"damage":5.0,"enemies":"Small Slimes","floor":1.0,"turns":2.0},{"damage":4.0,"enemies":"Jaw Worm","floor":3.0,"turns":3.0},{"damage":0.0,"enemies":"Cultist","floor":4.0,"turns":4.0},{"damage":5.0,"enemies":"Red Slaver","floor":5.0,"turns":6.0},{"damage":23.0,"enemies":"Exordium Thugs","floor":7.0,"turns":4.0},{"damage":17.0,"enemies":"Slime Boss","floor":16.0,"turns":7.0},{"damage":38.0,"enemies":"Shell Parasite","floor":18.0,"turns":6.0},{"damage":6.0,"enemies":"2 Thieves","floor":21.0,"turns":2.0},{"damage":0.0,"enemies":"Snake Plant","floor":22.0,"turns":2.0},{"damage":12.0,"enemies":"Slavers","floor":23.0,"turns":2.0},{"damage":7.0,"enemies":"Shelled Parasite and Fungi","floor":24.0,"turns":2.0},{"damage":5.0,"enemies":"Gremlin Leader","floor":28.0,"turns":5.0},{"damage":4.0,"enemies":"Snecko","floor":31.0,"turns":4.0},{"damage":14,"enemies":"Automaton","floor":33,"turns":6}],"seed_played":"-4780070465831278054","potions_obtained":[{"floor":1.0,"key":"LiquidBronze"},{"floor":5.0,"key":"AttackPotion"},{"floor":16.0,"key":"Swift Potion"}],"is_trial":false,"path_per_floor":["M","$","M","M","M","R","M","R","T","?","R","?","$","?","R","B",null,"M","$","?","M","M","E","M","R","T","$","E","?","R","M","R","B"],"character_chosen":"THE_SILENT","items_purchased":[],"campfire_rested":2,"item_purchase_floors":[],"current_hp_per_floor":[65,65,61,61,56,56,33,33,33,33,33,38,38,38,38,21,75,37,37,37,31,31,19,12,34,34,34,29,29,29,25,47,33,33],"gold":101,"neow_bonus":"BOSS_RELIC","is_daily":false,"chose_seed":false,"campfire_upgraded":5,"win_rate":0.0,"timestamp":1610434330,"path_taken":["M","$","M","M","M","R","M","R","T","?","R","?","$","?","R","BOSS","M","$","?","M","M","E","M","R","T","$","E","?","R","M","R","BOSS"],"items_purchased_type":[],"build_version":"2020-12-22","purchased_purges":3,"victory":false,"max_hp_per_floor":[70,70,70,70,70,70,70,70,70,70,70,75,75,75,75,75,75,75,75,75,75,75,75,75,75,75,75,75,75,75,75,75,75,75],"card_choices":[{"not_picked":["Underhanded Strike","Sucker Punch","Backflip"],"picked":"SKIP","floor":1.0},{"not_picked":["Deadly Poison","Acrobatics","Deflect"],"picked":"SKIP","floor":3.0},{"not_picked":["Bane","Bullet Time","Poisoned Stab"],"picked":"SKIP","floor":4.0},{"not_picked":["Catalyst","Bane","Eviscerate"],"picked":"SKIP","floor":5.0},{"not_picked":["Quick Slash","Bane","Eviscerate"],"picked":"SKIP","floor":7.0},{"not_picked":["Wraith Form v2","Die Die Die"],"picked":"Venomology","floor":16.0},{"not_picked":["Prepared","Blur+1","Masterful Stab"],"picked":"SKIP","floor":18.0},{"not_picked":["Accuracy","Underhanded Strike","Deadly Poison"],"picked":"SKIP","floor":21.0},{"not_picked":["Deadly Poison+1","Cloak And Dagger+1"],"picked":"Grand Finale","floor":22.0},{"not_picked":["Bane","Crippling Poison","Escape Plan"],"picked":"SKIP","floor":23.0},{"not_picked":["Deflect","Blade Dance+1","Well Laid Plans"],"picked":"SKIP","floor":24.0},{"not_picked":["Dodge and Roll","Cloak And Dagger+1","Tactician"],"picked":"SKIP","floor":28.0},{"not_picked":["Leg Sweep","Masterful Stab","Caltrops"],"picked":"SKIP","floor":31.0}],"player_experience":285391,"relics_obtained":[{"floor":9.0,"key":"StrikeDummy"},{"floor":23.0,"key":"Oddly Smooth Stone"},{"floor":26.0,"key":"Blue Candle"},{"floor":28.0,"key":"HornCleat"}],"event_choices":[{"damage_healed":0.0,"max_hp_gain":0.0,"max_hp_loss":0.0,"gold_gain":0.0,"event_name":"Liars Game","player_choice":"Ignored","floor":10.0,"gold_loss":0.0,"damage_taken":0.0},{"damage_healed":0.0,"max_hp_gain":5.0,"max_hp_loss":0.0,"gold_gain":0.0,"event_name":"Big Fish","player_choice":"Donut","floor":12.0,"gold_loss":0.0,"damage_taken":0.0},{"damage_healed":0.0,"max_hp_gain":0.0,"max_hp_loss":0.0,"gold_gain":64.0,"event_name":"Golden Wing","player_choice":"Gained Gold","floor":14.0,"gold_loss":0.0,"damage_taken":0.0},{"damage_healed":0.0,"max_hp_gain":0.0,"max_hp_loss":0.0,"gold_gain":0.0,"event_name":"Vampires","player_choice":"Ignored","floor":20.0,"gold_loss":0.0,"damage_taken":0.0},{"damage_healed":0.0,"max_hp_gain":0.0,"max_hp_loss":0.0,"gold_gain":0.0,"event_name":"Addict","player_choice":"Obtained Relic","floor":29.0,"gold_loss":85.0,"damage_taken":0.0,"relics_obtained":["MealTicket"]}],"is_beta":false,"boss_relics":[{"not_picked":["Black Star","Philosopher\u0027s Stone"],"picked":"Astrolabe"}],"items_purged_floors":[2,13,19],"is_endless":false,"potions_floor_spawned":[1,5,16,21,22],"killed_by":"Automaton","ascension_level":2}}