{"host":"njb27ds59h4j3ikk","time":1610411729,"event":{"mods":["AchievementEnabler","BaseMod","Better Altar","Better Match","Better Note","Better Sensory Stone","Better Skull","Better Third Choice","BetterRewards","Downfall","Hermit","Hubris","Minty Spire (QoL Compilation)","Permanent Neow","Quarter Circle Forward PUNCH!","Quick Restart","Rare Cards Sparkle","Replay The Spire","Shop Mod","StSLib","Trackpad","Transform Curses"],"gold_per_floor":[99,109,125,125,135,210,236,236,336,375,60,82,82,124,148,148,148,148],"floor_reached":16,"playtime":749,"items_purged":[],"score":116,"play_id":"80c4e706-0f70-4bab-afc2-3e9bced15632","local_time":"20210111193529","is_ascension_mode":true,"campfire_choices":[{"floor":8.0,"key":"REST"},{"floor":13,"key":"REST"}],"circlet_count":0,"master_deck":["Slimebound:Strike_Slimebound","Slimebound:Strike_Slimebound","Slimebound:Strike_Slimebound","Slimebound:Tackle","Slimebound:Defend_Slimebound","Slimebound:Defend_Slimebound","Slimebound:Defend_Slimebound","Slimebound:Split","Slimebound:CorrosiveSpit","Slimebound:DisruptingSlam","Slimebound:LivingWall","Slimebound:Gluttony","Slimebound:SlimeSlap","Slimebound:RejuvenatingLick","Slimebound:Schlurp","Slimebound:FinishingTackle","Slimebound:SpikyOuterGoop","Slimebound:SplitMire","Slimebound:PressTheAttack"],"relics":["Slimebound:AbsorbEndCombat","hubris:Icosahedron","CeramicFish","MealTicket","downfall:GremlinWheel","Bag of Preparation","ReplayTheSpireMod:Ninjato","ReplayFunnel"],"acts_visited":["Exordium"],"potions_floor_usage":[],"damage_taken":[{"damage":10.0,"enemies":"Cultist","floor":2.0,"turns":3.0},{"damage":18.0,"enemies":"2 Louse","floor":3.0,"turns":2.0},{"damage":9.0,"enemies":"Jaw Worm","floor":5.0,"turns":3.0},{"damage":40.0,"enemies":"Jaw Worm","floor":9.0,"turns":5.0},{"damage":25.0,"enemies":"3 Sentries","floor":10.0,"turns":6.0},{"damage":17.0,"enemies":"downfall:FleeingMerchant","floor":11.0,"turns":4.0},{"damage":26,"enemies":"Blue Slaver","floor":12,"turns":3},{"damage":24,"enemies":"Lagavulin","floor":14,"turns":7},{"damage":15,"enemies":"Large Slime","floor":15,"turns":4},{"damage":87,"enemies":"downfall:Defect","floor":16,"turns":6}],"seed_played":"5880415826164057257","potions_obtained":[{"floor":2.0,"key":"Venom Potion"},{"floor":3.0,"key":"Block Potion"},{"floor":6.0,"key":"DistilledChaos"},{"floor":12,"key":"Milkshake"},{"floor":14,"key":"Swift Potion"}],"is_trial":false,"path_per_floor":["R","M","M","?","M","?","T","R","?","E","$","M","R","E","M","B"],"character_chosen":"SLIMEBOUND","items_purchased":["ReplayTheSpireMod:Ninjato"],"campfire_rested":2,"item_purchase_floors":[11],"current_hp_per_floor":[66,64,52,52,55,29,29,48,34,19,47,39,58,60,59,0,0,0],"gold":148,"neow_bonus":"TEN_PERCENT_HP_BONUS","is_daily":false,"chose_seed":false,"campfire_upgraded":0,"win_rate":0.0,"timestamp":1610411729,"path_taken":["R","M","M","?","M","?","T","R","?","E","$","M","R","E","M","BOSS"],"items_purchased_type":["Relic"],"build_version":"2020-12-22","purchased_purges":0,"victory":false,"max_hp_per_floor":[66,66,66,66,66,66,66,66,66,66,66,66,66,66,66,66,66,66],"card_choices":[{"not_picked":["Slimebound:SplitBruiser","Slimebound:LeadByExample"],"picked":"Slimebound:DisruptingSlam","floor":2.0},{"not_picked":["Slimebound:SplitAcid","Slimebound:DivideAndConquer"],"picked":"Slimebound:LivingWall","floor":3.0},{"not_picked":["Slimebound:SplitMire","Slimebound:FinishingTackle"],"picked":"Slimebound:Gluttony","floor":5.0},{"not_picked":["Slimebound:ServeAndProtect","Slimebound:GrowthPunch"],"picked":"Slimebound:SlimeSlap","floor":6.0},{"not_picked":["Slimebound:FinishingTackle","Slimebound:DivideAndConquer"],"picked":"Slimebound:RejuvenatingLick","floor":6.0},{"not_picked":["Slimebound:GoopSpray","Slimebound:BestDefense"],"picked":"Slimebound:Schlurp","floor":10.0},{"not_picked":["Slimebound:Equalize","Slimebound:SplitAcid"],"picked":"Slimebound:FinishingTackle","floor":11.0},{"not_picked":["Slimebound:FlameTackle","Slimebound:HauntingLick"],"picked":"Slimebound:SpikyOuterGoop","floor":12},{"not_picked":["Slimebound:Chomp","Slimebound:LevelUp"],"picked":"Slimebound:SplitMire","floor":14},{"not_picked":["Slimebound:FinishingTackle","Slimebound:ViciousTackle"],"picked":"Slimebound:PressTheAttack","floor":15}],"player_experience":1238984,"relics_obtained":[{"floor":6.0,"key":"CeramicFish"},{"floor":7.0,"key":"MealTicket"},{"floor":9.0,"key":"downfall:GremlinWheel"},{"floor":10.0,"key":"Bag of Preparation"},{"floor":14,"key":"ReplayFunnel"}],"event_choices":[{"cards_removed":["Slimebound:Defend_Slimebound"],"damage_healed":0.0,"max_hp_gain":0.0,"max_hp_loss":0.0,"gold_gain":0.0,"event_name":"Purifier","player_choice":"Purged","floor":1.0,"gold_loss":0.0,"damage_taken":0.0}],"is_beta":false,"boss_relics":[],"items_purged_floors":[],"is_endless":false,"potions_floor_spawned":[2,3,12,14],"killed_by":"downfall:Defect","ascension_level":1}}