{"host":"w9yruvs4bqht6bhw","time":1610418929,"event":{"mods":["BaseMod","Colored Powertips","Minty Spire (QoL Compilation)"],"gold_per_floor":[111,111,111,121,138,138,138,138,138,172,183,208,208,219,219,219,219],"floor_reached":16,"playtime":458,"items_purged":[],"score":174,"play_id":"e4e9bd87-01c1-44da-acd4-eae74892c07d","local_time":"20210111213529","is_ascension_mode":true,"campfire_choices":[{"data":"Armaments","floor":8,"key":"SMITH"},{"data":"True Grit","floor":13,"key":"SMITH"},{"floor":15,"key":"REST"}],"circlet_count":0,"master_deck":["Strike_R","Strike_R","Strike_R","Strike_R","Strike_R","Defend_R","Defend_R","Defend_R","Defend_R","Bash","Disarm+1","Armaments+1","Shockwave","Pommel Strike","Impervious","True Grit+1","True Grit"],"relics":["Burning Blood","NeowsBlessing","Mercury Hourglass","Ancient Tea Set","Thread and Needle"],"acts_visited":["Exordium"],"potions_floor_usage":[6,10],"damage_taken":[{"damage":0,"enemies":"2 Louse","floor":1,"turns":1},{"damage":0,"enemies":"Small Slimes","floor":4,"turns":1},{"damage":0,"enemies":"Jaw Worm","floor":5,"turns":1},{"damage":0,"enemies":"Lagavulin","floor":6,"turns":1},{"damage":39,"enemies":"3 Sentries","floor":10,"turns":5},{"damage":22,"enemies":"Large Slime","floor":11,"turns":6},{"damage":22,"enemies":"Gremlin Nob","floor":12,"turns":4},{"damage":0,"enemies":"Blue Slaver","floor":14,"turns":4},{"damage":51,"enemies":"The Guardian","floor":16,"turns":12}],"seed_played":"-2098778953219819675","potions_obtained":[{"floor":1,"key":"BlessingOfTheForge"},{"floor":5,"key":"SmokeBomb"}],"is_trial":false,"path_per_floor":["M","?","?","M","M","E","?","R","T","E","M","E","R","M","R","B"],"character_chosen":"IRONCLAD","items_purchased":[],"campfire_rested":1,"item_purchase_floors":[],"current_hp_per_floor":[78,78,78,80,80,80,80,80,80,47,31,15,15,21,45,0,0],"gold":219,"neow_bonus":"THREE_ENEMY_KILL","is_daily":false,"chose_seed":false,"campfire_upgraded":2,"win_rate":0.0,"timestamp":1610418929,"path_taken":["M","?","?","M","M","E","?","R","T","E","?","E","R","M","R","BOSS"],"items_purchased_type":[],"build_version":"2020-12-22","purchased_purges":0,"victory":false,"max_hp_per_floor":[80,80,80,80,80,80,80,80,80,80,80,80,80,80,80,80,80],"card_choices":[{"not_picked":["Armaments","Ghostly Armor"],"picked":"Disarm","floor":1},{"not_picked":["Clash","Wild Strike"],"picked":"Armaments","floor":4},{"not_picked":["Thunderclap","Burning Pact"],"picked":"Shockwave","floor":5},{"not_picked":["Entrench","Perfected Strike"],"picked":"Pommel Strike","floor":10},{"not_picked":["Havoc","Warcry"],"picked":"Impervious","floor":11},{"not_picked":["Thunderclap","Shrug It Off"],"picked":"True Grit","floor":12},{"not_picked":["Body Slam","Shrug It Off"],"picked":"True Grit","floor":14}],"player_experience":376920,"relics_obtained":[{"floor":9,"key":"Mercury Hourglass"},{"floor":10,"key":"Ancient Tea Set"},{"floor":12,"key":"Thread and Needle"}],"event_choices":[{"damage_healed":0,"gold_gain":0,"player_choice":"Grow","damage_taken":0,"max_hp_gain":0,"max_hp_loss":0,"event_name":"Living Wall","floor":2,"gold_loss":0,"cards_upgraded":["Disarm"]},{"damage_healed":0,"gold_gain":0,"player_choice":"Leave","damage_taken":0,"max_hp_gain":0,"max_hp_loss":0,"event_name":"The Cleric","floor":3,"gold_loss":0},{"damage_healed":0,"gold_gain":0,"player_choice":"Ignored","damage_taken":0,"max_hp_gain":0,"max_hp_loss":0,"event_name":"Liars Game","floor":7,"gold_loss":0}],"is_beta":false,"boss_relics":[],"items_purged_floors":[],"is_endless":false,"potions_floor_spawned":[1,5],"killed_by":"The Guardian","ascension_level":9}}