{"host":"hve1dyh1ly81yl9f","time":1610468144,"event":{"mods":["BaseMod","Colored Map","DeckTracker","Highlight Path","Keyboard Shortcuts","Minty Spire (QoL Compilation)","Permanent Neow","Quick Restart","StSLib","SuperFastMode"],"gold_per_floor":[18,38,55,73,91,91,120,120,120,120,131,56,83,98,98,202,202,215,225,237,252,272,272,289,289,313,344,344,364,364,374,374,477,477,493,508,508,508],"floor_reached":37,"playtime":1062,"items_purged":["Strike_R"],"score":633,"play_id":"37e74fbb-310f-49f8-b2de-2544271ad7c5","local_time":"20210113011544","is_ascension_mode":true,"campfire_choices":[{"floor":6.0,"key":"REST"},{"data":"Demon Form","floor":8.0,"key":"SMITH"},{"floor":10.0,"key":"REST"},{"floor":15.0,"key":"REST"},{"floor":23,"key":"REST"},{"floor":25,"key":"REST"},{"floor":32,"key":"REST"}],"circlet_count":0,"master_deck":["Defend_R","Defend_R","Defend_R","Bash","Twin Strike","Pummel","Heavy Blade","Demon Form+1","Heavy Blade","Sword Boomerang","Power Through","Offering","Offering","Inflame+1","Spot Weakness","Bite","Bite","Bite","Bite","Bite","Bloodletting","Disarm","Seeing Red"],"relics":["Black Blood","Singing Bowl","Bag of Marbles","Red Skull","Regal Pillow","HornCleat","Cursed Key"],"acts_visited":["Exordium","TheCity","TheBeyond"],"potions_floor_usage":[22,27,29,33],"damage_taken":[{"damage":12.0,"enemies":"Jaw Worm","floor":1.0,"turns":2.0},{"damage":10.0,"enemies":"2 Louse","floor":2.0,"turns":2.0},{"damage":6.0,"enemies":"Cultist","floor":3.0,"turns":3.0},{"damage":18.0,"enemies":"Large Slime","floor":4.0,"turns":5.0},{"damage":14.0,"enemies":"Red Slaver","floor":5.0,"turns":2.0},{"damage":36.0,"enemies":"Gremlin Nob","floor":7.0,"turns":4.0},{"damage":23.0,"enemies":"Exordium Wildlife","floor":11.0,"turns":4.0},{"damage":35.0,"enemies":"3 Sentries","floor":13.0,"turns":5.0},{"damage":0.0,"enemies":"Large Slime","floor":14.0,"turns":3.0},{"damage":36.0,"enemies":"Hexaghost","floor":16.0,"turns":4.0},{"damage":20.0,"enemies":"Shell Parasite","floor":18.0,"turns":3.0},{"damage":36.0,"enemies":"3 Byrds","floor":19.0,"turns":4.0},{"damage":30.0,"enemies":"Snake Plant","floor":20.0,"turns":3.0},{"damage":14.0,"enemies":"Centurion and Healer","floor":21.0,"turns":4.0},{"damage":6,"enemies":"Snecko","floor":22,"turns":2},{"damage":12,"enemies":"Snake Plant","floor":24,"turns":1},{"damage":41,"enemies":"Book of Stabbing","floor":27,"turns":3},{"damage":26,"enemies":"Centurion and Healer","floor":29,"turns":5},{"damage":24,"enemies":"Cultist and Chosen","floor":31,"turns":4},{"damage":75,"enemies":"Automaton","floor":33,"turns":8},{"damage":11,"enemies":"Orb Walker","floor":35,"turns":3},{"damage":55,"enemies":"3 Darklings","floor":36,"turns":4},{"damage":38,"enemies":"Jaw Worm Horde","floor":37,"turns":1}],"seed_played":"-5359727872737170934","potions_obtained":[{"floor":1.0,"key":"BlessingOfTheForge"},{"floor":5.0,"key":"SkillPotion"},{"floor":7.0,"key":"SkillPotion"},{"floor":14.0,"key":"LiquidMemories"},{"floor":16.0,"key":"ColorlessPotion"},{"floor":20.0,"key":"SpeedPotion"},{"floor":27,"key":"SteroidPotion"},{"floor":31,"key":"FearPotion"},{"floor":33,"key":"FearPotion"},{"floor":35,"key":"EssenceOfSteel"}],"is_trial":false,"path_per_floor":["M","M","M","M","M","R","E","R","T","R","M","$","E","M","R","B",null,"M","M","M","M","M","R","M","R","T","E","?","M","?","M","R","B",null,"M","M","M"],"character_chosen":"IRONCLAD","items_purchased":[],"campfire_rested":6,"item_purchase_floors":[],"current_hp_per_floor":[66,62,62,50,42,66,36,36,36,60,43,43,16,24,49,19,68,62,40,22,20,28,55,55,82,82,55,55,53,53,51,64,23,55,62,29,0,0],"gold":508,"neow_bonus":"REMOVE_TWO","is_daily":false,"chose_seed":false,"campfire_upgraded":1,"win_rate":0.0,"timestamp":1610468144,"path_taken":["M","M","M","M","M","R","E","R","T","R","M","$","E","M","R","BOSS","M","M","M","M","M","R","M","R","T","E","?","M","?","?","R","BOSS","M","M","M"],"items_purchased_type":[],"build_version":"2020-12-22","purchased_purges":1,"victory":false,"max_hp_per_floor":[80,80,80,80,80,80,80,80,80,80,80,80,82,84,84,84,84,86,88,88,88,90,90,90,90,90,92,64,64,64,64,64,66,66,68,68,68,68],"card_choices":[{"not_picked":["Clash","Seeing Red"],"picked":"Twin Strike","floor":1.0},{"not_picked":["Power Through","Anger"],"picked":"Pummel","floor":2.0},{"not_picked":["Second Wind","Evolve"],"picked":"Heavy Blade","floor":3.0},{"not_picked":["Armaments","Twin Strike"],"picked":"Demon Form","floor":4.0},{"not_picked":["Anger","Pommel Strike"],"picked":"Heavy Blade","floor":5.0},{"not_picked":["Infernal Blade","True Grit"],"picked":"Sword Boomerang","floor":7.0},{"not_picked":["Thunderclap","Iron Wave"],"picked":"Power Through","floor":11.0},{"not_picked":["Havoc","Intimidate","Rampage"],"picked":"Singing Bowl","floor":13.0},{"not_picked":["Uppercut","Exhume","Armaments"],"picked":"Singing Bowl","floor":14.0},{"not_picked":["Feed","Juggernaut"],"picked":"Offering","floor":16.0},{"not_picked":["Clothesline","Wild Strike","Uppercut"],"picked":"Singing Bowl","floor":18.0},{"not_picked":["True Grit","Second Wind","Pommel Strike"],"picked":"Singing Bowl","floor":19.0},{"not_picked":["Cleave","Anger+1"],"picked":"Offering","floor":20.0},{"not_picked":["Shrug It Off+1","Second Wind+1"],"picked":"Inflame+1","floor":21.0},{"not_picked":["Blood for Blood","Reckless Charge","Searing Blow"],"picked":"Singing Bowl","floor":22},{"not_picked":["Headbutt+1","Clash"],"picked":"Spot Weakness","floor":24},{"not_picked":["Cleave","Juggernaut","Dark Embrace"],"picked":"Singing Bowl","floor":27},{"not_picked":["Thunderclap","Cleave"],"picked":"Bloodletting","floor":29},{"not_picked":["Warcry","Fire Breathing"],"picked":"Disarm","floor":31},{"not_picked":["Berserk","Brutality","Exhume"],"picked":"Singing Bowl","floor":33},{"not_picked":["Headbutt","Perfected Strike+1","Warcry+1"],"picked":"Singing Bowl","floor":35},{"not_picked":["Dropkick","Twin Strike"],"picked":"Seeing Red","floor":36}],"player_experience":317838,"relics_obtained":[{"floor":7.0,"key":"Singing Bowl"},{"floor":9.0,"key":"Bag of Marbles"},{"floor":13.0,"key":"Red Skull"},{"floor":26,"key":"Regal Pillow"},{"floor":27,"key":"HornCleat"}],"event_choices":[{"damage_healed":0,"gold_gain":0,"player_choice":"Became a vampire","damage_taken":0,"max_hp_gain":0,"max_hp_loss":28,"event_name":"Vampires","floor":28,"gold_loss":0,"cards_obtained":["Bite","Bite","Bite","Bite","Bite"]},{"damage_healed":0,"gold_gain":0,"player_choice":"Ignored","damage_taken":0,"max_hp_gain":0,"max_hp_loss":0,"event_name":"Ghosts","floor":30,"gold_loss":0}],"is_beta":false,"boss_relics":[{"not_picked":["Ectoplasm","SacredBark"],"picked":"Black Blood"},{"not_picked":["Astrolabe","Runic Dome"],"picked":"Cursed Key"}],"items_purged_floors":[12],"is_endless":false,"potions_floor_spawned":[1,5,7,14,16,20,27,31,33,35],"killed_by":"Jaw Worm Horde","ascension_level":8}}