{"host":"f9ntswufr8mq3t4y","time":1610484752,"event":{"mods":["AchievementEnabler","BaseMod","Best Route Mod","Block Reminder","Colored Map","Colored Powertips","DeckTracker","Highlight Path","Minty Spire (QoL Compilation)","Permanent Neow","Quick Restart"],"gold_per_floor":[112,123,123,138,138,138,170,188,213,213,223,267,232,264,264,378,387,408,408,229,255,255,255,282,282,282,293,317,232,232,269,278,278,278],"floor_reached":33,"language":"ENG","playtime":1596,"items_purged":[],"score":446,"play_id":"ee676d13-104f-449e-bd5b-4fa201df4394","local_time":"20210112235232","is_ascension_mode":true,"campfire_choices":[{"floor":6,"key":"REST"},{"data":"Eruption","floor":10,"key":"SMITH"},{"data":"Blasphemy","floor":15,"key":"SMITH"},{"data":"DeusExMachina","floor":23,"key":"SMITH"},{"floor":25,"key":"REST"},{"floor":30,"key":"REST"},{"floor":32,"key":"REST"}],"circlet_count":0,"master_deck":["Strike_P","Strike_P","Strike_P","Strike_P","Defend_P","Defend_P+1","Defend_P","Eruption+1","Vigilance","Study","BattleHymn+1","JustLucky","Conclude","Tantrum","Blasphemy+1","DeusExMachina+1","CurseOfTheBell","Nirvana","Nirvana","Vengeance","FearNoEvil+1","EmptyBody+1"],"relics":["PureWater","Pen Nib","CeramicFish","Akabeko","Juzu Bracelet","Calling Bell","Mummified Hand","GoldenEye","Damaru","Membership Card","Red Mask","Unceasing Top","Blood Vial","Centennial Puzzle","Strawberry","Dream Catcher"],"acts_visited":["Exordium","TheCity"],"potions_floor_usage":[7,11,12,14,16,24,31,33],"damage_taken":[{"damage":0,"enemies":"2 Louse","floor":1,"turns":2},{"damage":2,"enemies":"Jaw Worm","floor":2,"turns":3},{"damage":3,"enemies":"Small Slimes","floor":4,"turns":4},{"damage":0,"enemies":"Gremlin Nob","floor":7,"turns":3},{"damage":13,"enemies":"Blue Slaver","floor":8,"turns":4},{"damage":0,"enemies":"Exordium Wildlife","floor":11,"turns":2},{"damage":0,"enemies":"Lagavulin","floor":12,"turns":3},{"damage":10,"enemies":"3 Sentries","floor":14,"turns":5},{"damage":41,"enemies":"Hexaghost","floor":16,"turns":5},{"damage":20,"enemies":"Shell Parasite","floor":18,"turns":4},{"damage":13,"enemies":"Masked Bandits","floor":21,"turns":3},{"damage":30,"enemies":"Gremlin Leader","floor":24,"turns":4},{"damage":18,"enemies":"Chosen","floor":27,"turns":2},{"damage":18,"enemies":"Snake Plant","floor":28,"turns":2},{"damage":32,"enemies":"Book of Stabbing","floor":31,"turns":4},{"damage":52,"enemies":"Collector","floor":33,"turns":3}],"seed_played":"7683298375933215614","potions_obtained":[{"floor":1,"key":"Regen Potion"},{"floor":4,"key":"FearPotion"},{"floor":7,"key":"SpeedPotion"},{"floor":12,"key":"EssenceOfSteel"},{"floor":14,"key":"LiquidBronze"},{"floor":18,"key":"DuplicationPotion"},{"floor":27,"key":"StancePotion"},{"floor":31,"key":"AttackPotion"}],"is_trial":false,"path_per_floor":["M","M","?","M","?","R","E","M","T","R","M","E","?","E","R","B",null,"M","?","$","?","T","R","E","R","T","M","M","?","R","E","R","B"],"character_chosen":"WATCHER","items_purchased":["Membership Card","Nirvana"],"campfire_rested":4,"item_purchase_floors":[20,20],"current_hp_per_floor":[65,63,63,60,43,68,77,64,64,64,64,64,85,75,75,34,86,66,66,66,53,53,53,23,48,48,32,16,23,50,20,47,0,0],"gold":278,"neow_bonus":"TWENTY_PERCENT_HP_BONUS","is_daily":false,"chose_seed":false,"campfire_upgraded":3,"win_rate":0.0,"timestamp":1610484752,"path_taken":["M","M","?","M","?","R","E","M","T","R","M","E","?","E","R","BOSS","M","?","$","?","?","R","E","R","T","M","M","?","R","E","R","BOSS"],"items_purchased_type":["Relic","Card"],"build_version":"2020-12-22","purchased_purges":0,"victory":false,"max_hp_per_floor":[86,86,86,86,86,86,86,86,86,86,86,86,86,86,86,86,86,86,86,86,86,86,86,86,86,86,86,86,93,93,93,93,93,93],"card_choices":[{"not_picked":["WreathOfFlame","Wallop"],"picked":"Study","floor":1},{"not_picked":["Tantrum","EmptyBody"],"picked":"BattleHymn","floor":2},{"not_picked":["Pray","EmptyFist"],"picked":"Conclude","floor":4},{"not_picked":["BowlingBash","JustLucky"],"picked":"Tantrum","floor":7},{"not_picked":["Halt","JustLucky","MentalFortress"],"picked":"SKIP","floor":8},{"not_picked":["Prostrate","ForeignInfluence","SashWhip"],"picked":"SKIP","floor":11},{"not_picked":["WindmillStrike","Wallop"],"picked":"Blasphemy","floor":12},{"not_picked":["JustLucky","SashWhip","Halt"],"picked":"SKIP","floor":14},{"not_picked":["Brilliance","DevaForm"],"picked":"DeusExMachina","floor":16},{"not_picked":["WindmillStrike+1","CrushJoints"],"picked":"Nirvana","floor":18},{"not_picked":["CutThroughFate","FlyingSleeves","EmptyFist"],"picked":"SKIP","floor":24},{"not_picked":["JustLucky","Swivel","Perseverance"],"picked":"SKIP","floor":27},{"not_picked":["Perseverance","Tantrum"],"picked":"Vengeance","floor":28},{"not_picked":["Conclude+1","ForeignInfluence"],"picked":"FearNoEvil+1","floor":31},{"not_picked":["Fasting2+1","PathToVictory+1"],"picked":"EmptyBody+1","floor":32}],"player_experience":340027,"relics_obtained":[{"floor":7,"key":"Pen Nib"},{"floor":9,"key":"CeramicFish"},{"floor":12,"key":"Akabeko"},{"floor":14,"key":"Juzu Bracelet"},{"floor":17,"key":"Mummified Hand"},{"floor":17,"key":"GoldenEye"},{"floor":17,"key":"Damaru"},{"floor":21,"key":"Red Mask"},{"floor":22,"key":"Unceasing Top"},{"floor":24,"key":"Blood Vial"},{"floor":26,"key":"Centennial Puzzle"},{"floor":31,"key":"Dream Catcher"}],"event_choices":[{"damage_healed":0,"gold_gain":0,"cards_transformed":["Defend_P"],"player_choice":"Change","damage_taken":0,"max_hp_gain":0,"max_hp_loss":0,"event_name":"Living Wall","floor":3,"gold_loss":0,"cards_obtained":["JustLucky"]},{"damage_healed":0,"gold_gain":0,"player_choice":"Entered Light","damage_taken":17,"max_hp_gain":0,"max_hp_loss":0,"event_name":"Shining Light","floor":5,"gold_loss":0,"cards_upgraded":["Defend_P","BattleHymn"]},{"damage_healed":21,"gold_gain":0,"player_choice":"Healed","damage_taken":0,"max_hp_gain":0,"max_hp_loss":0,"event_name":"The Cleric","floor":13,"gold_loss":35},{"damage_healed":0,"gold_gain":0,"player_choice":"Ignored","damage_taken":0,"max_hp_gain":0,"max_hp_loss":0,"event_name":"Vampires","floor":19,"gold_loss":0},{"damage_healed":0,"gold_gain":0,"player_choice":"Fought Bandits","damage_taken":0,"max_hp_gain":0,"max_hp_loss":0,"event_name":"Masked Bandits","floor":21,"gold_loss":0},{"damage_healed":0,"gold_gain":0,"player_choice":"Obtained Relic","damage_taken":0,"relics_obtained":["Strawberry"],"max_hp_gain":0,"max_hp_loss":0,"event_name":"Addict","floor":29,"gold_loss":85}],"is_beta":false,"boss_relics":[{"not_picked":["Empty Cage","Tiny House"],"picked":"Calling Bell"}],"items_purged_floors":[],"is_endless":false,"potions_floor_spawned":[1,4,7,12,14,18,27,31],"killed_by":"Collector","ascension_level":4}}