{"host":"sc0o2qwpf9j16a4i","time":1610477338,"event":{"mods":["AchievementEnabler","BaseMod","BetterRewards","Block Reminder","Colored Map","Colored Powertips","Custom Start","Highlight Path","Minty Spire (QoL Compilation)","Relic Stats"],"gold_per_floor":[117,129,143,161,176,176,242,274,274,274,274,299,299,21,21,98,98,109,124,142,43,63,63,79,79,79,106,106,106,106,1,1,80,80,90,0,0,0,15,15,30,30,83,83,83,115,1,1,1,1,1],"floor_reached":50,"playtime":1547,"items_purged":["Strike_G","Slice"],"score":1392,"play_id":"717c7573-d933-4ec3-af6c-59bace8df649","local_time":"20210112204858","is_ascension_mode":true,"campfire_choices":[{"floor":6,"key":"REST"},{"floor":10,"key":"REST"},{"data":"Poisoned Stab","floor":15,"key":"SMITH"},{"data":"Malaise","floor":23,"key":"SMITH"},{"data":"Footwork","floor":25,"key":"SMITH"},{"data":"Envenom","floor":28,"key":"SMITH"},{"data":"Night Terror","floor":32,"key":"SMITH"},{"data":"After Image","floor":40,"key":"SMITH"},{"floor":42,"key":"RECALL"},{"data":"Apotheosis","floor":44,"key":"SMITH"},{"data":"Noxious Fumes","floor":49,"key":"SMITH"}],"circlet_count":0,"master_deck":["AscendersBane","Survivor","Neutralize","Poisoned Stab+1","Predator","Caltrops","Bullet Time","Bane","Leg Sweep","Malaise+1","Die Die Die","Escape Plan","Sucker Punch","Prepared","Poisoned Stab","Dagger Spray","Footwork+1","Dodge and Roll","Envenom+1","Night Terror+1","PiercingWail","Expertise","After Image+1","Deadly Poison+1","PiercingWail","Panacea","Apotheosis+1","PanicButton","Noxious Fumes+1","Bouncing Flask+1","Footwork","Footwork","PiercingWail","Doubt"],"relics":["Ring of the Snake","Membership Card","Bird Faced Urn","Regal Pillow","Snake Skull","TwistedFunnel","Matryoshka","Ornamental Fan","Strawberry","Mummified Hand","The Courier","Blood Vial","White Beast Statue","CaptainsWheel","Question Card","Prayer Wheel","Pandora\u0027s Box","Lee\u0027s Waffle","Gremlin Horn","Gambling Chip","Letter Opener","Runic Dome","Red Mask","Dream Catcher","Chemical X"],"acts_visited":["Exordium","TheCity","TheBeyond"],"potions_floor_usage":[8,18,19,27],"damage_taken":[{"damage":1,"enemies":"Small Slimes","floor":1,"turns":4},{"damage":0,"enemies":"2 Louse","floor":2,"turns":2},{"damage":0,"enemies":"Jaw Worm","floor":3,"turns":4},{"damage":1,"enemies":"Looter","floor":4,"turns":4},{"damage":10,"enemies":"Large Slime","floor":5,"turns":4},{"damage":12,"enemies":"Lagavulin","floor":8,"turns":5},{"damage":11,"enemies":"3 Sentries","floor":12,"turns":8},{"damage":47,"enemies":"Hexaghost","floor":16,"turns":11},{"damage":10,"enemies":"3 Byrds","floor":18,"turns":3},{"damage":7,"enemies":"Shell Parasite","floor":19,"turns":4},{"damage":12,"enemies":"Snake Plant","floor":20,"turns":4},{"damage":0,"enemies":"3 Cultists","floor":22,"turns":4},{"damage":11,"enemies":"Chosen and Byrds","floor":24,"turns":5},{"damage":16,"enemies":"Book of Stabbing","floor":27,"turns":5},{"damage":58,"enemies":"Automaton","floor":33,"turns":10},{"damage":0,"enemies":"Orb Walker","floor":35,"turns":4},{"damage":2,"enemies":"3 Darklings","floor":39,"turns":3},{"damage":0,"enemies":"Transient","floor":41,"turns":6},{"damage":58,"enemies":"Giant Head","floor":46,"turns":8},{"damage":91,"enemies":"Time Eater","floor":50,"turns":13}],"seed_played":"-2411861724776580728","potions_obtained":[{"floor":1,"key":"CultistPotion"},{"floor":3,"key":"Fruit Juice"},{"floor":16,"key":"Ancient Potion"},{"floor":18,"key":"EssenceOfSteel"},{"floor":19,"key":"Block Potion"},{"floor":27,"key":"Fire Potion"}],"is_trial":false,"path_per_floor":["M","M","M","M","M","R","?","E","T","R","?","E","T","$","R","B",null,"M","M","M","$","M","R","M","R","T","E","R","?","?","$","R","B",null,"M","?","?","?","M","R","M","R","T","R","?","E","$","?","R","B"],"character_chosen":"THE_SILENT","items_purchased":["Membership Card","Bird Faced Urn","Regal Pillow","Snake Skull","TwistedFunnel","Matryoshka","Weak Potion","Question Card","Prayer Wheel","Lee\u0027s Waffle","Footwork","Letter Opener","Chemical X"],"campfire_rested":2,"item_purchase_floors":[0,0,0,0,0,0,0,14,14,21,21,31,47],"current_hp_per_floor":[23,23,23,24,14,48,48,38,45,73,62,53,53,53,53,10,57,56,53,45,85,85,85,74,74,74,66,66,66,66,66,66,16,68,78,78,68,68,74,74,81,81,81,81,81,23,23,81,81,0,0],"gold":1,"neow_bonus":"","is_daily":false,"chose_seed":false,"campfire_upgraded":8,"win_rate":0.0,"timestamp":1610477338,"path_taken":["M","M","M","M","M","R","?","E","T","R","?","E","?","$","R","BOSS","M","M","M","$","M","R","M","R","T","E","R","?","?","?","R","BOSS","M","?","?","?","M","R","M","R","T","R","?","E","$","?","R","BOSS"],"items_purchased_type":["Relic","Relic","Relic","Relic","Relic","Relic","Potion","Relic","Relic","Relic","Card","Relic","Relic"],"build_version":"2020-12-22","purchased_purges":2,"victory":false,"max_hp_per_floor":[66,66,66,66,66,66,66,66,73,73,73,73,73,73,73,73,73,78,78,78,85,85,85,85,85,85,85,85,85,85,85,85,85,85,85,85,85,81,81,81,81,81,81,81,81,81,81,81,81,81,81],"relic_stats":{"Regal Pillow":22,"Lee\u0027s Waffle":80,"Gremlin Horn":[21,21],"counters":[63,362],"Snake Skull":[190],"Letter Opener":[125],"Question Card":48,"Blood Vial":18,"Dream Catcher":0,"Ornamental Fan":[84],"Mummified Hand":[38],"Bird Faced Urn":[55],"Gambling Chip":[22],"Prayer Wheel":8,"Pandora\u0027s Box":["Die Die Die","Storm of Steel","Escape Plan","Sucker Punch","Slice","Prepared","Cloak And Dagger","Poisoned Stab","Dagger Spray"],"Chemical X":[2],"obtain_stats":[{"TwistedFunnel":0,"Regal Pillow":0,"Gremlin Horn":45,"Snake Skull":0,"Bag of Preparation":14,"Smiling Mask":13,"Cursed Key":17,"Blood Vial":12,"Centennial Puzzle":9,"Nunchaku":23,"Dream Catcher":46,"Matryoshka":0,"Mummified Hand":9,"Strawberry":9,"Gambling Chip":27,"Prayer Wheel":14,"Fusion Hammer":17,"Red Mask":36,"Chemical X":41,"Ring of the Snake":0,"Lee\u0027s Waffle":31,"The Specimen":0,"Astrolabe":0,"Oddly Smooth Stone":20,"PreservedInsect":9,"The Courier":11,"Omamori":28,"Letter Opener":31,"War Paint":41,"Paper Crane":3,"Orichalcum":10,"Medical Kit":0,"Question Card":14,"White Beast Statue":7,"WarpedTongs":4,"Mercury Hourglass":26,"OrangePellets":30,"Runic Dome":34,"CaptainsWheel":41,"Ornamental Fan":8,"Bronze Scales":24,"Bird Faced Urn":0,"Snecko Eye":34,"Pandora\u0027s Box":17,"CultistMask":4,"Black Star":34,"Membership Card":0},{"TwistedFunnel":43,"Regal Pillow":43,"Gremlin Horn":21,"Snake Skull":43,"Bag of Preparation":33,"Smiling Mask":6,"Cursed Key":34,"Blood Vial":50,"Centennial Puzzle":3,"Nunchaku":13,"Dream Catcher":62,"Matryoshka":43,"Mummified Hand":49,"Strawberry":49,"Gambling Chip":57,"Prayer Wheel":50,"Fusion Hammer":8,"Red Mask":59,"Chemical X":19,"Ring of the Snake":0,"Lee\u0027s Waffle":40,"The Specimen":26,"Astrolabe":0,"Oddly Smooth Stone":10,"PreservedInsect":29,"The Courier":49,"Omamori":39,"Letter Opener":57,"War Paint":19,"Paper Crane":27,"Orichalcum":30,"Medical Kit":26,"Question Card":50,"White Beast Statue":29,"WarpedTongs":2,"Mercury Hourglass":14,"OrangePellets":15,"Runic Dome":58,"CaptainsWheel":19,"Ornamental Fan":49,"Bronze Scales":13,"Bird Faced Urn":43,"Snecko Eye":17,"Pandora\u0027s Box":51,"CultistMask":27,"Black Star":41,"Membership Card":43},{"TwistedFunnel":251,"Regal Pillow":251,"Gremlin Horn":121,"Snake Skull":251,"Bag of Preparation":202,"Smiling Mask":35,"Cursed Key":209,"Blood Vial":282,"Centennial Puzzle":19,"Nunchaku":77,"Dream Catcher":349,"Matryoshka":251,"Mummified Hand":274,"Strawberry":274,"Gambling Chip":318,"Prayer Wheel":282,"Fusion Hammer":50,"Red Mask":332,"Chemical X":108,"Ring of the Snake":0,"Lee\u0027s Waffle":239,"The Specimen":169,"Astrolabe":0,"Oddly Smooth Stone":58,"PreservedInsect":186,"The Courier":274,"Omamori":235,"Letter Opener":318,"War Paint":108,"Paper Crane":173,"Orichalcum":192,"Medical Kit":169,"Question Card":282,"White Beast Statue":186,"WarpedTongs":16,"Mercury Hourglass":80,"OrangePellets":85,"Runic Dome":328,"CaptainsWheel":108,"Ornamental Fan":274,"Bronze Scales":77,"Bird Faced Urn":251,"Snecko Eye":101,"Pandora\u0027s Box":293,"CultistMask":173,"Black Star":245,"Membership Card":251}],"Ring of the Snake":[74]},"card_choices":[{"not_picked":["Bane","Underhanded Strike"],"picked":"Poisoned Stab","floor":1},{"not_picked":["Dagger Spray","Cloak And Dagger"],"picked":"Predator","floor":2},{"not_picked":["Dagger Spray","Cloak And Dagger"],"picked":"Caltrops","floor":3},{"not_picked":["Sucker Punch","Flying Knee"],"picked":"Bullet Time","floor":4},{"not_picked":["Blade Dance","Reflex"],"picked":"Bane","floor":5},{"not_picked":["Underhanded Strike","Blade Dance","Riddle With Holes"],"picked":"SKIP","floor":8},{"not_picked":["Underhanded Strike","Flying Knee"],"picked":"Leg Sweep","floor":12},{"not_picked":["Bullet Time","A Thousand Cuts","Adrenaline"],"picked":"Malaise","floor":16},{"not_picked":["Riddle With Holes","Endless Agony","Dodge and Roll","Prepared"],"picked":"SKIP","floor":18},{"not_picked":["Dodge and Roll","Sucker Punch+1","Infinite Blades","Reflex"],"picked":"SKIP","floor":18},{"not_picked":["Flying Knee","Deflect","Cloak And Dagger","Dagger Throw"],"picked":"SKIP","floor":19},{"not_picked":["Bane","Deflect","Dagger Spray","Tactician"],"picked":"SKIP","floor":19},{"not_picked":["Expertise","Caltrops","Dagger Spray","Quick Slash"],"picked":"SKIP","floor":20},{"not_picked":["Heel Hook","Distraction","Underhanded Strike","Endless Agony"],"picked":"SKIP","floor":20},{"not_picked":["Dagger Spray","Quick Slash","Acrobatics"],"picked":"Dodge and Roll","floor":22},{"not_picked":["Infinite Blades","Endless Agony","Dagger Throw","Quick Slash"],"picked":"SKIP","floor":22},{"not_picked":["Heel Hook","Quick Slash","Bane"],"picked":"Envenom","floor":24},{"not_picked":["Quick Slash","Predator","Dodge and Roll"],"picked":"Escape Plan","floor":24},{"not_picked":["Deadly Poison","Backflip","Dagger Spray"],"picked":"Night Terror","floor":27},{"not_picked":["Glass Knife","A Thousand Cuts","Night Terror"],"picked":"After Image","floor":33},{"not_picked":["Deflect","Cloak And Dagger","Reflex"],"picked":"Deadly Poison+1","floor":35},{"not_picked":["Concentrate+1","Finisher","Poisoned Stab"],"picked":"PiercingWail","floor":35},{"not_picked":["Discovery","Chrysalis","Trip"],"picked":"Panacea","floor":37},{"not_picked":["Bandage Up","Secret Technique","HandOfGreed"],"picked":"Apotheosis","floor":37},{"not_picked":["Deep Breath","Metamorphosis","Thinking Ahead"],"picked":"PanicButton","floor":37},{"not_picked":["Blade Dance+1","Accuracy+1","Endless Agony"],"picked":"Noxious Fumes","floor":39},{"not_picked":["Dagger Spray","Prepared","Predator"],"picked":"Bouncing Flask+1","floor":39},{"not_picked":["Flying Knee","Outmaneuver","Slice"],"picked":"Footwork","floor":41},{"not_picked":["Tactician","Acrobatics","After Image"],"picked":"Footwork","floor":41},{"not_picked":["Prepared+1","Accuracy","Masterful Stab"],"picked":"PiercingWail","floor":46}],"player_experience":614390,"relics_obtained":[{"floor":8,"key":"Ornamental Fan"},{"floor":9,"key":"Strawberry"},{"floor":9,"key":"Mummified Hand"},{"floor":12,"key":"Blood Vial"},{"floor":13,"key":"White Beast Statue"},{"floor":13,"key":"CaptainsWheel"},{"floor":26,"key":"Gremlin Horn"},{"floor":27,"key":"Gambling Chip"},{"floor":46,"key":"Dream Catcher"}],"event_choices":[{"damage_healed":0,"gold_gain":66,"player_choice":"Gained Gold","damage_taken":0,"max_hp_gain":0,"max_hp_loss":0,"event_name":"Golden Wing","floor":7,"gold_loss":0},{"damage_healed":0,"gold_gain":0,"player_choice":"Success","damage_taken":11,"relics_obtained":["The Courier"],"max_hp_gain":0,"max_hp_loss":0,"event_name":"Scrap Ooze","floor":11,"gold_loss":0},{"damage_healed":0,"gold_gain":0,"cards_transformed":["Storm of Steel","Cloak And Dagger"],"player_choice":"Became Test Subject","damage_taken":0,"max_hp_gain":0,"max_hp_loss":0,"event_name":"Drug Dealer","floor":29,"gold_loss":0,"cards_obtained":["PiercingWail","Expertise"]},{"damage_healed":0,"gold_gain":0,"player_choice":"Ignored","damage_taken":0,"max_hp_gain":0,"max_hp_loss":0,"event_name":"The Mausoleum","floor":30,"gold_loss":0},{"damage_healed":0,"gold_gain":0,"player_choice":"Paid","damage_taken":0,"relics_obtained":["Red Mask"],"max_hp_gain":0,"max_hp_loss":0,"event_name":"Tomb of Lord Red Mask","floor":36,"gold_loss":90},{"damage_healed":0,"gold_gain":0,"player_choice":"Memory 3","damage_taken":10,"max_hp_gain":0,"max_hp_loss":0,"event_name":"SensoryStone","floor":37,"gold_loss":0},{"damage_healed":0,"gold_gain":0,"player_choice":"Max HP","damage_taken":0,"max_hp_gain":0,"max_hp_loss":4,"event_name":"Winding Halls","floor":38,"gold_loss":0},{"cards_removed":["Escape Plan"],"damage_healed":0,"gold_gain":0,"player_choice":"Removed Skill","damage_taken":0,"max_hp_gain":0,"max_hp_loss":0,"event_name":"Falling","floor":45,"gold_loss":0},{"damage_healed":58,"gold_gain":0,"player_choice":"Heal","damage_taken":0,"max_hp_gain":0,"max_hp_loss":0,"event_name":"MindBloom","floor":48,"gold_loss":0,"cards_obtained":["Doubt"]}],"is_beta":false,"boss_relics":[{"not_picked":["Ring of the Serpent","SacredBark"],"picked":"Pandora\u0027s Box"},{"not_picked":["Tiny House","Sozu"],"picked":"Runic Dome"}],"items_purged_floors":[14,47],"is_endless":false,"potions_floor_spawned":[1,3,16,18,19,20,22,24,27,33,35,39,41,46],"killed_by":"Time Eater","ascension_level":20}}