{"host":"ELF","time":1610447622,"event":{"mods":["BaseMod","Minty Spire (QoL Compilation)"],"gold_per_floor":[119,139,156,156,136,136,161,161,161,171,171,171,171],"floor_reached":12,"playtime":435,"items_purged":[],"score":156,"play_id":"645f9cb6-597b-4be1-9bdc-b4649bc15130","local_time":"20210112043342","is_ascension_mode":true,"campfire_choices":[{"floor":6.0,"key":"REST"},{"floor":8.0,"key":"REST"}],"circlet_count":0,"master_deck":["AscendersBane","Strike_G","Strike_G","Strike_G","Strike_G","Strike_G","Defend_G","Defend_G","Defend_G","Defend_G","Defend_G","Survivor","Neutralize","Predator","Calculated Gamble","Deadly Poison","All Out Attack","Blur"],"relics":["Sozu","Question Card","Anchor"],"acts_visited":["Exordium"],"potions_floor_usage":[],"damage_taken":[{"damage":4.0,"enemies":"Jaw Worm","floor":1.0,"turns":6.0},{"damage":6.0,"enemies":"Cultist","floor":2.0,"turns":4.0},{"damage":0.0,"enemies":"2 Louse","floor":3.0,"turns":3.0},{"damage":33.0,"enemies":"3 Sentries","floor":7.0,"turns":15.0},{"damage":6.0,"enemies":"Looter","floor":10.0,"turns":3.0},{"damage":60,"enemies":"Gremlin Nob","floor":12,"turns":4}],"seed_played":"3601866901805383836","potions_obtained":[],"is_trial":false,"path_per_floor":["M","M","M","$","?","R","E","R","T","M","?","E"],"character_chosen":"THE_SILENT","items_purchased":[],"campfire_rested":2,"item_purchase_floors":[],"current_hp_per_floor":[55,49,49,49,49,66,33,52,52,46,46,0,0],"gold":171,"neow_bonus":"BOSS_RELIC","is_daily":false,"chose_seed":false,"campfire_upgraded":0,"win_rate":0.0,"timestamp":1610447622,"path_taken":["M","M","M","$","?","R","E","R","T","?","?","E"],"items_purchased_type":[],"build_version":"2020-12-18","purchased_purges":0,"victory":false,"max_hp_per_floor":[66,66,66,66,66,66,66,66,66,66,66,66,66],"card_choices":[{"not_picked":["Flying Knee","Terror"],"picked":"Predator","floor":1.0},{"not_picked":["Slice","Backflip"],"picked":"Calculated Gamble","floor":2.0},{"not_picked":["Slice","Well Laid Plans"],"picked":"Deadly Poison","floor":3.0},{"not_picked":["Escape Plan","Noxious Fumes"],"picked":"All Out Attack","floor":7.0},{"not_picked":["Infinite Blades","Bane","Flechettes"],"picked":"Blur","floor":10.0}],"player_experience":3195427,"relics_obtained":[{"floor":7.0,"key":"Question Card"},{"floor":9.0,"key":"Anchor"}],"event_choices":[{"damage_healed":0.0,"max_hp_gain":0.0,"max_hp_loss":0.0,"gold_gain":0.0,"event_name":"The Woman in Blue","player_choice":"Bought 1 Potion","floor":5.0,"gold_loss":0.0,"damage_taken":0.0},{"damage_healed":0.0,"max_hp_gain":0.0,"max_hp_loss":0.0,"gold_gain":0.0,"event_name":"Shining Light","player_choice":"Ignored","floor":11.0,"gold_loss":0.0,"damage_taken":0.0}],"is_beta":true,"boss_relics":[],"items_purged_floors":[],"is_endless":false,"potions_floor_spawned":[1,10],"killed_by":"Gremlin Nob","ascension_level":20}}