{"host":"9v3x998ddbx8o276","time":1610447966,"event":{"mods":["AchievementEnabler","BaseMod","Colored Map","Colored Powertips","Highlight Path","Minty Spire (QoL Compilation)","Quick Restart","Rare Cards Sparkle"],"gold_per_floor":[109,109,259,272,32,57,138,168,168,168,185,185,185,195,195,195,195],"floor_reached":16,"playtime":352,"items_purged":["Doubt"],"score":266,"play_id":"e7b6831d-d6d9-481d-9185-933906e2a7cc","local_time":"20210112210926","is_ascension_mode":true,"campfire_choices":[{"floor":13,"key":"REST"},{"floor":15,"key":"REST"}],"circlet_count":0,"master_deck":["AscendersBane","Strike_G","Strike_G","Strike_G","Strike_G","Strike_G","Defend_G+1","Defend_G","Defend_G+1","Defend_G","Defend_G","Survivor","Neutralize","Dagger Spray","Dagger Throw","Footwork","Blade Dance","Bouncing Flask","Footwork"],"relics":["Ring of the Snake","NeowsBlessing","TwistedFunnel","Ninja Scroll","Mummified Hand","Blue Candle","Molten Egg 2","Art of War"],"acts_visited":["Exordium"],"potions_floor_usage":[16],"damage_taken":[{"damage":0,"enemies":"Jaw Worm","floor":1,"turns":1},{"damage":0,"enemies":"Small Slimes","floor":4,"turns":1},{"damage":0,"enemies":"Gremlin Nob","floor":6,"turns":1},{"damage":20,"enemies":"3 Sentries","floor":8,"turns":11},{"damage":0,"enemies":"2 Louse","floor":11,"turns":2},{"damage":0,"enemies":"2 Fungi Beasts","floor":14,"turns":1},{"damage":57,"enemies":"Slime Boss","floor":16,"turns":9}],"seed_played":"-2970133391685863999","potions_obtained":[{"floor":1,"key":"Ancient Potion"},{"floor":6,"key":"LiquidMemories"}],"is_trial":false,"path_per_floor":["M","?","?","M","$","E","T","E","T","?","M","?","R","M","R","B"],"character_chosen":"THE_SILENT","items_purchased":["TwistedFunnel"],"campfire_rested":2,"item_purchase_floors":[5],"current_hp_per_floor":[59,39,39,39,39,39,39,19,19,24,24,6,27,27,48,0,0],"gold":195,"neow_bonus":"THREE_ENEMY_KILL","is_daily":false,"chose_seed":false,"campfire_upgraded":0,"win_rate":0.0,"timestamp":1610447966,"path_taken":["M","?","?","M","$","E","?","E","T","?","?","?","R","M","R","BOSS"],"items_purchased_type":["Relic"],"build_version":"2020-12-22","purchased_purges":1,"victory":false,"max_hp_per_floor":[66,66,66,66,66,66,66,66,66,71,71,71,71,71,71,71,71],"card_choices":[{"not_picked":["Tactician","Dodge and Roll"],"picked":"Dagger Spray","floor":1},{"not_picked":["Deflect","Distraction"],"picked":"Dagger Throw","floor":4},{"not_picked":["Dodge and Roll","Predator"],"picked":"Footwork","floor":6},{"not_picked":["Reflex","Calculated Gamble"],"picked":"Blade Dance","floor":8},{"not_picked":["Expertise","Concentrate"],"picked":"Bouncing Flask","floor":11},{"not_picked":["Flying Knee+1","Expertise"],"picked":"Footwork","floor":14}],"player_experience":1645768,"relics_obtained":[{"floor":6,"key":"Ninja Scroll"},{"floor":7,"key":"Mummified Hand"},{"floor":8,"key":"Blue Candle"},{"floor":9,"key":"Molten Egg 2"}],"event_choices":[{"damage_healed":0,"gold_gain":0,"player_choice":"Entered Light","damage_taken":20,"max_hp_gain":0,"max_hp_loss":0,"event_name":"Shining Light","floor":2,"gold_loss":0,"cards_upgraded":["Defend_G","Defend_G"]},{"damage_healed":0,"gold_gain":150,"player_choice":"AGREE","damage_taken":0,"max_hp_gain":0,"max_hp_loss":0,"event_name":"Liars Game","floor":3,"gold_loss":0,"cards_obtained":["Doubt"]},{"damage_healed":0,"gold_gain":0,"player_choice":"Donut","damage_taken":0,"max_hp_gain":5,"max_hp_loss":0,"event_name":"Big Fish","floor":10,"gold_loss":0},{"damage_healed":0,"gold_gain":0,"player_choice":"Success","damage_taken":18,"relics_obtained":["Art of War"],"max_hp_gain":0,"max_hp_loss":0,"event_name":"Scrap Ooze","floor":12,"gold_loss":0}],"is_beta":false,"boss_relics":[],"items_purged_floors":[5],"is_endless":false,"potions_floor_spawned":[1,6,14],"killed_by":"Slime Boss","ascension_level":20}}