{"host":"wfcf39wm1vkwpcs0","time":1610435314,"event":{"mods":["BaseMod","Hermit","Minty Spire (QoL Compilation)","StSLib","The Cursed","The Necromancer","The Servant 0.9.4"],"gold_per_floor":[115,130,46,59,79,111,111,129,129,129,159,184,68,101,101,101,101],"floor_reached":16,"playtime":1098,"items_purged":[],"score":112,"play_id":"643314f7-9369-4759-a57e-1530f4a4c826","local_time":"20210112150834","is_ascension_mode":false,"campfire_choices":[{"floor":7,"key":"RECALL"},{"floor":15,"key":"REST"}],"circlet_count":0,"master_deck":["Strike_G","Strike_G","Strike_G","Strike_G","Strike_G","Defend_G","Defend_G","Defend_G","Defend_G","Defend_G","Survivor","Neutralize","Phantasmal Killer","PiercingWail","Dagger Spray","Predator","Dodge and Roll","Sucker Punch","Glass Knife","Crippling Poison","Injury","Dodge and Roll","Catalyst","Flechettes+1","Poisoned Stab+1"],"relics":["Ring of the Snake","Bottled Flame","Golden Idol","Molten Egg 2","Paper Crane"],"acts_visited":["Exordium"],"potions_floor_usage":[6,6,6,14,14],"damage_taken":[{"damage":4,"enemies":"Cultist","floor":1,"turns":5},{"damage":2,"enemies":"Small Slimes","floor":2,"turns":3},{"damage":0,"enemies":"Jaw Worm","floor":4,"turns":2},{"damage":5,"enemies":"Exordium Wildlife","floor":5,"turns":5},{"damage":14,"enemies":"Gremlin Nob","floor":6,"turns":5},{"damage":2,"enemies":"Large Slime","floor":8,"turns":5},{"damage":7,"enemies":"3 Louse","floor":12,"turns":3},{"damage":14,"enemies":"3 Sentries","floor":14,"turns":6},{"damage":33,"enemies":"Slime Boss","floor":16,"turns":12}],"seed_played":"-2791944979884251317","potions_obtained":[{"floor":4,"key":"Explosive Potion"},{"floor":5,"key":"Poison Potion"},{"floor":6,"key":"Dexterity Potion"},{"floor":12,"key":"Fire Potion"}],"is_trial":false,"path_per_floor":["M","M","$","M","M","E","R","M","T","?","?","M","$","E","R","B"],"character_chosen":"THE_SILENT","items_purchased":["Predator","Weak Potion","Catalyst","Flechettes+1"],"campfire_rested":1,"item_purchase_floors":[3,3,13,13],"current_hp_per_floor":[66,64,64,64,59,45,45,43,43,43,43,36,36,22,43,10,10],"gold":101,"neow_bonus":"ONE_RANDOM_RARE_CARD","is_daily":false,"chose_seed":false,"campfire_upgraded":0,"win_rate":0.0,"timestamp":1610435314,"path_taken":["M","M","$","M","M","E","R","M","T","?","?","M","?","E","R","BOSS"],"items_purchased_type":["Card","Potion","Card","Card"],"build_version":"2020-12-22","purchased_purges":0,"victory":false,"max_hp_per_floor":[70,70,70,70,70,70,70,70,70,70,70,70,70,70,70,70,70],"card_choices":[{"not_picked":["Flying Knee","Blade Dance"],"picked":"PiercingWail","floor":1},{"not_picked":["Dodge and Roll","Quick Slash"],"picked":"Dagger Spray","floor":2},{"not_picked":["Outmaneuver","Tactician"],"picked":"Dodge and Roll","floor":4},{"not_picked":["Dagger Throw","Quick Slash"],"picked":"Sucker Punch","floor":5},{"not_picked":["Dodge and Roll","Masterful Stab"],"picked":"Glass Knife","floor":6},{"not_picked":["Outmaneuver","Slice"],"picked":"Crippling Poison","floor":8},{"not_picked":["Prepared","Acrobatics"],"picked":"Dodge and Roll","floor":12},{"not_picked":["Underhanded Strike+1","Sucker Punch+1"],"picked":"Poisoned Stab+1","floor":14}],"player_experience":133740,"relics_obtained":[{"floor":6,"key":"Bottled Flame"},{"floor":14,"key":"Paper Crane"}],"event_choices":[{"damage_healed":0,"gold_gain":0,"player_choice":"Take Wound","damage_taken":0,"relics_obtained":["Golden Idol"],"max_hp_gain":0,"max_hp_loss":0,"event_name":"Golden Idol","floor":10,"gold_loss":0,"cards_obtained":["Injury"]},{"damage_healed":0,"gold_gain":30,"player_choice":"Searched \u00272\u0027 times","damage_taken":0,"relics_obtained":["Molten Egg 2"],"max_hp_gain":0,"max_hp_loss":0,"event_name":"Dead Adventurer","floor":11,"gold_loss":0}],"is_beta":false,"boss_relics":[],"items_purged_floors":[],"is_endless":false,"potions_floor_spawned":[4,5,6,12],"killed_by":"Slime Boss","ascension_level":0}}