{"host":"dbkc9h3etq50r1dq","time":1610427823,"event":{"mods":["AchievementEnabler","BaseMod","Block Reminder","Colored Powertips","Curses Come First","Custom Start","Dark Map","Minty Spire (QoL Compilation)","Permanent Neow","Potion Indicator Mod","Rare Cards Sparkle","StSLib","SuperFastMode"],"gold_per_floor":[113,113,127,145,145,145,320,395,422,36,47,73,92,104,104,209,209,227,237,237,237,255,283,294,294,294,307,319,319,339,339,339],"floor_reached":31,"playtime":1058,"items_purged":["Doubt"],"score":386,"play_id":"cda52a0f-9224-45d9-beea-4720fde32a21","local_time":"20210112130343","is_ascension_mode":true,"campfire_choices":[{"data":"Eruption","floor":6.0,"key":"SMITH"},{"data":"Ragnarok","floor":15.0,"key":"SMITH"},{"data":"J.A.X.","floor":25.0,"key":"SMITH"}],"circlet_count":0,"master_deck":["Strike_P","Strike_P","Strike_P","Strike_P","Defend_P","Defend_P","Defend_P","Eruption+1","Vigilance","Finesse","ClearTheMind","WaveOfTheHand+1","Study","Wallop","CutThroughFate","Consecrate","Ragnarok+1","Brilliance","Prostrate","ClearTheMind+1","J.A.X.+1","Swivel","Wallop+1","Sanctity+1","DevaForm"],"relics":["PureWater","Akabeko","Vajra","Orichalcum","Sozu","Ornamental Fan","Molten Egg 2"],"acts_visited":["Exordium","TheCity"],"potions_floor_usage":[],"damage_taken":[{"damage":0.0,"enemies":"Small Slimes","floor":1.0,"turns":2.0},{"damage":4.0,"enemies":"Cultist","floor":3.0,"turns":3.0},{"damage":2.0,"enemies":"Jaw Worm","floor":4.0,"turns":3.0},{"damage":13.0,"enemies":"Blue Slaver","floor":11.0,"turns":3.0},{"damage":0.0,"enemies":"Gremlin Nob","floor":12.0,"turns":2.0},{"damage":0.0,"enemies":"Lots of Slimes","floor":13.0,"turns":3.0},{"damage":0.0,"enemies":"Exordium Wildlife","floor":14.0,"turns":2.0},{"damage":0.0,"enemies":"Slime Boss","floor":16.0,"turns":2.0},{"damage":0.0,"enemies":"2 Thieves","floor":18.0,"turns":1.0},{"damage":0.0,"enemies":"Spheric Guardian","floor":19.0,"turns":2.0},{"damage":8.0,"enemies":"Centurion and Healer","floor":22.0,"turns":3.0},{"damage":7.0,"enemies":"Gremlin Leader","floor":23.0,"turns":4.0},{"damage":3.0,"enemies":"Chosen and Byrds","floor":24.0,"turns":6.0},{"damage":0.0,"enemies":"Sentry and Sphere","floor":27.0,"turns":3.0},{"damage":23.0,"enemies":"Snake Plant","floor":28.0,"turns":2.0},{"damage":19.0,"enemies":"Centurion and Healer","floor":30.0,"turns":5.0},{"damage":7,"enemies":"Cultist and Chosen","floor":31,"turns":4}],"seed_played":"9201266990325186420","potions_obtained":[{"floor":3.0,"key":"StancePotion"},{"floor":12.0,"key":"Block Potion"},{"floor":13.0,"key":"BottledMiracle"},{"floor":16.0,"key":"SkillPotion"}],"is_trial":false,"path_per_floor":["M","?","M","M","?","R","?","?","T","$","M","E","M","M","R","B",null,"M","M","?","?","M","E","M","R","T","M","M","T","M","M"],"character_chosen":"WATCHER","items_purchased":["Vajra","Study","Wallop"],"campfire_rested":0,"item_purchase_floors":[10,10,10],"current_hp_per_floor":[72,72,68,66,66,66,66,55,55,55,42,42,42,42,42,42,72,72,72,72,72,64,57,54,54,54,54,31,31,12,5,5],"gold":339,"neow_bonus":"RANDOM_COLORLESS","is_daily":false,"chose_seed":false,"campfire_upgraded":3,"win_rate":0.0,"timestamp":1610427823,"path_taken":["M","?","?","?","?","R","?","?","T","?","M","E","?","M","R","BOSS","M","?","?","?","M","E","M","R","T","M","M","?","M","?"],"items_purchased_type":["Relic","Card","Card"],"build_version":"2020-12-22","purchased_purges":1,"victory":false,"max_hp_per_floor":[72,72,72,72,72,72,72,72,72,72,72,72,72,72,72,72,72,72,72,72,72,72,72,72,72,72,72,72,72,72,72,72],"card_choices":[{"not_picked":["Forethought","Trip"],"picked":"Finesse","floor":0.0},{"not_picked":["BowlingBash","CutThroughFate"],"picked":"ClearTheMind","floor":1.0},{"not_picked":["CrushJoints","BowlingBash","Evaluate"],"picked":"SKIP","floor":3.0},{"not_picked":["Wireheading","ReachHeaven"],"picked":"WaveOfTheHand","floor":4.0},{"not_picked":["EmptyBody","FlyingSleeves","SashWhip"],"picked":"SKIP","floor":11.0},{"not_picked":["Pray","EmptyBody"],"picked":"CutThroughFate","floor":12.0},{"not_picked":["Weave","SashWhip"],"picked":"Consecrate","floor":13.0},{"not_picked":["ThirdEye","MentalFortress"],"picked":"Ragnarok","floor":14.0},{"not_picked":["Judgement","ConjureBlade"],"picked":"Brilliance","floor":16.0},{"not_picked":["WreathOfFlame+1","CrushJoints+1"],"picked":"Prostrate","floor":18.0},{"not_picked":["Vengeance","Tantrum"],"picked":"ClearTheMind+1","floor":19.0},{"not_picked":["SashWhip+1","JustLucky"],"picked":"Wallop+1","floor":22.0},{"not_picked":["SandsOfTime","CutThroughFate+1"],"picked":"Sanctity+1","floor":23.0},{"not_picked":["MentalFortress","Evaluate+1","ThirdEye"],"picked":"SKIP","floor":24.0},{"not_picked":["MentalFortress","Evaluate+1","ThirdEye"],"picked":"SKIP","floor":24.0},{"not_picked":["JustLucky+1","FlyingSleeves","Tantrum"],"picked":"SKIP","floor":27.0},{"not_picked":["Protect","SashWhip"],"picked":"DevaForm","floor":28.0},{"not_picked":["Halt","FollowUp+1","Pray"],"picked":"SKIP","floor":30.0}],"player_experience":131283,"relics_obtained":[{"floor":9.0,"key":"Akabeko"},{"floor":12.0,"key":"Orichalcum"},{"floor":23.0,"key":"Ornamental Fan"},{"floor":29.0,"key":"Molten Egg 2"}],"event_choices":[{"cards_removed":["Defend_P"],"damage_healed":0.0,"max_hp_gain":0.0,"max_hp_loss":0.0,"gold_gain":0.0,"event_name":"Bonfire Elementals","player_choice":"Offered Basic","floor":2.0,"gold_loss":0.0,"damage_taken":0.0},{"damage_healed":0.0,"max_hp_gain":0.0,"max_hp_loss":0.0,"gold_gain":0.0,"event_name":"Living Wall","player_choice":"Grow","floor":5.0,"gold_loss":0.0,"damage_taken":0.0,"cards_upgraded":["WaveOfTheHand"]},{"damage_healed":0.0,"max_hp_gain":0.0,"max_hp_loss":0.0,"gold_gain":175.0,"event_name":"Liars Game","player_choice":"AGREE","floor":7.0,"gold_loss":0.0,"damage_taken":0.0,"cards_obtained":["Doubt"]},{"damage_healed":0.0,"max_hp_gain":0.0,"max_hp_loss":0.0,"gold_gain":75.0,"event_name":"World of Goop","player_choice":"Gather Gold","floor":8.0,"gold_loss":0.0,"damage_taken":11.0},{"damage_healed":0.0,"max_hp_gain":0.0,"max_hp_loss":0.0,"gold_gain":0.0,"event_name":"Drug Dealer","player_choice":"Obtain J.A.X.","floor":20.0,"gold_loss":0.0,"damage_taken":0.0,"cards_obtained":["J.A.X."]},{"damage_healed":0.0,"max_hp_gain":0.0,"max_hp_loss":0.0,"gold_gain":0.0,"event_name":"The Library","player_choice":"Read","floor":21.0,"gold_loss":0.0,"damage_taken":0.0,"cards_obtained":["Swivel"]}],"is_beta":false,"boss_relics":[{"not_picked":["Runic Dome","Pandora\u0027s Box"],"picked":"Sozu"}],"items_purged_floors":[10],"is_endless":false,"potions_floor_spawned":[3,12,13,16,18,23,30],"killed_by":"Cultist and Chosen","ascension_level":3}}