{"host":"mwb0clku6crgv6yl","time":1610422135,"event":{"mods":["AchievementEnabler","BaseMod","Highlight Path","Koishi","Minty Spire (QoL Compilation)","Prisma Mod","Replay The Spire","StSLib","The Administrix","The Construct","The Cursed","The Gatherer","The Hierophant"],"gold_per_floor":[117,117,127,55,65,92,104,124,124,124,10,36,36,56,56,155,155,173,173,173,173,24,24,24,24,50,50,61,61,94,105,105,207,207,220,220,291,341,366,366,399,45,45,113,113,128,128,141,141,141],"floor_reached":51,"playtime":2629,"items_purged":[],"score":941,"play_id":"1291a8f1-96da-4284-b76a-83412213f760","local_time":"20210112112855","is_ascension_mode":true,"campfire_choices":[{"floor":10.0,"key":"REST"},{"floor":13.0,"key":"REST"},{"floor":15.0,"key":"REST"},{"data":"TheCursedMod:ManaCirculation","floor":23.0,"key":"SMITH"},{"data":"TheCursedMod:EmpowerCircles","floor":25.0,"key":"SMITH"},{"data":"TheCursedMod:DemonicPact","floor":27.0,"key":"SMITH"},{"floor":32.0,"key":"REST"},{"data":"TheCursedMod:OutForBlood","floor":40.0,"key":"SMITH"},{"floor":45,"key":"REST"},{"floor":47,"key":"REST"},{"floor":49,"key":"REST"}],"circlet_count":0,"master_deck":["TheCursedMod:Strike_TheCursed","TheCursedMod:Defend_TheCursed","TheCursedMod:Defend_TheCursed","TheCursedMod:Defend_TheCursed","TheCursedMod:Defend_TheCursed+1","TheCursedMod:CursedWand","TheCursedMod:CleanUpWorkshop+1","TheCursedMod:Dregs","TheCursedMod:ManaBullet","TheCursedMod:LuckyCharm","TheCursedMod:Wield","TheCursedMod:DemonicPact+1","TheCursedMod:CursedShiv+1","TheCursedMod:Wield","TheCursedMod:ManaCirculation","TheCursedMod:ManaCirculation+1","TheCursedMod:EmpowerCircles+1","TheCursedMod:DoubleShield","TheCursedMod:DemonSword","TheCursedMod:CircleOfFlame+1","TheCursedMod:CursedBoomerang+1","TheCursedMod:Wield","RitualDagger","TheCursedMod:ReleasedStrength","TheCursedMod:WearCloak+1","TheCursedMod:HellfireBreathing+1","TheCursedMod:CursedBlade+1","TheCursedMod:OutForBlood+1","TheCursedMod:CursedMace","ReplayTheSpireMod:Splinters","TheCursedMod:CursedSpellbook+1","Voices","TheCursedMod:BlessingInDisguise","TheCursedMod:CursedRelics","TheCursedMod:CursedRelics","TheCursedMod:EmpowerCircles","TheCursedMod:SoulReap","Replay:Hysterical Blindness","TheCursedMod:CircleOfWindfury+1","Injury","TheCursedMod:ReleasedStrength+1","TheCursedMod:CursedAmulet+1"],"relics":["TheCursedMod:BlackMagic101","NeowsBlessing","Anchor","Mummified Hand","Blue Doll","Astrolabe","Membership Card","Thread and Needle","Boot","Incense Burner","Replay:Bronze Core","Lantern","Ring of Greed","Ring of Fury","Smiling Mask","Golden Idol","Akabeko","Garlic","OrangePellets","Strawberry","Gremlin Food","HornCleat","Dead Branch"],"acts_visited":["Exordium","TheCity","TheBeyond"],"potions_floor_usage":[50],"damage_taken":[{"damage":0.0,"enemies":"2 Louse","floor":1.0,"turns":1.0},{"damage":0.0,"enemies":"Cultist","floor":3.0,"turns":1.0},{"damage":0.0,"enemies":"Jaw Worm","floor":5.0,"turns":1.0},{"damage":45.0,"enemies":"Lagavulin","floor":6.0,"turns":10.0},{"damage":11.0,"enemies":"2 Fungi Beasts","floor":7.0,"turns":4.0},{"damage":17.0,"enemies":"Looter","floor":8.0,"turns":4.0},{"damage":7.0,"enemies":"3 Sentries","floor":12.0,"turns":6.0},{"damage":10.0,"enemies":"Large Slime","floor":14.0,"turns":6.0},{"damage":48.0,"enemies":"The Guardian","floor":16.0,"turns":9.0},{"damage":20.0,"enemies":"Spheric Guardian","floor":18.0,"turns":4.0},{"damage":12.0,"enemies":"2 Thieves","floor":28.0,"turns":3.0},{"damage":35.0,"enemies":"Gremlin Leader","floor":30.0,"turns":7.0},{"damage":0.0,"enemies":"Chosen and Byrds","floor":31.0,"turns":6.0},{"damage":22.0,"enemies":"Automaton","floor":33.0,"turns":9.0},{"damage":10.0,"enemies":"Orb Walker","floor":35.0,"turns":4.0},{"damage":17.0,"enemies":"Reptomancer","floor":41.0,"turns":5.0},{"damage":32.0,"enemies":"2 Orb Walkers","floor":44.0,"turns":4.0},{"damage":12,"enemies":"3 Shapes","floor":46,"turns":3},{"damage":0,"enemies":"Spire Growth","floor":48,"turns":4},{"damage":57,"enemies":"Time Eater","floor":50,"turns":8}],"seed_played":"1493544906902247373","potions_obtained":[{"floor":1.0,"key":"Block Potion"},{"floor":2.0,"key":"CultistPotion"},{"floor":2.0,"key":"SteroidPotion"},{"floor":8.0,"key":"Reflective Coating"},{"floor":28.0,"key":"SpeedPotion"},{"floor":31.0,"key":"FearPotion"},{"floor":35.0,"key":"Fire Potion"},{"floor":37.0,"key":"Energy Potion"},{"floor":41.0,"key":"PowerPotion"}],"is_trial":false,"path_per_floor":["M","?","M","$","M","E","M","M","T","R","$","E","R","M","R","B",null,"M","?","?","?","$","R","T","R","T","R","M","?","E","M","R","B",null,"M","?","?","?","T","R","E","$","T","?","R","M","R","M","R","B",null],"character_chosen":"THE_CURSED","items_purchased":["TheCursedMod:LuckyCharm","TheCursedMod:ManaCirculation","Membership Card","OrangePellets","TheCursedMod:CursedRelics","Strawberry","Gremlin Food","TheCursedMod:EmpowerCircles","TheCursedMod:SoulReap"],"campfire_rested":7,"item_purchase_floors":[4,11,22,42,42,42,42,42,42],"current_hp_per_floor":[75,75,75,75,75,30,19,2,2,24,24,17,39,29,51,3,75,55,49,49,49,49,49,49,49,49,49,37,37,2,2,24,2,75,65,65,65,65,65,65,48,55,55,23,47,35,59,59,82,25],"gold":141,"neow_bonus":"THREE_ENEMY_KILL","is_daily":false,"chose_seed":false,"campfire_upgraded":4,"win_rate":0.0,"timestamp":1610422135,"path_taken":["M","?","?","$","?","E","M","M","T","R","$","E","R","M","R","BOSS","M","?","?","?","$","R","?","R","T","R","M","?","E","?","R","BOSS","M","?","?","?","?","R","E","?","T","?","R","?","R","M","R","BOSS"],"items_purchased_type":["Card","Card","Relic","Relic","Card","Relic","Relic","Card","Card"],"build_version":"2020-12-22","purchased_purges":0,"victory":true,"max_hp_per_floor":[75,75,75,75,75,75,75,75,75,75,75,75,75,75,75,75,75,75,75,75,75,75,75,75,75,75,75,75,75,75,75,75,75,75,75,75,75,75,75,75,75,82,82,82,82,82,82,82,82,82],"card_choices":[{"not_picked":["TheCursedMod:Torture","TheCursedMod:RapidMovement"],"picked":"TheCursedMod:ManaBullet","floor":1.0},{"not_picked":["TheCursedMod:CursedBlade","TheCursedMod:StingEye"],"picked":"TheCursedMod:VitalStrike","floor":3.0},{"not_picked":["TheCursedMod:SpitefulPray","TheCursedMod:CursedShiv"],"picked":"TheCursedMod:Wield","floor":5.0},{"not_picked":["TheCursedMod:CircleOfAmplification","TheCursedMod:FleshFromBone"],"picked":"TheCursedMod:DemonicPact","floor":6.0},{"not_picked":["TheCursedMod:CursedAmulet","TheCursedMod:FleshFromBone"],"picked":"TheCursedMod:CursedShiv","floor":7.0},{"not_picked":["TheCursedMod:FleshFromBone","TheCursedMod:CircleOfCorruption"],"picked":"TheCursedMod:Wield","floor":8.0},{"not_picked":["TheCursedMod:CursedShiv","TheCursedMod:Torture"],"picked":"TheCursedMod:EmpowerCircles","floor":12.0},{"not_picked":["TheCursedMod:ParallelWorld","TheCursedMod:CursedArmor"],"picked":"TheCursedMod:DoubleShield","floor":14.0},{"not_picked":["TheCursedMod:StunningStrike","TheCursedMod:AntiAging"],"picked":"TheCursedMod:DemonSword","floor":16.0},{"not_picked":["TheCursedMod:FleshFromBone+1","TheCursedMod:Obscuration"],"picked":"TheCursedMod:Wield","floor":18.0},{"not_picked":["TheCursedMod:FuryStrike+1","TheCursedMod:CursedAmulet"],"picked":"TheCursedMod:WearCloak+1","floor":28.0},{"not_picked":["TheCursedMod:Mangle","TheCursedMod:HellsGateOpen"],"picked":"TheCursedMod:HellfireBreathing+1","floor":30.0},{"not_picked":["TheCursedMod:BloodBarrier","TheCursedMod:Hemoplague"],"picked":"TheCursedMod:CursedBlade+1","floor":31.0},{"not_picked":["TheCursedMod:NeowsMight","TheCursedMod:DarkBarrier"],"picked":"TheCursedMod:OutForBlood","floor":33.0},{"not_picked":["TheCursedMod:CircleOfWindfury","TheCursedMod:SpitefulStrike+1"],"picked":"TheCursedMod:CursedMace","floor":35.0},{"not_picked":["TheCursedMod:Stretching+1","TheCursedMod:DemonicPact"],"picked":"TheCursedMod:CursedSpellbook+1","floor":37.0},{"not_picked":["TheCursedMod:SmokeScreen","TheCursedMod:RavingStaff"],"picked":"TheCursedMod:BlessingInDisguise","floor":41.0},{"not_picked":["TheCursedMod:FleshFromBone+1","TheCursedMod:SpitefulPray"],"picked":"TheCursedMod:CircleOfWindfury+1","floor":44.0},{"not_picked":["TheCursedMod:Stretching","TheCursedMod:BlessingInDisguise+1"],"picked":"TheCursedMod:ReleasedStrength+1","floor":46},{"not_picked":["TheCursedMod:Wield+1","TheCursedMod:WearCloak"],"picked":"TheCursedMod:CursedAmulet+1","floor":48}],"player_experience":251132,"relics_obtained":[{"floor":6.0,"key":"Anchor"},{"floor":9.0,"key":"Mummified Hand"},{"floor":12.0,"key":"Blue Doll"},{"floor":24.0,"key":"Thread and Needle"},{"floor":26.0,"key":"Boot"},{"floor":30.0,"key":"Incense Burner"},{"floor":37.0,"key":"Lantern"},{"floor":38.0,"key":"Ring of Greed"},{"floor":38.0,"key":"Ring of Fury"},{"floor":38.0,"key":"Smiling Mask"},{"floor":38.0,"key":"Golden Idol"},{"floor":39.0,"key":"Akabeko"},{"floor":41.0,"key":"Garlic"},{"floor":43.0,"key":"HornCleat"},{"floor":44.0,"key":"Dead Branch"}],"event_choices":[{"damage_healed":0.0,"max_hp_gain":0.0,"max_hp_loss":0.0,"gold_gain":0.0,"event_name":"Lab","player_choice":"Got Potions","floor":2.0,"gold_loss":0.0,"damage_taken":0.0},{"damage_healed":0.0,"max_hp_gain":0.0,"max_hp_loss":0.0,"gold_gain":0.0,"event_name":"Nest","player_choice":"Joined the Cult","floor":19.0,"gold_loss":0.0,"damage_taken":6.0,"cards_obtained":["RitualDagger"]},{"damage_healed":0.0,"max_hp_gain":0.0,"max_hp_loss":0.0,"gold_gain":0.0,"event_name":"The Library","player_choice":"Read","floor":20.0,"gold_loss":0.0,"damage_taken":0.0,"cards_obtained":["TheCursedMod:ReleasedStrength"]},{"damage_healed":0.0,"max_hp_gain":0.0,"max_hp_loss":0.0,"gold_gain":0.0,"event_name":"Cursed Tome","player_choice":"Ignored","floor":21.0,"gold_loss":0.0,"damage_taken":0.0},{"cards_removed":["TheCursedMod:FuryStrike"],"damage_healed":0.0,"max_hp_gain":0.0,"max_hp_loss":0.0,"gold_gain":0.0,"event_name":"Back to Basics","player_choice":"Elegance","floor":29.0,"gold_loss":0.0,"damage_taken":0.0},{"cards_removed":["TheCursedMod:VitalStrike"],"damage_healed":0.0,"max_hp_gain":0.0,"max_hp_loss":0.0,"gold_gain":0.0,"event_name":"Falling","player_choice":"Removed Attack","floor":36.0,"gold_loss":0.0,"damage_taken":0.0},{"damage_healed":0.0,"max_hp_gain":0.0,"max_hp_loss":0.0,"gold_gain":0.0,"event_name":"Mysterious Sphere","player_choice":"Fight","floor":44.0,"gold_loss":0.0,"damage_taken":0.0}],"is_beta":false,"boss_relics":[{"not_picked":["SacredBark","Coffee Dripper"],"picked":"Astrolabe"},{"not_picked":["TheCursedMod:BlackMagicAdvanced","Runic Pyramid"],"picked":"Replay:Bronze Core"}],"items_purged_floors":[],"is_endless":false,"potions_floor_spawned":[1,5,7,8,28,31,35,41],"ascension_level":2}}