{"host":"zjc1tzo4ovig5lll","time":1610473692,"event":{"mods":["AchievementEnabler","Aspiration","BaseMod","Beaked The Cultist","Better Altar","Better Match","Better Note","Better Sensory Stone","Colored Map","Colored Powertips","Conspire","Energized Spire","Friendly Minions","GifTheSpireLib","Halation","Hermit","Hubris","Minty Spire (QoL Compilation)","Rare Cards Sparkle","Replay The Spire","StSLib","The Blue Laboratory","The Bug Knight","The Construct","The Jungle","everything is the same but u backflip on backflip","vexMod"],"gold_per_floor":[211,140,140,19,19,19,19,46,70,95,95,109,109,57,57,162,162,172,23,23,23,29,29,59,59,59],"floor_reached":25,"playtime":799,"items_purged":[],"score":256,"play_id":"7d6a054a-832d-43e2-a010-8608358655a2","local_time":"20210112194812","is_ascension_mode":true,"campfire_choices":[{"data":"Fire Breathing","floor":6.0,"key":"SMITH"},{"floor":13,"key":"REST"},{"data":"Inflame","floor":15,"key":"SMITH"},{"floor":23,"key":"REST"}],"circlet_count":0,"master_deck":["Strike_R","Strike_R","Strike_R","Strike_R","Strike_R","Defend_R","Defend_R","Defend_R","Defend_R","Fire Breathing+1","Metallicize","Reckless Charge","Shrug It Off","Wild Strike","Shrug It Off","Inflame+1","Inflame","Replay:Many Hands","Iron Wave+1","Barricade","Shrug It Off","Body Slam+1","Iron Wave"],"relics":["Burning Blood","halation:EternalFortune","halation:BlackBeret","Mark of Pain","Orrery","aspiration:RitualStick","Replay:Baseball"],"acts_visited":["Exordium","TheCity"],"potions_floor_usage":[24,24],"damage_taken":[{"damage":1.0,"enemies":"Cultist","floor":1.0,"turns":3.0},{"damage":33,"enemies":"Gremlin Nob","floor":8,"turns":5},{"damage":35,"enemies":"Lagavulin","floor":10,"turns":9},{"damage":1,"enemies":"Jaw Worm","floor":12,"turns":4},{"damage":39,"enemies":"Hexaghost","floor":16,"turns":10},{"damage":22,"enemies":"3 Byrds","floor":18,"turns":6},{"damage":24,"enemies":"2 Thieves","floor":22,"turns":4},{"damage":54,"enemies":"Slavers","floor":24,"turns":6},{"damage":34,"enemies":"Snake Plant","floor":25,"turns":3}],"seed_played":"-4661229613879757991","potions_obtained":[{"floor":1.0,"key":"Flashbang"},{"floor":24,"key":"BloodPotion"}],"is_trial":false,"path_per_floor":["M","$","?","$","?","R","$","E","T","E","?","M","R","$","R","B",null,"M","$","?","?","M","R","E","M"],"character_chosen":"IRONCLAD","items_purchased":["Metallicize","Reckless Charge","Shrug It Off","Inflame","Orrery"],"campfire_rested":2,"item_purchase_floors":[2,4,4,14,19],"current_hp_per_floor":[80,80,73,73,76,76,76,52,52,23,23,28,53,53,53,20,86,70,70,70,53,35,60,29,0,0],"gold":59,"neow_bonus":"HUNDRED_GOLD","is_daily":false,"chose_seed":false,"campfire_upgraded":2,"win_rate":0.0,"timestamp":1610473692,"path_taken":["M","$","?","$","?","R","$","E","T","E","?","?","R","?","R","BOSS","M","$","?","?","M","R","E","M"],"items_purchased_type":["Card","Card","Card","Card","Relic"],"build_version":"2020-12-22","purchased_purges":0,"victory":false,"max_hp_per_floor":[80,80,80,80,83,83,83,86,86,86,86,86,86,86,86,86,86,86,86,86,86,86,86,86,86,86],"card_choices":[{"not_picked":["Blood for Blood","Dropkick"],"picked":"Fire Breathing","floor":1.0},{"not_picked":["Wild Strike","Thunderclap","Pommel Strike"],"picked":"SKIP","floor":8},{"not_picked":["Thunderclap","Pommel Strike"],"picked":"Wild Strike","floor":8},{"not_picked":["Headbutt","Twin Strike"],"picked":"Shrug It Off","floor":10},{"not_picked":["Pommel Strike","Entrench","Twin Strike"],"picked":"SKIP","floor":12},{"not_picked":["hubris:StunningStrike","Bludgeon"],"picked":"Replay:Many Hands","floor":16},{"not_picked":["Rupture","Spot Weakness","Abandon"],"picked":"SKIP","floor":18},{"not_picked":["Run Through","True Grit"],"picked":"Iron Wave+1","floor":19},{"not_picked":["ReplayTheSpireMod:Corrosion Curse","Perfected Strike"],"picked":"Barricade","floor":19},{"not_picked":["hubris:SharpeningStone","Clothesline"],"picked":"Shrug It Off","floor":19},{"not_picked":["ReplayTheSpireMod:Corrosion Curse+1","Wild Strike"],"picked":"Body Slam+1","floor":19},{"not_picked":["Twin Strike","Run Through+1"],"picked":"Iron Wave","floor":22},{"not_picked":["Hemokinesis","hubris:SharpeningStone","Exhume"],"picked":"SKIP","floor":24}],"player_experience":657145,"relics_obtained":[{"floor":8,"key":"halation:EternalFortune"},{"floor":10,"key":"halation:BlackBeret"},{"floor":24,"key":"Replay:Baseball"}],"event_choices":[{"cards_removed":["Bash"],"damage_healed":0.0,"max_hp_gain":0.0,"max_hp_loss":0.0,"gold_gain":0.0,"event_name":"Golden Wing","player_choice":"Card Removal","floor":3.0,"gold_loss":0.0,"damage_taken":7.0},{"damage_healed":0,"gold_gain":0,"player_choice":"Ignored","damage_taken":0,"max_hp_gain":0,"max_hp_loss":0,"event_name":"Shining Light","floor":11,"gold_loss":0}],"is_beta":false,"boss_relics":[{"not_picked":["conspire:SeveredTorchhead","aspiration:SecretTechniqueScroll"],"picked":"Mark of Pain"}],"items_purged_floors":[],"is_endless":false,"potions_floor_spawned":[1,16,24],"killed_by":"Snake Plant","ascension_level":3}}