{"host":"cjhtzh7tp54jdfyv","time":1610431681,"event":{"mods":["AchievementEnabler","BaseMod","Colored Map","Colored Powertips","Curses Come First","DeckTracker","Filter the Spire","Minty Spire (QoL Compilation)","RNG Fix","Relic Sorter","Relic Stats","StSLib","UnlockEverythingMod","ojb\u0027s Better Paths Mod","ojb\u0027s Info Mod"],"gold_per_floor":[117,192,208,222,242,242,270,281,281,295,315,345,110,142,142,219,219,238,252,71,83,101,129,145,173,198,198,210,210,235,245,245,319,319,337,212,231,231,231,259,272,302,302,302,314,341,341,23,23,23,23,23,23,23,51,51],"floor_reached":57,"playtime":5066,"items_purged":["Defend_P","Protect","Swivel+1","CrushJoints+1"],"score":3548,"play_id":"bd602899-d5e2-48fe-bbd6-8eb85aa4e82e","local_time":"20210112010801","is_ascension_mode":true,"campfire_choices":[{"data":"Eruption","floor":6,"key":"SMITH"},{"data":"EmptyMind","floor":15,"key":"SMITH"},{"floor":32,"key":"RECALL"},{"floor":49,"key":"REST"},{"floor":53,"key":"REST"}],"circlet_count":0,"master_deck":["AscendersBane","Eruption+1","Vigilance+1","FollowUp+1","JustLucky+1","CutThroughFate+1","LessonLearned+1","EmptyMind+1","Omniscience+1","Ragnarok+1","InnerPeace+1","CrushJoints+1","FollowUp+1","TalkToTheHand+1","Wallop+1","Vault+1","Vault+1","Sanctity+1","Madness+1","Madness+1","DeusExMachina+1","InnerPeace+1","Impatience+1","Purity+1","EmptyMind+1"],"relics":["VioletLotus","Nunchaku","PreservedInsect","TeardropLocket","Odd Mushroom","Pantograph","Anchor","Gremlin Horn","Pandora\u0027s Box","Akabeko","Blue Candle","Toxic Egg 2","Frozen Egg 2","Cursed Key","Bottled Lightning","Kunai","Potion Belt","Medical Kit","Orichalcum"],"acts_visited":["Exordium","TheCity","TheBeyond","TheEnding"],"potions_floor_usage":[16,16,30,50],"damage_taken":[{"damage":6,"enemies":"2 Louse","floor":1,"turns":3},{"damage":4,"enemies":"Jaw Worm","floor":3,"turns":4},{"damage":0,"enemies":"Cultist","floor":4,"turns":2},{"damage":8,"enemies":"Red Slaver","floor":5,"turns":3},{"damage":13,"enemies":"3 Sentries","floor":7,"turns":6},{"damage":0,"enemies":"2 Fungi Beasts","floor":8,"turns":2},{"damage":0,"enemies":"3 Louse","floor":10,"turns":2},{"damage":0,"enemies":"The Mushroom Lair","floor":11,"turns":2},{"damage":9,"enemies":"Lagavulin","floor":12,"turns":3},{"damage":0,"enemies":"3 Sentries","floor":14,"turns":2},{"damage":0,"enemies":"Slime Boss","floor":16,"turns":4},{"damage":0,"enemies":"Shell Parasite","floor":18,"turns":2},{"damage":2,"enemies":"3 Byrds","floor":19,"turns":3},{"damage":9,"enemies":"Cultist and Chosen","floor":21,"turns":4},{"damage":0,"enemies":"Snecko","floor":22,"turns":2},{"damage":2,"enemies":"Slavers","floor":23,"turns":2},{"damage":0,"enemies":"Snake Plant","floor":24,"turns":1},{"damage":8,"enemies":"Gremlin Leader","floor":25,"turns":3},{"damage":0,"enemies":"3 Cultists","floor":28,"turns":2},{"damage":0,"enemies":"Slavers","floor":30,"turns":2},{"damage":0,"enemies":"Centurion and Healer","floor":31,"turns":4},{"damage":0,"enemies":"Collector","floor":33,"turns":4},{"damage":0,"enemies":"3 Shapes","floor":35,"turns":3},{"damage":0,"enemies":"Orb Walker","floor":37,"turns":3},{"damage":0,"enemies":"Nemesis","floor":40,"turns":3},{"damage":0,"enemies":"3 Darklings","floor":41,"turns":3},{"damage":0,"enemies":"Reptomancer","floor":42,"turns":3},{"damage":1,"enemies":"Writhing Mass","floor":45,"turns":3},{"damage":1,"enemies":"Giant Head","floor":46,"turns":2},{"damage":5,"enemies":"Time Eater","floor":50,"turns":4},{"damage":0,"enemies":"Awakened One","floor":51,"turns":6},{"damage":0,"enemies":"Shield and Spear","floor":55,"turns":2},{"damage":4,"enemies":"The Heart","floor":56,"turns":7}],"seed_played":"3068307541972465670","potions_obtained":[{"floor":3,"key":"Fire Potion"},{"floor":7,"key":"DuplicationPotion"},{"floor":11,"key":"StancePotion"},{"floor":16,"key":"StancePotion"},{"floor":18,"key":"Block Potion"},{"floor":19,"key":"Fire Potion"},{"floor":40,"key":"SpeedPotion"},{"floor":41,"key":"Weak Potion"},{"floor":46,"key":"Energy Potion"}],"is_trial":false,"path_per_floor":["M","?","M","M","M","R","E","M","T","M","?","E","$","E","R","B",null,"M","M","$","M","M","E","M","E","T","?","M","?","E","M","R","B",null,"M","$","M","?","?","E","M","E","T","?","M","E","?","$","R","B","B",null,"R","$","E","B",null],"character_chosen":"WATCHER","items_purchased":["Anchor","TalkToTheHand","Medical Kit"],"campfire_rested":2,"item_purchase_floors":[13,20,48],"current_hp_per_floor":[55,44,40,40,32,32,19,19,19,19,19,10,10,10,10,35,60,60,58,58,49,49,47,47,39,39,39,39,39,39,39,39,64,67,67,67,67,55,55,55,55,55,55,45,44,43,43,43,63,63,68,68,68,68,68,64],"gold":51,"neow_bonus":"BOSS_RELIC","is_daily":false,"chose_seed":false,"campfire_upgraded":2,"win_rate":0.0,"timestamp":1610431681,"path_taken":["M","?","M","M","M","R","E","M","T","M","?","E","$","E","R","BOSS","M","M","$","M","M","E","M","E","T","?","M","?","E","M","R","BOSS","M","$","M","?","?","E","M","E","T","?","M","E","?","$","R","BOSS","BOSS","R","$","E","BOSS"],"items_purchased_type":["Relic","Card","Relic"],"build_version":"2020-12-22","purchased_purges":4,"victory":true,"max_hp_per_floor":[68,68,68,68,68,68,68,68,68,68,68,68,68,68,68,68,68,68,68,68,68,68,68,68,68,68,68,68,68,68,68,68,68,68,68,68,68,68,68,68,68,68,68,68,68,68,68,68,68,68,68,68,68,68,68,68],"relic_stats":{"Gremlin Horn":[28,28],"counters":[33,101],"Blue Candle":[3],"PreservedInsect":510,"Orichalcum":[6],"Cursed Key":1,"Medical Kit":[2],"Nunchaku":[24],"Pantograph":60,"Pandora\u0027s Box":["Ragnarok","InnerPeace","Swivel","CrushJoints","WindmillStrike","Protect","FollowUp"],"VioletLotus":[117],"Kunai":[41],"obtain_stats":[{"Potion Belt":46,"Gremlin Horn":14,"Blue Candle":25,"PreservedInsect":7,"TeardropLocket":9,"Odd Mushroom":11,"Frozen Egg 2":30,"Orichalcum":55,"Cursed Key":34,"Medical Kit":48,"Akabeko":23,"Anchor":13,"Nunchaku":26,"Pantograph":12,"Pandora\u0027s Box":17,"VioletLotus":0,"Bottled Lightning":40,"Kunai":42,"PureWater":0,"Toxic Egg 2":29},{"Potion Belt":29,"Gremlin Horn":10,"Blue Candle":18,"PreservedInsect":5,"TeardropLocket":6,"Odd Mushroom":8,"Frozen Egg 2":20,"Orichalcum":32,"Cursed Key":22,"Medical Kit":29,"Akabeko":16,"Anchor":9,"Nunchaku":18,"Pantograph":9,"Pandora\u0027s Box":11,"VioletLotus":0,"Bottled Lightning":25,"Kunai":27,"PureWater":0,"Toxic Egg 2":19},{"Potion Belt":82,"Gremlin Horn":29,"Blue Candle":50,"PreservedInsect":18,"TeardropLocket":20,"Odd Mushroom":24,"Frozen Egg 2":54,"Orichalcum":94,"Cursed Key":62,"Medical Kit":82,"Akabeko":46,"Anchor":27,"Nunchaku":50,"Pantograph":27,"Pandora\u0027s Box":33,"VioletLotus":0,"Bottled Lightning":71,"Kunai":77,"PureWater":0,"Toxic Egg 2":52}]},"card_choices":[{"not_picked":["LikeWater","Halt"],"picked":"CrushJoints","floor":1},{"not_picked":["CarveReality","Prostrate"],"picked":"FollowUp","floor":3},{"not_picked":["Study","PathToVictory"],"picked":"JustLucky","floor":4},{"not_picked":["Perseverance","Consecrate"],"picked":"CutThroughFate","floor":5},{"not_picked":["Ragnarok","WheelKick"],"picked":"LessonLearned","floor":7},{"not_picked":["FlurryOfBlows","WreathOfFlame","Protect"],"picked":"SKIP","floor":8},{"not_picked":["ThirdEye","JustLucky","FlurryOfBlows"],"picked":"SKIP","floor":10},{"not_picked":["Indignation","WheelKick"],"picked":"EmptyMind","floor":12},{"not_picked":["ConjureBlade","ClearTheMind","FlurryOfBlows"],"picked":"SKIP","floor":14},{"not_picked":["DeusExMachina","Wish"],"picked":"Omniscience","floor":16},{"not_picked":["CutThroughFate","Consecrate","FlyingSleeves+1"],"picked":"SKIP","floor":18},{"not_picked":["EmptyBody","JustLucky","FlyingSleeves"],"picked":"SKIP","floor":19},{"not_picked":["Consecrate+1","Prostrate+1"],"picked":"Wallop","floor":21},{"not_picked":["Consecrate","Devotion","FlyingSleeves"],"picked":"SKIP","floor":22},{"not_picked":["FlurryOfBlows","MentalFortress","SandsOfTime"],"picked":"SKIP","floor":23},{"not_picked":["Evaluate","EmptyFist","Swivel"],"picked":"SKIP","floor":24},{"not_picked":["Wallop","CarveReality","Swivel"],"picked":"SKIP","floor":25},{"not_picked":["CarveReality","FollowUp","Consecrate"],"picked":"SKIP","floor":28},{"not_picked":["Scrawl+1","SandsOfTime"],"picked":"Vault+1","floor":30},{"not_picked":["EmptyBody+1","Protect+1"],"picked":"Sanctity+1","floor":31},{"not_picked":["Ragnarok","Alpha+1"],"picked":"Vault+1","floor":33},{"not_picked":["FollowUp","FlurryOfBlows","Prostrate+1"],"picked":"SKIP","floor":35},{"not_picked":["BowlingBash","Worship+1"],"picked":"Sanctity+1","floor":37},{"not_picked":["WreathOfFlame+1","EmptyBody+1"],"picked":"DeusExMachina+1","floor":40},{"not_picked":["Prostrate+1","EmptyFist"],"picked":"InnerPeace+1","floor":41},{"not_picked":["FlurryOfBlows","ThirdEye+1","Nirvana+1"],"picked":"SKIP","floor":42},{"not_picked":["FlurryOfBlows","ThirdEye+1","Nirvana+1"],"picked":"SKIP","floor":42},{"not_picked":["Flash of Steel","Transmutation+1"],"picked":"Impatience+1","floor":44},{"not_picked":["Transmutation+1","Enlightenment+1"],"picked":"Purity+1","floor":44},{"not_picked":["Worship+1","Consecrate","ThirdEye+1"],"picked":"SKIP","floor":45},{"not_picked":["FlyingSleeves","FearNoEvil+1"],"picked":"EmptyMind+1","floor":46},{"not_picked":["FollowUp","FlyingSleeves","Collect+1"],"picked":"SKIP","floor":55}],"player_experience":4466064,"relics_obtained":[{"floor":7,"key":"PreservedInsect"},{"floor":9,"key":"TeardropLocket"},{"floor":11,"key":"Odd Mushroom"},{"floor":12,"key":"Pantograph"},{"floor":14,"key":"Gremlin Horn"},{"floor":23,"key":"Akabeko"},{"floor":25,"key":"Blue Candle"},{"floor":26,"key":"Nunchaku"},{"floor":30,"key":"Frozen Egg 2"},{"floor":40,"key":"Bottled Lightning"},{"floor":42,"key":"Kunai"},{"floor":46,"key":"Potion Belt"},{"floor":55,"key":"Orichalcum"}],"event_choices":[{"damage_healed":0,"gold_gain":75,"player_choice":"Gather Gold","damage_taken":11,"max_hp_gain":0,"max_hp_loss":0,"event_name":"World of Goop","floor":2,"gold_loss":0},{"damage_healed":0,"gold_gain":0,"player_choice":"Fought Mushrooms","damage_taken":0,"max_hp_gain":0,"max_hp_loss":0,"event_name":"Mushrooms","floor":11,"gold_loss":0},{"cards_removed":["WindmillStrike"],"damage_healed":0,"gold_gain":0,"player_choice":"Purged","damage_taken":0,"max_hp_gain":0,"max_hp_loss":0,"event_name":"Purifier","floor":27,"gold_loss":0},{"damage_healed":0,"gold_gain":0,"player_choice":"Gave Potion","damage_taken":0,"relics_obtained":["Toxic Egg 2"],"max_hp_gain":0,"max_hp_loss":0,"event_name":"WeMeetAgain","floor":29,"gold_loss":0},{"damage_healed":0,"gold_gain":0,"player_choice":"Embrace Madness","damage_taken":12,"max_hp_gain":0,"max_hp_loss":0,"event_name":"Winding Halls","floor":38,"gold_loss":0,"cards_obtained":["Madness","Madness"]},{"cards_removed":["Sanctity"],"damage_healed":0,"gold_gain":0,"player_choice":"Removed Skill","damage_taken":0,"max_hp_gain":0,"max_hp_loss":0,"event_name":"Falling","floor":39,"gold_loss":0},{"damage_healed":0,"gold_gain":0,"player_choice":"Memory 3","damage_taken":10,"max_hp_gain":0,"max_hp_loss":0,"event_name":"SensoryStone","floor":44,"gold_loss":0},{"cards_removed":["Writhe"],"damage_healed":0,"gold_gain":0,"player_choice":"Purged","damage_taken":0,"max_hp_gain":0,"max_hp_loss":0,"event_name":"Purifier","floor":47,"gold_loss":0}],"is_beta":false,"boss_relics":[{"not_picked":["Tiny House","Snecko Eye"],"picked":"Pandora\u0027s Box"},{"not_picked":["Calling Bell","Velvet Choker"],"picked":"Cursed Key"}],"items_purged_floors":[13,20,36,48],"is_endless":false,"potions_floor_spawned":[3,7,10,11,12,16,18,19,22,23,25,40,41,46],"ascension_level":20}}