{"host":"0nnch38g0slmkwok","time":1610463465,"event":{"mods":["BaseMod","Minty Spire (QoL Compilation)","Replay The Spire","StSLib"],"gold_per_floor":[116,131,131,151,161,194,194,224,248,248,80,80,110,80,80,180,180,180,180],"floor_reached":18,"playtime":857,"items_purged":["Strike_R"],"score":329,"play_id":"f67eb9a8-5fc9-40ab-99d5-72cb56c8533d","local_time":"20210112225745","is_ascension_mode":true,"campfire_choices":[{"data":"Cleave","floor":7.0,"key":"SMITH"},{"data":"Eruption","floor":12.0,"key":"SMITH"},{"data":"Hemokinesis","floor":15,"key":"SMITH"}],"circlet_count":0,"master_deck":["ReplayReversal","Burning Pact","Iron Wave","Hemokinesis+1","Cleave+1","Eruption+1","Trip","CrushJoints","Demonic Infusion","Second Wind","Brutality","Clash","Uppercut","Rampage","Power Through"],"relics":["Bronze Scales","Pet Ghost","Replay:Baseball","Replay:M_SmolderingBlood","Red Skull","Pandora\u0027s Box"],"acts_visited":["Exordium","TheCity"],"potions_floor_usage":[16,16],"damage_taken":[{"damage":2.0,"enemies":"Small Slimes","floor":1.0,"turns":4.0},{"damage":11.0,"enemies":"2 Louse","floor":2.0,"turns":5.0},{"damage":1.0,"enemies":"Cultist","floor":4.0,"turns":3.0},{"damage":14.0,"enemies":"Looter","floor":5.0,"turns":3.0},{"damage":48.0,"enemies":"Lagavulin","floor":6.0,"turns":5.0},{"damage":12.0,"enemies":"3 Sentries","floor":8.0,"turns":3.0},{"damage":2,"enemies":"Lagavulin","floor":13,"turns":2},{"damage":2,"enemies":"Hexaghost","floor":16,"turns":3},{"damage":0,"enemies":"Chosen","floor":18,"turns":1}],"seed_played":"178214787245792484","potions_obtained":[{"floor":1.0,"key":"Strength Potion"},{"floor":5.0,"key":"Explosive Potion"},{"floor":6.0,"key":"Cursed Concoction"},{"floor":14,"key":"BloodPotion"},{"floor":14,"key":"Languid Potion"},{"floor":16,"key":"Elixir"}],"is_trial":false,"path_per_floor":["M","M","?","M","M","E","R","E","T","?","$","R","E","?","R","B",null,"M"],"character_chosen":"IRONCLAD","items_purchased":["Trip"],"campfire_rested":0,"item_purchase_floors":[11],"current_hp_per_floor":[76,71,71,76,68,26,26,20,20,20,20,20,18,18,18,32,68,68,68],"gold":180,"neow_bonus":"TRANSFORM_CARD","is_daily":false,"chose_seed":false,"campfire_upgraded":3,"win_rate":0.0,"timestamp":1610463465,"path_taken":["M","M","?","M","M","E","R","E","T","?","$","R","E","?","R","BOSS","M"],"items_purchased_type":["Card"],"build_version":"2020-12-22","purchased_purges":1,"victory":false,"max_hp_per_floor":[80,80,80,80,80,80,80,80,80,80,80,80,80,80,80,80,80,80,80],"card_choices":[{"not_picked":["Entrench","ReplayTheSpireMod:Strike From Hell"],"picked":"Burning Pact","floor":1.0},{"not_picked":["Disarm","Havoc"],"picked":"Iron Wave","floor":2.0},{"not_picked":["Clothesline","Twin Strike"],"picked":"Hemokinesis","floor":4.0},{"not_picked":["Sword Boomerang","Second Wind","Uppercut"],"picked":"SKIP","floor":5.0},{"not_picked":["Inflame","Intimidate"],"picked":"Cleave","floor":6.0},{"not_picked":["Flex","Massacre","Wild Strike"],"picked":"SKIP","floor":8.0},{"not_picked":["Sentinel","Perfected Strike"],"picked":"CrushJoints","floor":13}],"player_experience":60217,"relics_obtained":[{"floor":6.0,"key":"Bronze Scales"},{"floor":8.0,"key":"Pet Ghost"},{"floor":9.0,"key":"Replay:Baseball"},{"floor":13,"key":"Red Skull"}],"event_choices":[{"damage_healed":0.0,"max_hp_gain":0.0,"max_hp_loss":0.0,"gold_gain":0.0,"event_name":"Liars Game","player_choice":"Ignored","floor":3.0,"gold_loss":0.0,"damage_taken":0.0},{"damage_healed":0,"gold_gain":0,"player_choice":"Bought 2 Potions","damage_taken":0,"max_hp_gain":0,"max_hp_loss":0,"event_name":"The Woman in Blue","floor":14,"gold_loss":0}],"is_beta":false,"boss_relics":[{"not_picked":["Mark of Pain","Honey Jar"],"picked":"Pandora\u0027s Box"}],"items_purged_floors":[11],"is_endless":false,"potions_floor_spawned":[1,5,6,16],"killed_by":"Chosen","ascension_level":6}}