{"host":"1c52r9kaxdyo25eq","time":1610422405,"event":{"mods":["AchievementEnabler","BaseMod","Minty Spire (QoL Compilation)","Rare Cards Sparkle","SuperFastMode","everything is the same but u backflip on backflip"],"gold_per_floor":[119,119,119,119,130,130,162,162,185,204,204,236,249,249,249,322,322,339,389,141,157,176,176,188,188,188],"floor_reached":25,"playtime":435,"items_purged":["Strike_G"],"score":472,"play_id":"6b99cf47-abb1-46c9-a9ec-04316d2b857f","local_time":"20210112123325","is_ascension_mode":true,"campfire_choices":[{"data":"Blade Dance","floor":6.0,"key":"SMITH"},{"data":"Skewer","floor":8.0,"key":"SMITH"},{"data":"All Out Attack","floor":11.0,"key":"SMITH"},{"data":"Neutralize","floor":15.0,"key":"SMITH"},{"data":"Envenom","floor":23,"key":"SMITH"}],"circlet_count":0,"master_deck":["AscendersBane","Strike_G","Strike_G","Strike_G","Strike_G","Defend_G","Defend_G","Defend_G","Defend_G","Survivor","Neutralize+1","Noxious Fumes+1","Blade Dance+1","Skewer+1","All Out Attack+1","Envenom+1","Reflex"],"relics":["Ring of the Snake","NeowsBlessing","MealTicket","Bag of Preparation","Du-Vu Doll","FaceOfCleric","WristBlade","TheAbacus"],"acts_visited":["Exordium","TheCity"],"potions_floor_usage":[24,25],"damage_taken":[{"damage":0.0,"enemies":"Small Slimes","floor":1.0,"turns":1.0},{"damage":0.0,"enemies":"2 Louse","floor":5.0,"turns":1.0},{"damage":0.0,"enemies":"Lagavulin","floor":7.0,"turns":1.0},{"damage":1.0,"enemies":"Cultist","floor":10.0,"turns":3.0},{"damage":20.0,"enemies":"3 Sentries","floor":12.0,"turns":5.0},{"damage":0.0,"enemies":"Looter","floor":13.0,"turns":2.0},{"damage":18.0,"enemies":"Slime Boss","floor":16.0,"turns":6.0},{"damage":12.0,"enemies":"2 Thieves","floor":18.0,"turns":3.0},{"damage":9,"enemies":"Chosen","floor":21,"turns":3},{"damage":7,"enemies":"3 Cultists","floor":22,"turns":4},{"damage":27,"enemies":"Snecko","floor":24,"turns":5},{"damage":0,"enemies":"Gremlin Leader","floor":25,"turns":1}],"seed_played":"5125995738452486121","potions_obtained":[{"floor":12.0,"key":"Fire Potion"},{"floor":16.0,"key":"Strength Potion"},{"floor":21,"key":"BlessingOfTheForge"},{"floor":22,"key":"Energy Potion"},{"floor":24,"key":"Dexterity Potion"}],"is_trial":false,"path_per_floor":["M","?","?","$","M","R","E","R","T","M","R","E","M","?","R","B",null,"M","?","$","M","M","R","M","E"],"character_chosen":"THE_SILENT","items_purchased":["TheAbacus"],"campfire_rested":0,"item_purchase_floors":[20],"current_hp_per_floor":[59,52,52,52,52,52,52,52,52,51,51,31,31,31,31,14,54,43,43,58,50,44,44,18,18,18],"gold":188,"neow_bonus":"THREE_ENEMY_KILL","is_daily":false,"chose_seed":false,"campfire_upgraded":5,"win_rate":0.0,"timestamp":1610422405,"path_taken":["M","?","?","$","M","R","E","R","T","M","R","E","?","?","R","BOSS","M","?","$","?","M","R","M","E"],"items_purchased_type":["Relic"],"build_version":"2020-12-22","purchased_purges":1,"victory":false,"max_hp_per_floor":[66,66,66,66,66,66,66,66,66,66,66,66,66,66,66,67,67,68,68,68,69,70,70,71,71,71],"card_choices":[{"not_picked":["PiercingWail","Deadly Poison"],"picked":"Noxious Fumes","floor":1.0},{"not_picked":["Deflect","Footwork"],"picked":"Blade Dance","floor":5.0},{"not_picked":["Bane","Dodge and Roll"],"picked":"Skewer","floor":7.0},{"not_picked":["Acrobatics","Noxious Fumes"],"picked":"All Out Attack","floor":10.0},{"not_picked":["Expertise","Poisoned Stab","PiercingWail"],"picked":"SKIP","floor":12.0},{"not_picked":["Dagger Throw","Sucker Punch","Cloak And Dagger"],"picked":"SKIP","floor":13.0},{"not_picked":["Night Terror","Corpse Explosion"],"picked":"Envenom","floor":16.0},{"not_picked":["Setup","Slice","PiercingWail"],"picked":"SKIP","floor":18.0},{"not_picked":["Underhanded Strike","Dodge and Roll","Flying Knee"],"picked":"SKIP","floor":21},{"not_picked":["Escape Plan+1","Predator"],"picked":"Reflex","floor":22},{"not_picked":["Backstab","Distraction","Calculated Gamble"],"picked":"SKIP","floor":24}],"player_experience":578628,"relics_obtained":[{"floor":7.0,"key":"MealTicket"},{"floor":9.0,"key":"Bag of Preparation"},{"floor":12.0,"key":"Du-Vu Doll"}],"event_choices":[{"cards_removed":["Defend_G"],"damage_healed":0.0,"max_hp_gain":0.0,"max_hp_loss":0.0,"gold_gain":0.0,"event_name":"Golden Wing","player_choice":"Card Removal","floor":2.0,"gold_loss":0.0,"damage_taken":7.0},{"damage_healed":0.0,"max_hp_gain":0.0,"max_hp_loss":0.0,"gold_gain":0.0,"event_name":"Accursed Blacksmith","player_choice":"Forge","floor":3.0,"gold_loss":0.0,"damage_taken":0.0,"cards_upgraded":["Noxious Fumes"]},{"damage_healed":0.0,"max_hp_gain":0.0,"max_hp_loss":0.0,"gold_gain":0.0,"event_name":"FaceTrader","player_choice":"Trade","floor":14.0,"gold_loss":0.0,"damage_taken":0.0,"relics_obtained":["FaceOfCleric"]},{"damage_healed":0,"gold_gain":100,"player_choice":"Bet on Murderer","damage_taken":0,"max_hp_gain":0,"max_hp_loss":0,"event_name":"The Joust","floor":19,"gold_loss":50}],"is_beta":false,"boss_relics":[{"not_picked":["Cursed Key","SlaversCollar"],"picked":"WristBlade"}],"items_purged_floors":[20],"is_endless":false,"potions_floor_spawned":[12,16,21,22,24],"killed_by":"Gremlin Leader","ascension_level":20}}