{"host":"ymn6un3ro3vi042j","time":1610491444,"event":{"mods":["AchievementEnabler","Act Like it!","BaseMod","Bestiary","Better Third Choice","BetterRewards","Colored Map","Colored Powertips","Curses Come First","Dark Map","DeckTracker","Downfall","Googly Eyes","Highlight Path","Minty Spire (QoL Compilation)","Poor People Problems","Rare Cards Sparkle","StSLib","everything is the same but u backflip on backflip"],"gold_per_floor":[110,123,137,155,168,193,193,207,232,248,320,334,334,334,334,433,433,444,359,45,55,55,55,55],"floor_reached":23,"language":"ENG","playtime":1797,"items_purged":[],"score":195,"play_id":"c5c7a3ce-a537-464a-b68f-f71fa3d3cebc","local_time":"20210112144404","is_ascension_mode":false,"campfire_choices":[{"floor":7,"key":"REST"},{"floor":15,"key":"REST"}],"circlet_count":0,"master_deck":["Strike_G","Strike_G","Defend_G","Defend_G","Defend_G","Defend_G","Defend_G","Survivor","Neutralize","Distraction","Backflip","Choke","All Out Attack","Terror","Doppelganger","Bane","Venomology","Dagger Spray","Endless Agony","Underhanded Strike","Die Die Die","Phantasmal Killer+1","Distraction+1","Crippling Poison+1","Blade Dance","Apotheosis","Acrobatics","Predator+1"],"relics":["Ring of the Snake","Dream Catcher","Regal Pillow","Bottled Lightning","Centennial Puzzle","Astrolabe","Potion Belt"],"acts_visited":["Exordium","TheCity"],"potions_floor_usage":[4,6,6,8,12,12,16,18,21],"damage_taken":[{"damage":13,"enemies":"Jaw Worm","floor":1,"turns":7},{"damage":17,"enemies":"Small Slimes","floor":2,"turns":5},{"damage":7,"enemies":"2 Louse","floor":3,"turns":5},{"damage":21,"enemies":"Lots of Slimes","floor":4,"turns":8},{"damage":6,"enemies":"Blue Slaver","floor":5,"turns":5},{"damage":24,"enemies":"Lagavulin","floor":6,"turns":6},{"damage":31,"enemies":"Gremlin Gang","floor":8,"turns":4},{"damage":7,"enemies":"Looter","floor":10,"turns":3},{"damage":0,"enemies":"3 Louse","floor":12,"turns":4},{"damage":35,"enemies":"Slime Boss","floor":16,"turns":9},{"damage":46,"enemies":"Spheric Guardian","floor":18,"turns":6},{"damage":10,"enemies":"Chosen","floor":21,"turns":3},{"damage":22,"enemies":"Snecko","floor":23,"turns":3}],"seed_played":"-6632738745504130252","potions_obtained":[{"floor":1,"key":"Regen Potion"},{"floor":3,"key":"SkillPotion"},{"floor":4,"key":"Poison Potion"},{"floor":6,"key":"Regen Potion"},{"floor":10,"key":"SpeedPotion"}],"is_trial":false,"path_per_floor":["M","M","M","M","M","E","R","M","T","M","?","M","T","T","R","B",null,"M","?","$","M","?","M"],"character_chosen":"THE_SILENT","items_purchased":["Block Potion","SteroidPotion","Apotheosis","Acrobatics"],"campfire_rested":2,"item_purchase_floors":[20,20,20,20],"current_hp_per_floor":[64,47,40,34,28,4,27,8,8,1,1,1,1,1,39,4,77,31,31,31,21,21,0,0],"gold":55,"neow_bonus":"TEN_PERCENT_HP_BONUS","is_daily":false,"chose_seed":false,"campfire_upgraded":0,"win_rate":0.0,"timestamp":1610491444,"path_taken":["M","M","M","M","M","E","R","M","T","M","?","M","?","?","R","BOSS","M","?","$","M","?","M"],"items_purchased_type":["Potion","Potion","Card","Card"],"build_version":"2020-12-22","purchased_purges":0,"victory":false,"max_hp_per_floor":[77,77,77,77,77,77,77,77,77,77,77,77,77,77,77,77,77,77,77,77,77,77,77,77],"card_choices":[{"not_picked":["Poisoned Stab","Dagger Spray"],"picked":"Distraction","floor":1},{"not_picked":["Heel Hook","Acrobatics"],"picked":"Backflip","floor":2},{"not_picked":["Backflip","Heel Hook"],"picked":"Choke","floor":3},{"not_picked":["Slice","Dodge and Roll"],"picked":"All Out Attack","floor":4},{"not_picked":["Sucker Punch","Prepared"],"picked":"Terror","floor":5},{"not_picked":["Poisoned Stab","Dagger Throw"],"picked":"Doppelganger","floor":6},{"not_picked":["Dagger Throw","Distraction"],"picked":"Bane","floor":7},{"not_picked":["Dagger Spray","Flechettes"],"picked":"Venomology","floor":8},{"not_picked":["Acrobatics","Sucker Punch"],"picked":"Dagger Spray","floor":10},{"not_picked":["Heel Hook","Bane"],"picked":"Endless Agony","floor":12},{"not_picked":["Flying Knee","Heel Hook"],"picked":"Underhanded Strike","floor":15},{"not_picked":["Adrenaline","Burst"],"picked":"Die Die Die","floor":16},{"not_picked":["Heel Hook","Bane+1"],"picked":"Blade Dance","floor":18},{"not_picked":["Flying Knee","Deadly Poison"],"picked":"Predator+1","floor":21}],"player_experience":15026,"relics_obtained":[{"floor":6,"key":"Dream Catcher"},{"floor":9,"key":"Regal Pillow"},{"floor":13,"key":"Bottled Lightning"},{"floor":14,"key":"Centennial Puzzle"}],"event_choices":[{"damage_healed":0,"gold_gain":72,"player_choice":"Gained Gold","damage_taken":0,"max_hp_gain":0,"max_hp_loss":0,"event_name":"Golden Wing","floor":11,"gold_loss":0},{"damage_healed":0,"gold_gain":0,"player_choice":"Obtained Relic","damage_taken":0,"relics_obtained":["Potion Belt"],"max_hp_gain":0,"max_hp_loss":0,"event_name":"Addict","floor":19,"gold_loss":85},{"damage_healed":0,"gold_gain":0,"player_choice":"Ignored","damage_taken":0,"max_hp_gain":0,"max_hp_loss":0,"event_name":"Ghosts","floor":22,"gold_loss":0}],"is_beta":false,"boss_relics":[{"not_picked":["Empty Cage","Sozu"],"picked":"Astrolabe"}],"items_purged_floors":[],"is_endless":false,"potions_floor_spawned":[1,3,4,6,10],"killed_by":"Snecko","ascension_level":0}}