{"host":"vohenq18pmg6jboc","time":1610442784,"event":{"mods":["Arknights The Spire","Bard","BaseMod","Chen","Downfall","Gremlin Mod","GungeonMod","Hermit","Koishi","Marisa¡]Ãú«B¡@Å]²z¨F¡^","Minty Spire (QoL Compilation)","Relic Stats","Remilia¡]Á¢¦Ì²ú?¡^","StSLib","The Administrix","The Bug Knight","The Cursed","The Hierophant","The IronCluck","The Runesmith","The Servant 0.9.4","WarShipGirlsR/??¤Ö¤kR mod","Yakumo Yukari mod","Youmu¡]»î¾z§¯?¡^","Yuyuko"],"gold_per_floor":[115,115,16,36,53,80,80,80,80,95,95,112,112,112,112,217,217,233,247,4,23,23,43,56,32,32,32,32,50,50,67,67,170,170,189,139,157,169,169,169],"floor_reached":39,"playtime":2163,"items_purged":[],"score":435,"play_id":"b6df1215-f525-4ca3-8f82-bc7aec8d838c","local_time":"20210112171304","is_ascension_mode":false,"campfire_choices":[{"data":"Twin Strike","floor":7,"key":"SMITH"},{"floor":11,"key":"REST"},{"data":"Anger","floor":13,"key":"SMITH"},{"data":"Inflame","floor":15,"key":"SMITH"},{"floor":28,"key":"REST"},{"floor":30,"key":"REST"},{"data":"RitualDagger","floor":32,"key":"SMITH"}],"circlet_count":0,"master_deck":["Strike_R","Strike_R","Strike_R","Strike_R","Strike_R","Defend_R","Defend_R","Defend_R","Defend_R","Bash","expansioncontent:CaCaw+1","Rage","Twin Strike+1","Shrug It Off","Inflame+1","Pommel Strike","Inflame","Searing Blow","Anger+1","Reaper","Flex","Perfected Strike","Heavy Blade+1","Twin Strike","Pommel Strike","Flex","Injury","RitualDagger+1","Heavy Blade+1","Combust+1","Limit Break","CurseOfTheBell","DemoMod:WhiteBlade+1","DemoMod:BlackBlade","Pummel","Dark Embrace+1","Rampage","Perfected Strike","Reckless Charge","Double Tap","Seeing Red","Flex+1"],"relics":["Burning Blood","DemoMod:MonsterBlood","InkBottle","Cursed Key","Darkstone Periapt","Torii","Calling Bell","Bag of Marbles","Frozen Egg 2","Champion Belt"],"acts_visited":["Exordium","TheCity","TheBeyond"],"potions_floor_usage":[16,24,24,33,33,38,39],"damage_taken":[{"damage":15,"enemies":"Jaw Worm","floor":1,"turns":4},{"damage":0,"enemies":"Cultist","floor":4,"turns":3},{"damage":5,"enemies":"2 Louse","floor":5,"turns":2},{"damage":33,"enemies":"3 Sentries","floor":6,"turns":7},{"damage":11,"enemies":"Exordium Thugs","floor":10,"turns":4},{"damage":15,"enemies":"2 Fungi Beasts","floor":12,"turns":4},{"damage":36,"enemies":"The Guardian","floor":16,"turns":8},{"damage":37,"enemies":"2 Thieves","floor":18,"turns":4},{"damage":17,"enemies":"Shell Parasite","floor":19,"turns":3},{"damage":26,"enemies":"Chosen and Byrds","floor":21,"turns":5},{"damage":20,"enemies":"Snake Plant","floor":23,"turns":4},{"damage":10,"enemies":"Sentry and Sphere","floor":24,"turns":5},{"damage":0,"enemies":"Snecko","floor":29,"turns":3},{"damage":8,"enemies":"3 Cultists","floor":31,"turns":4},{"damage":52,"enemies":"Automaton","floor":33,"turns":8},{"damage":26,"enemies":"3 Darklings","floor":35,"turns":4},{"damage":57,"enemies":"3 Shapes","floor":37,"turns":5},{"damage":21,"enemies":"Maw","floor":38,"turns":5},{"damage":28,"enemies":"3 Darklings","floor":39,"turns":4}],"seed_played":"-8284203012014190679","potions_obtained":[{"floor":1,"key":"Weak Potion"},{"floor":6,"key":"Swift Potion"},{"floor":10,"key":"SpeedPotion"},{"floor":23,"key":"Guardian:BlockOnCardUsePotion"},{"floor":29,"key":"LiquidMemories"},{"floor":31,"key":"DemoMod:LeadSkinPotion"},{"floor":33,"key":"PowerPotion"},{"floor":35,"key":"ElixirPotion"},{"floor":38,"key":"champ:CounterPotion"}],"is_trial":false,"path_per_floor":["M","?","$","M","M","E","R","?","T","M","R","M","R","?","R","B",null,"M","M","$","M","?","M","M","$","T","?","R","M","R","M","R","B",null,"M","?","M","M","M"],"character_chosen":"IRONCLAD","items_purchased":["Twin Strike","Shrug It Off","Darkstone Periapt","Flex"],"campfire_rested":3,"item_purchase_floors":[3,3,20,25],"current_hp_per_floor":[71,71,71,77,78,58,58,58,58,53,79,70,70,70,70,40,87,66,55,55,45,28,17,15,15,21,15,44,50,79,87,87,43,104,84,84,41,26,0,0],"gold":169,"neow_bonus":"RANDOM_COLORLESS","is_daily":false,"chose_seed":false,"campfire_upgraded":4,"win_rate":0.0,"timestamp":1610442784,"path_taken":["M","?","?","?","M","E","R","?","T","M","R","M","R","?","R","BOSS","M","M","$","M","?","M","M","$","T","?","R","M","R","M","R","BOSS","M","?","M","M","M"],"items_purchased_type":["Card","Card","Relic","Card"],"build_version":"2020-12-22","purchased_purges":0,"victory":false,"max_hp_per_floor":[80,80,80,80,80,87,87,87,87,87,87,87,87,87,87,87,87,87,87,87,87,92,92,92,92,98,98,98,98,98,98,98,98,104,104,104,104,104,104,104],"relic_stats":{"Darkstone Periapt":12,"Torii":5,"counters":[19,86],"Champion Belt":[13],"Cursed Key":1,"obtain_stats":[{"Darkstone Periapt":20,"Calling Bell":34,"Torii":26,"DemoMod:MonsterBlood":6,"DemoMod:GlassGuonStoneRelic":1,"Bag of Marbles":34,"Champion Belt":34,"Frozen Egg 2":34,"Cursed Key":17,"Burning Blood":0,"InkBottle":9},{"Darkstone Periapt":9,"Calling Bell":15,"Torii":12,"DemoMod:MonsterBlood":4,"DemoMod:GlassGuonStoneRelic":1,"Bag of Marbles":15,"Champion Belt":15,"Frozen Egg 2":15,"Cursed Key":7,"Burning Blood":0,"InkBottle":4},{"Darkstone Periapt":39,"Calling Bell":68,"Torii":53,"DemoMod:MonsterBlood":16,"DemoMod:GlassGuonStoneRelic":4,"Bag of Marbles":68,"Champion Belt":68,"Frozen Egg 2":68,"Cursed Key":32,"Burning Blood":0,"InkBottle":16}],"Burning Blood":108,"InkBottle":[23]},"card_choices":[{"not_picked":["expansioncontent:SlimeTackle","expansioncontent:Collect"],"picked":"expansioncontent:CaCaw","floor":0},{"not_picked":["Burning Pact","Shrug It Off"],"picked":"Rage","floor":1},{"not_picked":["Burning Pact","Flex"],"picked":"Inflame","floor":4},{"not_picked":["Headbutt","Dark Embrace"],"picked":"Pommel Strike","floor":5},{"not_picked":["Seeing Red","Dark Embrace"],"picked":"Inflame","floor":6},{"not_picked":["Thunderclap","Shockwave"],"picked":"Searing Blow","floor":10},{"not_picked":["Second Wind","Armaments"],"picked":"Anger","floor":12},{"not_picked":["Offering","Brutality"],"picked":"Reaper","floor":16},{"not_picked":["Warcry","Twin Strike+1"],"picked":"Flex","floor":18},{"not_picked":["Twin Strike+1","True Grit"],"picked":"Perfected Strike","floor":19},{"not_picked":["Perfected Strike","Infernal Blade+1"],"picked":"Heavy Blade+1","floor":21},{"not_picked":["Clothesline","Pommel Strike+1"],"picked":"Twin Strike","floor":23},{"not_picked":["Entrench+1","Bloodletting"],"picked":"Pommel Strike","floor":24},{"not_picked":["Body Slam","Sword Boomerang"],"picked":"Heavy Blade+1","floor":29},{"not_picked":["Fiend Fire","Body Slam"],"picked":"Combust+1","floor":31},{"not_picked":["Barricade","Berserk"],"picked":"Limit Break","floor":33},{"not_picked":["Entrench","Anger+1"],"picked":"DemoMod:WhiteBlade+1","floor":35},{"not_picked":[],"picked":"Pummel","floor":36},{"not_picked":[],"picked":"Dark Embrace","floor":36},{"not_picked":[],"picked":"Rampage","floor":36},{"not_picked":[],"picked":"Perfected Strike","floor":36},{"not_picked":[],"picked":"Reckless Charge","floor":36},{"not_picked":[],"picked":"Double Tap","floor":36},{"not_picked":["Cleave","Clash+1"],"picked":"Seeing Red","floor":37},{"not_picked":["Entrench","Headbutt+1"],"picked":"Flex+1","floor":38}],"player_experience":72182,"relics_obtained":[{"floor":6,"key":"DemoMod:MonsterBlood"},{"floor":9,"key":"InkBottle"},{"floor":26,"key":"Torii"},{"floor":34,"key":"Bag of Marbles"},{"floor":34,"key":"Frozen Egg 2"},{"floor":34,"key":"Champion Belt"}],"event_choices":[{"damage_healed":0,"gold_gain":0,"player_choice":"Upgraded","damage_taken":0,"max_hp_gain":0,"max_hp_loss":0,"event_name":"Upgrade Shrine","floor":2,"gold_loss":0,"cards_upgraded":["expansioncontent:CaCaw"]},{"damage_healed":0,"gold_gain":0,"player_choice":"Ignored","damage_taken":0,"max_hp_gain":0,"max_hp_loss":0,"event_name":"Golden Wing","floor":8,"gold_loss":0},{"damage_healed":0,"gold_gain":0,"player_choice":"Ignored","damage_taken":0,"max_hp_gain":0,"max_hp_loss":0,"event_name":"NoteForYourself","floor":14,"gold_loss":0},{"damage_healed":0,"gold_gain":0,"player_choice":"Shed Blood","damage_taken":22,"max_hp_gain":5,"max_hp_loss":0,"event_name":"Forgotten Altar","floor":22,"gold_loss":0},{"damage_healed":0,"gold_gain":0,"player_choice":"Joined the Cult","damage_taken":6,"max_hp_gain":0,"max_hp_loss":0,"event_name":"Nest","floor":27,"gold_loss":0,"cards_obtained":["RitualDagger"]}],"is_beta":false,"boss_relics":[{"not_picked":["Ectoplasm","Snecko Eye"],"picked":"Cursed Key"},{"not_picked":["Runesmith:UraniumAnvil","Philosopher\u0027s Stone"],"picked":"Calling Bell"}],"items_purged_floors":[],"is_endless":false,"potions_floor_spawned":[1,6,10,23,29,31,33,35,38],"killed_by":"3 Darklings","ascension_level":0}}