{"host":"q206iib20se9i6w7","time":1610476285,"event":{"mods":["AchievementEnabler","BaseMod","Bestiary","Block Reminder","Colored Map","Colored Powertips","Curses Come First","Highlight Path","Key Reminder","Minty Spire (QoL Compilation)","Quick Restart","Random Character Button","Relic Stats","StSLib","SuperFastMode","Unceasing Turn Reminder"],"gold_per_floor":[114,130,130,145,35,60,60,90,90,109,109,109],"floor_reached":11,"playtime":515,"items_purged":["Defend_P"],"score":99,"play_id":"4e0a8bb7-3d04-40fe-bdf0-e9a7258359d4","local_time":"20210112123125","is_ascension_mode":true,"campfire_choices":[{"floor":7,"key":"REST"}],"circlet_count":0,"master_deck":["Strike_P","Strike_P","Strike_P","Defend_P","Defend_P","Defend_P","Eruption","Vigilance","FlyingSleeves","FlurryOfBlows","ThirdEye","Nirvana","Consecrate","CutThroughFate"],"relics":["VioletLotus","Anchor","Orichalcum","HornCleat"],"acts_visited":["Exordium"],"potions_floor_usage":[6],"damage_taken":[{"damage":0,"enemies":"Small Slimes","floor":1,"turns":4},{"damage":0,"enemies":"2 Louse","floor":2,"turns":2},{"damage":2,"enemies":"Jaw Worm","floor":4,"turns":3},{"damage":52,"enemies":"Lagavulin","floor":6,"turns":13},{"damage":6,"enemies":"Blue Slaver","floor":10,"turns":4},{"damage":20,"enemies":"Gremlin Nob","floor":11,"turns":3}],"seed_played":"-4544926824751305070","potions_obtained":[{"floor":2,"key":"GamblersBrew"}],"is_trial":false,"path_per_floor":["M","M","?","M","$","E","R","?","T","M","E"],"character_chosen":"WATCHER","items_purchased":["Nirvana"],"campfire_rested":1,"item_purchase_floors":[5],"current_hp_per_floor":[65,65,58,56,56,4,25,25,25,19,0,0],"gold":109,"neow_bonus":"BOSS_RELIC","is_daily":false,"chose_seed":false,"campfire_upgraded":0,"win_rate":0.0,"timestamp":1610476285,"path_taken":["M","M","?","M","$","E","R","?","T","M","E"],"items_purchased_type":["Card"],"build_version":"2020-12-22","purchased_purges":1,"victory":false,"max_hp_per_floor":[72,72,72,72,72,72,72,72,72,72,72,72],"relic_stats":{"counters":[6,29],"VioletLotus":[5],"Orichalcum":[0],"obtain_stats":[{"Anchor":6,"HornCleat":9,"VioletLotus":0,"PureWater":0,"Orichalcum":8},{"Anchor":4,"HornCleat":4,"VioletLotus":0,"PureWater":0,"Orichalcum":4},{"Anchor":22,"HornCleat":22,"VioletLotus":0,"PureWater":0,"Orichalcum":22}]},"card_choices":[{"not_picked":["Evaluate","Prostrate"],"picked":"FlyingSleeves","floor":1},{"not_picked":["SashWhip","WheelKick"],"picked":"FlurryOfBlows","floor":2},{"not_picked":["CarveReality","PathToVictory"],"picked":"ThirdEye","floor":4},{"not_picked":["Indignation","EmptyMind"],"picked":"Consecrate","floor":6},{"not_picked":["Protect","CrushJoints"],"picked":"CutThroughFate","floor":10}],"player_experience":239749,"relics_obtained":[{"floor":6,"key":"Anchor"},{"floor":9,"key":"HornCleat"}],"event_choices":[{"cards_removed":["Strike_P"],"damage_healed":0,"gold_gain":0,"player_choice":"Card Removal","damage_taken":7,"max_hp_gain":0,"max_hp_loss":0,"event_name":"Golden Wing","floor":3,"gold_loss":0},{"damage_healed":0,"gold_gain":30,"player_choice":"Searched \u00272\u0027 times","damage_taken":0,"relics_obtained":["Orichalcum"],"max_hp_gain":0,"max_hp_loss":0,"event_name":"Dead Adventurer","floor":8,"gold_loss":0}],"is_beta":false,"boss_relics":[],"items_purged_floors":[5],"is_endless":false,"potions_floor_spawned":[2],"killed_by":"Gremlin Nob","ascension_level":7}}