{"host":"91ruqvp7hiryodqd","time":1610485805,"event":{"mods":["BaseMod","Colored Map","Colored Powertips","Filter the Spire","Minty Spire (QoL Compilation)","Relic Stats","StSLib"],"gold_per_floor":[118,128,128,140,140,140,167,167,244,244,264,297,308,333,333,433,433,447,447,89,89,79,79,179,214,266,266,266,266],"floor_reached":28,"language":"ENG","playtime":1100,"items_purged":["Strike_R"],"score":279,"play_id":"bd0ea984-4eb5-4d6a-8305-2f6b731cf9bd","local_time":"20210113041005","is_ascension_mode":false,"campfire_choices":[{"data":"Armaments","floor":6,"key":"SMITH"},{"data":"Flex","floor":8,"key":"SMITH"},{"data":"Spot Weakness","floor":10,"key":"SMITH"},{"floor":15,"key":"REST"},{"data":"True Grit","floor":23,"key":"SMITH"}],"circlet_count":0,"master_deck":["Defend_R","Defend_R","Defend_R","Defend_R+1","Bash","Spot Weakness+1","Flex+1","Armaments+1","Flex+1","True Grit+1","Inflame","Shrug It Off","Demon Form","CurseOfTheBell","Shrug It Off+1","Limit Break+1","Flash of Steel","Bite","Bite","Bite","Bite","Bite","True Grit+1","Cleave"],"relics":["Black Star","Regal Pillow","Strawberry","Mercury Hourglass","Juzu Bracelet","Eternal Feather","Pen Nib","Nunchaku","PreservedInsect","Toxic Egg 2","WingedGreaves","Nloth\u0027s Gift","Question Card","Bag of Preparation","Ancient Tea Set"],"acts_visited":["Exordium","TheCity"],"potions_floor_usage":[7,7,12,18,25],"damage_taken":[{"damage":9,"enemies":"Jaw Worm","floor":1,"turns":4},{"damage":7,"enemies":"2 Louse","floor":2,"turns":3},{"damage":1,"enemies":"Cultist","floor":4,"turns":4},{"damage":14,"enemies":"3 Sentries","floor":7,"turns":7},{"damage":7,"enemies":"Blue Slaver","floor":11,"turns":5},{"damage":24,"enemies":"Lagavulin","floor":12,"turns":5},{"damage":8,"enemies":"Red Slaver","floor":13,"turns":3},{"damage":11,"enemies":"3 Sentries","floor":14,"turns":7},{"damage":58,"enemies":"Slime Boss","floor":16,"turns":12},{"damage":0,"enemies":"Shell Parasite","floor":18,"turns":3},{"damage":31,"enemies":"2 Thieves","floor":22,"turns":4},{"damage":24,"enemies":"Slavers","floor":25,"turns":5},{"damage":42,"enemies":"Masked Bandits","floor":28,"turns":3}],"seed_played":"-6789781098862349854","potions_obtained":[{"floor":1,"key":"SkillPotion"},{"floor":4,"key":"Strength Potion"},{"floor":11,"key":"FearPotion"},{"floor":16,"key":"AttackPotion"}],"is_trial":false,"path_per_floor":["M","M","?","M","?","R","E","R","T","R","M","E","M","E","R","B",null,"M","?","$","?","M","R","?","E","T","?","?"],"character_chosen":"IRONCLAD","items_purchased":["Limit Break+1","Block Potion","Flash of Steel"],"campfire_rested":1,"item_purchase_floors":[20,20,20],"current_hp_per_floor":[71,64,48,47,73,73,66,66,66,66,59,35,27,16,66,8,87,87,87,87,60,33,45,45,31,31,31,0,0],"gold":266,"neow_bonus":"BOSS_RELIC","is_daily":false,"chose_seed":false,"campfire_upgraded":4,"win_rate":0.0,"timestamp":1610485805,"path_taken":["M","M","?","M","?","R","E","R","T","R","M","E","M","E","R","BOSS","M","?","$","?","M","R","?","E","T","?","?"],"items_purchased_type":["Card","Potion","Card"],"build_version":"2020-12-22","purchased_purges":1,"victory":false,"max_hp_per_floor":[80,80,80,80,80,80,87,87,87,87,87,87,87,87,87,87,87,87,87,87,60,60,60,60,60,60,60,60,60],"relic_stats":{"Regal Pillow":15,"counters":[13,64],"Eternal Feather":21,"Pen Nib":[3],"PreservedInsect":40,"Juzu Bracelet":1,"Bag of Preparation":[2],"Question Card":0,"Mercury Hourglass":[218],"Nunchaku":[3],"Black Star":4,"Nloth\u0027s Gift":0,"obtain_stats":[{"Regal Pillow":7,"Eternal Feather":12,"Pen Nib":14,"PreservedInsect":17,"Juzu Bracelet":12,"Bag of Preparation":25,"Question Card":25,"Ancient Tea Set":26,"Burning Blood":0,"Mercury Hourglass":9,"Calling Bell":17,"Nunchaku":14,"Strawberry":7,"WingedGreaves":17,"Black Star":0,"Nloth\u0027s Gift":19,"Toxic Egg 2":17},{"Regal Pillow":4,"Eternal Feather":6,"Pen Nib":8,"PreservedInsect":9,"Juzu Bracelet":6,"Bag of Preparation":12,"Question Card":12,"Ancient Tea Set":12,"Burning Blood":0,"Mercury Hourglass":4,"Calling Bell":9,"Nunchaku":8,"Strawberry":4,"WingedGreaves":9,"Black Star":0,"Nloth\u0027s Gift":10,"Toxic Egg 2":9},{"Regal Pillow":18,"Eternal Feather":27,"Pen Nib":37,"PreservedInsect":49,"Juzu Bracelet":27,"Bag of Preparation":61,"Question Card":61,"Ancient Tea Set":61,"Burning Blood":0,"Mercury Hourglass":18,"Calling Bell":49,"Nunchaku":37,"Strawberry":18,"WingedGreaves":49,"Black Star":0,"Nloth\u0027s Gift":52,"Toxic Egg 2":49}]},"card_choices":[{"not_picked":["Shrug It Off","Sword Boomerang"],"picked":"Spot Weakness","floor":1},{"not_picked":["Shrug It Off","Twin Strike"],"picked":"Flex","floor":2},{"not_picked":["Battle Trance","Sword Boomerang"],"picked":"Armaments","floor":4},{"not_picked":["Body Slam","Armaments"],"picked":"Flex","floor":7},{"not_picked":["Flex","Headbutt"],"picked":"True Grit","floor":11},{"not_picked":["Twin Strike","Clash"],"picked":"Inflame","floor":12},{"not_picked":["Clash","Bludgeon"],"picked":"Shrug It Off","floor":13},{"not_picked":["Clothesline","Twin Strike","Metallicize"],"picked":"SKIP","floor":14},{"not_picked":["Corruption","Fiend Fire"],"picked":"Demon Form","floor":16},{"not_picked":["Flex+1","Metallicize"],"picked":"Shrug It Off+1","floor":18},{"not_picked":["Thunderclap","Clothesline"],"picked":"True Grit+1","floor":22},{"not_picked":["Searing Blow","Armaments+1"],"picked":"Cleave","floor":25}],"player_experience":5958,"relics_obtained":[{"floor":7,"key":"Regal Pillow"},{"floor":7,"key":"Strawberry"},{"floor":9,"key":"Mercury Hourglass"},{"floor":12,"key":"Juzu Bracelet"},{"floor":12,"key":"Eternal Feather"},{"floor":14,"key":"Pen Nib"},{"floor":14,"key":"Nunchaku"},{"floor":17,"key":"PreservedInsect"},{"floor":17,"key":"Toxic Egg 2"},{"floor":17,"key":"WingedGreaves"},{"floor":25,"key":"Question Card"},{"floor":25,"key":"Bag of Preparation"},{"floor":26,"key":"Ancient Tea Set"}],"event_choices":[{"damage_healed":0,"gold_gain":0,"player_choice":"Entered Light","damage_taken":16,"max_hp_gain":0,"max_hp_loss":0,"event_name":"Shining Light","floor":3,"gold_loss":0,"cards_upgraded":["Flex","Defend_R"]},{"damage_healed":26,"gold_gain":0,"player_choice":"Banana","damage_taken":0,"max_hp_gain":0,"max_hp_loss":0,"event_name":"Big Fish","floor":5,"gold_loss":0},{"damage_healed":0,"gold_gain":0,"player_choice":"Traded Relic","damage_taken":0,"relics_obtained":["Nloth\u0027s Gift"],"max_hp_gain":0,"max_hp_loss":0,"event_name":"N\u0027loth","floor":19,"relics_lost":["Calling Bell"],"gold_loss":0},{"damage_healed":0,"gold_gain":0,"player_choice":"Became a vampire","damage_taken":0,"max_hp_gain":0,"max_hp_loss":27,"event_name":"Vampires","floor":21,"gold_loss":0,"cards_obtained":["Bite","Bite","Bite","Bite","Bite"]},{"damage_healed":0,"gold_gain":100,"player_choice":"Pray","damage_taken":0,"max_hp_gain":0,"max_hp_loss":0,"event_name":"Golden Shrine","floor":24,"gold_loss":0},{"damage_healed":0,"gold_gain":0,"player_choice":"Ignored","damage_taken":0,"max_hp_gain":0,"max_hp_loss":0,"event_name":"The Mausoleum","floor":27,"gold_loss":0},{"damage_healed":0,"gold_gain":0,"player_choice":"Fought Bandits","damage_taken":0,"max_hp_gain":0,"max_hp_loss":0,"event_name":"Masked Bandits","floor":28,"gold_loss":0}],"is_beta":false,"boss_relics":[{"not_picked":["Runic Dome","Snecko Eye"],"picked":"Calling Bell"}],"items_purged_floors":[20],"is_endless":false,"potions_floor_spawned":[1,4,11,16],"killed_by":"Masked Bandits","ascension_level":0}}