{"host":"r53pw7z744tg3fxg","time":1610469613,"event":{"mods":["AchievementEnabler","BaseMod","Colored Map","Colored Powertips","Highlight Path","Minty Spire (QoL Compilation)","Quick Restart","Transform Curses"],"gold_per_floor":[12,23,36,36,50,50,75,75,75,75,87,116,116,127,127,201,201,212,224,236,246,246,246],"floor_reached":22,"playtime":1357,"items_purged":[],"score":330,"play_id":"ddd4721d-f66c-4138-bffc-d1e333c1152c","local_time":"20210112094013","is_ascension_mode":true,"campfire_choices":[{"data":"ForeignInfluence","floor":6.0,"key":"SMITH"},{"floor":8.0,"key":"REST"},{"data":"DevaForm","floor":10.0,"key":"SMITH"},{"floor":15.0,"key":"REST"}],"circlet_count":0,"master_deck":["AscendersBane","Strike_P","Strike_P","Strike_P","Strike_P","Defend_P","Defend_P","Defend_P","Defend_P","Eruption","Vigilance","Apotheosis+1","FollowUp","Swivel","PathToVictory","ForeignInfluence+1","DevaForm+1","JustLucky","WheelKick","MentalFortress","Good Instincts","Fasting2","Judgement","CurseOfTheBell","Protect+1","Conclude","Nirvana+1","Wish"],"relics":["PureWater","GoldenEye","Incense Burner","Matryoshka","Calling Bell","Bag of Preparation","Darkstone Periapt","Mango"],"acts_visited":["Exordium","TheCity"],"potions_floor_usage":[22],"damage_taken":[{"damage":0.0,"enemies":"2 Louse","floor":1.0,"turns":1.0},{"damage":0.0,"enemies":"Cultist","floor":2.0,"turns":2.0},{"damage":0.0,"enemies":"Small Slimes","floor":3.0,"turns":2.0},{"damage":2.0,"enemies":"3 Louse","floor":5.0,"turns":4.0},{"damage":26.0,"enemies":"Gremlin Nob","floor":7.0,"turns":4.0},{"damage":12.0,"enemies":"Gremlin Gang","floor":11.0,"turns":4.0},{"damage":4.0,"enemies":"3 Sentries","floor":12.0,"turns":9.0},{"damage":4.0,"enemies":"Exordium Wildlife","floor":14.0,"turns":3.0},{"damage":15.0,"enemies":"Hexaghost","floor":16.0,"turns":11.0},{"damage":36.0,"enemies":"Chosen","floor":18.0,"turns":5.0},{"damage":6.0,"enemies":"Shell Parasite","floor":19.0,"turns":7.0},{"damage":10.0,"enemies":"3 Cultists","floor":20.0,"turns":6.0},{"damage":18.0,"enemies":"Snake Plant","floor":21.0,"turns":5.0},{"damage":15,"enemies":"Shelled Parasite and Fungi","floor":22,"turns":3}],"seed_played":"6647181996227458408","potions_obtained":[{"floor":3.0,"key":"EssenceOfSteel"},{"floor":7.0,"key":"AttackPotion"},{"floor":12.0,"key":"FearPotion"},{"floor":16.0,"key":"BlessingOfTheForge"},{"floor":19.0,"key":"StancePotion"}],"is_trial":false,"path_per_floor":["M","M","M","?","M","R","E","R","T","R","M","E","?","M","R","B",null,"M","M","M","M","M"],"character_chosen":"WATCHER","items_purchased":[],"campfire_rested":2,"item_purchase_floors":[],"current_hp_per_floor":[65,65,65,65,63,63,37,58,58,58,46,42,42,38,59,44,79,43,37,27,9,0,0],"gold":246,"neow_bonus":"RANDOM_COLORLESS_2","is_daily":false,"chose_seed":false,"campfire_upgraded":2,"win_rate":0.0,"timestamp":1610469613,"path_taken":["M","M","M","?","M","R","E","R","T","R","M","E","?","M","R","BOSS","M","M","M","?","M"],"items_purchased_type":[],"build_version":"2020-12-22","purchased_purges":0,"victory":false,"max_hp_per_floor":[72,72,72,72,72,72,72,72,72,72,72,72,72,72,72,72,86,86,86,86,86,86,86],"card_choices":[{"not_picked":["Secret Weapon","Master of Strategy"],"picked":"Apotheosis","floor":0.0},{"not_picked":["ClearTheMind","Consecrate"],"picked":"FollowUp","floor":1.0},{"not_picked":["Tantrum","SandsOfTime"],"picked":"Swivel","floor":2.0},{"not_picked":["CrushJoints","Protect"],"picked":"PathToVictory","floor":3.0},{"not_picked":["Tantrum","ClearTheMind"],"picked":"ForeignInfluence","floor":5.0},{"not_picked":["BowlingBash","WindmillStrike"],"picked":"DevaForm","floor":7.0},{"not_picked":["LikeWater","WindmillStrike"],"picked":"JustLucky","floor":11.0},{"not_picked":["Crescendo","SignatureMove"],"picked":"WheelKick","floor":12.0},{"not_picked":["Consecrate","Tantrum"],"picked":"Fasting2","floor":14.0},{"not_picked":["Establishment","DevaForm"],"picked":"Judgement","floor":16.0},{"not_picked":["Worship","PathToVictory"],"picked":"Protect+1","floor":18.0},{"not_picked":["PathToVictory","MentalFortress"],"picked":"Conclude","floor":19.0},{"not_picked":["PathToVictory","Consecrate"],"picked":"Nirvana+1","floor":20.0},{"not_picked":["FlurryOfBlows","BowlingBash"],"picked":"Wish","floor":21.0}],"player_experience":1236358,"relics_obtained":[{"floor":7.0,"key":"GoldenEye"},{"floor":9.0,"key":"Incense Burner"},{"floor":12.0,"key":"Matryoshka"},{"floor":17.0,"key":"Bag of Preparation"},{"floor":17.0,"key":"Darkstone Periapt"},{"floor":17.0,"key":"Mango"}],"event_choices":[{"damage_healed":0.0,"max_hp_gain":0.0,"max_hp_loss":0.0,"gold_gain":0.0,"event_name":"Living Wall","player_choice":"Grow","floor":4.0,"gold_loss":0.0,"damage_taken":0.0,"cards_upgraded":["Apotheosis"]},{"damage_healed":0.0,"max_hp_gain":0.0,"max_hp_loss":0.0,"gold_gain":0.0,"event_name":"Match and Keep!","player_choice":"2 cards matched","floor":13.0,"gold_loss":0.0,"damage_taken":0.0,"cards_obtained":["MentalFortress","Good Instincts"]}],"is_beta":false,"boss_relics":[{"not_picked":["Cursed Key","Empty Cage"],"picked":"Calling Bell"}],"items_purged_floors":[],"is_endless":false,"potions_floor_spawned":[3,7,12,16,19],"killed_by":"Shelled Parasite and Fungi","ascension_level":13}}