{"host":"sian7qp8a9pc9xwd","time":1610414100,"event":{"mods":["BaseMod","Minty Spire (QoL Compilation)","StSLib","SuperFastMode"],"gold_per_floor":[119,129,146,96,108,141,141,167,167,199,199,199,211,222,222,324,324,339,349,48,64,64,64,64],"floor_reached":23,"playtime":1255,"items_purged":[],"score":298,"play_id":"fdc7d141-a9da-4e83-99ed-3ec4df7e3f05","local_time":"20210111201500","is_ascension_mode":true,"campfire_choices":[{"floor":7.0,"key":"REST"},{"floor":12.0,"key":"REST"},{"data":"Bash","floor":15.0,"key":"SMITH"}],"circlet_count":0,"master_deck":["Strike_R","Strike_R","Strike_R","Strike_R","Defend_R","Defend_R","Defend_R","Defend_R","Bash+1","Cleave","Cleave","Flame Barrier","Thunderclap","Iron Wave","Perfected Strike+1","Sentinel","Shrug It Off","Battle Trance","Fiend Fire+1","Bloodletting+1","Disarm+1","Perfected Strike+1","Iron Wave+1"],"relics":["Burning Blood","Gambling Chip","Potion Belt","Pantograph","Molten Egg 2","MealTicket","SlaversCollar","Meat on the Bone"],"acts_visited":["Exordium","TheCity"],"potions_floor_usage":[23],"damage_taken":[{"damage":6.0,"enemies":"Cultist","floor":1.0,"turns":4.0},{"damage":8.0,"enemies":"Small Slimes","floor":2.0,"turns":4.0},{"damage":16.0,"enemies":"Jaw Worm","floor":3.0,"turns":4.0},{"damage":7.0,"enemies":"Exordium Wildlife","floor":5.0,"turns":4.0},{"damage":43.0,"enemies":"Lagavulin","floor":6.0,"turns":9.0},{"damage":26.0,"enemies":"Gremlin Nob","floor":8.0,"turns":5.0},{"damage":34.0,"enemies":"Lagavulin","floor":10.0,"turns":9.0},{"damage":6.0,"enemies":"3 Louse","floor":13.0,"turns":2.0},{"damage":6.0,"enemies":"Blue Slaver","floor":14.0,"turns":5.0},{"damage":51.0,"enemies":"The Guardian","floor":16.0,"turns":14.0},{"damage":17.0,"enemies":"2 Thieves","floor":18.0,"turns":3.0},{"damage":30,"enemies":"3 Byrds","floor":19,"turns":6},{"damage":34,"enemies":"Snecko","floor":21,"turns":5},{"damage":33,"enemies":"Slavers","floor":23,"turns":2}],"seed_played":"1092069283251057710","potions_obtained":[{"floor":2.0,"key":"SkillPotion"},{"floor":3.0,"key":"Fire Potion"},{"floor":5.0,"key":"BloodPotion"},{"floor":8.0,"key":"EssenceOfSteel"},{"floor":19,"key":"SpeedPotion"}],"is_trial":false,"path_per_floor":["M","M","M","?","M","E","R","E","T","E","?","R","M","M","R","B",null,"M","M","$","M","?","E"],"character_chosen":"IRONCLAD","items_purchased":["Perfected Strike+1","Meat on the Bone"],"campfire_rested":2,"item_purchase_floors":[20,20],"current_hp_per_floor":[72,70,60,60,59,22,46,42,42,14,14,38,38,38,38,18,65,54,30,45,29,29,0,0],"gold":64,"neow_bonus":"ONE_RARE_RELIC","is_daily":false,"chose_seed":false,"campfire_upgraded":1,"win_rate":0.0,"timestamp":1610414100,"path_taken":["M","?","M","?","M","E","R","E","T","E","?","R","M","?","R","BOSS","M","M","$","M","?","E"],"items_purchased_type":["Card","Relic"],"build_version":"2020-12-22","purchased_purges":0,"victory":false,"max_hp_per_floor":[80,80,80,80,80,80,80,80,80,80,80,80,80,80,80,80,80,80,80,80,80,80,80,80],"card_choices":[{"not_picked":["Warcry","Pommel Strike"],"picked":"Cleave","floor":1.0},{"not_picked":["Body Slam","Havoc"],"picked":"Cleave","floor":2.0},{"not_picked":["Heavy Blade","Cleave"],"picked":"Flame Barrier","floor":3.0},{"not_picked":["Evolve","Headbutt"],"picked":"Thunderclap","floor":5.0},{"not_picked":["Blood for Blood","Spot Weakness","Uppercut"],"picked":"SKIP","floor":6.0},{"not_picked":["Second Wind","Headbutt"],"picked":"Iron Wave","floor":8.0},{"not_picked":["Warcry","Brutality"],"picked":"Perfected Strike+1","floor":10.0},{"not_picked":["Infernal Blade","Wild Strike+1"],"picked":"Shrug It Off","floor":13.0},{"not_picked":["Warcry","Metallicize"],"picked":"Battle Trance","floor":14.0},{"not_picked":["Demon Form","Berserk"],"picked":"Fiend Fire+1","floor":16.0},{"not_picked":["Inflame+1","Twin Strike+1"],"picked":"Bloodletting+1","floor":18.0},{"not_picked":["Warcry","Dual Wield"],"picked":"Disarm+1","floor":19},{"not_picked":["Battle Trance","Cleave+1"],"picked":"Iron Wave+1","floor":21}],"player_experience":709663,"relics_obtained":[{"floor":6.0,"key":"Potion Belt"},{"floor":8.0,"key":"Pantograph"},{"floor":9.0,"key":"Molten Egg 2"},{"floor":10.0,"key":"MealTicket"}],"event_choices":[{"cards_removed":["Normality"],"damage_healed":0.0,"max_hp_gain":0.0,"max_hp_loss":0.0,"gold_gain":0.0,"event_name":"The Cleric","player_choice":"Card Removal","floor":4.0,"gold_loss":50.0,"damage_taken":0.0},{"damage_healed":0.0,"max_hp_gain":0.0,"max_hp_loss":0.0,"gold_gain":0.0,"cards_transformed":["Strike_R"],"event_name":"Transmorgrifier","player_choice":"Transformed","floor":11.0,"gold_loss":0.0,"damage_taken":0.0,"cards_obtained":["Sentinel"]}],"is_beta":false,"boss_relics":[{"not_picked":["Fusion Hammer","Runic Dome"],"picked":"SlaversCollar"}],"items_purged_floors":[],"is_endless":false,"potions_floor_spawned":[2,3,5,8,19],"killed_by":"Slavers","ascension_level":8}}