{"host":"b0hh64pqctf46s8m","time":1610418687,"event":{"mods":["100% Spire Juice","Act Like it!","Aspiration","BaseMod","Bestiary","Better Third Choice","CCEM","CapriCore","ChefMod","Conspire","Curses Come First","Displayed Cursed Tome","Dota2Spire","Downfall","Ekko","Elementarium","Evolution","Fireblade Mod","Fox Events","Halation","Hallownest","Hermit","Hubris","Infinite Spire","Jess\u0027s Bottle","JesterMod","Jorbs\u0027s Wanderer Trilogy","Koishi","Kratos Character Expansion","Lobotomy","Luminous","Mari Mod (Legacy)","Mari\u0027s V1 Patch","Menagerie","Mimic Mod","Minty Spire (QoL Compilation)","Pale of the Ancients","Permanent Neow","Pikachu Mod","QueenMod","Random Character Button","Relic Sorter","Relic Stats","Replay The Spire","Robot Space Explorer","Shade Mod","StSLib","The Blue Laboratory","The Bug Knight","The Dragon Tamer","The Hayseed","The Immortal","The Marked","TheLocksmith","TheSwordswoman","TheVacant","TheWitcher","Treasure Hunter","UnlockEverythingMod","Wandering Minibosses","vexMod","??????REMEMod"],"gold_per_floor":[119,6,6,20,20,20,34,34,34,0,33,33,61,22,22,123,123,139,152,37,47,47,75,75,86,160,160,160,160],"floor_reached":28,"playtime":1421,"items_purged":["blazmod:Strike"],"score":296,"play_id":"59162472-9873-4f12-94f9-96b00ae8c225","local_time":"20210111183127","is_ascension_mode":false,"campfire_choices":[{"data":"blazmod:DanceOfTheGods","floor":6,"key":"SMITH"},{"data":"blazmod:DrippingWaterHollowsStone","floor":8,"key":"SMITH"},{"data":"blazmod:Trasient","floor":12,"key":"SMITH"},{"floor":15,"key":"REST"},{"data":"blazmod:TrueOfHeart","floor":24,"key":"SMITH"},{"floor":27,"key":"REST"}],"circlet_count":0,"master_deck":["blazmod:Strike","blazmod:Strike","blazmod:Strike","blazmod:Defend","blazmod:Defend","blazmod:Defend","blazmod:Defend","blazmod:ButterflyEffect","blazmod:Kyokasuigetsu","OldLady","blazmod:TandenKatsu","blazmod:Swordstorm","blazmod:DrippingWaterHollowsStone+1","blazmod:DanceOfTheGods+1","blazmod:Swordstorm","blazmod:Trasient+1","LongBird","blazmod:TrueOfHeart+1","blazmod:OneWithNature","blazmod:ClearTheMind","blazmod:DevilDivine"],"relics":["blazmod:Venustas","EVO:Axolotl","REME_ComplimentaryCards","CogitoBucket","Simple Rune","ReplayTheSpireMod:Lightbulb","hubris:FunFungus","halation:SelfBoilingWater","aspiration:FutureDiary","SkinProphecy","ReplayTheSpireMod:TigerMarble","halation:Toothbrush"],"acts_visited":["Hallownest:Greenpath","TheCity"],"potions_floor_usage":[19,28,28],"damage_taken":[{"damage":3,"enemies":"2_ Uuma","floor":1,"turns":7},{"damage":2,"enemies":"Hallownest:monsterHuskGuard","floor":4,"turns":3},{"damage":0,"enemies":"Hallownest:monsterHuskWarrior","floor":5,"turns":3},{"damage":7,"enemies":"Hallownest:monsterFoolEater","floor":7,"turns":4},{"damage":0,"enemies":"Hallownest:eliteVengeflyKing","floor":11,"turns":6},{"damage":12,"enemies":"Hallownest:eliteCrystalGuardian","floor":13,"turns":5},{"damage":19,"enemies":"Hallownest:BossHornet","floor":16,"turns":8},{"damage":10,"enemies":"conspire:FuzzyDice","floor":18,"turns":4},{"damage":2,"enemies":"Centurion and Healer","floor":19,"turns":6},{"damage":4,"enemies":"conspire:HollyBat","floor":21,"turns":5},{"damage":0,"enemies":"REME_1_Revenger","floor":23,"turns":5},{"damage":15,"enemies":"Cultist and Chosen","floor":25,"turns":7},{"damage":21,"enemies":"Slavers","floor":28,"turns":2}],"seed_played":"1729054393299323842","potions_obtained":[{"floor":1,"key":"Block Potion"},{"floor":5,"key":"blueLaboratory:SavagePotion"},{"floor":13,"key":"BlessingOfTheForge"},{"floor":25,"key":"Weak Potion"}],"is_trial":false,"path_per_floor":["M","$","?","M","M","R","M","R","T","?","E","R","E","$","R","B",null,"M","M","$","M","?","E","R","M","T","R","E"],"character_chosen":"THE_SWORDSWOMAN","items_purchased":["blazmod:Swordstorm","blazmod:DrippingWaterHollowsStone","blazmod:TrueOfHeart","blazmod:DevilDivine"],"campfire_rested":2,"item_purchase_floors":[2,2,14,20],"current_hp_per_floor":[37,37,37,35,35,35,28,28,28,28,28,28,16,16,28,10,40,31,26,26,19,19,17,17,9,9,23,0,0],"gold":160,"neow_bonus":"","is_daily":false,"chose_seed":false,"campfire_upgraded":4,"win_rate":0.0,"timestamp":1610418687,"path_taken":["M","$","?","M","M","R","M","R","T","?","E","R","E","?","R","BOSS","M","M","$","M","?","E","R","M","T","R","E"],"items_purchased_type":["Card","Card","Card","Card"],"build_version":"2020-12-22","purchased_purges":1,"victory":false,"max_hp_per_floor":[40,40,40,40,40,40,40,40,40,40,40,40,40,40,40,40,40,40,42,42,44,44,46,46,48,48,48,50,50],"relic_stats":{"counters":[14,66],"obtain_stats":[{"blazmod:Venustas":0,"CogitoBucket":0,"Simple Rune":9,"hubris:FunFungus":11,"halation:Toothbrush":26,"ReplayTheSpireMod:TigerMarble":23,"EVO:Axolotl":0,"aspiration:FutureDiary":17,"SkinProphecy":18,"ReplayTheSpireMod:Lightbulb":10,"halation:SelfBoilingWater":13,"REME_ComplimentaryCards":0},{"blazmod:Venustas":0,"CogitoBucket":0,"Simple Rune":4,"hubris:FunFungus":5,"halation:Toothbrush":13,"ReplayTheSpireMod:TigerMarble":12,"EVO:Axolotl":0,"aspiration:FutureDiary":7,"SkinProphecy":9,"ReplayTheSpireMod:Lightbulb":4,"halation:SelfBoilingWater":6,"REME_ComplimentaryCards":0},{"blazmod:Venustas":0,"CogitoBucket":0,"Simple Rune":17,"hubris:FunFungus":23,"halation:Toothbrush":64,"ReplayTheSpireMod:TigerMarble":57,"EVO:Axolotl":0,"aspiration:FutureDiary":36,"SkinProphecy":41,"ReplayTheSpireMod:Lightbulb":17,"halation:SelfBoilingWater":28,"REME_ComplimentaryCards":0}]},"card_choices":[{"not_picked":["Scorched","MeatLantern"],"picked":"OldLady","floor":1},{"not_picked":["blazmod:FortifiedVigor","blazmod:ButterFlutter"],"picked":"blazmod:TandenKatsu","floor":1},{"not_picked":["blazmod:StanceChange","blazmod:MentalFocus"],"picked":"blazmod:DanceOfTheGods","floor":4},{"not_picked":["blazmod:ButterFlutter","blazmod:Valiance"],"picked":"blazmod:Swordstorm","floor":5},{"not_picked":["blazmod:FlawlessDraw","blazmod:KatanaStrike"],"picked":"blazmod:Trasient","floor":7},{"not_picked":["TH:DeckOfManyThings","TH:Mimic"],"picked":"SKIP","floor":9},{"not_picked":["TH:TreasureMap","TH:CopperCoins"],"picked":"SKIP","floor":11},{"not_picked":["blazmod:Trasient","blazmod:DevilDivine","blazmod:FlashRock"],"picked":"SKIP","floor":11},{"not_picked":["Alriune","OSAHOGD"],"picked":"LongBird","floor":13},{"not_picked":["TH:DeckOfManyThings","TH:CursedSword"],"picked":"SKIP","floor":13},{"not_picked":["blazmod:FortifiedVigor","blazmod:PhoenixPlume","blazmod:GlasswingWaltz"],"picked":"SKIP","floor":13},{"not_picked":["blazmod:ForgeWays","blazmod:EightLifePilgrimage"],"picked":"blazmod:OneWithNature","floor":16},{"not_picked":["blazmod:ButterFlutter+1","blazmod:PureOfSoul","blazmod:MyEverything"],"picked":"SKIP","floor":18},{"not_picked":["blazmod:DanceOfTheGods","blazmod:Setsuna"],"picked":"blazmod:ClearTheMind","floor":19},{"not_picked":["blazmod:SidewaySolace","blazmod:Crosscut","blazmod:FocusThroughFalls"],"picked":"SKIP","floor":21},{"not_picked":["TH:TreasureMap","TH:CopperCoins"],"picked":"SKIP","floor":23},{"not_picked":["blazmod:TrueOfHeart","blazmod:MentalFocus","blazmod:TandenKatsu"],"picked":"SKIP","floor":23},{"not_picked":["blazmod:FleetOfFoot","blazmod:DanceOfTheGods+1","blazmod:MentalFocus+1"],"picked":"SKIP","floor":25},{"not_picked":["TH:EnergyPotion","TH:BikiniMail"],"picked":"SKIP","floor":26}],"player_experience":1529892,"relics_obtained":[{"floor":9,"key":"Simple Rune"},{"floor":11,"key":"hubris:FunFungus"},{"floor":13,"key":"halation:SelfBoilingWater"},{"floor":23,"key":"ReplayTheSpireMod:TigerMarble"},{"floor":26,"key":"halation:Toothbrush"}],"event_choices":[{"damage_healed":0,"gold_gain":0,"player_choice":"Ignored","damage_taken":0,"max_hp_gain":0,"max_hp_loss":0,"event_name":"Ghosts","floor":22,"gold_loss":0}],"is_beta":false,"boss_relics":[{"not_picked":["Snecko Heart","Ectoplasm"],"picked":"aspiration:FutureDiary"}],"items_purged_floors":[20],"is_endless":false,"potions_floor_spawned":[1,5,13,16,21,25],"killed_by":"Slavers","ascension_level":0}}