{"host":"zksvs3x2ysy9npnz","time":1610481508,"event":{"mods":["Aspiration","BaseMod","Beaked The Cultist","BetterRewards","Clockwork Mod","Colored Map","Conspire","Downfall","Duelist Mod","Ekko","Energized Spire","Fiend Mod","Halation","Highlight Path","Hubris","Hunter ??","Infinite Spire","Jedi Mod","JesterMod","Magitek Elite","Minty Spire (QoL Compilation)","Permanent Neow","Quick Restart","Relic Stats","Replay The Spire","Retaliation","Shade Mod","Shop Mod","StSLib","The Construct","The Poker Player","The Runesmith","The Witch","thorton"],"gold_per_floor":[99,110,121,121,131,131,155,155,174,174,186,198,48,59,70,145,145,145,157,167,167,179,104,104,104,104,183,196,216,216,232,243,314,314,314,325,338,338,385,385,385,396,414,339,144,163,163,182,192,192],"floor_reached":51,"playtime":7923,"items_purged":["Injury","Guardian:Strike_Guardian"],"score":1078,"play_id":"f6946732-5b51-488f-841c-69a8d1011d2a","local_time":"20210112205828","is_ascension_mode":true,"campfire_choices":[{"data":"Guardian:Emergency","floor":6,"key":"SMITH"},{"data":"Guardian:BronzeArmor","floor":8,"key":"SMITH"},{"data":"Guardian:CurlUp","floor":10,"key":"SMITH"},{"floor":18,"key":"RECALL"},{"data":"Guardian:TimeCapacitor","floor":23,"key":"SMITH"},{"data":"Guardian:Defend_Guardian","floor":26,"key":"SMITH"},{"data":"Guardian:Strike_Guardian","floor":35,"key":"PURGE"},{"data":"Guardian:TwinSlam","floor":44,"key":"SMITH"},{"data":"Replay:SS_hec_2","floor":47,"key":"SMITH"}],"circlet_count":0,"master_deck":["AscendersBane","Guardian:Strike_Guardian+1","Guardian:Defend_Guardian+1","Guardian:Defend_Guardian","Guardian:Defend_Guardian","Guardian:Defend_Guardian","Guardian:CurlUp+1","Guardian:TwinSlam+1","Guardian:FierceBash+1","Guardian:Emergency+1","Guardian:BronzeArmor+1","Guardian:Emergency+1","Guardian:Emergency+1","Guardian:Recover+1","Guardian:PiercingHide+1","Guardian:Clone+1","Guardian:Recover+1","Guardian:TimeCapacitor+1","Guardian:Suspension+1","Guardian:TemporalShield+1","Guardian:DecasProtection+1","Guardian:FastForward+1","Guardian:DecasProtection+1","Guardian:Harden+1","Guardian:ShieldCharger+1","Replay:SS_hec_2+1","Guardian:Incinerate"],"relics":["Guardian:ModeShifter","Toxic Egg 2","Tintinnabulum","SlaversCollar","Guardian:StasisUpgradeRelic","downfall:HeartBlessingRed","aspiration:FrozenJewel","Gremlin Horn","Replay:Bottled Steam","aspiration:RitualDagger","Whetstone","downfall:HeartBlessingBlue"],"acts_visited":["Exordium","TheCity","TheBeyond"],"potions_floor_usage":[9,29,32,33,33,42],"damage_taken":[{"damage":3,"enemies":"Jaw Worm","floor":2,"turns":3},{"damage":6,"enemies":"Cultist","floor":3,"turns":3},{"damage":9,"enemies":"Small Slimes","floor":5,"turns":5},{"damage":0,"enemies":"Exordium Wildlife","floor":9,"turns":2},{"damage":10,"enemies":"Blue Slaver","floor":11,"turns":3},{"damage":15,"enemies":"Large Slime","floor":12,"turns":5},{"damage":4,"enemies":"Exordium Wildlife","floor":14,"turns":2},{"damage":5,"enemies":"Gremlin Gang","floor":15,"turns":4},{"damage":11,"enemies":"downfall:Watcher","floor":16,"turns":5},{"damage":8,"enemies":"Shell Parasite","floor":19,"turns":5},{"damage":1,"enemies":"Chosen","floor":20,"turns":4},{"damage":0,"enemies":"Centurion and Healer","floor":22,"turns":8},{"damage":11,"enemies":"Snake Plant","floor":28,"turns":4},{"damage":0,"enemies":"Cultist and Chosen","floor":29,"turns":4},{"damage":22,"enemies":"Chosen and Byrds","floor":31,"turns":5},{"damage":17,"enemies":"Snecko","floor":32,"turns":6},{"damage":5,"enemies":"downfall:Silent","floor":33,"turns":5},{"damage":9,"enemies":"3 Shapes","floor":36,"turns":3},{"damage":19,"enemies":"Orb Walker","floor":37,"turns":4},{"damage":15,"enemies":"4 Shapes","floor":42,"turns":3},{"damage":112,"enemies":"Transient","floor":43,"turns":5},{"damage":12,"enemies":"downfall:FleeingMerchant","floor":45,"turns":4},{"damage":36,"enemies":"Writhing Mass","floor":46,"turns":7},{"damage":27,"enemies":"Sphere and 2 Shapes","floor":48,"turns":9},{"damage":20,"enemies":"Jaw Worm Horde","floor":49,"turns":6},{"damage":34,"enemies":"downfall:Ironclad","floor":50,"turns":11}],"seed_played":"2660253555071602193","potions_obtained":[{"floor":2,"key":"Death Potion"},{"floor":3,"key":"Adrenaline Potion"},{"floor":11,"key":"Energy Potion"},{"floor":22,"key":"Adrenaline Potion"},{"floor":29,"key":"PowerPotion"},{"floor":32,"key":"Adrenaline Potion"},{"floor":33,"key":"SkillPotion"},{"floor":36,"key":"FairyPotion"},{"floor":43,"key":"Dexterity Potion"},{"floor":46,"key":"Guardian:StasisDiscoveryPotion"},{"floor":49,"key":"Flashbang"}],"is_trial":false,"path_per_floor":["R_BF","M","M","?","M","R","T","R","M","R","M","M","?","M","M","B",null,"R","M","M","AVR","M","R","T","T","R","T","M","M","?","M","M","B",null,"R_BF","M","M","?","T","?","T","M","M","R","$","M","R","M","M","B",null],"character_chosen":"GUARDIAN","items_purchased":["Replay:SS_hec_2"],"campfire_rested":0,"item_purchase_floors":[45],"current_hp_per_floor":[72,69,63,63,54,54,54,55,56,57,48,34,82,78,74,64,78,79,72,72,73,74,75,76,77,78,79,69,70,71,50,34,30,69,70,62,44,45,46,47,48,34,82,92,91,80,81,73,74,92],"gold":192,"neow_bonus":"ONE_RANDOM_RARE_CARD","is_daily":false,"chose_seed":false,"campfire_upgraded":7,"win_rate":0.0,"timestamp":1610481508,"path_taken":["R_BF","M","M","?","M","R","T","R","M","R","M","M","?","M","M","BOSS","R","M","?","AVR","M","R","T","?","R","?","M","?","?","M","M","BOSS","R_BF","M","?","?","?","?","T","M","?","R","$","?","R","M","M","BOSS"],"items_purchased_type":["Card"],"build_version":"2020-12-22","purchased_purges":2,"victory":true,"max_hp_per_floor":[72,72,72,72,72,72,72,72,72,72,72,72,82,82,82,82,82,82,82,82,82,82,82,82,82,82,82,82,82,82,82,82,82,82,82,82,82,82,82,82,82,82,82,92,92,92,92,92,92,92],"relic_stats":{"Gremlin Horn":[11,11],"counters":[26,125],"Whetstone":["Guardian:Strike_Guardian","Guardian:Strike_Guardian"],"obtain_stats":[{"SlaversCollar":17,"Guardian:StasisUpgradeRelic":21,"downfall:HeartBlessingRed":23,"Gremlin Horn":25,"downfall:HeartBlessingBlue":44,"Guardian:ModeShifter":0,"Tintinnabulum":7,"aspiration:RitualDagger":34,"Whetstone":39,"Toxic Egg 2":4,"aspiration:FrozenJewel":24,"Replay:Bottled Steam":27},{"SlaversCollar":9,"Guardian:StasisUpgradeRelic":11,"downfall:HeartBlessingRed":12,"Gremlin Horn":12,"downfall:HeartBlessingBlue":21,"Guardian:ModeShifter":0,"Tintinnabulum":3,"aspiration:RitualDagger":17,"Whetstone":19,"Toxic Egg 2":2,"aspiration:FrozenJewel":12,"Replay:Bottled Steam":12},{"SlaversCollar":32,"Guardian:StasisUpgradeRelic":41,"downfall:HeartBlessingRed":49,"Gremlin Horn":49,"downfall:HeartBlessingBlue":88,"Guardian:ModeShifter":0,"Tintinnabulum":11,"aspiration:RitualDagger":73,"Whetstone":80,"Toxic Egg 2":6,"aspiration:FrozenJewel":49,"Replay:Bottled Steam":49}]},"card_choices":[{"not_picked":["Guardian:Suspension","Guardian:Gem_Crimson"],"picked":"Guardian:Emergency","floor":2},{"not_picked":["Guardian:VentSteam","Guardian:Suspension"],"picked":"Guardian:BronzeArmor","floor":3},{"not_picked":["Guardian:PolyBeam","Guardian:Gem_Red"],"picked":"Guardian:Emergency+1","floor":5},{"not_picked":["Guardian:Gem_Red","Guardian:EvasiveProtocol"],"picked":"Guardian:Gem_Green","floor":9},{"not_picked":["Guardian:Gem_Green","Guardian:FloatingOrbs"],"picked":"Guardian:Emergency+1","floor":11},{"not_picked":["Guardian:Gem_Red","Guardian:TemporalStrike"],"picked":"Guardian:Recover+1","floor":12},{"not_picked":["Guardian:Recover+1","Guardian:TemporalStrike"],"picked":"Guardian:PiercingHide+1","floor":14},{"not_picked":["Guardian:DonusPower+1","Guardian:Reroute"],"picked":"Guardian:Clone+1","floor":15},{"not_picked":["Guardian:ExploitGems+1","Guardian:HyperBeam_Guardian"],"picked":"Guardian:Gem_Orange","floor":16},{"not_picked":["Guardian:MultiBeam","Guardian:Gem_Lightblue"],"picked":"Guardian:Gem_White","floor":19},{"not_picked":["Guardian:Gem_Green","Guardian:DonusPower+1"],"picked":"Guardian:Recover+1","floor":20},{"not_picked":["Guardian:TemporalShield+1","Guardian:Incinerate"],"picked":"Guardian:TimeCapacitor","floor":22},{"not_picked":["Guardian:Reroute","Guardian:SpikerProtocol","Guardian:PrimingBeam"],"picked":"SKIP","floor":28},{"not_picked":["Guardian:Gem_Cyan","Guardian:Gem_Lightblue"],"picked":"Guardian:Suspension+1","floor":29},{"not_picked":["Guardian:BronzeOrb","Guardian:CrystalBeam"],"picked":"Guardian:TemporalShield+1","floor":31},{"not_picked":["Guardian:BronzeArmor+1","Guardian:ShieldCharger+1"],"picked":"Guardian:DecasProtection+1","floor":32},{"not_picked":["Guardian:FierceBash","Guardian:RevengeProtocol"],"picked":"Guardian:FastForward+1","floor":33},{"not_picked":["Guardian:TemporalStrike+1","Guardian:Clone+1"],"picked":"Guardian:Gem_Cyan","floor":36},{"not_picked":["Guardian:RefractedBeam","Guardian:FloatingOrbs"],"picked":"Guardian:DecasProtection+1","floor":37},{"not_picked":["Guardian:Gem_Lightblue","Guardian:Gem_Cyan"],"picked":"Guardian:Harden+1","floor":42},{"not_picked":["Guardian:SentryBeam+1","Guardian:PiercingHide+1"],"picked":"Guardian:Gem_Orange","floor":43},{"not_picked":["Guardian:Gem_Red","Guardian:SphericShield+1"],"picked":"Guardian:ShieldCharger+1","floor":45},{"not_picked":["Guardian:TemporalShield+1","Guardian:DecasProtection+1"],"picked":"Guardian:Incinerate","floor":46},{"not_picked":["Guardian:TemporalShield+1","Guardian:RollAttack+1","Guardian:CrystalBeam"],"picked":"SKIP","floor":48},{"not_picked":["Guardian:Gem_Cyan","Guardian:Reroute","Guardian:GuardianWhirl"],"picked":"SKIP","floor":49}],"player_experience":2487435,"relics_obtained":[{"floor":7,"key":"Tintinnabulum"},{"floor":24,"key":"aspiration:FrozenJewel"},{"floor":25,"key":"Gremlin Horn"},{"floor":27,"key":"Replay:Bottled Steam"},{"floor":39,"key":"Whetstone"}],"event_choices":[{"damage_healed":0,"gold_gain":0,"player_choice":"Got Potions","damage_taken":0,"max_hp_gain":0,"max_hp_loss":0,"event_name":"Lab","floor":30,"gold_loss":0},{"cards_removed":["Guardian:Strike_Guardian"],"damage_healed":0,"gold_gain":0,"player_choice":"Removed Attack","damage_taken":0,"max_hp_gain":0,"max_hp_loss":0,"event_name":"Falling","floor":40,"gold_loss":0}],"is_beta":false,"boss_relics":[{"not_picked":["conspire:SlowCooker","Calling Bell"],"picked":"SlaversCollar"},{"not_picked":["halation:Prosthetics","Empty Cage"],"picked":"aspiration:RitualDagger"}],"items_purged_floors":[21,45],"is_endless":false,"potions_floor_spawned":[2,3,11,22,29,32,33,36,43,46,49],"ascension_level":16}}