{"host":"p5xt3w0m112lpjco","time":1610482667,"event":{"mods":["BaseMod","Colored Powertips","Hermit","Minty Spire (QoL Compilation)","Rare Cards Sparkle","StSLib","The Vixen"],"gold_per_floor":[18,293,303,319,338,338,104,23,23,36,36,64,64,75,75,180,230,261,293,326,22,65,65,70,70],"floor_reached":24,"language":"ENG","playtime":1406,"items_purged":["hermit:Strike_Hermit"],"score":198,"play_id":"d67d4226-d053-4b86-b183-86cf75987cd6","local_time":"20210112151747","is_ascension_mode":false,"campfire_choices":[{"floor":6.0,"key":"REST"},{"floor":13.0,"key":"REST"},{"data":"hermit:OverwhelmingPower","floor":15.0,"key":"SMITH"},{"floor":23,"key":"REST"}],"circlet_count":0,"master_deck":["hermit:Strike_Hermit","hermit:Strike_Hermit","hermit:Strike_Hermit+1","hermit:Defend_Hermit","hermit:Defend_Hermit","hermit:Defend_Hermit","hermit:Defend_Hermit","hermit:Snapshot","hermit:Covet","hermit:OverwhelmingPower+1","hermit:DeadMansHand","Regret","hermit:TrackingShot","hermit:Deadeye","hermit:Scavenge","hermit:Brawl","hermit:Brawl","hermit:Quickdraw","hermit:FlashPowder","hermit:Horror","hermit:DeadOrAlive","hermit:Shortfuse","hermit:LuckOfTheDraw","hermit:Dive","hermit:CursedWeapon","hermit:Manifest+1"],"relics":["hermit:Momento","Orichalcum","hermit:RyeStalk","Shuriken","Tiny House","OrangePellets","Red Mask"],"acts_visited":["TheCity"],"potions_floor_usage":[18,19,20,22],"damage_taken":[{"damage":7.0,"enemies":"Small Slimes","floor":1.0,"turns":4.0},{"damage":6.0,"enemies":"Cultist","floor":3.0,"turns":4.0},{"damage":8.0,"enemies":"Jaw Worm","floor":4.0,"turns":4.0},{"damage":26.0,"enemies":"Large Slime","floor":5.0,"turns":6.0},{"damage":15.0,"enemies":"2 Fungi Beasts","floor":10.0,"turns":5.0},{"damage":2.0,"enemies":"Gremlin Nob","floor":12.0,"turns":5.0},{"damage":10.0,"enemies":"Blue Slaver","floor":14.0,"turns":5.0},{"damage":24.0,"enemies":"The Guardian","floor":16.0,"turns":9.0},{"damage":23,"enemies":"Spheric Guardian","floor":18,"turns":6},{"damage":11,"enemies":"Shell Parasite","floor":19,"turns":6},{"damage":30,"enemies":"Centurion and Healer","floor":20,"turns":7},{"damage":19,"enemies":"Masked Bandits","floor":22,"turns":6},{"damage":33,"enemies":"Gremlin Leader","floor":24,"turns":3}],"seed_played":"6856634002478061884","potions_obtained":[{"floor":1.0,"key":"SmokeBomb"},{"floor":4.0,"key":"LiquidBronze"},{"floor":5.0,"key":"SkillPotion"},{"floor":14.0,"key":"Energy Potion"},{"floor":16.0,"key":"SpeedPotion"},{"floor":17,"key":"Regen Potion"},{"floor":18,"key":"Fire Potion"},{"floor":22,"key":"Block Potion"}],"is_trial":false,"path_per_floor":["M","?","M","M","M","R","$","$","T","M","$","E","R","M","R","B",null,"M","M","M","$","?","R","E"],"character_chosen":"HERMIT","items_purchased":["hermit:Brawl","Orichalcum","hermit:Brawl","hermit:Quickdraw","hermit:CursedWeapon","OrangePellets"],"campfire_rested":3,"item_purchase_floors":[7,7,8,8,21,21],"current_hp_per_floor":[68,68,62,54,28,50,50,50,50,35,35,33,55,45,45,21,80,66,55,25,25,6,30,0,0],"gold":70,"neow_bonus":"THREE_RARE_CARDS","is_daily":false,"chose_seed":false,"campfire_upgraded":1,"win_rate":0.0,"timestamp":1610482667,"path_taken":["M","?","M","M","M","R","?","$","T","M","$","E","R","M","R","BOSS","M","M","M","$","?","R","E"],"items_purchased_type":["Card","Relic","Card","Card","Card","Relic"],"build_version":"2020-12-22","purchased_purges":1,"victory":false,"max_hp_per_floor":[75,75,75,75,75,75,75,75,75,75,75,75,75,75,75,75,80,80,80,80,80,80,80,80,80],"card_choices":[{"not_picked":["hermit:EternalForm","hermit:FinalCanter"],"picked":"hermit:OverwhelmingPower","floor":0.0},{"not_picked":["hermit:Manifest","hermit:Grudge"],"picked":"hermit:DeadMansHand","floor":1.0},{"not_picked":["hermit:FullyLoaded","hermit:Dive"],"picked":"hermit:TrackingShot","floor":3.0},{"not_picked":["hermit:Grudge","hermit:HighCaliber"],"picked":"hermit:Deadeye","floor":4.0},{"not_picked":["hermit:EyeOfTheStorm","hermit:Snipe"],"picked":"hermit:Scavenge","floor":5.0},{"not_picked":["hermit:DeadMansHand","hermit:Spite","hermit:Grudge"],"picked":"SKIP","floor":10.0},{"not_picked":["hermit:ItchyTrigger","hermit:WideOpen"],"picked":"hermit:FlashPowder","floor":12.0},{"not_picked":["hermit:HoleUp","hermit:Quickdraw"],"picked":"hermit:Horror","floor":14.0},{"not_picked":["hermit:Roughhouse","hermit:Purgatory"],"picked":"hermit:DeadOrAlive","floor":16.0},{"not_picked":["hermit:Misfire","hermit:Quickdraw"],"picked":"hermit:Shortfuse","floor":17},{"not_picked":["hermit:Brawl+1","hermit:Maintenance"],"picked":"hermit:LuckOfTheDraw","floor":18},{"not_picked":["hermit:Feint","hermit:BodyArmor"],"picked":"hermit:Dive","floor":19},{"not_picked":["hermit:Determination+1","hermit:SprayPray","hermit:BigShot"],"picked":"SKIP","floor":20},{"not_picked":["hermit:Spite","hermit:BodyArmor"],"picked":"hermit:Manifest+1","floor":22}],"player_experience":844587,"relics_obtained":[{"floor":9.0,"key":"hermit:RyeStalk"},{"floor":12.0,"key":"Shuriken"},{"floor":22,"key":"Red Mask"}],"event_choices":[{"damage_healed":0.0,"max_hp_gain":0.0,"max_hp_loss":0.0,"gold_gain":275.0,"event_name":"Golden Shrine","player_choice":"Desecrate","floor":2.0,"gold_loss":0.0,"damage_taken":0.0,"cards_obtained":["Regret"]},{"damage_healed":0,"gold_gain":0,"player_choice":"Fought Bandits","damage_taken":0,"max_hp_gain":0,"max_hp_loss":0,"event_name":"Masked Bandits","floor":22,"gold_loss":0}],"is_beta":false,"boss_relics":[{"not_picked":["Ectoplasm","Black Star"],"picked":"Tiny House"}],"items_purged_floors":[21],"is_endless":false,"potions_floor_spawned":[1,4,5,14,16,18,22],"killed_by":"Gremlin Leader","ascension_level":0}}