{"host":"rf8av8ahefvxcu9p","time":1610417566,"event":{"mods":["BaseMod","BetterRewards","Colored Powertips","Infinite Spire","Minty Spire (QoL Compilation)","Replay The Spire","StSLib"],"gold_per_floor":[364,380,390,4,19,19,38,38,38,57,57,76,106,117,117,117,117],"floor_reached":16,"playtime":1536,"items_purged":["Strike_G"],"score":106,"play_id":"90fec677-fb25-4f96-bc19-09b345ab5c75","local_time":"20210111201246","is_ascension_mode":false,"campfire_choices":[{"data":"Neutralize","floor":6,"key":"SMITH"},{"floor":11,"key":"REST"},{"floor":15,"key":"REST"}],"circlet_count":0,"master_deck":["Strike_G","Strike_G","Strike_G+1","Strike_G","Defend_G","Defend_G+1","Defend_G","Defend_G","Defend_G","Survivor","Neutralize+1","Acrobatics","Poisoned Stab","Dodge and Roll","Fluid Movement+1","Well Laid Plans+1","Dodge and Roll","Predator","Flechettes","Footwork+1"],"relics":["Ring of the Snake","Frozen Egg 2","Ice Cream","Letter Opener"],"acts_visited":["Exordium"],"potions_floor_usage":[14,16],"damage_taken":[{"damage":0,"enemies":"2 Louse","floor":1,"turns":3},{"damage":0,"enemies":"Cultist","floor":2,"turns":4},{"damage":1,"enemies":"Jaw Worm","floor":3,"turns":4},{"damage":0,"enemies":"Blue Slaver","floor":5,"turns":6},{"damage":10,"enemies":"Red Slaver","floor":7,"turns":5},{"damage":32,"enemies":"Gremlin Gang","floor":10,"turns":8},{"damage":3,"enemies":"Blue Slaver","floor":12,"turns":5},{"damage":20,"enemies":"Gremlin Nob","floor":13,"turns":5},{"damage":7,"enemies":"Exordium Thugs","floor":14,"turns":5},{"damage":33,"enemies":"Slime Boss","floor":16,"turns":7}],"seed_played":"-6499698560458120396","potions_obtained":[{"floor":3,"key":"Elixir"},{"floor":5,"key":"Strength Potion"},{"floor":12,"key":"Regen Potion"},{"floor":14,"key":"Languid Potion"}],"is_trial":false,"path_per_floor":["M","M","M","$","M","R","M","?","T","M","R","M","E","M","R","B"],"character_chosen":"THE_SILENT","items_purchased":["Frozen Egg 2","Fluid Movement+1"],"campfire_rested":2,"item_purchase_floors":[4,4],"current_hp_per_floor":[63,63,62,62,62,62,52,39,39,7,25,22,2,9,27,0,0],"gold":117,"neow_bonus":"TWO_FIFTY_GOLD","is_daily":false,"chose_seed":false,"campfire_upgraded":1,"win_rate":0.0,"timestamp":1610417566,"path_taken":["M","M","M","$","M","R","M","?","T","M","R","M","E","M","R","BOSS"],"items_purchased_type":["Relic","Card"],"build_version":"2020-12-22","purchased_purges":1,"victory":false,"max_hp_per_floor":[63,63,63,63,63,63,63,63,63,63,63,63,63,63,63,63,63],"card_choices":[{"not_picked":["ReplayTheSpireMod:Shiv Toss","ReplayTheSpireMod:The Works"],"picked":"Acrobatics","floor":1},{"not_picked":["ReplayTheSpireMod:Exploit Weakness","Blur"],"picked":"Poisoned Stab","floor":2},{"not_picked":["Flechettes","Acrobatics"],"picked":"Dodge and Roll","floor":3},{"not_picked":["Flying Knee","Sucker Punch"],"picked":"Well Laid Plans+1","floor":5},{"not_picked":["Burst","Acrobatics"],"picked":"Dodge and Roll","floor":7},{"not_picked":["Dodge and Roll","PiercingWail"],"picked":"Predator","floor":10},{"not_picked":["Endless Agony","Bane"],"picked":"Flechettes","floor":12},{"not_picked":["Escape Plan","Prepared","Acrobatics"],"picked":"SKIP","floor":13},{"not_picked":["Dagger Spray","Infinite Blades+1"],"picked":"Footwork+1","floor":14}],"player_experience":349969,"relics_obtained":[{"floor":9,"key":"Ice Cream"},{"floor":13,"key":"Letter Opener"}],"event_choices":[{"damage_healed":0,"gold_gain":0,"player_choice":"Entered Light","damage_taken":13,"max_hp_gain":0,"max_hp_loss":0,"event_name":"Shining Light","floor":8,"gold_loss":0,"cards_upgraded":["Defend_G","Strike_G"]}],"is_beta":false,"boss_relics":[],"items_purged_floors":[4],"is_endless":false,"potions_floor_spawned":[3,5,12,14],"killed_by":"Slime Boss","ascension_level":0}}