{"host":"q0ozth74idsfmf0a","time":1610483559,"event":{"mods":["BaseMod","Colored Powertips","Downfall","Minty Spire (QoL Compilation)","Relic Stats","StSLib"],"gold_per_floor":[99,117,173,158,333,333,359,394,319,319,354,354,354,371,389,484,484,484,496,511,127,127,143,143,28,28,28,28,43,43,43,63,166,166,91,104,117,37,49,94,173,189,32,32,63,63,63,63,79,79],"floor_reached":51,"language":"ENG","playtime":3452,"items_purged":["sneckomod:Strike","sneckomod:Defend","sneckomod:Strike"],"score":806,"play_id":"2560bf96-ce32-444a-8011-c8e0aa62a59b","local_time":"20210112153239","is_ascension_mode":false,"campfire_choices":[{"data":"sneckomod:SnekBite","floor":1.0,"key":"SMITH"},{"data":"sneckomod:MorePower","floor":6,"key":"SMITH"},{"floor":9,"key":"REST"},{"floor":13,"key":"REST"},{"data":"sneckomod:SerpentIdol","floor":18,"key":"SMITH"},{"data":"sneckomod:DangerNoodle","floor":26,"key":"SMITH"},{"floor":30,"key":"RECALL"},{"data":"sneckomod:Restock","floor":35,"key":"SMITH"},{"floor":44,"key":"REST"},{"data":"sneckomod:SnakeSap","floor":47,"key":"SMITH"}],"circlet_count":0,"master_deck":["sneckomod:Strike","sneckomod:Defend","sneckomod:Defend","sneckomod:TailWhip","sneckomod:SnekBite+1","sneckomod:Unknown+1","sneckomod:Unknown","sneckomod:SerpentIdol+1","sneckomod:RainOfDice+1","sneckomod:UnknownRareSkill+1","sneckomod:DiceBlock","sneckomod:UnknownUncommonAttack+1","sneckomod:QuickMove","Iron Wave","sneckomod:DiceBlock","sneckomod:Nope","sneckomod:QuickMove","sneckomod:UnknownClassGREEN+1","sneckomod:DangerNoodle+1","sneckomod:UnknownClassGREEN+1","sneckomod:UnknownBlock+1","sneckomod:Unknown3Cost+1","sneckomod:CheapStock+1","sneckomod:UnknownUncommonAttack+1","sneckomod:UnknownBlock+1","sneckomod:UnknownRarePower+1","sneckomod:TrashToTreasure+1","sneckomod:UnknownRareAttack+1","sneckomod:Bewildered","sneckomod:Unknown1Cost+1","sneckomod:Restock+1","CurseOfTheBell","sneckomod:RainOfDice+1","sneckomod:Cheat","sneckomod:SnakeSap+1","sneckomod:SerpentIdol+1","sneckomod:UnknownRarePower+1","expansioncontent:CaCaw+1","Parasite","sneckomod:SerpentIdol+1"],"relics":["sneckomod:SneckoSoul","Vajra","Regal Pillow","Frozen Egg 2","downfall:HeartBlessingGreen","Dream Catcher","sneckomod:UnknownEgg","Black Star","Bag of Preparation","MealTicket","sneckomod:BabySnecko","Enchiridion","Calling Bell","sneckomod:LoadedDie","Question Card","TungstenRod","downfall:HeartBlessingRed","FossilizedHelix","StoneCalendar","Happy Flower","Unceasing Top","Oddly Smooth Stone"],"acts_visited":["Exordium","TheCity","TheBeyond"],"potions_floor_usage":[16,16,33,38,40,49],"damage_taken":[{"damage":1.0,"enemies":"Jaw Worm","floor":2.0,"turns":3.0},{"damage":29.0,"enemies":"Lagavulin Event","floor":3.0,"turns":6.0},{"damage":10.0,"enemies":"downfall:FleeingMerchant","floor":4.0,"turns":4.0},{"damage":21,"enemies":"3 Sentries","floor":8,"turns":8},{"damage":28,"enemies":"Gremlin Nob","floor":11,"turns":4},{"damage":3,"enemies":"Small Slimes","floor":14,"turns":3},{"damage":15,"enemies":"2 Louse","floor":15,"turns":3},{"damage":52,"enemies":"downfall:Defect","floor":16,"turns":9},{"damage":3,"enemies":"3 Byrds","floor":19,"turns":5},{"damage":0,"enemies":"Spheric Guardian","floor":20,"turns":6},{"damage":15,"enemies":"downfall:FleeingMerchant","floor":21,"turns":4},{"damage":15,"enemies":"Cultist and Chosen","floor":23,"turns":7},{"damage":11,"enemies":"downfall:FleeingMerchant","floor":25,"turns":4},{"damage":18,"enemies":"Sentry and Sphere","floor":29,"turns":5},{"damage":28,"enemies":"Shelled Parasite and Fungi","floor":32,"turns":3},{"damage":24,"enemies":"downfall:Ironclad","floor":33,"turns":7},{"damage":22,"enemies":"3 Darklings","floor":36,"turns":4},{"damage":9,"enemies":"3 Shapes","floor":37,"turns":3},{"damage":20,"enemies":"downfall:FleeingMerchant","floor":38,"turns":3},{"damage":0,"enemies":"Transient","floor":39,"turns":5},{"damage":26,"enemies":"2 Orb Walkers","floor":40,"turns":5},{"damage":5,"enemies":"Spire Growth","floor":42,"turns":5},{"damage":0,"enemies":"Nemesis","floor":45,"turns":5},{"damage":0,"enemies":"Writhing Mass","floor":49,"turns":4},{"damage":0,"enemies":"downfall:Watcher","floor":50,"turns":6}],"seed_played":"8649383999368780719","potions_obtained":[{"floor":0.0,"key":"DistilledChaos"},{"floor":0.0,"key":"Block Potion"},{"floor":0.0,"key":"Energy Potion"},{"floor":11,"key":"SkillPotion"},{"floor":15,"key":"SpeedPotion"},{"floor":19,"key":"SmokeBomb"},{"floor":32,"key":"AttackPotion"},{"floor":33,"key":"Strength Potion"},{"floor":39,"key":"SkillPotion"},{"floor":42,"key":"sneckomod:OffclassReductionPotion"},{"floor":45,"key":"Strength Potion"}],"is_trial":false,"path_per_floor":["R","M","?","$","?","R","T","E","R","?","E","?","R","M","M","B",null,"R","M","M","$","?","M","T","$","R","?","?","M","R","?","M","B",null,"R","M","M","$","M","?","T","M","$","R","E","$","R","?","M","B",null],"character_chosen":"THE_SNECKO","items_purchased":["sneckomod:UnknownRarePower+1","Bag of Preparation","FossilizedHelix","Happy Flower"],"campfire_rested":3,"item_purchase_floors":[21,21,38,43],"current_hp_per_floor":[90,89,60,50,50,50,50,30,72,69,42,42,84,81,81,30,93,93,92,93,81,109,94,94,99,99,99,99,81,81,65,38,14,111,111,89,80,75,75,49,49,44,59,107,108,112,112,112,112,112],"gold":79,"neow_bonus":"THREE_SMALL_POTIONS","is_daily":false,"chose_seed":false,"campfire_upgraded":6,"win_rate":0.0,"timestamp":1610483559,"path_taken":["R","M","?","$","?","R","T","E","R","?","E","?","R","M","M","BOSS","R","M","?","$","?","?","T","$","R","?","?","?","R","?","M","BOSS","R","M","M","$","M","?","T","M","$","R","E","$","R","?","M","BOSS"],"items_purchased_type":["Card","Relic","Relic","Relic"],"build_version":"2020-12-22","purchased_purges":3,"victory":true,"max_hp_per_floor":[90,90,90,90,90,90,90,91,91,91,92,92,92,92,92,93,93,93,95,96,99,109,109,109,110,110,110,110,110,110,110,111,111,111,111,111,111,111,111,111,111,111,111,111,112,112,112,112,112,112],"relic_stats":{"Regal Pillow":45,"Dream Catcher":2,"Happy Flower":[5],"counters":[25,121],"MealTicket":49,"StoneCalendar":[0],"Black Star":1,"Bag of Preparation":[28],"Question Card":11,"obtain_stats":[{"Regal Pillow":7,"sneckomod:LoadedDie":34,"downfall:HeartBlessingRed":35,"Happy Flower":43,"sneckomod:UnknownEgg":11,"Vajra":3,"Enchiridion":31,"Oddly Smooth Stone":45,"downfall:HeartBlessingGreen":9,"StoneCalendar":40,"Bag of Preparation":21,"Frozen Egg 2":8,"sneckomod:SneckoSoul":0,"Question Card":34,"Calling Bell":34,"sneckomod:BabySnecko":27,"Dream Catcher":10,"MealTicket":24,"Black Star":17,"TungstenRod":34,"FossilizedHelix":38,"Unceasing Top":45},{"Regal Pillow":3,"sneckomod:LoadedDie":16,"downfall:HeartBlessingRed":16,"Happy Flower":22,"sneckomod:UnknownEgg":5,"Vajra":2,"Enchiridion":14,"Oddly Smooth Stone":23,"downfall:HeartBlessingGreen":4,"StoneCalendar":21,"Bag of Preparation":11,"Frozen Egg 2":4,"sneckomod:SneckoSoul":0,"Question Card":16,"Calling Bell":16,"sneckomod:BabySnecko":13,"Dream Catcher":4,"MealTicket":12,"Black Star":8,"TungstenRod":16,"FossilizedHelix":19,"Unceasing Top":23},{"Regal Pillow":13,"sneckomod:LoadedDie":81,"downfall:HeartBlessingRed":81,"Happy Flower":106,"sneckomod:UnknownEgg":25,"Vajra":9,"Enchiridion":71,"Oddly Smooth Stone":111,"downfall:HeartBlessingGreen":21,"StoneCalendar":101,"Bag of Preparation":55,"Frozen Egg 2":21,"sneckomod:SneckoSoul":0,"Question Card":81,"Calling Bell":81,"sneckomod:BabySnecko":66,"Dream Catcher":21,"MealTicket":62,"Black Star":40,"TungstenRod":81,"FossilizedHelix":91,"Unceasing Top":111}],"TungstenRod":17,"Unceasing Top":[0]},"card_choices":[{"not_picked":["sneckomod:UnknownUncommonSkill","sneckomod:PureSnecko"],"picked":"sneckomod:SerpentIdol","floor":2.0},{"not_picked":["sneckomod:UnknownVulnerable","sneckomod:UnknownClassGUARDIAN"],"picked":"sneckomod:RainOfDice","floor":3.0},{"not_picked":["sneckomod:SoulRoll","sneckomod:RainOfDice"],"picked":"sneckomod:MorePower","floor":4},{"not_picked":["sneckomod:UnknownClassRED+1","sneckomod:UnknownClassGREEN+1"],"picked":"sneckomod:UnknownRareSkill+1","floor":8},{"not_picked":["sneckomod:WideSting","sneckomod:SoulDraw"],"picked":"sneckomod:DiceBlock","floor":8},{"not_picked":["sneckomod:Unknown0Cost+1","sneckomod:UnknownStrike+1"],"picked":"sneckomod:UnknownUncommonAttack+1","floor":11},{"not_picked":["sneckomod:UnknownClassRED+1","sneckomod:UnknownWeak+1"],"picked":"sneckomod:QuickMove","floor":11},{"not_picked":["sneckomod:SoulDraw","sneckomod:DiceCrush"],"picked":"sneckomod:DiceBlock","floor":13},{"not_picked":["sneckomod:UnknownClassSLIMEBOUND+1","sneckomod:DiceBlock"],"picked":"sneckomod:Nope","floor":14},{"not_picked":["sneckomod:RainOfDice","sneckomod:SoulDraw"],"picked":"sneckomod:QuickMove","floor":15},{"not_picked":["sneckomod:UnknownWeak+1","sneckomod:UnknownStrike+1"],"picked":"sneckomod:UnknownClassGREEN+1","floor":16},{"not_picked":["sneckomod:Restock","sneckomod:SoulExchange"],"picked":"sneckomod:DangerNoodle","floor":16},{"not_picked":["sneckomod:UnknownClassHEXA_GHOST_PURPLE+1","sneckomod:Unknown0Cost+1"],"picked":"sneckomod:UnknownClassGREEN+1","floor":19},{"not_picked":["sneckomod:DiceBlock","sneckomod:SoulDraw"],"picked":"sneckomod:UnknownBlock+1","floor":19},{"not_picked":["sneckomod:Unknown0Cost+1","sneckomod:UnknownUncommonSkill+1"],"picked":"sneckomod:Unknown3Cost+1","floor":20},{"not_picked":["sneckomod:UnknownWeak+1","sneckomod:UnknownStrike+1"],"picked":"sneckomod:CheapStock+1","floor":20},{"not_picked":["sneckomod:UnknownX+1","sneckomod:UnknownExhaust+1"],"picked":"sneckomod:UnknownUncommonAttack+1","floor":21},{"not_picked":["sneckomod:QuickBite+1","sneckomod:IronFang"],"picked":"sneckomod:UnknownBlock+1","floor":21},{"not_picked":["sneckomod:QuickMove","sneckomod:DiceCrush"],"picked":"sneckomod:TrashToTreasure+1","floor":23},{"not_picked":["sneckomod:SoulCleanse","sneckomod:WideSting+1"],"picked":"sneckomod:UnknownRareAttack+1","floor":25},{"not_picked":["sneckomod:Rotation","sneckomod:QuickMove","sneckomod:UnknownStrike+1"],"picked":"SKIP","floor":29},{"not_picked":["sneckomod:UnknownStrike+1","sneckomod:QuickBite"],"picked":"sneckomod:Unknown1Cost+1","floor":32},{"not_picked":["sneckomod:MorePower+1","sneckomod:UnlimitedRolls+1"],"picked":"sneckomod:Restock","floor":33},{"not_picked":["sneckomod:DiceCrush","sneckomod:PureSnecko+1","sneckomod:UnknownCommonSkill+1","sneckomod:SnekBeam"],"picked":"SKIP","floor":36},{"not_picked":["sneckomod:UnknownStrike+1","sneckomod:IronFang","sneckomod:Nope","sneckomod:WideSting"],"picked":"SKIP","floor":37},{"not_picked":["sneckomod:UnknownBlock+1","sneckomod:UnknownStrike+1","sneckomod:SoulDraw","sneckomod:SlitherStrike+1"],"picked":"SKIP","floor":38},{"not_picked":["sneckomod:UnknownVulnerable+1","sneckomod:UnknownClassGREEN+1","sneckomod:SoulRoll"],"picked":"sneckomod:RainOfDice+1","floor":39},{"not_picked":["sneckomod:UnknownCommonSkill+1","sneckomod:UnknownStrike+1","sneckomod:DiceCrush+1"],"picked":"sneckomod:Cheat","floor":40},{"not_picked":["sneckomod:UnknownStrike+1","sneckomod:UnknownWeak+1","sneckomod:UnknownBlock+1"],"picked":"sneckomod:SnakeSap","floor":42},{"not_picked":["sneckomod:QuickMove","sneckomod:Unknown2Cost+1","sneckomod:SlitherStrike"],"picked":"sneckomod:SerpentIdol+1","floor":44},{"not_picked":["sneckomod:SerpentIdol+1","sneckomod:TrashToTreasure","sneckomod:SoulRoll"],"picked":"sneckomod:UnknownRarePower+1","floor":45},{"not_picked":["expansioncontent:Collect+1","expansioncontent:ManipulateTime","expansioncontent:LastStand+1"],"picked":"expansioncontent:CaCaw+1","floor":48},{"not_picked":["sneckomod:Nope+1","sneckomod:DefensiveFlair","sneckomod:DiceBlock+1"],"picked":"sneckomod:SerpentIdol+1","floor":49}],"player_experience":33523,"relics_obtained":[{"floor":3.0,"key":"Vajra"},{"floor":7,"key":"Regal Pillow"},{"floor":8,"key":"Frozen Egg 2"},{"floor":11,"key":"sneckomod:UnknownEgg"},{"floor":24,"key":"MealTicket"},{"floor":31,"key":"Enchiridion"},{"floor":34,"key":"sneckomod:LoadedDie"},{"floor":34,"key":"Question Card"},{"floor":34,"key":"TungstenRod"},{"floor":40,"key":"StoneCalendar"},{"floor":45,"key":"Unceasing Top"},{"floor":45,"key":"Oddly Smooth Stone"}],"event_choices":[{"damage_healed":0,"gold_gain":0,"player_choice":"Success","damage_taken":3,"relics_obtained":["Dream Catcher"],"max_hp_gain":0,"max_hp_loss":0,"event_name":"Scrap Ooze","floor":10,"gold_loss":0},{"cards_removed":["Doubt"],"damage_healed":0,"gold_gain":0,"player_choice":"Took Card","damage_taken":0,"max_hp_gain":0,"max_hp_loss":0,"event_name":"NoteForYourself","floor":12,"gold_loss":0,"cards_obtained":["Iron Wave"]},{"cards_removed":["sneckomod:MorePower"],"damage_healed":18,"gold_gain":0,"player_choice":"Offered Rare","damage_taken":0,"max_hp_gain":10,"max_hp_loss":0,"event_name":"Bonfire Elementals","floor":22,"gold_loss":0},{"damage_healed":0,"gold_gain":0,"player_choice":"Upgraded","damage_taken":0,"max_hp_gain":0,"max_hp_loss":0,"event_name":"Upgrade Shrine","floor":28,"gold_loss":0,"cards_upgraded":["sneckomod:RainOfDice"]},{"damage_healed":0,"gold_gain":0,"player_choice":"Fight","damage_taken":0,"max_hp_gain":0,"max_hp_loss":0,"event_name":"Mysterious Sphere","floor":40,"gold_loss":0}],"is_beta":false,"boss_relics":[{"not_picked":["Tiny House","Runic Pyramid"],"picked":"Black Star"},{"not_picked":["Velvet Choker","Philosopher\u0027s Stone"],"picked":"Calling Bell"}],"items_purged_floors":[21,25,38],"is_endless":false,"potions_floor_spawned":[2,11,15,19,32,33,39,42,45],"ascension_level":0}}