{"host":"ow66nzv2xecjoor3","time":1610425310,"event":{"mods":["BaseMod","Bestiary","Block Reminder","Colored Powertips","Curses Come First","Highlight Path","Keyboard Shortcuts","Minty Spire (QoL Compilation)","Permanent Neow","Relic Stats","StSLib","UnlockEverythingMod"],"gold_per_floor":[113,127,137,156,166,196,196,221,221,249,269,295,60,79,79,156,156,166,166,185,304,320,320,347,347,347,367,377,412,423,484,484,484,484],"floor_reached":33,"playtime":1828,"items_purged":[],"score":750,"play_id":"eed0bcf0-e8bb-49b9-b5c3-fee97da42176","local_time":"20210111222150","is_ascension_mode":true,"campfire_choices":[{"data":"CrushJoints","floor":7.0,"key":"SMITH"},{"data":"Wallop","floor":15.0,"key":"SMITH"},{"floor":23.0,"key":"REST"},{"floor":25.0,"key":"REST"},{"floor":32.0,"key":"REST"}],"circlet_count":0,"master_deck":["AscendersBane","Strike_P","Strike_P","Strike_P","Strike_P","Defend_P","Defend_P","Defend_P","Defend_P","Eruption","Vigilance","Vault","CrushJoints+1","WheelKick","CutThroughFate","Tantrum","Omniscience","Adaptation","DeceiveReality","LikeWater","Meditate","Wallop+1","Wish","WheelKick","SashWhip+1","Meditate","Evaluate+1","Indignation+1","Wallop"],"relics":["PureWater","StoneCalendar","Calipers","Pen Nib","Oddly Smooth Stone","Sundial","Strange Spoon","Fusion Hammer","Anchor","Nunchaku"],"acts_visited":["Exordium","TheCity"],"potions_floor_usage":[33],"damage_taken":[{"damage":0.0,"enemies":"Cultist","floor":1.0,"turns":3.0},{"damage":0.0,"enemies":"Jaw Worm","floor":2.0,"turns":3.0},{"damage":0.0,"enemies":"2 Louse","floor":3.0,"turns":2.0},{"damage":8.0,"enemies":"Looter","floor":4.0,"turns":4.0},{"damage":0.0,"enemies":"Gremlin Gang","floor":5.0,"turns":4.0},{"damage":14.0,"enemies":"Gremlin Nob","floor":6.0,"turns":3.0},{"damage":0.0,"enemies":"Lagavulin","floor":8.0,"turns":3.0},{"damage":8.0,"enemies":"3 Sentries","floor":10.0,"turns":7.0},{"damage":0.0,"enemies":"3 Louse","floor":11.0,"turns":3.0},{"damage":0.0,"enemies":"Lagavulin","floor":12.0,"turns":6.0},{"damage":0.0,"enemies":"Blue Slaver","floor":14.0,"turns":3.0},{"damage":26.0,"enemies":"Hexaghost","floor":16.0,"turns":7.0},{"damage":0.0,"enemies":"Spheric Guardian","floor":18.0,"turns":4.0},{"damage":5.0,"enemies":"3 Byrds","floor":20.0,"turns":7.0},{"damage":7.0,"enemies":"Cultist and Chosen","floor":21.0,"turns":12.0},{"damage":10.0,"enemies":"3 Cultists","floor":22.0,"turns":5.0},{"damage":16.0,"enemies":"Gremlin Leader","floor":24.0,"turns":7.0},{"damage":7.0,"enemies":"Sentry and Sphere","floor":27.0,"turns":6.0},{"damage":0.0,"enemies":"Snake Plant","floor":28.0,"turns":6.0},{"damage":7.0,"enemies":"Book of Stabbing","floor":29.0,"turns":3.0},{"damage":7.0,"enemies":"Shelled Parasite and Fungi","floor":30.0,"turns":7.0},{"damage":0.0,"enemies":"Cultist and Chosen","floor":31.0,"turns":3.0},{"damage":46,"enemies":"Automaton","floor":33,"turns":8}],"seed_played":"3170639476682984948","potions_obtained":[{"floor":2.0,"key":"Ancient Potion"},{"floor":6.0,"key":"LiquidBronze"},{"floor":14.0,"key":"FearPotion"},{"floor":16.0,"key":"EntropicBrew"},{"floor":28.0,"key":"Ambrosia"},{"floor":29.0,"key":"BottledMiracle"}],"is_trial":false,"path_per_floor":["M","M","M","M","M","E","R","E","T","E","M","E","$","M","R","B",null,"M","?","M","M","M","R","E","R","T","M","M","E","M","M","R","B"],"character_chosen":"WATCHER","items_purchased":["Wallop","Strange Spoon"],"campfire_rested":3,"item_purchase_floors":[13,13],"current_hp_per_floor":[61,61,61,53,53,39,39,39,39,31,31,31,31,31,31,5,52,52,42,37,30,20,40,24,44,44,37,37,30,23,23,43,0,0],"gold":484,"neow_bonus":"ONE_RANDOM_RARE_CARD","is_daily":false,"chose_seed":false,"campfire_upgraded":2,"win_rate":0.0,"timestamp":1610425310,"path_taken":["M","M","M","M","M","E","R","E","T","E","M","E","$","?","R","BOSS","M","?","M","M","M","R","E","R","T","M","M","E","?","?","R","BOSS"],"items_purchased_type":["Card","Relic"],"build_version":"2020-12-22","purchased_purges":0,"victory":false,"max_hp_per_floor":[68,68,68,68,68,68,68,68,68,68,68,68,68,68,68,68,68,68,68,68,68,68,68,68,68,68,68,68,68,68,68,68,68,68],"relic_stats":{"Strange Spoon":[28],"Nunchaku":[2],"counters":[23,116],"Sundial":[8],"StoneCalendar":[278],"Pen Nib":[12],"obtain_stats":[{"Strange Spoon":13,"Anchor":24,"Nunchaku":29,"Calipers":8,"Sundial":12,"Oddly Smooth Stone":10,"StoneCalendar":6,"Pen Nib":9,"Fusion Hammer":17,"PureWater":0},{"Strange Spoon":10,"Anchor":17,"Nunchaku":20,"Calipers":7,"Sundial":10,"Oddly Smooth Stone":8,"StoneCalendar":6,"Pen Nib":7,"Fusion Hammer":12,"PureWater":0},{"Strange Spoon":38,"Anchor":83,"Nunchaku":98,"Calipers":22,"Sundial":38,"Oddly Smooth Stone":29,"StoneCalendar":19,"Pen Nib":22,"Fusion Hammer":48,"PureWater":0}]},"card_choices":[{"not_picked":["Prostrate","SashWhip"],"picked":"CrushJoints","floor":1.0},{"not_picked":["CrushJoints","ThirdEye"],"picked":"WheelKick","floor":2.0},{"not_picked":["PathToVictory","CrushJoints"],"picked":"CutThroughFate","floor":3.0},{"not_picked":["Prostrate","Crescendo"],"picked":"Tantrum","floor":4.0},{"not_picked":["Protect","Indignation"],"picked":"Omniscience","floor":5.0},{"not_picked":["Halt","WaveOfTheHand"],"picked":"Adaptation","floor":6.0},{"not_picked":["ReachHeaven","CarveReality"],"picked":"DeceiveReality","floor":8.0},{"not_picked":["JustLucky","ForeignInfluence"],"picked":"LikeWater","floor":10.0},{"not_picked":["FlurryOfBlows","Consecrate"],"picked":"Meditate","floor":11.0},{"not_picked":["Halt","Prostrate","Weave"],"picked":"SKIP","floor":12.0},{"not_picked":["Indignation","WreathOfFlame","Nirvana"],"picked":"SKIP","floor":14.0},{"not_picked":["DeusExMachina","Scrawl"],"picked":"Wish","floor":16.0},{"not_picked":["EmptyBody","Pray"],"picked":"WheelKick","floor":18.0},{"not_picked":["ThirdEye","Nirvana","BowlingBash+1"],"picked":"SKIP","floor":20.0},{"not_picked":["Weave","CutThroughFate"],"picked":"SashWhip+1","floor":21.0},{"not_picked":["Judgement","Prostrate","CutThroughFate"],"picked":"SKIP","floor":22.0},{"not_picked":["Protect","Pray"],"picked":"Meditate","floor":24.0},{"not_picked":["SignatureMove","Tantrum"],"picked":"Evaluate+1","floor":27.0},{"not_picked":["JustLucky","DeceiveReality"],"picked":"Indignation+1","floor":28.0},{"not_picked":["ThirdEye","Collect"],"picked":"Wallop","floor":29.0},{"not_picked":["Perseverance","Protect","WreathOfFlame"],"picked":"SKIP","floor":30.0},{"not_picked":["ClearTheMind","Crescendo","CutThroughFate"],"picked":"SKIP","floor":31.0}],"player_experience":2695036,"relics_obtained":[{"floor":6.0,"key":"StoneCalendar"},{"floor":8.0,"key":"Calipers"},{"floor":9.0,"key":"Pen Nib"},{"floor":10.0,"key":"Oddly Smooth Stone"},{"floor":12.0,"key":"Sundial"},{"floor":24.0,"key":"Anchor"},{"floor":29.0,"key":"Nunchaku"}],"event_choices":[{"damage_healed":0.0,"max_hp_gain":0.0,"max_hp_loss":0.0,"gold_gain":0.0,"event_name":"Wheel of Change","player_choice":"Damaged","floor":19.0,"gold_loss":0.0,"damage_taken":10.0}],"is_beta":false,"boss_relics":[{"not_picked":["Pandora\u0027s Box","Calling Bell"],"picked":"Fusion Hammer"}],"items_purged_floors":[],"is_endless":false,"potions_floor_spawned":[2,6,12,14,16,18,20,28,29,30],"killed_by":"Automaton","ascension_level":20}}