{"host":"c3lc60y5x60jlt1y","time":1610447944,"event":{"mods":["AchievementEnabler","BaseMod","Bestiary","Colored Map","Minty Spire (QoL Compilation)","Quick Restart","StSLib","ojb\u0027s Info Mod"],"gold_per_floor":[16,16,16,16,27,62,62,95,107,44,63,83,83,83,83,178,228,240,258,258,258,308,325,325,357,357,384,401,401,419,444,444,547,547,564,308,319,366,366,366],"floor_reached":39,"playtime":51047,"items_purged":["Regret","Strike_B"],"score":539,"play_id":"da1f19bc-2804-440c-8c58-101113959a32","local_time":"20210112123904","is_ascension_mode":true,"campfire_choices":[{"data":"Chill","floor":7,"key":"SMITH"},{"data":"Beam Cell","floor":13,"key":"SMITH"},{"data":"Tempest","floor":15,"key":"SMITH"},{"floor":29,"key":"REST"},{"data":"Defragment","floor":32,"key":"SMITH"}],"circlet_count":0,"master_deck":["Strike_B","Strike_B","Defend_B","Defend_B","Defend_B","Defend_B+1","Zap","Dualcast","Panache","Chill+1","Tempest+1","BootSequence","FTL+1","Loop","Doom and Gloom","Beam Cell+1","Thunder Strike","Lockon+1","Self Repair","Ball Lightning+1","Static Discharge+1","Machine Learning","Fusion","Fusion+1","Defragment+1","Fission","Force Field+1","Defragment","Loop+1"],"relics":["Cracked Core","Meat on the Bone","Ginger","MawBank","HornCleat","Question Card","Tiny House","Nilry\u0027s Codex","Darkstone Periapt","Ancient Tea Set","The Courier","Whetstone","Inserter","Runic Capacitor","Incense Burner"],"acts_visited":["Exordium","TheCity","TheBeyond"],"potions_floor_usage":[25,28,31,33,33,37,39],"damage_taken":[{"damage":7,"enemies":"Jaw Worm","floor":1,"turns":3},{"damage":10,"enemies":"Small Slimes","floor":5,"turns":3},{"damage":41,"enemies":"Gremlin Nob","floor":6,"turns":4},{"damage":22,"enemies":"3 Sentries","floor":8,"turns":7},{"damage":0,"enemies":"2 Louse","floor":11,"turns":2},{"damage":0,"enemies":"Red Slaver","floor":12,"turns":3},{"damage":24,"enemies":"Hexaghost","floor":16,"turns":8},{"damage":1,"enemies":"2 Thieves","floor":18,"turns":3},{"damage":0,"enemies":"Chosen","floor":19,"turns":4},{"damage":10,"enemies":"Snake Plant","floor":23,"turns":4},{"damage":20,"enemies":"Gremlin Leader","floor":25,"turns":5},{"damage":33,"enemies":"Slavers","floor":27,"turns":5},{"damage":26,"enemies":"3 Cultists","floor":28,"turns":5},{"damage":19,"enemies":"Centurion and Healer","floor":30,"turns":5},{"damage":36,"enemies":"Book of Stabbing","floor":31,"turns":5},{"damage":31,"enemies":"Champ","floor":33,"turns":8},{"damage":33,"enemies":"3 Shapes","floor":35,"turns":6},{"damage":31,"enemies":"Orb Walker","floor":37,"turns":5},{"damage":43,"enemies":"2 Orb Walkers","floor":38,"turns":4},{"damage":33,"enemies":"Spire Growth","floor":39,"turns":3}],"seed_played":"6176072229877607648","potions_obtained":[{"floor":5,"key":"Strength Potion"},{"floor":6,"key":"FearPotion"},{"floor":17,"key":"Fruit Juice"},{"floor":27,"key":"SkillPotion"},{"floor":30,"key":"SpeedPotion"},{"floor":31,"key":"BlessingOfTheForge"},{"floor":33,"key":"Weak Potion"},{"floor":37,"key":"Energy Potion"}],"is_trial":false,"path_per_floor":["M","?","?","$","M","E","R","E","T","$","M","M","R","T","R","B",null,"M","M","?","?","?","M","?","E","T","E","M","R","M","E","R","B",null,"M","$","M","?","M"],"character_chosen":"DEFECT","items_purchased":["Runic Capacitor","Defragment"],"campfire_rested":1,"item_purchase_floors":[36,36],"current_hp_per_floor":[68,68,68,68,58,29,29,19,19,19,31,43,43,43,43,31,80,79,80,64,64,64,54,39,43,43,29,22,49,49,32,32,13,90,57,57,45,21,0,0],"gold":366,"neow_bonus":"RANDOM_COLORLESS_2","is_daily":false,"chose_seed":false,"campfire_upgraded":4,"win_rate":0.0,"timestamp":1610447944,"path_taken":["M","?","?","$","M","E","R","E","T","$","M","M","R","?","R","BOSS","M","M","?","?","?","?","?","E","T","E","M","R","M","E","R","BOSS","M","$","M","?","M"],"items_purchased_type":["Relic","Card"],"build_version":"2020-12-22","purchased_purges":2,"victory":false,"max_hp_per_floor":[75,75,75,75,75,75,75,75,75,75,75,75,75,75,75,75,80,80,80,80,80,80,80,85,90,90,90,90,90,90,90,90,90,90,90,90,90,90,90,90],"card_choices":[{"not_picked":["Magnetism","Secret Technique"],"picked":"Panache","floor":0},{"not_picked":["Rebound","Blizzard"],"picked":"Chill","floor":1},{"not_picked":["Leap","Ball Lightning"],"picked":"BootSequence","floor":5},{"not_picked":["Ball Lightning","Gash"],"picked":"FTL","floor":6},{"not_picked":["Coolheaded","Stack"],"picked":"Loop","floor":8},{"not_picked":["Gash","Rip and Tear"],"picked":"Doom and Gloom","floor":11},{"not_picked":["Cold Snap","Sweeping Beam"],"picked":"Beam Cell","floor":12},{"not_picked":["Core Surge","Hyperbeam","Multi-Cast"],"picked":"Thunder Strike","floor":16},{"not_picked":["Streamline","Turbo","Sweeping Beam"],"picked":"Lockon","floor":17},{"not_picked":["Steam","Barrage","Scrape+1"],"picked":"Self Repair","floor":18},{"not_picked":["Conserve Battery","Cold Snap","Beam Cell"],"picked":"Ball Lightning+1","floor":19},{"not_picked":["Sweeping Beam","Leap","Ball Lightning"],"picked":"Static Discharge+1","floor":23},{"not_picked":["Sunder","Coolheaded","Genetic Algorithm"],"picked":"Machine Learning","floor":25},{"not_picked":["Melter","Compile Driver","Cold Snap"],"picked":"Fusion","floor":27},{"not_picked":["Consume","FTL","Barrage"],"picked":"Fusion+1","floor":28},{"not_picked":["Recycle","Streamline","FTL","Cold Snap"],"picked":"SKIP","floor":30},{"not_picked":["Storm","Ball Lightning","Steam+1"],"picked":"Defragment","floor":31},{"not_picked":["Core Surge","All For One","Creative AI"],"picked":"Fission","floor":33},{"not_picked":["Streamline","Cold Snap","Beam Cell"],"picked":"Force Field+1","floor":35},{"not_picked":["Compile Driver","Beam Cell","Go for the Eyes","Sweeping Beam"],"picked":"SKIP","floor":37},{"not_picked":["Self Repair","Cold Snap+1","Fusion+1"],"picked":"Loop+1","floor":38}],"player_experience":7869543,"relics_obtained":[{"floor":6,"key":"Ginger"},{"floor":8,"key":"MawBank"},{"floor":9,"key":"HornCleat"},{"floor":14,"key":"Question Card"},{"floor":20,"key":"Nilry\u0027s Codex"},{"floor":25,"key":"Darkstone Periapt"},{"floor":26,"key":"Ancient Tea Set"},{"floor":27,"key":"The Courier"},{"floor":31,"key":"Whetstone"},{"floor":38,"key":"Incense Burner"}],"event_choices":[{"damage_healed":0,"gold_gain":0,"cards_transformed":["Strike_B"],"player_choice":"Change","damage_taken":0,"max_hp_gain":0,"max_hp_loss":0,"event_name":"Living Wall","floor":2,"gold_loss":0,"cards_obtained":["Tempest"]},{"damage_healed":0,"gold_gain":0,"player_choice":"Box","damage_taken":0,"relics_obtained":["Meat on the Bone"],"max_hp_gain":0,"max_hp_loss":0,"event_name":"Big Fish","floor":3,"gold_loss":0,"cards_obtained":["Regret"]},{"damage_healed":0,"gold_gain":0,"player_choice":"Obtained Book","damage_taken":16,"max_hp_gain":0,"max_hp_loss":0,"event_name":"Cursed Tome","floor":20,"gold_loss":0},{"damage_healed":0,"gold_gain":0,"player_choice":"Ignored","damage_taken":0,"max_hp_gain":0,"max_hp_loss":0,"event_name":"The Mausoleum","floor":21,"gold_loss":0},{"damage_healed":0,"gold_gain":100,"player_choice":"Bet on Murderer","damage_taken":0,"max_hp_gain":0,"max_hp_loss":0,"event_name":"The Joust","floor":22,"gold_loss":50},{"damage_healed":0,"gold_gain":0,"player_choice":"Shed Blood","damage_taken":20,"max_hp_gain":5,"max_hp_loss":0,"event_name":"Forgotten Altar","floor":24,"gold_loss":0},{"damage_healed":0,"gold_gain":0,"player_choice":"Fight","damage_taken":0,"max_hp_gain":0,"max_hp_loss":0,"event_name":"Mysterious Sphere","floor":38,"gold_loss":0}],"is_beta":false,"boss_relics":[{"not_picked":["Snecko Eye","Runic Dome"],"picked":"Tiny House"},{"not_picked":["Runic Pyramid","SacredBark"],"picked":"Inserter"}],"items_purged_floors":[10,36],"is_endless":false,"potions_floor_spawned":[5,6,27,30,31,33,37],"killed_by":"Spire Growth","ascension_level":3}}