{"host":"5rhdqk7nbnm087ui","time":1610453711,"event":{"mods":["AchievementEnabler","Act Like it!","BaseMod","Downfall","HololiveMod","Minty Spire (QoL Compilation)","Replay The Spire","Spicy Shops","StSLib","[IsaacMod]ÒÔÈö¼âËþ","¡¾ÒÅÎï¿¨ÅÆ¡¿REMEMod"],"gold_per_floor":[82,95,112,131,131,176,7,19,44,44,64,64,64,82,82,216,216,234,306,306,333,74,116,116,167,192,219,235,281,143,166,166,294,294,343,343,419,143,196,238,238,270,293,293,293,293,29,63,63,69],"floor_reached":51,"playtime":3162,"items_purged":[],"score":1512,"play_id":"da763bee-b049-42f7-abeb-db83a4fe65ea","local_time":"20210112201511","is_ascension_mode":true,"campfire_choices":[{"data":"Hololive_OvertimeWork","floor":10,"key":"SMITH"},{"floor":15,"key":"DIG"},{"data":"Hololive_CallTokinoSora","floor":24,"key":"SMITH"},{"data":"Hololive_CallManoAloe","floor":32,"key":"SMITH"},{"data":"Hololive_DDD","floor":41,"key":"SMITH"},{"data":"Hololive_CallMinatoAqua","floor":46,"key":"SMITH"},{"data":"Hololive_CallHoshimachiSuisei","floor":49,"key":"SMITH"}],"circlet_count":0,"master_deck":["Hololive_Strike+1","Hololive_Defend","Hololive_Defend","Hololive_DevilCharm","Hololive_CallTokinoSora+1","Hololive_CallFriendA","Hololive_CallUruhaRushia","Hololive_CallFriendA","Hololive_CallHimemoriLuna","Apotheosis","Hololive_CallInugamiKorone","Hololive_CallYukihanaLamy","Hololive_CallMoonaHoshinova","Hololive_LuckPotion","Hololive_CallSpadeEcho+1","Hololive_AWSL","Hololive_CallHoshimachiSuisei+1","Hololive_CallAkaiHaato","Hololive_CallManoAloe+1","Hololive_FlyingPonyTail","Hololive_OvertimeWork+1","Hololive_CallAyundaRisu","Hololive_CallRosalyn","Hololive_Thief","Hololive_CallNekomataOkayu","Hololive_OvertimeWork+1","Hololive_CallArtia","Hololive_Rebound+1","Hololive_CallShishiroBotan","Hololive_CallSpadeEcho+1","Hololive_CallMomosuzuNene+5","Hololive_OvertimeWork","Hololive_LuckPotion+1","Hololive_CallUsadaPekora","Hololive_RevenueBasedLive","Hololive_CallDoris","Hololive_DDD+1","Hololive_CallTsunomakiWatame","Hololive_FlyingPonyTail+1","Hololive_FlyingPonyTail+1","Hololive_CallMinatoAqua+1","Hololive_LuckPotion+1","Hololive_CallOmaruPolka","Hololive_FlyingPonyTail","Replay:Bootleg Shield Generator","Replay:SS_hec_2+1","Hololive_LuckPotion","Hololive_LuckPotion","Hololive_Rebound+1"],"relics":["Hololive_TheStar","REME_ComplimentaryCards","HushsDoor","GnawedLeaf","Diplopia","Orrery","Bag of Preparation","Golden Idol","REME_DuelDisc","NineLifeCat","Replay:Rubber Ducky","Dead Branch","Omamori","ReplayTheSpireMod:Lightbulb","Gremlin Food","Replay:Bronze Core","Girya","SteamSale","Blue Doll","ReplayTheSpireMod:CursedCoin","REME_OnlineShoppingPlatform","Leech","Lee\u0027s Waffle","Pet Ghost","Whetstone"],"acts_visited":["Exordium","TheCity","TheBeyond"],"potions_floor_usage":[25,50],"damage_taken":[{"damage":0,"enemies":"Jaw Worm","floor":1,"turns":5},{"damage":0,"enemies":"Small Slimes","floor":2,"turns":8},{"damage":0,"enemies":"Cultist","floor":3,"turns":3},{"damage":3,"enemies":"Looter","floor":4,"turns":4},{"damage":0,"enemies":"Lagavulin","floor":6,"turns":5},{"damage":0,"enemies":"Blue Slaver","floor":8,"turns":3},{"damage":0,"enemies":"3 Louse","floor":11,"turns":3},{"damage":0,"enemies":"2 Fungi Beasts","floor":14,"turns":3},{"damage":0,"enemies":"Fading Forest","floor":16,"turns":11},{"damage":0,"enemies":"Shell Parasite","floor":18,"turns":3},{"damage":0,"enemies":"Chosen","floor":21,"turns":3},{"damage":0,"enemies":"Replay:Snechameleon","floor":23,"turns":5},{"damage":4,"enemies":"Gremlin Leader","floor":25,"turns":9},{"damage":0,"enemies":"Snake Plant","floor":27,"turns":3},{"damage":0,"enemies":"Centurion and Healer","floor":28,"turns":5},{"damage":0,"enemies":"Book of Stabbing","floor":29,"turns":3},{"damage":0,"enemies":"Snecko","floor":31,"turns":2},{"damage":0,"enemies":"Champ","floor":33,"turns":7},{"damage":0,"enemies":"Orb Walker","floor":35,"turns":2},{"damage":0,"enemies":"Mind Bloom Boss Battle","floor":37,"turns":2},{"damage":0,"enemies":"3 Shapes","floor":40,"turns":3},{"damage":0,"enemies":"Transient","floor":48,"turns":5},{"damage":0,"enemies":"Awakened One","floor":50,"turns":7}],"seed_played":"-3503844273844618743","potions_obtained":[{"floor":3,"key":"Strength Potion"},{"floor":6,"key":"Swift Potion"},{"floor":8,"key":"BlessingOfTheForge"},{"floor":23,"key":"Swift Potion"},{"floor":27,"key":"Strength Potion"}],"is_trial":false,"path_per_floor":["M","M","M","M","?","E","$","M","T","R","M","?","?","M","R","B",null,"M","?","?","M","$","E","R","E","T","M","M","E","$","M","R","B",null,"M","?","?","$","?","M","R","$","T","?","?","R","$","M","R","B",null],"character_chosen":"Hololive_HololiveCharacter","items_purchased":["Orrery","Hololive_FlyingPonyTail","NineLifeCat","Replay:Rubber Ducky","Hololive_CallArtia","Hololive_Rebound+1","Hololive_CallUsadaPekora","Hololive_RevenueBasedLive","Hololive_CallTsunomakiWatame","SteamSale","Blue Doll","Hololive_CallMinatoAqua","Hololive_CallOmaruPolka","ReplayTheSpireMod:CursedCoin","Hololive_FlyingPonyTail","REME_OnlineShoppingPlatform","Lee\u0027s Waffle","Replay:SS_hec_2+1","Pet Ghost","Whetstone","Hololive_LuckPotion"],"campfire_rested":0,"item_purchase_floors":[7,7,17,22,22,22,30,30,34,38,38,38,42,42,42,42,47,47,47,47,47],"current_hp_per_floor":[35,35,35,32,32,32,32,33,33,33,34,34,24,25,25,42,8,9,9,9,10,10,11,11,8,8,9,10,11,11,12,12,13,15,16,16,17,17,2,3,3,3,3,3,3,3,25,26,26,27],"gold":69,"neow_bonus":"TEN_PERCENT_HP_BONUS","is_daily":false,"chose_seed":false,"campfire_upgraded":6,"win_rate":0.0,"timestamp":1610453711,"path_taken":["M","M","M","M","?","E","$","M","T","R","?","?","?","?","R","BOSS","M","?","?","M","$","E","R","E","T","M","M","E","$","M","R","BOSS","M","?","?","$","?","?","R","$","T","?","?","R","?","M","R","BOSS"],"items_purchased_type":["Relic","Card","Relic","Relic","Card","Card","Card","Card","Card","Relic","Relic","Card","Card","Relic","Card","Relic","Relic","Card","Relic","Relic","Card"],"build_version":"2020-12-22","purchased_purges":0,"victory":true,"max_hp_per_floor":[38,38,38,38,38,38,38,39,39,39,40,40,40,41,41,42,8,9,9,9,10,10,11,11,12,12,13,14,15,15,16,16,17,15,16,16,17,17,17,18,18,18,18,18,18,18,25,26,26,27],"card_choices":[{"not_picked":["Hololive_HuntDinosaur","Hololive_Breathe","Hololive_OvertimeWork"],"picked":"Hololive_CallInugamiKorone","floor":1},{"not_picked":["Hololive_WolfAndLamb","Hololive_FlyingPonyTail","Hololive_CallCivia"],"picked":"Hololive_CallYukihanaLamy","floor":2},{"not_picked":["Hololive_RevenueBasedLive","Hololive_StrengthChampion","Hololive_CallShiranuiFlare"],"picked":"Hololive_CallMoonaHoshinova","floor":3},{"not_picked":["Hololive_Breathe","Hololive_Trident","Hololive_Psychosis"],"picked":"Hololive_LuckPotion","floor":4},{"not_picked":["Hololive_WolfAndLamb","Bomb","Hololive_CallTsunomakiWatame"],"picked":"Hololive_CallSpadeEcho","floor":6},{"not_picked":["Hololive_RevenueBasedLive","Hololive_FlyingPonyTail","Hololive_SummonFox"],"picked":"Hololive_AWSL","floor":7},{"not_picked":["Hololive_LuckPotion","Bomb","Hololive_Sequa"],"picked":"Hololive_CallHoshimachiSuisei","floor":7},{"not_picked":["Hololive_Psychosis","Hololive_CallRosalyn","Hololive_CallHimemoriLuna"],"picked":"Hololive_CallAkaiHaato","floor":7},{"not_picked":["Hololive_CallInugamiKorone","Hololive_CandyCastle","Hololive_Recruit"],"picked":"Hololive_CallManoAloe","floor":7},{"not_picked":["Bomb","Hololive_CallUruhaRushia","Hololive_CocoNews"],"picked":"Hololive_OvertimeWork","floor":8},{"not_picked":["Hololive_Psychosis","Hololive_HuntDinosaur","Hololive_Rebound"],"picked":"Hololive_CallAyundaRisu","floor":11},{"not_picked":["Hololive_FlyingPonyTail","Hololive_StrengthChampion","Hololive_LuckPotion"],"picked":"Hololive_CallRosalyn","floor":14},{"not_picked":["Hololive_WolfAndLamb","Hololive_FlareMind","Hololive_ScarfAndHalo"],"picked":"Hololive_Thief","floor":16},{"not_picked":["Hololive_StrengthChampion+1","Hololive_FlyingPonyTail","Hololive_SummonFox"],"picked":"Hololive_CallNekomataOkayu","floor":18},{"not_picked":["Hololive_Trident","Hololive_Psychosis","Hololive_Sequa"],"picked":"Hololive_OvertimeWork","floor":21},{"not_picked":["Hololive_CallYukihanaLamy+1","Hololive_Trident","Hololive_Drill+1"],"picked":"Hololive_CallShishiroBotan","floor":23},{"not_picked":["Hololive_CallNekomataOkayu","Hololive_StrengthChampion+1","Hololive_DDD"],"picked":"Hololive_CallSpadeEcho+1","floor":25},{"not_picked":["Hololive_CocoNews","Hololive_LuckPotion","Hololive_StrengthChampion"],"picked":"Hololive_CallMomosuzuNene","floor":27},{"not_picked":["Hololive_Psychosis","Hololive_Trident+1","Hololive_Breathe"],"picked":"Hololive_OvertimeWork","floor":28},{"not_picked":["Hololive_Psychosis","Hololive_Breathe","Hololive_Trident+1"],"picked":"Hololive_LuckPotion+1","floor":29},{"not_picked":["Hololive_CallArtia","Hololive_FlyingPonyTail","Hololive_Drill+1"],"picked":"Hololive_CallDoris","floor":31},{"not_picked":["Hololive_MaximGun","Hololive_AWSL","Hololive_DiamondStrike"],"picked":"Hololive_DDD","floor":33},{"not_picked":["Hololive_Psychosis","Hololive_Breathe+1","Hololive_Trident+1"],"picked":"Hololive_FlyingPonyTail+1","floor":35},{"not_picked":["Hololive_CocoNews","Hololive_Breathe+1","Hololive_Drill"],"picked":"Hololive_FlyingPonyTail+1","floor":37},{"not_picked":["Hololive_CallHoshimachiSuisei+1","Hololive_CallFriendA+1","Hololive_CocoNews"],"picked":"Hololive_LuckPotion+1","floor":40},{"not_picked":["Secret Technique","expansioncontent:AwakenDeath","expansioncontent:GoopSpray"],"picked":"Replay:Bootleg Shield Generator","floor":44},{"not_picked":["Hololive_HuntDinosaur","Hololive_Psychosis","Hololive_ILoveYou"],"picked":"Hololive_Rebound+1","floor":48}],"player_experience":127479,"relics_obtained":[{"floor":6,"key":"Diplopia"},{"floor":9,"key":"Bag of Preparation"},{"floor":23,"key":"Dead Branch"},{"floor":25,"key":"Omamori"},{"floor":26,"key":"ReplayTheSpireMod:Lightbulb"},{"floor":29,"key":"Gremlin Food"},{"floor":37,"key":"Girya"},{"floor":43,"key":"Leech"}],"event_choices":[{"damage_healed":0,"gold_gain":0,"player_choice":"Grow","damage_taken":0,"max_hp_gain":0,"max_hp_loss":0,"event_name":"Living Wall","floor":12,"gold_loss":0,"cards_upgraded":["Hololive_CallSpadeEcho"]},{"damage_healed":0,"gold_gain":0,"player_choice":"Take Damage","damage_taken":10,"relics_obtained":["Golden Idol"],"max_hp_gain":0,"max_hp_loss":0,"event_name":"Golden Idol","floor":13,"gold_loss":0},{"damage_healed":0,"gold_gain":0,"player_choice":"Ignored","damage_taken":0,"max_hp_gain":0,"max_hp_loss":0,"event_name":"Cursed Tome","floor":20,"gold_loss":0},{"cards_removed":["Hololive_Strike"],"damage_healed":0,"gold_gain":0,"player_choice":"Removed Attack","damage_taken":0,"max_hp_gain":0,"max_hp_loss":0,"event_name":"Falling","floor":36,"gold_loss":0},{"damage_healed":0,"gold_gain":0,"player_choice":"Fight","damage_taken":0,"max_hp_gain":0,"max_hp_loss":0,"event_name":"MindBloom","floor":37,"gold_loss":0},{"damage_healed":0,"gold_gain":0,"player_choice":"Memory 1","damage_taken":0,"max_hp_gain":0,"max_hp_loss":0,"event_name":"SensoryStone","floor":44,"gold_loss":0},{"damage_healed":0,"gold_gain":0,"player_choice":"Ignored","damage_taken":0,"max_hp_gain":0,"max_hp_loss":0,"event_name":"Tomb of Lord Red Mask","floor":45,"gold_loss":0}],"is_beta":false,"boss_relics":[{"not_picked":["Velvet Choker","Busted Crown"],"picked":"REME_DuelDisc"},{"not_picked":[]},{"not_picked":["Cursed Key","Fusion Hammer"],"picked":"Replay:Bronze Core"},{"not_picked":[]}],"items_purged_floors":[],"is_endless":false,"potions_floor_spawned":[3,6,8,11,23,27,29,31,37,48],"ascension_level":8}}