{"host":"w9yruvs4bqht6bhw","time":1610495803,"event":{"mods":["BaseMod","Colored Powertips","Minty Spire (QoL Compilation)"],"gold_per_floor":[116,116,132,148,33,33,33,108,133,133,144,170,170,188,188,188,188],"floor_reached":16,"language":"ENG","playtime":368,"items_purged":["Parasite"],"score":145,"play_id":"81823149-4500-45b5-ac42-91d2422ffb44","local_time":"20210112185643","is_ascension_mode":true,"campfire_choices":[{"data":"Spot Weakness","floor":6,"key":"SMITH"},{"floor":15,"key":"REST"}],"circlet_count":0,"master_deck":["Strike_R","Strike_R","Strike_R+1","Strike_R","Strike_R","Defend_R+1","Defend_R","Defend_R","Defend_R","Bash","Immolate","Sentinel","Armaments","Spot Weakness+1","Pommel Strike","Seeing Red","Shrug It Off"],"relics":["Burning Blood","Vajra","Strawberry","Anchor","Golden Idol"],"acts_visited":["Exordium"],"potions_floor_usage":[12,12],"damage_taken":[{"damage":0,"enemies":"Small Slimes","floor":1,"turns":2},{"damage":0,"enemies":"2 Louse","floor":3,"turns":2},{"damage":2,"enemies":"Jaw Worm","floor":4,"turns":3},{"damage":15,"enemies":"Looter","floor":11,"turns":4},{"damage":2,"enemies":"3 Sentries","floor":12,"turns":3},{"damage":6,"enemies":"3 Louse","floor":14,"turns":3},{"damage":75,"enemies":"Hexaghost","floor":16,"turns":12}],"seed_played":"3823662741439574309","potions_obtained":[{"floor":4,"key":"ColorlessPotion"},{"floor":11,"key":"PowerPotion"}],"is_trial":false,"path_per_floor":["M","?","M","M","$","R","?","?","T","?","M","E","?","M","R","B"],"character_chosen":"IRONCLAD","items_purchased":["Spot Weakness"],"campfire_rested":1,"item_purchase_floors":[5],"current_hp_per_floor":[78,62,68,72,72,72,72,61,61,50,41,45,45,45,68,0,0],"gold":188,"neow_bonus":"THREE_RARE_CARDS","is_daily":false,"chose_seed":false,"campfire_upgraded":1,"win_rate":0.0,"timestamp":1610495803,"path_taken":["M","?","M","M","$","R","?","?","T","?","?","E","?","M","R","BOSS"],"items_purchased_type":["Card"],"build_version":"2020-12-22","purchased_purges":1,"victory":false,"max_hp_per_floor":[80,80,80,80,77,77,77,77,77,84,84,84,78,78,78,78,78],"card_choices":[{"not_picked":["Reaper","Corruption"],"picked":"Immolate","floor":0},{"not_picked":["Havoc","Sentinel","Dropkick"],"picked":"SKIP","floor":1},{"not_picked":["Rage","Wild Strike"],"picked":"Sentinel","floor":3},{"not_picked":["Flex","Pommel Strike"],"picked":"Armaments","floor":4},{"not_picked":["Havoc","Reckless Charge"],"picked":"Pommel Strike","floor":11},{"not_picked":["Sever Soul","Hemokinesis"],"picked":"Seeing Red","floor":12},{"not_picked":["Clothesline","Blood for Blood"],"picked":"Shrug It Off","floor":14}],"player_experience":393982,"relics_obtained":[{"floor":9,"key":"Vajra"},{"floor":12,"key":"Anchor"}],"event_choices":[{"damage_healed":0,"gold_gain":0,"player_choice":"Entered Light","damage_taken":16,"max_hp_gain":0,"max_hp_loss":0,"event_name":"Shining Light","floor":2,"gold_loss":0,"cards_upgraded":["Defend_R","Strike_R"]},{"damage_healed":0,"gold_gain":0,"player_choice":"Ignored","damage_taken":0,"max_hp_gain":0,"max_hp_loss":0,"event_name":"Liars Game","floor":7,"gold_loss":0},{"damage_healed":0,"gold_gain":75,"player_choice":"Gather Gold","damage_taken":11,"max_hp_gain":0,"max_hp_loss":0,"event_name":"World of Goop","floor":8,"gold_loss":0},{"damage_healed":0,"gold_gain":0,"player_choice":"Success","damage_taken":18,"relics_obtained":["Strawberry"],"max_hp_gain":0,"max_hp_loss":0,"event_name":"Scrap Ooze","floor":10,"gold_loss":0},{"damage_healed":0,"gold_gain":0,"player_choice":"Lose Max HP","damage_taken":0,"relics_obtained":["Golden Idol"],"max_hp_gain":0,"max_hp_loss":6,"event_name":"Golden Idol","floor":13,"gold_loss":0}],"is_beta":false,"boss_relics":[],"items_purged_floors":[5],"is_endless":false,"potions_floor_spawned":[4,11],"killed_by":"Hexaghost","ascension_level":9}}