{"host":"qgrlfjrqk9z96gfi","time":1610482720,"event":{"mods":["BaseMod","Block Reminder","Colored Map","DeckTracker","Minty Spire (QoL Compilation)"],"gold_per_floor":[110,58,58,73,87,120,120,134,159,159,173,31,71,71,71,71,71],"floor_reached":16,"language":"ENG","playtime":435,"items_purged":[],"score":224,"play_id":"05d297f2-98fa-4de8-94a0-cab3e3d1c921","local_time":"20210112101840","is_ascension_mode":true,"campfire_choices":[{"floor":7,"key":"REST"},{"floor":15,"key":"REST"}],"circlet_count":0,"master_deck":["AscendersBane","Strike_G","Strike_G","Strike_G","Strike_G","Strike_G","Defend_G","Defend_G","Defend_G","Defend_G","Defend_G","Survivor","Neutralize","Accuracy","Dagger Spray","Infinite Blades","Dagger Throw","Blade Dance","Predator","Noxious Fumes","Blade Dance","Dash"],"relics":["Philosopher\u0027s Stone","Golden Idol","PreservedInsect","Smiling Mask","Bronze Scales"],"acts_visited":["Exordium"],"potions_floor_usage":[6,11,13,14],"damage_taken":[{"damage":19,"enemies":"Jaw Worm","floor":1,"turns":7},{"damage":5,"enemies":"2 Louse","floor":4,"turns":3},{"damage":4,"enemies":"Cultist","floor":5,"turns":4},{"damage":27,"enemies":"3 Sentries","floor":6,"turns":6},{"damage":2,"enemies":"Looter","floor":8,"turns":3},{"damage":6,"enemies":"Large Slime","floor":11,"turns":2},{"damage":8,"enemies":"Lagavulin","floor":13,"turns":5},{"damage":0,"enemies":"2 Fungi Beasts","floor":14,"turns":1},{"damage":24,"enemies":"The Guardian","floor":16,"turns":8}],"seed_played":"8312627640061897996","potions_obtained":[{"floor":1,"key":"AttackPotion"},{"floor":4,"key":"SmokeBomb"},{"floor":6,"key":"CunningPotion"},{"floor":11,"key":"DuplicationPotion"}],"is_trial":false,"path_per_floor":["M","$","?","M","M","E","R","M","T","?","M","$","E","M","R","B"],"character_chosen":"THE_SILENT","items_purchased":["Dagger Spray","Blade Dance","Dash"],"campfire_rested":2,"item_purchase_floors":[2,12,12],"current_hp_per_floor":[40,40,40,35,31,4,22,20,20,20,14,14,6,6,24,0,0],"gold":71,"neow_bonus":"BOSS_RELIC","is_daily":false,"chose_seed":false,"campfire_upgraded":0,"win_rate":0.0,"timestamp":1610482720,"path_taken":["M","$","?","M","M","E","R","M","T","?","M","$","E","M","R","BOSS"],"items_purchased_type":["Card","Card","Card"],"build_version":"2020-12-22","purchased_purges":0,"victory":false,"max_hp_per_floor":[66,66,60,60,60,60,60,60,60,60,60,60,60,60,60,60,60],"card_choices":[{"not_picked":["Catalyst","Slice"],"picked":"Accuracy","floor":1},{"not_picked":["Deflect","Noxious Fumes"],"picked":"Infinite Blades","floor":4},{"not_picked":["Slice","Dagger Spray"],"picked":"Dagger Throw","floor":5},{"not_picked":["Flying Knee","Leg Sweep"],"picked":"Blade Dance","floor":6},{"not_picked":["Escape Plan","Bane"],"picked":"Predator","floor":8},{"not_picked":["Dodge and Roll","Quick Slash"],"picked":"Noxious Fumes","floor":11},{"not_picked":["Outmaneuver","Dodge and Roll","Deadly Poison"],"picked":"SKIP","floor":13}],"player_experience":1000081,"relics_obtained":[{"floor":6,"key":"PreservedInsect"},{"floor":9,"key":"Smiling Mask"},{"floor":13,"key":"Bronze Scales"}],"event_choices":[{"damage_healed":0,"gold_gain":0,"player_choice":"Lose Max HP","damage_taken":0,"relics_obtained":["Golden Idol"],"max_hp_gain":0,"max_hp_loss":6,"event_name":"Golden Idol","floor":3,"gold_loss":0},{"damage_healed":0,"gold_gain":0,"player_choice":"Fled","damage_taken":0,"max_hp_gain":0,"max_hp_loss":0,"event_name":"Scrap Ooze","floor":10,"gold_loss":0}],"is_beta":false,"boss_relics":[],"items_purged_floors":[],"is_endless":false,"potions_floor_spawned":[1,4,6,11],"killed_by":"The Guardian","ascension_level":20}}