{"host":"b995t17pt6d05w8c","time":1610480923,"event":{"mods":["AchievementEnabler","BaseMod","Colored Map","Minty Spire (QoL Compilation)","SuperFastMode"],"gold_per_floor":[119,135,146,161,161,161,179,192,192,192,192,72,106,35,35,124,124,145,161,161,260,285,285,116,90,90,128,128,146,165,189,189,280,280,293,293,25,40,54,54,72,108,108,11,31,31,50,75,75,75,75],"floor_reached":50,"language":"KOR","playtime":1635,"items_purged":["Strike_B","Strike_B","Strike_B"],"score":863,"play_id":"d978242d-88c2-4f62-99cf-97cde14c0d6b","local_time":"20210113044843","is_ascension_mode":true,"campfire_choices":[{"data":"Zap","floor":6.0,"key":"SMITH"},{"floor":10.0,"key":"REST"},{"data":"Hologram","floor":15.0,"key":"SMITH"},{"data":"Defragment","floor":23.0,"key":"SMITH"},{"data":"Defragment","floor":28.0,"key":"SMITH"},{"data":"Echo Form","floor":32.0,"key":"SMITH"},{"data":"Loop","floor":40.0,"key":"SMITH"},{"floor":49.0,"key":"REST"}],"circlet_count":0,"master_deck":["AscendersBane","Strike_B","Defend_B","Defend_B","Defend_B","Defend_B","Zap+1","Dualcast","Electrodynamics","Capacitor","Cold Snap","Hologram+1","BootSequence","Reboot","Self Repair","Ball Lightning","Echo Form+1","Glacier","Defragment+1","Sunder","Defragment+1","Compile Driver","Seek","Undo","Turbo","Loop+1","Double Energy+1"],"relics":["Cracked Core","Meat on the Bone","Golden Idol","Cables","Inserter","CaptainsWheel","Blue Candle","Nuclear Battery","OrangePellets","Ancient Tea Set","Letter Opener"],"acts_visited":["Exordium","TheCity","TheBeyond"],"potions_floor_usage":[50],"damage_taken":[{"damage":0.0,"enemies":"Cultist","floor":1.0,"turns":3.0},{"damage":18.0,"enemies":"Jaw Worm","floor":2.0,"turns":4.0},{"damage":7.0,"enemies":"2 Louse","floor":3.0,"turns":2.0},{"damage":10.0,"enemies":"Blue Slaver","floor":4.0,"turns":4.0},{"damage":5.0,"enemies":"2 Fungi Beasts","floor":7.0,"turns":3.0},{"damage":22.0,"enemies":"Exordium Thugs","floor":8.0,"turns":4.0},{"damage":6.0,"enemies":"Lagavulin","floor":13.0,"turns":7.0},{"damage":22.0,"enemies":"Hexaghost","floor":16.0,"turns":13.0},{"damage":10.0,"enemies":"Chosen","floor":18.0,"turns":5.0},{"damage":11.0,"enemies":"3 Byrds","floor":19.0,"turns":3.0},{"damage":21.0,"enemies":"Centurion and Healer","floor":22.0,"turns":7.0},{"damage":8.0,"enemies":"Book of Stabbing","floor":27.0,"turns":5.0},{"damage":19.0,"enemies":"Shelled Parasite and Fungi","floor":29.0,"turns":6.0},{"damage":0.0,"enemies":"3 Cultists","floor":30.0,"turns":5.0},{"damage":12.0,"enemies":"Cultist and Chosen","floor":31.0,"turns":6.0},{"damage":30.0,"enemies":"Champ","floor":33.0,"turns":10.0},{"damage":12.0,"enemies":"3 Shapes","floor":35.0,"turns":2.0},{"damage":0.0,"enemies":"Orb Walker","floor":38.0,"turns":5.0},{"damage":23.0,"enemies":"Jaw Worm Horde","floor":39.0,"turns":5.0},{"damage":10.0,"enemies":"Spire Growth","floor":41.0,"turns":6.0},{"damage":0.0,"enemies":"Reptomancer","floor":42.0,"turns":5.0},{"damage":17.0,"enemies":"Maw","floor":45.0,"turns":7.0},{"damage":2.0,"enemies":"Jaw Worm Horde","floor":47.0,"turns":5.0},{"damage":43.0,"enemies":"3 Darklings","floor":48.0,"turns":5.0},{"damage":49,"enemies":"Awakened One","floor":50,"turns":6}],"seed_played":"-85689822654156458","potions_obtained":[{"floor":1.0,"key":"Strength Potion"},{"floor":4.0,"key":"BlessingOfTheForge"},{"floor":5.0,"key":"PowerPotion"},{"floor":5.0,"key":"EntropicBrew"},{"floor":13.0,"key":"Energy Potion"},{"floor":16.0,"key":"BlessingOfTheForge"},{"floor":29.0,"key":"Fire Potion"},{"floor":35.0,"key":"SkillPotion"},{"floor":39.0,"key":"DistilledChaos"},{"floor":45.0,"key":"SteroidPotion"}],"is_trial":false,"path_per_floor":["M","M","M","M","?","R","M","M","T","R","?","$","E","$","R","B",null,"M","M","?","?","M","R","$","$","T","E","R","M","M","M","R","B",null,"M","?","$","M","M","R","M","E","T","$","M","?","M","M","R","B"],"character_chosen":"DEFECT","items_purchased":["Ball Lightning","Glacier","Defragment","Compile Driver","OrangePellets","EssenceOfDarkness"],"campfire_rested":2,"item_purchase_floors":[12,14,24,25,37,44],"current_hp_per_floor":[68,50,43,33,33,33,28,6,6,26,26,26,39,39,39,43,58,48,44,44,44,42,42,42,42,42,34,34,34,41,41,41,30,55,43,37,37,44,47,47,44,51,51,51,48,48,53,22,40,0,0],"gold":75,"neow_bonus":"THREE_RARE_CARDS","is_daily":false,"chose_seed":false,"campfire_upgraded":6,"win_rate":0.0,"timestamp":1610480923,"path_taken":["M","?","M","M","?","R","M","?","T","R","?","$","E","?","R","BOSS","M","?","?","?","M","R","?","$","T","E","R","M","M","M","R","BOSS","M","?","$","M","?","R","M","E","T","$","M","?","?","M","R","BOSS"],"items_purchased_type":["Card","Card","Card","Card","Relic","Potion"],"build_version":"2020-12-22","purchased_purges":3,"victory":false,"max_hp_per_floor":[68,68,68,68,68,68,68,68,68,68,63,63,63,63,63,63,63,63,63,63,63,63,63,63,63,63,63,63,63,63,63,63,63,63,63,63,63,63,63,63,63,63,63,63,63,63,63,63,63,63,63],"card_choices":[{"not_picked":["Hyperbeam","Creative AI"],"picked":"Electrodynamics","floor":0.0},{"not_picked":["Storm","Compile Driver"],"picked":"Capacitor","floor":1.0},{"not_picked":["Steam Power","Beam Cell"],"picked":"Cold Snap","floor":2.0},{"not_picked":["Turbo","Cold Snap"],"picked":"Hologram","floor":3.0},{"not_picked":["Hologram","Sweeping Beam"],"picked":"BootSequence","floor":4.0},{"not_picked":["White Noise","Compile Driver"],"picked":"Reboot","floor":7.0},{"not_picked":["Go for the Eyes","Ball Lightning"],"picked":"Self Repair","floor":8.0},{"not_picked":["Melter","Tempest"],"picked":"Echo Form","floor":13.0},{"not_picked":["Steam","Recycle+1","Cold Snap"],"picked":"SKIP","floor":18.0},{"not_picked":["Rebound","Turbo"],"picked":"Defragment","floor":19.0},{"not_picked":["Go for the Eyes","Leap"],"picked":"Sunder","floor":22.0},{"not_picked":["Ball Lightning","Coolheaded"],"picked":"Seek","floor":27.0},{"not_picked":["Coolheaded","Ball Lightning"],"picked":"Undo","floor":29.0},{"not_picked":["Streamline","Rebound"],"picked":"Turbo","floor":30.0},{"not_picked":["Genetic Algorithm","Recycle"],"picked":"Loop","floor":31.0},{"not_picked":["Sweeping Beam","Hello World","Scrape"],"picked":"SKIP","floor":35.0},{"not_picked":["Blizzard+1","Barrage","Turbo+1"],"picked":"SKIP","floor":38.0},{"not_picked":["Streamline","Barrage","BootSequence"],"picked":"SKIP","floor":39.0},{"not_picked":["Melter","Sweeping Beam","Conserve Battery"],"picked":"SKIP","floor":41.0},{"not_picked":["Rip and Tear+1","Ball Lightning+1","Sweeping Beam"],"picked":"SKIP","floor":42.0},{"not_picked":["White Noise","Stack"],"picked":"Double Energy+1","floor":45.0},{"not_picked":["Hello World","Machine Learning","Steam"],"picked":"SKIP","floor":47.0},{"not_picked":["Streamline","Chaos","Hologram"],"picked":"SKIP","floor":48.0}],"player_experience":108177,"relics_obtained":[{"floor":9.0,"key":"Meat on the Bone"},{"floor":13.0,"key":"Cables"},{"floor":26.0,"key":"CaptainsWheel"},{"floor":27.0,"key":"Blue Candle"},{"floor":42.0,"key":"Ancient Tea Set"},{"floor":43.0,"key":"Letter Opener"}],"event_choices":[{"damage_healed":0.0,"max_hp_gain":0.0,"max_hp_loss":0.0,"gold_gain":0.0,"event_name":"Lab","player_choice":"Got Potions","floor":5.0,"gold_loss":0.0,"damage_taken":0.0},{"damage_healed":0.0,"max_hp_gain":0.0,"max_hp_loss":5.0,"gold_gain":0.0,"event_name":"Golden Idol","player_choice":"Lose Max HP","floor":11.0,"gold_loss":0.0,"damage_taken":0.0,"relics_obtained":["Golden Idol"]},{"damage_healed":0.0,"max_hp_gain":0.0,"max_hp_loss":0.0,"gold_gain":0.0,"event_name":"Ghosts","player_choice":"Ignored","floor":20.0,"gold_loss":0.0,"damage_taken":0.0},{"damage_healed":0.0,"max_hp_gain":0.0,"max_hp_loss":0.0,"gold_gain":99.0,"event_name":"Nest","player_choice":"Stole From Cult","floor":21.0,"gold_loss":0.0,"damage_taken":0.0},{"damage_healed":0.0,"max_hp_gain":0.0,"max_hp_loss":0.0,"gold_gain":0.0,"event_name":"Wheel of Change","player_choice":"Damaged","floor":36.0,"gold_loss":0.0,"damage_taken":6.0},{"damage_healed":0.0,"max_hp_gain":0.0,"max_hp_loss":0.0,"gold_gain":0.0,"event_name":"Match and Keep!","player_choice":"0 cards matched","floor":46.0,"gold_loss":0.0,"damage_taken":0.0,"cards_obtained":[]}],"is_beta":false,"boss_relics":[{"not_picked":["Runic Dome","Busted Crown"],"picked":"Inserter"},{"not_picked":["SlaversCollar","Astrolabe"],"picked":"Nuclear Battery"}],"items_purged_floors":[12,24,37],"is_endless":false,"potions_floor_spawned":[1,4,13,16,19,29,31,35,39,45],"killed_by":"Awakened One","ascension_level":13}}