{"host":"hpblzw0i8q79bazj","time":1610477907,"event":{"mods":["2.2 Compatiblity","AchievementEnabler","Act Like it!","BaseMod","Better Altar","Better Skull","Better Third Choice","BetterRewards","Colored Map","Colored Powertips","Downfall","Hermit","Jorbs\u0027s Wanderer Trilogy","Marisa????????","Minty Spire (QoL Compilation)","Relic Stats","Replay The Spire","StSLib","The Animator","The Bug Knight","The Gatherer","The Hierophant","The Senshi"],"gold_per_floor":[99,199,199,199,199,124,193,193,219,232,242,18,18,118,138,138,138],"floor_reached":16,"language":"ENG","playtime":1998,"items_purged":[],"score":123,"play_id":"b16817aa-eb9f-43f3-8ed8-83698ac39170","local_time":"20210112125827","is_ascension_mode":false,"campfire_choices":[{"data":"champ:Taunt","floor":1.0,"key":"SMITH"},{"floor":4.0,"key":"RECALL"},{"data":"champ:GutPunch","floor":6.0,"key":"SMITH"},{"data":"champ:Execute","floor":8.0,"key":"SMITH"},{"data":"champ:CrownThrow","floor":13,"key":"SMITH"}],"circlet_count":0,"master_deck":["champ:Strike","champ:Strike","champ:Strike","champ:Strike","champ:Defend","champ:Defend","champ:Defend","champ:Defend","champ:Execute+1","champ:Taunt+1","champ:AdrenalArmor","champ:GutPunch+1","champ:RapidStrikes","champ:FlashCut","champ:EndlessRage","champ:BladeFlurry","champ:CrownThrow+1","champ:PreciseThrust","champ:PreciseThrust"],"relics":["champ:ChampionCrown","downfall:HeartsMalice","downfall:HeartBlessingRed","StrikeDummy","Pen Nib"],"acts_visited":["Exordium"],"potions_floor_usage":[],"damage_taken":[{"damage":0.0,"enemies":"2 Louse","floor":3.0,"turns":1.0},{"damage":0.0,"enemies":"Cultist","floor":5.0,"turns":1.0},{"damage":0.0,"enemies":"Lagavulin","floor":9.0,"turns":1.0},{"damage":10.0,"enemies":"Jaw Worm","floor":10.0,"turns":2.0},{"damage":27.0,"enemies":"Large Slime","floor":11.0,"turns":5.0},{"damage":16.0,"enemies":"downfall:FleeingMerchant","floor":12.0,"turns":4.0},{"damage":2.0,"enemies":"3 Louse","floor":13.0,"turns":3.0},{"damage":16,"enemies":"3 Louse","floor":15,"turns":3},{"damage":67,"enemies":"downfall:Silent","floor":16,"turns":8}],"seed_played":"-1499116150030185156","potions_obtained":[{"floor":9.0,"key":"LiquidBronze"},{"floor":11.0,"key":"DuplicationPotion"}],"is_trial":false,"path_per_floor":["R","?","M","R","M","R","T","R","E","M","M","$","M","?","M","B"],"character_chosen":"THE_CHAMP","items_purchased":["champ:CrownThrow","champ:PreciseThrust"],"campfire_rested":0,"item_purchase_floors":[12,12],"current_hp_per_floor":[90,90,90,90,90,90,90,90,90,84,68,64,64,64,56,0,0],"gold":138,"neow_bonus":"THREE_ENEMY_KILL","is_daily":false,"chose_seed":false,"campfire_upgraded":4,"win_rate":0.0,"timestamp":1610477907,"path_taken":["R","?","M","R","?","R","T","R","E","M","M","?","M","?","M","BOSS"],"items_purchased_type":["Card","Card"],"build_version":"2020-12-22","purchased_purges":0,"victory":false,"max_hp_per_floor":[90,90,90,90,90,90,90,90,90,90,90,90,90,90,90,90,90],"relic_stats":{"counters":[9,25],"Pen Nib":[4],"obtain_stats":[{"downfall:HeartBlessingRed":6,"champ:ChampionCrown":0,"downfall:HeartsMalice":0,"Pen Nib":9,"StrikeDummy":7},{"downfall:HeartBlessingRed":2,"champ:ChampionCrown":0,"downfall:HeartsMalice":0,"Pen Nib":3,"StrikeDummy":2},{"downfall:HeartBlessingRed":0,"champ:ChampionCrown":0,"downfall:HeartsMalice":0,"Pen Nib":0,"StrikeDummy":0}]},"card_choices":[{"not_picked":["champ:BringItOn","champ:Circumvent"],"picked":"champ:AdrenalArmor","floor":3.0},{"not_picked":["champ:CalledShot","champ:AdrenalArmor"],"picked":"champ:GutPunch","floor":5.0},{"not_picked":["champ:DefensiveShout","champ:HeartStrike"],"picked":"champ:RapidStrikes","floor":9.0},{"not_picked":["champ:AdrenalArmor","champ:CrookedStrike"],"picked":"champ:FlashCut","floor":10.0},{"not_picked":["champ:FlashCut","champ:HeartStrike"],"picked":"champ:EndlessRage","floor":11.0},{"not_picked":["champ:DefensiveShout","champ:CalledShot"],"picked":"champ:BladeFlurry","floor":12.0},{"not_picked":["champ:BerserkersShout","champ:BringItOn","champ:DefensiveShout"],"picked":"SKIP","floor":15}],"player_experience":426874,"relics_obtained":[{"floor":7.0,"key":"StrikeDummy"},{"floor":9.0,"key":"Pen Nib"}],"event_choices":[],"is_beta":false,"boss_relics":[],"items_purged_floors":[],"is_endless":false,"potions_floor_spawned":[9,11,13],"killed_by":"downfall:Silent","ascension_level":0}}