{"host":"7vidw0fny0glz923","time":1610468271,"event":{"mods":["ATMod(阿瑾Mod)","Act Like it!","BaseMod","Challenge The Spire","Downfall","Friendly Minions","Gensokyo","HololiveMod","KinomotoSakuraMod(木之本樱)","Kiyohime（清姬）","KomeijiMod","Lobotomy","LobotomyExtend","Marisa（F雨　魔理沙）","Minty Spire (QoL Compilation)","MostiFishMod","Pale of the Ancients","READ ME - Guardian Mod","Reimu（博丽灵梦）","Remilia（蕾米莉亚）","Replay The Spire","RumiaBox-露米娅的神秘盒子","Shop Mod","StSLib","TestMod","The Cursed","The Hierophant","The Jungle","The Poker Player","The Servant 0.9.4","Yakumo Yukari mod","Youmu（魂魄妖梦）","[地精首领爬塔]The Maniac","【遗物卡牌】REMEMod"],"gold_per_floor":[11,29,29,29,44,76,76,91,140,170,182,214,214,214,214,288,288,300,315,315,325,340,340,290,317,398,398,412,442,135,148,148,227,227,243,90,107,107,124,154,154,184,184,184,184,196,196,206,206,206,206,206,206,131,165,165],"floor_reached":57,"playtime":2091,"items_purged":["Defend_R"],"score":2081,"play_id":"7ca82b25-a8c0-4770-87cb-d6c632f33fe1","local_time":"20210112161751","is_ascension_mode":true,"campfire_choices":[{"data":"MostiFishMod:SephirahHod","floor":7.0,"key":"SMITH"},{"floor":15.0,"key":"RECALL"},{"data":"AT_DarkMatter","floor":23.0,"key":"SMITH"},{"data":"Limit Break","floor":27.0,"key":"SMITH"},{"floor":32.0,"key":"REST"},{"data":"Demon Form","floor":41.0,"key":"SMITH"},{"data":"AT_IchimonjiDouble","floor":44.0,"key":"SMITH"},{"data":"Body Slam","floor":47,"key":"SMITH"},{"data":"True Grit","floor":49,"key":"SMITH"},{"data":"Bloodletting","floor":53,"key":"SMITH"}],"circlet_count":0,"master_deck":["AscendersBane","Strike_R","Strike_R","Defend_R","Defend_R","Defend_R","Bash","AT_DarkMatter+1","Mayhem","MostiFishMod:SephirahHod+1","maniac:Humiliation","sneckomod:Bewildered","Body Slam+1","AT_IchimonjiDouble+1","Battle Trance","Heavy Blade","True Grit+1","Immolate","Bloodletting+1","Pommel Strike","Limit Break+1","Reaper","Demon Form+1","Impervious","Impervious+1"],"relics":["Burning Blood","testmod-TestBox","DaveBox","REME_ComplimentaryCards","AT_ATBox","MostiFishMod:Hod","testmod-Laevatain","SynthV:TestCard","AddBug","SecretRecord","Baka2","SecretRecord","SecretRecord","SecretRecord","SecretRecord","SecretRecord","SecretRecord","SecretRecord","SecretRecord","SecretRecord"],"acts_visited":["Exordium","Gensokyo:Gensokyo","Gensokyo:Gensokyoer","TheEnding"],"potions_floor_usage":[50,56,56,56],"damage_taken":[{"damage":0.0,"enemies":"Gensokyo:Python","floor":1.0,"turns":2.0},{"damage":2.0,"enemies":"Gensokyo:Gryphon","floor":2.0,"turns":2.0},{"damage":4.0,"enemies":"Gensokyo:2_Kodama","floor":5.0,"turns":2.0},{"damage":0.0,"enemies":"Gensokyo:Aya","floor":6.0,"turns":1.0},{"damage":14.0,"enemies":"Gensokyo:5_Fairies","floor":8.0,"turns":4.0},{"damage":4.0,"enemies":"Gensokyo:Cirno","floor":10.0,"turns":6.0},{"damage":7.0,"enemies":"Gensokyo:Python_and_Kodama","floor":11.0,"turns":2.0},{"damage":9.0,"enemies":"Gensokyo:Mamizou","floor":12.0,"turns":3.0},{"damage":17.0,"enemies":"Gensokyo:Kokoro","floor":16.0,"turns":6.0},{"damage":0.0,"enemies":"Gensokyo:2_Gloops","floor":18.0,"turns":2.0},{"damage":0.0,"enemies":"Gensokyo:CosmicMonolith","floor":19.0,"turns":2.0},{"damage":27.0,"enemies":"Gensokyo:Slime_Group","floor":21.0,"turns":4.0},{"damage":0.0,"enemies":"Gensokyo:Monolith_and_Dog","floor":22.0,"turns":1.0},{"damage":5.0,"enemies":"Gensokyo:Koishi","floor":25.0,"turns":3.0},{"damage":3.0,"enemies":"Gensokyo:Wraith","floor":28.0,"turns":1.0},{"damage":30.0,"enemies":"Gensokyo:Tenshi","floor":29.0,"turns":2.0},{"damage":9.0,"enemies":"Gensokyo:Chomper_and_Gloop","floor":31.0,"turns":2.0},{"damage":30.0,"enemies":"Gensokyo:Kaguya","floor":33.0,"turns":4.0},{"damage":3.0,"enemies":"Gensokyo:3_Bats","floor":35.0,"turns":1.0},{"damage":7.0,"enemies":"Gensokyo:AncientGuardian","floor":37.0,"turns":3.0},{"damage":12.0,"enemies":"Gensokyo:Dusk_and_Dawn","floor":39.0,"turns":3.0},{"damage":3.0,"enemies":"Gensokyo:Marisa","floor":40.0,"turns":2.0},{"damage":5.0,"enemies":"Gensokyo:Kasen","floor":42.0,"turns":2.0},{"damage":3,"enemies":"Gensokyo:Sharpion","floor":46,"turns":1},{"damage":18,"enemies":"Gensokyo:4_Bats","floor":48,"turns":3},{"damage":14,"enemies":"Gensokyo:Shinki","floor":50,"turns":6},{"damage":14,"enemies":"Shield and Spear","floor":55,"turns":3},{"damage":142,"enemies":"The Heart","floor":56,"turns":4}],"seed_played":"-4042479206114157790","potions_obtained":[{"floor":5.0,"key":"ElixirPotion"},{"floor":6.0,"key":"Strength Potion"},{"floor":8.0,"key":"Milkshake"},{"floor":10.0,"key":"GamblersBrew"},{"floor":22.0,"key":"testmod-SpacePotion"},{"floor":29.0,"key":"Ancient Potion"},{"floor":39.0,"key":"Venom Potion"},{"floor":42.0,"key":"AttackPotion"},{"floor":46,"key":"Swift Potion"}],"is_trial":false,"path_per_floor":["M","M","?","COS","M","E","R","M","T","E","M","E","?","?","R","B",null,"M","M","?","M","M","R","?","E","T","R","M","E","COS","M","R","B",null,"M","COS","M","?","M","E","R","E","T","R","?","M","R","M","R","B",null,null,"R","$","E","B",null],"character_chosen":"IRONCLAD","items_purchased":[],"campfire_rested":1,"item_purchase_floors":[],"current_hp_per_floor":[88,89,89,89,89,89,89,81,81,85,84,81,81,74,74,98,102,103,103,103,82,88,88,95,96,96,96,79,55,55,64,100,87,113,114,114,135,135,132,135,135,135,135,135,135,135,135,135,135,127,127,133,133,133,135,54],"gold":165,"neow_bonus":"TWENTY_PERCENT_HP_BONUS","is_daily":false,"chose_seed":false,"campfire_upgraded":8,"win_rate":0.0,"timestamp":1610468271,"path_taken":["M","M","?","COS","?","E","R","M","T","E","M","E","?","?","R","BOSS","M","M","?","M","M","R","?","E","T","R","M","E","COS","M","R","BOSS","M","COS","M","?","M","E","R","E","T","R","?","M","R","M","R","BOSS","R","$","E","BOSS"],"items_purchased_type":[],"build_version":"2020-12-22","purchased_purges":1,"victory":true,"max_hp_per_floor":[89,89,89,89,89,89,89,89,89,89,89,89,89,103,103,103,103,103,103,103,103,103,103,110,110,110,110,122,122,122,122,122,122,122,135,135,135,135,135,135,135,135,135,135,135,135,135,135,135,135,135,135,135,135,135,135],"card_choices":[{"not_picked":["Twin Strike","Entrench"],"picked":"Heavy Blade","floor":1.0},{"not_picked":["Life Link","REME_SingleHolding","Heavy Blade","Second Wind"],"picked":"Body Slam","floor":2.0},{"not_picked":["Fire Breathing","Spot Weakness","Heavy Blade","Havoc"],"picked":"AT_IchimonjiDouble","floor":5.0},{"not_picked":["Burning Pact","ReplayReversal","Flex","MostiFishMod:WingOfPhoenix"],"picked":"Battle Trance","floor":6.0},{"not_picked":["Havoc","Twin Strike","Inflame","Run Through"],"picked":"Heavy Blade","floor":8.0},{"not_picked":["Run Through","Searing Blow","Hemokinesis","Clash"],"picked":"True Grit","floor":10.0},{"not_picked":["ReplayTheSpireMod:LeadingStrike","Defy Death","Clothesline","MostiFishMod:BrandingRite","Reckless Charge"],"picked":"SKIP","floor":10.0},{"not_picked":["Entrench","Replay:Undeath\u0027s Touch","MostiFishMod:TemporaryOutbreak","Headbutt","Thunderclap"],"picked":"SKIP","floor":10.0},{"not_picked":["Replay:Undeath\u0027s Touch","Cleave","Entrench","AT_CaressingTears","Iron Wave"],"picked":"SKIP","floor":10.0},{"not_picked":["Sword Boomerang","Body Slam","Iron Wave","Anger"],"picked":"Burning Pact","floor":11.0},{"not_picked":["Replay:Undeath\u0027s Touch","Metallicize","Demonic Infusion","Twin Strike","Headbutt"],"picked":"SKIP","floor":12.0},{"not_picked":["Impervious","MostiFishMod:TemporaryOutbreak","MostiFishMod:FlyOverUtopia","REME_Fury"],"picked":"Immolate","floor":16.0},{"not_picked":["Rupture","Flame Barrier+1","ReplayTheSpireMod:Strike From Hell","Clash"],"picked":"Bloodletting","floor":18.0},{"not_picked":["MostiFishMod:BrandingRite","Sentinel","Wild Strike","Dark Embrace","AT_CaressingTears+1"],"picked":"SKIP","floor":19.0},{"not_picked":["Body Slam","AT_ManFootWork","ReplayTheSpireMod:Strike From Hell","Seeing Red","Flex"],"picked":"SKIP","floor":21.0},{"not_picked":["Wild Strike","Spot Weakness","Shockwave","Reckless Charge"],"picked":"Pommel Strike","floor":22.0},{"not_picked":["Evolve","Reckless Charge","Exhume","Flex"],"picked":"Limit Break","floor":25.0},{"not_picked":["Second Wind","Headbutt+1","Iron Wave","AT_CaressingTears+1","Metallicize"],"picked":"SKIP","floor":28.0},{"not_picked":["ReplayTheSpireMod:LeadingStrike","Shrug It Off","Cleave","True Grit","Seeing Red"],"picked":"SKIP","floor":28.0},{"not_picked":["Run Through+1","Dark Embrace","AT_IchimonjiDouble","Hemokinesis","Flex"],"picked":"SKIP","floor":28.0},{"not_picked":["Defy Death","Abandon","Juggernaut","Iron Wave+1","Wild Strike"],"picked":"SKIP","floor":28.0},{"not_picked":["Anger","AT_GerminateFire","Searing Blow","AT_ShrugMaster"],"picked":"Reaper","floor":29.0},{"not_picked":["AT_CaressingTears+1","Shrug It Off+1","Wild Strike","Ghostly Armor","Heavy Blade"],"picked":"SKIP","floor":31.0},{"not_picked":["MostiFishMod:FlyOverUtopia","MostiFishMod:DarkDeal","MostiFishMod:FireWorks","Eclipse"],"picked":"Demon Form","floor":33.0},{"not_picked":["Clash","Disarm+1","Sever Soul+1","Heavy Blade+1","Warcry"],"picked":"SKIP","floor":35.0},{"not_picked":["Spot Weakness","Warcry","Heavy Blade","Body Slam","Run Through"],"picked":"SKIP","floor":37.0},{"not_picked":["REME_Cut+1","Dual Wield","Thunderclap","Headbutt","True Grit"],"picked":"SKIP","floor":39.0},{"not_picked":["MostiFishMod:FlyOverUtopia","Pommel Strike","Combust","ReplayTheSpireMod:Strike From Hell","Shockwave"],"picked":"SKIP","floor":40.0},{"not_picked":["Sword Boomerang","Clash","AT_IchimonjiDouble","Rampage","Anger"],"picked":"SKIP","floor":40.0},{"not_picked":["ReplayTheSpireMod:Corrosion Curse","AT_CaressingTears+1","Body Slam+1","Reckless Charge+1","Burning Pact"],"picked":"SKIP","floor":40.0},{"not_picked":["Battle Trance","Cleave","Flex","Shrug It Off","Uppercut"],"picked":"SKIP","floor":40.0},{"not_picked":["Warcry+1","Thunderclap","Replay:Many Hands","Body Slam","True Grit"],"picked":"SKIP","floor":42.0},{"not_picked":["Iron Wave","Twin Strike","AT_BodySlamDance+1","Warcry+1","Disarm"],"picked":"SKIP","floor":46},{"not_picked":["Spot Weakness","ReplayTheSpireMod:Strike From Hell+1","Clash","Iron Wave","Sever Soul+1"],"picked":"SKIP","floor":48},{"not_picked":["Uppercut+1","REME_Cut+1","Body Slam","Rampage","Spot Weakness"],"picked":"SKIP","floor":55}],"player_experience":918875,"relics_obtained":[{"floor":1.0,"key":"SynthV:TestCard"},{"floor":1.0,"key":"AddBug"},{"floor":1.0,"key":"Baka"},{"floor":1.0,"key":"LetterFromLob"},{"floor":2.0,"key":"Baka2"},{"floor":2.0,"key":"LetterFromLob"},{"floor":5.0,"key":"SecretRecord"},{"floor":5.0,"key":"LetterFromLob"},{"floor":6.0,"key":"GodSword1"},{"floor":6.0,"key":"LetterFromLob"},{"floor":8.0,"key":"LetterFromLob"},{"floor":9.0,"key":"Ccalipers"},{"floor":10.0,"key":"Replay:Rubber Ducky"},{"floor":10.0,"key":"LetterFromLob"},{"floor":11.0,"key":"SecretRecord"},{"floor":11.0,"key":"LetterFromLob"},{"floor":12.0,"key":"Boot"},{"floor":12.0,"key":"LetterFromLob"},{"floor":16.0,"key":"SecretRecord"},{"floor":16.0,"key":"LetterFromLob"},{"floor":18.0,"key":"LetterFromLob"},{"floor":19.0,"key":"LetterFromLob"},{"floor":21.0,"key":"SecretRecord"},{"floor":21.0,"key":"LetterFromLob"},{"floor":22.0,"key":"SecretRecord"},{"floor":22.0,"key":"LetterFromLob"},{"floor":25.0,"key":"Tiny Chest"},{"floor":25.0,"key":"LetterFromLob"},{"floor":28.0,"key":"LetterFromLob"},{"floor":29.0,"key":"AT_ArchangelStaff"},{"floor":29.0,"key":"LetterFromLob"},{"floor":31.0,"key":"LetterFromLob"},{"floor":31.0,"key":"SecretRecord"},{"floor":33.0,"key":"LetterFromLob"},{"floor":35.0,"key":"SecretRecord"},{"floor":35.0,"key":"LetterFromLob"},{"floor":37.0,"key":"Pear"},{"floor":37.0,"key":"LetterFromLob"},{"floor":39.0,"key":"LetterFromLob"},{"floor":40.0,"key":"SecretRecord"},{"floor":40.0,"key":"Mango"},{"floor":40.0,"key":"testmod-ThousandKnives"},{"floor":40.0,"key":"LetterFromLob"},{"floor":42.0,"key":"SecretRecord"},{"floor":42.0,"key":"Bronze Scales"},{"floor":42.0,"key":"LetterFromLob"},{"floor":43.0,"key":"REME_IWantAll"},{"floor":46,"key":"LetterFromLob"},{"floor":48,"key":"SecretRecord"},{"floor":48,"key":"LetterFromLob"},{"floor":55,"key":"Another Sword"},{"floor":55,"key":"LetterFromLob"}],"event_choices":[{"damage_healed":0.0,"max_hp_gain":0.0,"max_hp_loss":0.0,"gold_gain":0.0,"event_name":"给自己的盒子","player_choice":"Swap Relic","floor":20.0,"relics_lost":["SecretRecord"],"gold_loss":0.0,"damage_taken":0.0,"relics_obtained":["testmod-TestBox"]}],"is_beta":false,"boss_relics":[{"not_picked":["Hololive_ChaosS","Snecko Eye"],"picked":"RhineFirstAidKit"},{"not_picked":["OneHitWonderSystem","Astrolabe"],"picked":"Replay:Ancient Bell"}],"items_purged_floors":[54],"is_endless":false,"potions_floor_spawned":[5,6,8,10,16,19,22,29,39,42,46],"ascension_level":14}}