{"host":"g01l53quoe6lrer0","time":1610455366,"event":{"mods":["2.2 Compatiblity","AchievementEnabler","BaseMod","Colored Map","Highlight Path","Keyboard Shortcuts","Minty Spire (QoL Compilation)","Permanent Neow","StSLib","SuperFastMode","everything is the same but u backflip on backflip"],"gold_per_floor":[118,129,147,159,179,211,211,241,241,241,271,271,282,55,55,157,157,176,189,189,203,25,25,25,25],"floor_reached":24,"playtime":898,"items_purged":["Strike_B","Strike_B"],"score":349,"play_id":"962f4edd-7ba5-4a98-9c47-b03c0246df62","local_time":"20210112214246","is_ascension_mode":true,"campfire_choices":[{"floor":7,"key":"REST"},{"floor":10,"key":"REST"},{"floor":15,"key":"REST"},{"floor":23,"key":"REST"}],"circlet_count":0,"master_deck":["AscendersBane","Strike_B","Strike_B","Defend_B","Defend_B+1","Defend_B","Defend_B+1","Zap+1","Dualcast","Auto Shields","Genetic Algorithm","Skim","Barrage","Streamline","Echo Form","Loop","Glacier","Chaos","Burst","PathToVictory","Cold Snap","Blizzard"],"relics":["Cracked Core","NeowsBlessing","Turnip","Orichalcum","War Paint","Anchor","PrismaticShard","Inserter"],"acts_visited":["Exordium","TheCity"],"potions_floor_usage":[8,11],"damage_taken":[{"damage":0,"enemies":"Small Slimes","floor":1,"turns":1},{"damage":0,"enemies":"Cultist","floor":2,"turns":1},{"damage":0,"enemies":"Jaw Worm","floor":3,"turns":1},{"damage":9,"enemies":"Red Slaver","floor":4,"turns":3},{"damage":10,"enemies":"Blue Slaver","floor":5,"turns":3},{"damage":29,"enemies":"Lagavulin","floor":6,"turns":8},{"damage":32,"enemies":"Gremlin Nob","floor":8,"turns":4},{"damage":19,"enemies":"3 Sentries","floor":11,"turns":7},{"damage":0,"enemies":"3 Louse","floor":13,"turns":3},{"damage":15,"enemies":"Hexaghost","floor":16,"turns":9},{"damage":2,"enemies":"Spheric Guardian","floor":18,"turns":6},{"damage":20,"enemies":"3 Byrds","floor":19,"turns":8},{"damage":34,"enemies":"Snake Plant","floor":21,"turns":6},{"damage":53,"enemies":"Cultist and Chosen","floor":24,"turns":8}],"seed_played":"-1933030378361026760","potions_obtained":[{"floor":1,"key":"FairyPotion"},{"floor":5,"key":"Swift Potion"},{"floor":8,"key":"BlessingOfTheForge"},{"floor":11,"key":"DuplicationPotion"}],"is_trial":false,"path_per_floor":["M","M","M","M","M","E","R","E","T","R","E","?","M","$","R","B",null,"M","M","?","M","$","R","M"],"character_chosen":"DEFECT","items_purchased":["PrismaticShard","Blizzard"],"campfire_rested":4,"item_purchase_floors":[14,22],"current_hp_per_floor":[68,68,68,59,49,20,42,10,10,32,13,13,13,13,35,20,61,59,39,39,5,5,27,0,0],"gold":25,"neow_bonus":"THREE_ENEMY_KILL","is_daily":false,"chose_seed":false,"campfire_upgraded":0,"win_rate":0.0,"timestamp":1610455366,"path_taken":["M","M","M","M","M","E","R","E","T","R","E","?","?","$","R","BOSS","M","M","?","?","$","R","M"],"items_purchased_type":["Relic","Card"],"build_version":"2020-12-22","purchased_purges":2,"victory":false,"max_hp_per_floor":[75,75,75,75,75,75,75,75,75,75,75,75,75,75,75,75,75,75,75,75,75,75,75,75,75],"card_choices":[{"not_picked":["Consume","Conserve Battery"],"picked":"Auto Shields","floor":1},{"not_picked":["FTL","Go for the Eyes"],"picked":"Genetic Algorithm","floor":2},{"not_picked":["Static Discharge","Turbo"],"picked":"Skim","floor":3},{"not_picked":["Redo","Coolheaded"],"picked":"Barrage","floor":4},{"not_picked":["Compile Driver","Fusion"],"picked":"Streamline","floor":5},{"not_picked":["Ball Lightning","Turbo"],"picked":"Echo Form","floor":6},{"not_picked":["Auto Shields","Streamline"],"picked":"Loop","floor":8},{"not_picked":["Ball Lightning","Darkness"],"picked":"Glacier","floor":11},{"not_picked":["Ball Lightning","Barrage"],"picked":"Chaos","floor":13},{"not_picked":["Blasphemy","After Image"],"picked":"Burst","floor":16},{"not_picked":["EmptyFist","Shrug It Off"],"picked":"PathToVictory","floor":18},{"not_picked":["EmptyFist","Bane+1","Flash of Steel"],"picked":"SKIP","floor":19},{"not_picked":["Auto Shields","Deflect"],"picked":"Cold Snap","floor":21}],"player_experience":159509,"relics_obtained":[{"floor":6,"key":"Turnip"},{"floor":8,"key":"Orichalcum"},{"floor":9,"key":"War Paint"},{"floor":11,"key":"Anchor"}],"event_choices":[{"damage_healed":0,"gold_gain":0,"player_choice":"Forge","damage_taken":0,"max_hp_gain":0,"max_hp_loss":0,"event_name":"Accursed Blacksmith","floor":12,"gold_loss":0,"cards_upgraded":["Zap"]},{"damage_healed":0,"gold_gain":0,"player_choice":"Bought 0 Potions","damage_taken":0,"max_hp_gain":0,"max_hp_loss":0,"event_name":"The Woman in Blue","floor":20,"gold_loss":0}],"is_beta":false,"boss_relics":[{"not_picked":["Snecko Eye","Philosopher\u0027s Stone"],"picked":"Inserter"}],"items_purged_floors":[14,22],"is_endless":false,"potions_floor_spawned":[1,5,6,8,11,18],"killed_by":"Cultist and Chosen","ascension_level":12}}