{"host":"bbdwwpc15nggbv3k","time":1610494137,"event":{"mods":["AchievementEnabler","Aspiration","BaseMod","BetterRewards","Colored Map","Colored Powertips","Conspire","Hermit","Hubris","Minty Spire (QoL Compilation)","StSLib","The Jungle"],"gold_per_floor":[110,110,129,208,221,221,253,293,340,340,357,385,419,389,389,389,389],"floor_reached":16,"language":"ENG","playtime":501,"items_purged":[],"score":110,"play_id":"93137301-609a-457a-b3e9-ce29c7bd8200","local_time":"20210112232857","is_ascension_mode":false,"campfire_choices":[{"data":"Cleave","floor":6,"key":"SMITH"},{"data":"Thunderclap","floor":10,"key":"SMITH"},{"floor":15,"key":"REST"}],"circlet_count":0,"master_deck":["Strike_R","Strike_R","Strike_R","Strike_R","Strike_R","Defend_R","Defend_R","Defend_R","Defend_R","Bash","Cleave+1","Seeing Red","Thunderclap+1","Inflame","Clothesline"],"relics":["Burning Blood","Shuriken","Dream Catcher","Happy Flower","Odd Mushroom"],"acts_visited":["Exordium"],"potions_floor_usage":[8,11,12,16,16,16],"damage_taken":[{"damage":1,"enemies":"Cultist","floor":1,"turns":3},{"damage":11,"enemies":"Jaw Worm","floor":3,"turns":4},{"damage":11,"enemies":"conspire:RoseBush","floor":5,"turns":2},{"damage":32,"enemies":"Gremlin Nob","floor":7,"turns":4},{"damage":0,"enemies":"3 Louse","floor":8,"turns":3},{"damage":8,"enemies":"Red Slaver","floor":11,"turns":5},{"damage":8,"enemies":"The Mushroom Lair","floor":12,"turns":2},{"damage":26,"enemies":"Lagavulin","floor":13,"turns":6},{"damage":81,"enemies":"The Guardian","floor":16,"turns":13}],"seed_played":"-3423846762706459748","potions_obtained":[{"floor":7,"key":"ColorlessPotion"},{"floor":8,"key":"Explosive Potion"},{"floor":11,"key":"LiquidMemories"},{"floor":13,"key":"BloodPotion"},{"floor":14,"key":"SteroidPotion"},{"floor":14,"key":"Regen Potion"}],"is_trial":false,"path_per_floor":["M","?","M","T","M","R","E","M","T","R","M","?","E","?","R","B"],"character_chosen":"IRONCLAD","items_purchased":[],"campfire_rested":1,"item_purchase_floors":[],"current_hp_per_floor":[80,80,75,75,70,70,44,50,50,50,48,46,26,26,50,0,0],"gold":389,"neow_bonus":"","is_daily":false,"chose_seed":false,"campfire_upgraded":2,"win_rate":0.0,"timestamp":1610494137,"path_taken":["M","?","M","?","?","R","E","M","T","R","M","?","E","?","R","BOSS"],"items_purchased_type":[],"build_version":"2020-12-22","purchased_purges":0,"victory":false,"max_hp_per_floor":[80,80,80,80,80,80,80,80,80,80,80,80,80,80,80,80,80],"card_choices":[{"not_picked":["Anger","True Grit","hubris:SharpeningStone"],"picked":"SKIP","floor":1},{"not_picked":["Pummel","Power Through"],"picked":"Cleave","floor":3},{"not_picked":["Rupture","Headbutt"],"picked":"Seeing Red","floor":5},{"not_picked":["Dual Wield","Perfected Strike","Reckless Charge"],"picked":"SKIP","floor":7},{"not_picked":["Clothesline","Feel No Pain"],"picked":"Thunderclap","floor":8},{"not_picked":["Entrench","hubris:ReadiedAction","Rage"],"picked":"SKIP","floor":11},{"not_picked":["Thunderclap","Rage"],"picked":"Inflame","floor":12},{"not_picked":["Anger","Feel No Pain","Flame Barrier"],"picked":"SKIP","floor":13},{"not_picked":["Warcry","hubris:SharpeningStone"],"picked":"Clothesline","floor":15}],"player_experience":0,"relics_obtained":[{"floor":4,"key":"Shuriken"},{"floor":7,"key":"Dream Catcher"},{"floor":9,"key":"Happy Flower"},{"floor":12,"key":"Odd Mushroom"}],"event_choices":[{"damage_healed":0,"gold_gain":0,"player_choice":"Fought Mushrooms","damage_taken":0,"max_hp_gain":0,"max_hp_loss":0,"event_name":"Mushrooms","floor":12,"gold_loss":0},{"damage_healed":0,"gold_gain":0,"player_choice":"Bought 2 Potions","damage_taken":0,"max_hp_gain":0,"max_hp_loss":0,"event_name":"The Woman in Blue","floor":14,"gold_loss":0}],"is_beta":false,"boss_relics":[],"items_purged_floors":[],"is_endless":false,"potions_floor_spawned":[7,8,11,13],"killed_by":"The Guardian","ascension_level":0}}