{"host":"4rvakrj1idbgia3f","time":1610448534,"event":{"mods":["BaseMod","Colored Map","Colored Powertips","DeckTracker","Highlight Path","Minty Spire (QoL Compilation)","Random Character Button","StSLib"],"gold_per_floor":[116,191,202,217,272,297,297,322,322,335,335,70,70,70,70],"floor_reached":14,"playtime":450,"items_purged":[],"score":196,"play_id":"d7e53a38-27c1-48e4-97a3-bd0adc4ebd63","local_time":"20210112194854","is_ascension_mode":true,"campfire_choices":[{"data":"Sever Soul","floor":7,"key":"SMITH"},{"data":"Fire Breathing","floor":11,"key":"SMITH"},{"data":"Evolve","floor":13,"key":"SMITH"}],"circlet_count":0,"master_deck":["AscendersBane","Strike_R","Strike_R","Strike_R","Strike_R","Strike_R","Defend_R","Defend_R","Defend_R","Bash","Power Through","Sever Soul+1","Disarm","Fire Breathing+1","Shrug It Off","Evolve+1"],"relics":["Burning Blood","InkBottle","Singing Bowl","Self Forming Clay","Toxic Egg 2"],"acts_visited":["Exordium"],"potions_floor_usage":[10,14],"damage_taken":[{"damage":0,"enemies":"2 Louse","floor":1,"turns":3},{"damage":4,"enemies":"Jaw Worm","floor":3,"turns":4},{"damage":1,"enemies":"Cultist","floor":4,"turns":4},{"damage":20,"enemies":"3 Sentries","floor":6,"turns":6},{"damage":27,"enemies":"Lagavulin","floor":8,"turns":9},{"damage":5,"enemies":"3 Louse","floor":10,"turns":4},{"damage":38,"enemies":"Gremlin Nob","floor":14,"turns":5}],"seed_played":"4868707232133043511","potions_obtained":[{"floor":3,"key":"BloodPotion"},{"floor":8,"key":"GamblersBrew"}],"is_trial":false,"path_per_floor":["M","?","M","M","?","E","R","E","T","M","R","$","R","E"],"character_chosen":"IRONCLAD","items_purchased":["Toxic Egg 2"],"campfire_rested":0,"item_purchase_floors":[12],"current_hp_per_floor":[74,63,65,70,70,56,56,35,35,38,38,38,38,15,15],"gold":70,"neow_bonus":"TRANSFORM_CARD","is_daily":false,"chose_seed":false,"campfire_upgraded":3,"win_rate":0.0,"timestamp":1610448534,"path_taken":["M","?","M","M","?","E","R","E","T","M","R","$","R","E"],"items_purchased_type":["Relic"],"build_version":"2020-12-22","purchased_purges":0,"victory":false,"max_hp_per_floor":[75,75,75,75,75,75,75,75,75,77,77,77,77,77,77],"card_choices":[{"not_picked":["Iron Wave","Heavy Blade"],"picked":"Sever Soul","floor":1},{"not_picked":["Sword Boomerang","Body Slam"],"picked":"Disarm","floor":3},{"not_picked":["Flex","Clothesline"],"picked":"Fire Breathing","floor":4},{"not_picked":["True Grit","Pommel Strike"],"picked":"Shrug It Off","floor":6},{"not_picked":["Whirlwind","Iron Wave"],"picked":"Evolve","floor":8},{"not_picked":["Cleave","Fire Breathing","Barricade"],"picked":"Singing Bowl","floor":10}],"player_experience":2013294,"relics_obtained":[{"floor":6,"key":"InkBottle"},{"floor":8,"key":"Singing Bowl"},{"floor":9,"key":"Self Forming Clay"}],"event_choices":[{"damage_healed":0,"gold_gain":75,"player_choice":"Gather Gold","damage_taken":11,"max_hp_gain":0,"max_hp_loss":0,"event_name":"World of Goop","floor":2,"gold_loss":0},{"damage_healed":0,"gold_gain":55,"player_choice":"Gained Gold","damage_taken":0,"max_hp_gain":0,"max_hp_loss":0,"event_name":"Golden Wing","floor":5,"gold_loss":0}],"is_beta":false,"boss_relics":[],"items_purged_floors":[],"is_endless":false,"potions_floor_spawned":[3,8],"killed_by":"Gremlin Nob","ascension_level":20}}