{"host":"l60rmjjsfi0fipmi","time":1610413392,"event":{"mods":["BaseMod","Colored Map","DeckTracker","Highlight Path","Minty Spire (QoL Compilation)"],"gold_per_floor":[112,112,124,143,160,160,189,189,189,189,203,168,199,199,199,304,304,324,338,355,355,197,197,212,212,212,212,112,139,139,155,155,259,259,274,288,83,102,102,102,102,102,154,173,184,204,204,4,4,4],"floor_reached":51,"playtime":4919,"items_purged":["Strike_B","Strike_B","Defend_B","Defend_B"],"score":746,"play_id":"cd7f1d78-463f-444c-8ff5-c856308188a3","local_time":"20210111200312","is_ascension_mode":true,"campfire_choices":[{"data":"Zap","floor":6,"key":"SMITH"},{"data":"Dualcast","floor":8,"key":"SMITH"},{"floor":15,"key":"REST"},{"floor":23,"key":"REST"},{"floor":27,"key":"REST"},{"floor":32,"key":"REST"},{"data":"Echo Form","floor":40,"key":"SMITH"},{"data":"Capacitor","floor":42,"key":"SMITH"},{"data":"Storm","floor":47,"key":"SMITH"},{"floor":49,"key":"REST"}],"circlet_count":0,"master_deck":["Strike_B","Defend_B","Defend_B","Zap+1","Dualcast+1","Ball Lightning","Storm+1","Go for the Eyes","Hologram+1","Hologram+1","Loop","Fission+1","Streamline","Conserve Battery+1","Rebound","Redo+1","Hello World","White Noise+1","Leap+1","Forethought+1","Steam Power+1","Echo Form+1","CurseOfTheBell","Sweeping Beam+1","Capacitor+1","Parasite","Doom and Gloom+1","Fusion+1","Stack+1"],"relics":["Cracked Core","Toxic Egg 2","Symbiotic Virus","Boot","Darkstone Periapt","Bag of Marbles","Black Star","Oddly Smooth Stone","Mummified Hand","Bag of Preparation","Lantern","Calling Bell","Orichalcum","HornCleat","Gambling Chip","Smiling Mask","Sling"],"acts_visited":["Exordium","TheCity","TheBeyond"],"potions_floor_usage":[11,16,29,31,33,33,33,33,50,50],"damage_taken":[{"damage":1,"enemies":"Cultist","floor":1,"turns":4},{"damage":0,"enemies":"Small Slimes","floor":3,"turns":2},{"damage":2,"enemies":"Jaw Worm","floor":4,"turns":3},{"damage":8,"enemies":"Blue Slaver","floor":5,"turns":4},{"damage":30,"enemies":"3 Sentries","floor":7,"turns":7},{"damage":25,"enemies":"Gremlin Gang","floor":11,"turns":4},{"damage":12,"enemies":"Gremlin Nob","floor":13,"turns":3},{"damage":10,"enemies":"The Guardian","floor":16,"turns":9},{"damage":7,"enemies":"Chosen","floor":18,"turns":3},{"damage":14,"enemies":"Shell Parasite","floor":19,"turns":4},{"damage":18,"enemies":"3 Cultists","floor":20,"turns":5},{"damage":40,"enemies":"Centurion and Healer","floor":24,"turns":8},{"damage":29,"enemies":"Slavers","floor":29,"turns":3},{"damage":0,"enemies":"Cultist and Chosen","floor":31,"turns":5},{"damage":43,"enemies":"Automaton","floor":33,"turns":9},{"damage":0,"enemies":"Orb Walker","floor":35,"turns":4},{"damage":6,"enemies":"3 Shapes","floor":36,"turns":4},{"damage":0,"enemies":"Writhing Mass","floor":38,"turns":4},{"damage":10,"enemies":"Transient","floor":44,"turns":5},{"damage":10,"enemies":"Sphere and 2 Shapes","floor":45,"turns":4},{"damage":0,"enemies":"Jaw Worm Horde","floor":46,"turns":4},{"damage":19,"enemies":"Donu and Deca","floor":50,"turns":8}],"seed_played":"1456000204697880268","potions_obtained":[{"floor":5,"key":"DuplicationPotion"},{"floor":7,"key":"SneckoOil"},{"floor":11,"key":"EssenceOfSteel"},{"floor":13,"key":"FearPotion"},{"floor":16,"key":"Dexterity Potion"},{"floor":20,"key":"EntropicBrew"},{"floor":29,"key":"SkillPotion"},{"floor":31,"key":"Strength Potion"},{"floor":36,"key":"SneckoOil"},{"floor":41,"key":"AttackPotion"},{"floor":46,"key":"EssenceOfSteel"}],"is_trial":false,"path_per_floor":["M","?","M","M","M","R","E","R","T","?","M","?","E","T","R","B",null,"M","M","M","?","$","R","M","T","T","R","$","E","?","M","R","B",null,"M","M","$","M","$","R","?","R","T","M","M","M","R","$","R","B",null],"character_chosen":"DEFECT","items_purchased":["Redo+1","Hello World","Capacitor","Sling"],"campfire_rested":5,"item_purchase_floors":[22,22,37,48],"current_hp_per_floor":[81,86,86,84,76,76,46,46,46,46,21,42,30,30,56,46,87,80,66,48,48,48,74,34,34,34,60,60,31,19,19,45,2,93,93,87,87,93,93,93,93,93,93,83,73,73,73,73,99,80],"gold":4,"neow_bonus":"TEN_PERCENT_HP_BONUS","is_daily":false,"chose_seed":false,"campfire_upgraded":5,"win_rate":0.0,"timestamp":1610413392,"path_taken":["M","?","M","M","M","R","E","R","T","?","?","?","E","?","R","BOSS","M","M","?","?","$","R","M","?","T","R","?","E","?","M","R","BOSS","M","M","?","M","$","R","?","R","T","?","M","M","R","$","R","BOSS"],"items_purchased_type":["Card","Card","Card","Relic"],"build_version":"2020-12-22","purchased_purges":4,"victory":true,"max_hp_per_floor":[82,87,87,87,87,87,87,87,87,87,87,87,87,87,87,87,87,87,87,87,87,87,87,87,87,87,87,87,87,87,87,87,87,93,93,93,93,99,99,99,99,99,99,99,99,99,99,99,99,99],"card_choices":[{"not_picked":["Barrage","Coolheaded"],"picked":"Ball Lightning","floor":1},{"not_picked":["Aggregate","Turbo"],"picked":"Storm","floor":3},{"not_picked":["Steam","Auto Shields"],"picked":"Go for the Eyes","floor":4},{"not_picked":["Force Field","Skim","Storm"],"picked":"SKIP","floor":5},{"not_picked":["Storm","Reboot+1"],"picked":"Hologram+1","floor":7},{"not_picked":["Force Field+1","Gash"],"picked":"Hologram+1","floor":11},{"not_picked":["Ball Lightning","Steam+1"],"picked":"Loop","floor":13},{"not_picked":["Hyperbeam","Multi-Cast+1"],"picked":"Fission+1","floor":16},{"not_picked":["Beam Cell","Aggregate+1"],"picked":"Streamline","floor":18},{"not_picked":["Hologram+1","Hello World+1"],"picked":"Conserve Battery+1","floor":19},{"not_picked":["Scrape+1","Consume+1"],"picked":"Rebound","floor":20},{"not_picked":["BootSequence+1","Hologram+1"],"picked":"White Noise+1","floor":24},{"not_picked":["Fusion+1","Scrape"],"picked":"Leap+1","floor":29},{"not_picked":["Melter","Blizzard"],"picked":"Steam Power+1","floor":31},{"not_picked":["All For One","Meteor Strike"],"picked":"Echo Form","floor":33},{"not_picked":["Blizzard","Scrape+1","Ball Lightning+1"],"picked":"SKIP","floor":35},{"not_picked":["Gash","Barrage"],"picked":"Sweeping Beam+1","floor":36},{"not_picked":["Go for the Eyes","Steam+1"],"picked":"Doom and Gloom+1","floor":38},{"not_picked":["Beam Cell+1","Skim+1","Conserve Battery+1"],"picked":"SKIP","floor":44},{"not_picked":["Genetic Algorithm+1","Hello World"],"picked":"Fusion+1","floor":45},{"not_picked":["Ball Lightning","Sweeping Beam"],"picked":"Stack+1","floor":46}],"player_experience":342465,"relics_obtained":[{"floor":7,"key":"Toxic Egg 2"},{"floor":9,"key":"Symbiotic Virus"},{"floor":13,"key":"Darkstone Periapt"},{"floor":14,"key":"Bag of Marbles"},{"floor":25,"key":"Oddly Smooth Stone"},{"floor":26,"key":"Mummified Hand"},{"floor":29,"key":"Bag of Preparation"},{"floor":29,"key":"Lantern"},{"floor":34,"key":"Orichalcum"},{"floor":34,"key":"HornCleat"},{"floor":34,"key":"Gambling Chip"},{"floor":43,"key":"Smiling Mask"}],"event_choices":[{"damage_healed":0,"gold_gain":0,"player_choice":"Donut","damage_taken":0,"max_hp_gain":5,"max_hp_loss":0,"event_name":"Big Fish","floor":2,"gold_loss":0},{"damage_healed":0,"gold_gain":0,"player_choice":"Searched \u00272\u0027 times","damage_taken":0,"relics_obtained":["Boot"],"max_hp_gain":0,"max_hp_loss":0,"event_name":"Dead Adventurer","floor":10,"gold_loss":0},{"damage_healed":21,"gold_gain":0,"player_choice":"Healed","damage_taken":0,"max_hp_gain":0,"max_hp_loss":0,"event_name":"The Cleric","floor":12,"gold_loss":35},{"cards_removed":["Strike_B"],"damage_healed":0,"gold_gain":0,"player_choice":"Elegance","damage_taken":0,"max_hp_gain":0,"max_hp_loss":0,"event_name":"Back to Basics","floor":21,"gold_loss":0},{"damage_healed":0,"gold_gain":0,"player_choice":"CARD ","damage_taken":12,"max_hp_gain":0,"max_hp_loss":0,"event_name":"Knowing Skull","floor":30,"potions_obtained":[],"gold_loss":0,"cards_obtained":["Forethought"]},{"damage_healed":0,"gold_gain":0,"player_choice":"Got Potions","damage_taken":0,"max_hp_gain":0,"max_hp_loss":0,"event_name":"Lab","floor":41,"gold_loss":0}],"is_beta":false,"boss_relics":[{"not_picked":["Busted Crown","Philosopher\u0027s Stone"],"picked":"Black Star"},{"not_picked":["Sozu","Fusion Hammer"],"picked":"Calling Bell"}],"items_purged_floors":[22,28,37,48],"is_endless":false,"potions_floor_spawned":[5,7,11,13,16,18,20,29,31,36,45,46],"ascension_level":3}}