{"host":"91blwi3hgehj6ch9","time":1610468724,"event":{"mods":["2.2 Compatiblity","AchievementEnabler","BaseMod","Colored Map","DeckTracker","Keyboard Shortcuts","Minty Spire (QoL Compilation)","Permanent Neow","Quick Restart","StSLib","SuperFastMode"],"gold_per_floor":[118,118,118,143,143,143,158,196,245,270,309,324,668,681,681,811,811,826,513,438,438,490,526,526,70,96,127,150,171,206,331,331,462,525,538,195,195,218,218,257,320,351,374,374,415,415,415,434,434,434],"floor_reached":51,"playtime":2243,"items_purged":["Strike_P","Consecrate","WindmillStrike+1"],"score":1586,"play_id":"d243aebe-9178-43da-b517-42540a7256c8","local_time":"20210113012524","is_ascension_mode":true,"campfire_choices":[{"data":"SashWhip","floor":6.0,"key":"SMITH"},{"data":"Vigilance","floor":15.0,"key":"SMITH"},{"floor":24.0,"key":"REST"},{"data":"EmptyMind","floor":32.0,"key":"SMITH"},{"data":"Ragnarok","floor":44,"key":"SMITH"},{"data":"Enlightenment","floor":46,"key":"SMITH"},{"floor":49,"key":"RECALL"}],"circlet_count":0,"master_deck":["AscendersBane","Defend_P","Defend_P","Defend_P","Eruption+1","Vigilance+1","Omniscience+1","Judgement+1","Prostrate","SashWhip+1","WheelKick","EmptyMind+1","DeusExMachina","EmptyFist","Brilliance","Enlightenment+1","Vault","Tantrum","Prostrate+1","EmptyFist+1","Vault+1","Prostrate+1","Prostrate+1","Ragnarok+1","FearNoEvil+1","Prostrate+1"],"relics":["Astrolabe","Golden Idol","PreservedInsect","Lantern","Bronze Scales","Old Coin","VioletLotus","HandDrill","Smiling Mask","InkBottle","Frozen Egg 2","Blood Vial","Juzu Bracelet","Toxic Egg 2","Lizard Tail","Gremlin Horn","Tiny House","Toolbox","Bottled Lightning","FossilizedHelix","Vajra","The Courier"],"acts_visited":["Exordium","TheCity","TheBeyond"],"potions_floor_usage":[33,41,50],"damage_taken":[{"damage":0.0,"enemies":"Small Slimes","floor":1.0,"turns":3.0},{"damage":0.0,"enemies":"2 Louse","floor":4.0,"turns":1.0},{"damage":0.0,"enemies":"Jaw Worm","floor":7.0,"turns":3.0},{"damage":0.0,"enemies":"Gremlin Nob","floor":8.0,"turns":2.0},{"damage":0.0,"enemies":"Large Slime","floor":10.0,"turns":2.0},{"damage":6.0,"enemies":"Lagavulin","floor":11.0,"turns":4.0},{"damage":3.0,"enemies":"Blue Slaver","floor":12.0,"turns":2.0},{"damage":0.0,"enemies":"Gremlin Nob","floor":13.0,"turns":3.0},{"damage":0.0,"enemies":"Exordium Wildlife","floor":14.0,"turns":1.0},{"damage":28.0,"enemies":"The Guardian","floor":16.0,"turns":9.0},{"damage":21.0,"enemies":"Shell Parasite","floor":18.0,"turns":5.0},{"damage":13.0,"enemies":"Book of Stabbing","floor":23.0,"turns":4.0},{"damage":0.0,"enemies":"Gremlin Leader","floor":27.0,"turns":4.0},{"damage":9.0,"enemies":"2 Thieves","floor":28.0,"turns":3.0},{"damage":3.0,"enemies":"Chosen and Byrds","floor":29.0,"turns":5.0},{"damage":0.0,"enemies":"Slavers","floor":30.0,"turns":2.0},{"damage":10.0,"enemies":"Colosseum Slavers","floor":31.0,"turns":2.0},{"damage":0.0,"enemies":"Colosseum Nobs","floor":31.0,"turns":2.0},{"damage":30,"enemies":"Champ","floor":33,"turns":9},{"damage":4,"enemies":"Orb Walker","floor":35,"turns":4},{"damage":21,"enemies":"3 Shapes","floor":38,"turns":2},{"damage":0,"enemies":"Giant Head","floor":40,"turns":4},{"damage":0,"enemies":"Mind Bloom Boss Battle","floor":41,"turns":4},{"damage":0,"enemies":"Nemesis","floor":42,"turns":4},{"damage":0,"enemies":"Reptomancer","floor":45,"turns":2},{"damage":0,"enemies":"Maw","floor":48,"turns":6},{"damage":68,"enemies":"Time Eater","floor":50,"turns":6}],"seed_played":"-8574996934056336927","potions_obtained":[{"floor":1.0,"key":"GamblersBrew"},{"floor":4.0,"key":"Regen Potion"},{"floor":8.0,"key":"Block Potion"},{"floor":13.0,"key":"Weak Potion"},{"floor":23.0,"key":"StancePotion"},{"floor":27.0,"key":"DuplicationPotion"},{"floor":29.0,"key":"Fire Potion"},{"floor":33,"key":"StancePotion"},{"floor":34,"key":"Ambrosia"},{"floor":41,"key":"Swift Potion"}],"is_trial":false,"path_per_floor":["M","?","?","M","?","R","M","E","T","M","E","M","E","M","R","B",null,"M","$","?","?","T","E","R","$","T","E","M","M","E","?","R","B",null,"M","$","?","M","?","E","?","E","T","R","E","R","?","M","R","B",null],"character_chosen":"WATCHER","items_purchased":["HandDrill","Enlightenment","Frozen Egg 2","Vault","Toolbox","Ragnarok"],"campfire_rested":1,"item_purchase_floors":[19,19,25,25,36,36],"current_hp_per_floor":[65,65,70,70,56,56,56,56,56,56,50,47,47,47,47,19,59,38,38,38,38,38,37,58,58,58,60,53,52,54,48,48,20,64,62,62,62,43,67,67,67,67,67,67,67,67,64,64,64,32],"gold":434,"neow_bonus":"BOSS_RELIC","is_daily":false,"chose_seed":false,"campfire_upgraded":5,"win_rate":0.0,"timestamp":1610468724,"path_taken":["M","?","?","M","?","R","M","E","T","M","E","M","E","?","R","BOSS","M","$","?","?","?","E","R","$","T","E","M","M","E","?","R","BOSS","M","$","?","M","?","E","?","E","T","R","E","R","?","M","R","BOSS"],"items_purchased_type":["Relic","Card","Relic","Card","Relic","Card"],"build_version":"2020-12-22","purchased_purges":3,"victory":true,"max_hp_per_floor":[72,67,72,72,72,72,72,72,72,72,72,72,72,72,72,72,72,72,72,72,72,72,72,72,72,72,72,72,72,72,72,72,72,77,77,77,77,77,67,67,67,67,67,67,67,67,64,64,64,64],"card_choices":[{"not_picked":["Pray","FollowUp"],"picked":"Prostrate","floor":1.0},{"not_picked":["SandsOfTime","ThirdEye"],"picked":"SashWhip","floor":4.0},{"not_picked":["DeceiveReality","TalkToTheHand"],"picked":"FollowUp","floor":7.0},{"not_picked":["SpiritShield","ConjureBlade","Pray"],"picked":"SKIP","floor":8.0},{"not_picked":["Meditate","FlurryOfBlows"],"picked":"WheelKick","floor":10.0},{"not_picked":["FollowUp","Collect"],"picked":"EmptyMind","floor":11.0},{"not_picked":["FlyingSleeves","ClearTheMind"],"picked":"Consecrate","floor":12.0},{"not_picked":["Protect","Collect"],"picked":"DeusExMachina","floor":13.0},{"not_picked":["BowlingBash","Conclude"],"picked":"EmptyFist","floor":14.0},{"not_picked":["SpiritShield","MasterReality"],"picked":"Brilliance","floor":16.0},{"not_picked":["Wallop","BowlingBash","Halt+1"],"picked":"SKIP","floor":18.0},{"not_picked":["Halt","Perseverance","Crescendo+1"],"picked":"SKIP","floor":23.0},{"not_picked":["BowlingBash","SashWhip","SignatureMove+1"],"picked":"SKIP","floor":27.0},{"not_picked":["JustLucky","FollowUp+1","Meditate+1"],"picked":"SKIP","floor":28.0},{"not_picked":["Pray","Prostrate"],"picked":"Tantrum","floor":29.0},{"not_picked":["Consecrate","WheelKick+1"],"picked":"Prostrate+1","floor":30.0},{"not_picked":["FollowUp","ThirdEye+1"],"picked":"EmptyFist+1","floor":31.0},{"not_picked":["Establishment+1","ConjureBlade+1"],"picked":"Vault+1","floor":33},{"not_picked":["Halt+1","Swivel+1"],"picked":"Prostrate+1","floor":34},{"not_picked":["Crescendo+1","ClearTheMind+1"],"picked":"Prostrate+1","floor":35},{"not_picked":["PathToVictory+1","EmptyFist+1","Indignation+1"],"picked":"SKIP","floor":38},{"not_picked":["LessonLearned","Brilliance"],"picked":"FearNoEvil+1","floor":40},{"not_picked":["BattleHymn+1","Crescendo+1","Vengeance+1"],"picked":"SKIP","floor":42},{"not_picked":["JustLucky+1","Wallop+1"],"picked":"Prostrate+1","floor":45},{"not_picked":["JustLucky+1","LessonLearned","BattleHymn+1"],"picked":"SKIP","floor":48}],"player_experience":168259,"relics_obtained":[{"floor":8.0,"key":"PreservedInsect"},{"floor":9.0,"key":"Lantern"},{"floor":11.0,"key":"Bronze Scales"},{"floor":13.0,"key":"Old Coin"},{"floor":22.0,"key":"Smiling Mask"},{"floor":23.0,"key":"InkBottle"},{"floor":26.0,"key":"Blood Vial"},{"floor":27.0,"key":"Juzu Bracelet"},{"floor":30.0,"key":"Toxic Egg 2"},{"floor":31.0,"key":"Lizard Tail"},{"floor":31.0,"key":"Gremlin Horn"},{"floor":40,"key":"Bottled Lightning"},{"floor":41,"key":"FossilizedHelix"},{"floor":42,"key":"Vajra"},{"floor":45,"key":"The Courier"}],"event_choices":[{"damage_healed":0.0,"max_hp_gain":0.0,"max_hp_loss":5.0,"gold_gain":0.0,"event_name":"Golden Idol","player_choice":"Lose Max HP","floor":2.0,"gold_loss":0.0,"damage_taken":0.0,"relics_obtained":["Golden Idol"]},{"damage_healed":0.0,"max_hp_gain":5.0,"max_hp_loss":0.0,"gold_gain":0.0,"event_name":"Big Fish","player_choice":"Donut","floor":3.0,"gold_loss":0.0,"damage_taken":0.0},{"damage_healed":0.0,"max_hp_gain":0.0,"max_hp_loss":0.0,"gold_gain":0.0,"event_name":"Shining Light","player_choice":"Entered Light","floor":5.0,"gold_loss":0.0,"damage_taken":14.0,"cards_upgraded":["Strike_P","Eruption"]},{"cards_removed":["Strike_P"],"damage_healed":0.0,"max_hp_gain":0.0,"max_hp_loss":0.0,"gold_gain":0.0,"event_name":"Beggar","player_choice":"Gave Gold","floor":20.0,"gold_loss":75.0,"damage_taken":0.0},{"damage_healed":0.0,"max_hp_gain":0.0,"max_hp_loss":0.0,"gold_gain":0.0,"event_name":"Vampires","player_choice":"Ignored","floor":21.0,"gold_loss":0.0,"damage_taken":0.0},{"damage_healed":0.0,"max_hp_gain":0.0,"max_hp_loss":0.0,"gold_gain":0.0,"event_name":"Colosseum","player_choice":"Fight","floor":31.0,"gold_loss":0.0,"damage_taken":0.0},{"damage_healed":0.0,"max_hp_gain":0.0,"max_hp_loss":0.0,"gold_gain":0.0,"event_name":"Colosseum","player_choice":"Fought Nobs","floor":31.0,"gold_loss":0.0,"damage_taken":0.0},{"cards_removed":["FollowUp"],"damage_healed":0,"gold_gain":0,"player_choice":"Removed Attack","damage_taken":0,"max_hp_gain":0,"max_hp_loss":0,"event_name":"Falling","floor":37,"gold_loss":0},{"damage_healed":67,"gold_gain":0,"player_choice":"Heal","damage_taken":0,"max_hp_gain":0,"max_hp_loss":10,"event_name":"The Moai Head","floor":39,"gold_loss":0},{"damage_healed":0,"gold_gain":0,"player_choice":"Fight","damage_taken":0,"max_hp_gain":0,"max_hp_loss":0,"event_name":"MindBloom","floor":41,"gold_loss":0},{"damage_healed":0,"gold_gain":0,"player_choice":"Max HP","damage_taken":0,"max_hp_gain":0,"max_hp_loss":3,"event_name":"Winding Halls","floor":47,"gold_loss":0}],"is_beta":false,"boss_relics":[{"not_picked":["Coffee Dripper","Busted Crown"],"picked":"VioletLotus"},{"not_picked":["Sozu","Calling Bell"],"picked":"Tiny House"}],"items_purged_floors":[19,25,36],"is_endless":false,"potions_floor_spawned":[1,4,8,13,14,16,23,27,29,30,33,40,41,45],"ascension_level":11}}