{"host":"95i1gxnztdrdyvhi","time":1610489484,"event":{"mods":["AchievementEnabler","Act Like it!","BaseMod","Minty Spire (QoL Compilation)","Quick Restart","StSLib","Yakumo Yukari mod"],"gold_per_floor":[130,142,30,105,105,120,138,163,208,283,283,283],"floor_reached":11,"language":"ENG","playtime":556,"items_purged":[],"score":73,"play_id":"a8c3d6ce-b321-4f63-a1b5-d27e4cc30377","local_time":"20210112221124","is_ascension_mode":false,"campfire_choices":[],"circlet_count":0,"master_deck":["AT_purpleEX","AT_purpleEX","AT_purpleEX","AT_purpleEX","Defend_purpleEX","Defend_purpleEX","Defend_purpleEX","Defend_purpleEX","Observe_purple_1","Observe_purple_2","ExistenceContinue_purple","DimensionStaggered_purple","MonsterNeedle_purple","CommonSense_AntiCommonSense_purple"],"relics":["Boundary_crack","Memoryfragments_purpleEX","NeowsBlessing","Kunai","Bronze Scales"],"acts_visited":["Exordium"],"potions_floor_usage":[],"damage_taken":[{"damage":0,"enemies":"Cultist","floor":1,"turns":1},{"damage":0,"enemies":"Small Slimes","floor":2,"turns":1},{"damage":0,"enemies":"2 Louse","floor":6,"turns":1},{"damage":12,"enemies":"Lots of Slimes","floor":7,"turns":6},{"damage":32,"enemies":"3 Sentries","floor":8,"turns":12},{"damage":15,"enemies":"Lagavulin","floor":11,"turns":7}],"seed_played":"-7222660270419414760","potions_obtained":[{"floor":7,"key":"Fire Potion"}],"is_trial":false,"path_per_floor":["M","M","$","?","?","M","M","E","T","?","E"],"character_chosen":"Youkari","items_purchased":["MonsterNeedle_purple","CommonSense_AntiCommonSense_purple"],"campfire_rested":0,"item_purchase_floors":[3,3],"current_hp_per_floor":[70,70,70,59,59,60,49,22,22,15,0,0],"gold":283,"neow_bonus":"THREE_ENEMY_KILL","is_daily":false,"chose_seed":false,"campfire_upgraded":0,"win_rate":0.0,"timestamp":1610489484,"path_taken":["M","?","$","?","?","?","?","E","T","?","E"],"items_purchased_type":["Card","Card"],"build_version":"2020-12-22","purchased_purges":0,"victory":false,"max_hp_per_floor":[70,70,70,70,70,70,70,70,70,70,70,70],"card_choices":[{"not_picked":["Umbrella_purple","Worldmountain_purple"],"picked":"ExistenceContinue_purple","floor":1},{"not_picked":["RuleDissolution_purple","Bait_HighSpeedFlying_purple"],"picked":"DimensionStaggered_purple","floor":2},{"not_picked":["PositiveMatter_Antimatter_Universe_purple","Boundary_DreamRealityDamnation_purple","ExistenceContinue_purple"],"picked":"SKIP","floor":6},{"not_picked":["Extrememeaning_purpleEX","Charmbait_purple","Nest_LightFlightworm_purple"],"picked":"SKIP","floor":7},{"not_picked":["WatchEChange_purple","OmniscientAndOmnipotent_Monster_purple","OpenedBox_purple"],"picked":"SKIP","floor":8}],"player_experience":636783,"relics_obtained":[{"floor":8,"key":"Kunai"},{"floor":9,"key":"Bronze Scales"}],"event_choices":[{"damage_healed":0,"gold_gain":75,"player_choice":"Gather Gold","damage_taken":11,"max_hp_gain":0,"max_hp_loss":0,"event_name":"World of Goop","floor":4,"gold_loss":0},{"damage_healed":0,"gold_gain":0,"player_choice":"Bought 0 Potions","damage_taken":0,"max_hp_gain":0,"max_hp_loss":0,"event_name":"The Woman in Blue","floor":5,"gold_loss":0},{"damage_healed":0,"gold_gain":75,"player_choice":"Touch","damage_taken":7,"max_hp_gain":0,"max_hp_loss":0,"event_name":"FaceTrader","floor":10,"gold_loss":0}],"is_beta":false,"boss_relics":[],"items_purged_floors":[],"is_endless":false,"potions_floor_spawned":[7],"killed_by":"Lagavulin","ascension_level":0}}