{"host":"sav7uxregyirlf69","time":1610449400,"event":{"mods":["AchievementEnabler","BaseMod","Colored Map","DeckTracker","Keyboard Shortcuts","Minty Spire (QoL Compilation)","READ ME - Guardian Mod","StSLib","SuperFastMode"],"gold_per_floor":[20,70,87,98,111,111,122,122,200,200,125,85,118,43,43,43,43],"floor_reached":16,"playtime":222,"items_purged":["Defend_R"],"score":200,"play_id":"b8ac4684-ec4f-484d-8fc6-7575ce0e8f44","local_time":"20210112200320","is_ascension_mode":true,"campfire_choices":[{"data":"Fire Breathing","floor":6,"key":"SMITH"},{"data":"Entrench","floor":8,"key":"SMITH"},{"floor":10,"key":"REST"},{"data":"Power Through","floor":15,"key":"SMITH"}],"circlet_count":0,"master_deck":["AscendersBane","Strike_R","Strike_R","Strike_R","Strike_R","Defend_R","Defend_R","Defend_R","Bash","Entrench+1","Fire Breathing+1","Pommel Strike","Power Through+1","Shrug It Off"],"relics":["Burning Blood","Calipers","Self Forming Clay","Dead Branch"],"acts_visited":["Exordium"],"potions_floor_usage":[16],"damage_taken":[{"damage":9,"enemies":"Jaw Worm","floor":1,"turns":4},{"damage":1,"enemies":"Cultist","floor":3,"turns":3},{"damage":9,"enemies":"Small Slimes","floor":4,"turns":4},{"damage":39,"enemies":"Red Slaver","floor":5,"turns":6},{"damage":16,"enemies":"Large Slime","floor":7,"turns":5},{"damage":1,"enemies":"Looter","floor":12,"turns":4},{"damage":50,"enemies":"Gremlin Nob","floor":13,"turns":5},{"damage":8,"enemies":"Hexaghost","floor":16,"turns":9}],"seed_played":"-251253250749023703","potions_obtained":[{"floor":1,"key":"EssenceOfSteel"},{"floor":7,"key":"Strength Potion"}],"is_trial":false,"path_per_floor":["M","?","M","M","M","R","M","R","T","R","?","M","E","$","R","B"],"character_chosen":"IRONCLAD","items_purchased":[],"campfire_rested":1,"item_purchase_floors":[],"current_hp_per_floor":[65,65,70,67,34,34,24,24,24,46,46,51,7,7,7,0,0],"gold":43,"neow_bonus":"ONE_RARE_RELIC","is_daily":false,"chose_seed":false,"campfire_upgraded":3,"win_rate":0.0,"timestamp":1610449400,"path_taken":["M","?","M","M","M","R","?","R","T","R","?","M","E","?","R","BOSS"],"items_purchased_type":[],"build_version":"2020-12-22","purchased_purges":1,"victory":false,"max_hp_per_floor":[75,75,75,75,75,75,75,75,75,75,75,75,75,75,75,75,75],"card_choices":[{"not_picked":["Rampage","Clothesline"],"picked":"Entrench","floor":1},{"not_picked":["Armaments","Metallicize"],"picked":"Fire Breathing","floor":3},{"not_picked":["Headbutt","Thunderclap","Cleave"],"picked":"SKIP","floor":4},{"not_picked":["Anger","Infernal Blade"],"picked":"Pommel Strike","floor":5},{"not_picked":["Sentinel","Havoc","Thunderclap"],"picked":"SKIP","floor":7},{"not_picked":["Spot Weakness","Twin Strike"],"picked":"Power Through","floor":12},{"not_picked":["Seeing Red","Clash"],"picked":"Shrug It Off","floor":13}],"player_experience":1262912,"relics_obtained":[{"floor":9,"key":"Self Forming Clay"},{"floor":13,"key":"Dead Branch"}],"event_choices":[{"damage_healed":0,"gold_gain":50,"player_choice":"Pray","damage_taken":0,"max_hp_gain":0,"max_hp_loss":0,"event_name":"Golden Shrine","floor":2,"gold_loss":0},{"cards_removed":["Strike_R"],"damage_healed":0,"gold_gain":0,"player_choice":"Card Removal","damage_taken":0,"max_hp_gain":0,"max_hp_loss":0,"event_name":"The Cleric","floor":11,"gold_loss":75}],"is_beta":false,"boss_relics":[],"items_purged_floors":[14],"is_endless":false,"potions_floor_spawned":[1,7,13],"killed_by":"Hexaghost","ascension_level":20}}