{"host":"jkrqlov8aogccnw1","time":1610447474,"event":{"mods":["BaseMod","Colored Map","Colored Powertips","Downfall","GifTheSpireLib","Minty Spire (QoL Compilation)","Permanent Neow","Rare Cards Sparkle","Relic Filter","StSLib"],"gold_per_floor":[199,218,46,57,57,57,57,113,13,29,43,43,76,103,125,137,137],"floor_reached":16,"playtime":821,"items_purged":[],"score":102,"play_id":"358ec039-6caa-4031-b3b3-32dbf02d55a2","local_time":"20210112053114","is_ascension_mode":false,"campfire_choices":[{"data":"sneckomod:Unknown","floor":1,"key":"SMITH"},{"data":"sneckomod:Unknown","floor":6,"key":"SMITH"},{"data":"sneckomod:WideSting","floor":9,"key":"SMITH"}],"circlet_count":0,"master_deck":["sneckomod:Strike","sneckomod:Strike","sneckomod:Strike","sneckomod:Defend","sneckomod:Defend","sneckomod:Defend","sneckomod:TailWhip","sneckomod:SnekBite","sneckomod:Unknown+1","sneckomod:Unknown+1","sneckomod:DiceCrush","sneckomod:DiceBlock","sneckomod:UnlimitedRolls","sneckomod:UnknownUncommonPower+1","sneckomod:WideSting+1","sneckomod:UnknownUncommonSkill","sneckomod:IronFang","sneckomod:Unknown0Cost","sneckomod:Unknown2Cost","sneckomod:SlitherStrike"],"relics":["sneckomod:SneckoSoul","Blood Vial","downfall:HeartBlessingBlue","Sundial","MawBank"],"acts_visited":["Exordium"],"potions_floor_usage":[16,16,16],"damage_taken":[{"damage":0,"enemies":"Small Slimes","floor":2,"turns":2},{"damage":5,"enemies":"downfall:FleeingMerchant","floor":3,"turns":4},{"damage":10,"enemies":"Jaw Worm","floor":4,"turns":4},{"damage":33,"enemies":"3 Sentries","floor":8,"turns":8},{"damage":0,"enemies":"Cultist","floor":10,"turns":3},{"damage":31,"enemies":"2 Fungi Beasts","floor":11,"turns":4},{"damage":5,"enemies":"3 Sentries","floor":13,"turns":9},{"damage":0,"enemies":"Large Slime","floor":14,"turns":4},{"damage":0,"enemies":"Exordium Wildlife","floor":15,"turns":3},{"damage":55,"enemies":"downfall:Defect","floor":16,"turns":6}],"seed_played":"-2014298415687497836","potions_obtained":[{"floor":8,"key":"Slimebound:ThreeZeroPotion"},{"floor":10,"key":"DistilledChaos"},{"floor":11,"key":"champ:CounterPotion"}],"is_trial":false,"path_per_floor":["R","M","$","M","?","R","T","?","R","M","M","T","E","M","M","B"],"character_chosen":"THE_SNECKO","items_purchased":["sneckomod:UnlimitedRolls"],"campfire_rested":0,"item_purchase_floors":[3],"current_hp_per_floor":[90,90,85,75,75,75,75,42,52,54,35,35,32,34,36,0,0],"gold":137,"neow_bonus":"HUNDRED_GOLD","is_daily":false,"chose_seed":false,"campfire_upgraded":3,"win_rate":0.0,"timestamp":1610447474,"path_taken":["R","M","$","M","?","R","T","?","R","M","M","?","E","?","M","BOSS"],"items_purchased_type":["Card"],"build_version":"2020-12-22","purchased_purges":0,"victory":false,"max_hp_per_floor":[90,90,90,90,90,90,90,90,100,100,100,100,100,100,100,100,100],"card_choices":[{"not_picked":["sneckomod:IronFang","sneckomod:Nope"],"picked":"sneckomod:DiceCrush","floor":2},{"not_picked":["sneckomod:SoulRoll","sneckomod:QuickBite"],"picked":"sneckomod:DiceBlock","floor":3},{"not_picked":["sneckomod:UnknownUncommonSkill","sneckomod:ImprovisedGuard"],"picked":"sneckomod:UnknownUncommonPower","floor":4},{"not_picked":["sneckomod:DefensiveFlair","sneckomod:DangerNoodle"],"picked":"sneckomod:WideSting","floor":8},{"not_picked":["sneckomod:UnknownDraw","sneckomod:IronFang"],"picked":"sneckomod:UnknownUncommonSkill","floor":10},{"not_picked":["sneckomod:UnknownUncommonPower","sneckomod:UnknownUncommonSkill"],"picked":"sneckomod:IronFang","floor":11},{"not_picked":["sneckomod:UnknownUncommonSkill","sneckomod:SoulDraw"],"picked":"sneckomod:Unknown0Cost","floor":13},{"not_picked":["sneckomod:UnknownBlock","sneckomod:Unknown0Cost"],"picked":"sneckomod:Unknown2Cost","floor":14},{"not_picked":["sneckomod:WideSting","sneckomod:UnknownDraw"],"picked":"sneckomod:SlitherStrike","floor":15}],"player_experience":299753,"relics_obtained":[{"floor":8,"key":"Blood Vial"},{"floor":12,"key":"Sundial"},{"floor":13,"key":"MawBank"}],"event_choices":[{"damage_healed":0,"gold_gain":0,"player_choice":"Grow","damage_taken":0,"max_hp_gain":0,"max_hp_loss":0,"event_name":"Living Wall","floor":5,"gold_loss":0,"cards_upgraded":["sneckomod:UnknownUncommonPower"]}],"is_beta":false,"boss_relics":[],"items_purged_floors":[],"is_endless":false,"potions_floor_spawned":[8,10,11,13,15],"killed_by":"downfall:Defect","ascension_level":0}}