{"host":"gzsdmyo07u314vug","time":1610416711,"event":{"mods":["2.2 Compatiblity","BaseMod","Downfall","GifTheSpireLib","Minty Spire (QoL Compilation)","Quick Restart","Rare Cards Sparkle","Relic Stats","Replay The Spire","Robot Space Explorer","Shop Mod","StSLib","The Bug Knight","The Construct","The Elementalist","The IronCluck","The Marked","The Servant 0.9.4","Unceasing Turn Reminder","everything is the same but u backflip on backflip","slay the spire mod where everything is the same but ironclad has a cowboy hat","vexMod"],"gold_per_floor":[99,110,110,124,59,118,145,52,52,52,52,74,74,90,102,200,200,200,214,53,65,82,82,82,97,122,140,140,277,277,277,367,546,546,546,596,654,711,567,492,492,542,281,281,281,281],"floor_reached":44,"playtime":4144,"items_purged":["Slimebound:Strike_Slimebound","Slimebound:Strike_Slimebound","Slimebound:Tackle"],"score":506,"play_id":"44fbfb96-7a9d-497e-bb23-ebb127845614","local_time":"20210111225831","is_ascension_mode":true,"campfire_choices":[{"data":"Slimebound:Split","floor":1,"key":"SMITH"},{"data":"ReplayTheSpireMod:Necrogeddon","floor":10,"key":"SMITH"},{"data":"Slimebound:Recycling","floor":18,"key":"SMITH"},{"data":"Slimebound:MegaLick","floor":23,"key":"SMITH"},{"data":"Slimebound:SamplingLick","floor":30,"key":"SMITH"},{"floor":35,"key":"RECALL"},{"data":"1","floor":40,"key":"LIFT"}],"circlet_count":0,"master_deck":["Slimebound:Defend_Slimebound","Slimebound:Defend_Slimebound","Slimebound:Defend_Slimebound","Slimebound:Defend_Slimebound","Slimebound:Split+1","Slimebound:CorrosiveSpit","ReplayTheSpireMod:Necrogeddon+1","Slimebound:HungryTackle","Slimebound:Gluttony","Slimebound:SlimeTap","Slimebound:SplitMire","Slimebound:Gluttony","Slimebound:MegaLick+1","Slimebound:WasteNot","Slimebound:MegaLick+1","Slimebound:SamplingLick+1","Slimebound:Recycling+1","Slimebound:PressTheAttack","Slimebound:ItLooksTasty","Slimebound:ViciousTackle+1","Slimebound:LeechingTouch","Slimebound:SlimeSpikes+1","RitualDagger+1","Slimebound:WasteNot","Mayhem+1","Slimebound:LeechLife"],"relics":["Slimebound:AbsorbEndCombatUpgraded","vexMod:RedPlottingStone","Happy Flower","Odd Mushroom","ReplayTheSpireMod:Ninjato","Frozen Egg 2","downfall:KnowingSkull","Runic Pyramid","Girya","downfall:HeartBlessingRed"],"acts_visited":["Exordium","TheCity","TheBeyond"],"potions_floor_usage":[6,20,21,26,29,32,33,37,38,38,38,39,44],"damage_taken":[{"damage":15,"enemies":"Jaw Worm","floor":2,"turns":3},{"damage":24,"enemies":"Small Slimes","floor":4,"turns":4},{"damage":18,"enemies":"downfall:FleeingMerchant","floor":5,"turns":4},{"damage":31,"enemies":"3 Sentries","floor":6,"turns":5},{"damage":28,"enemies":"downfall:FleeingMerchant","floor":8,"turns":4},{"damage":43,"enemies":"The Mushroom Lair","floor":12,"turns":4},{"damage":0,"enemies":"Cultist","floor":13,"turns":1},{"damage":12,"enemies":"Exordium Wildlife","floor":14,"turns":3},{"damage":27,"enemies":"Exordium Thugs","floor":15,"turns":4},{"damage":63,"enemies":"downfall:Defect","floor":16,"turns":6},{"damage":51,"enemies":"3 Byrds","floor":19,"turns":5},{"damage":18,"enemies":"downfall:FleeingMerchant","floor":20,"turns":4},{"damage":24,"enemies":"Chosen","floor":21,"turns":2},{"damage":31,"enemies":"Snake Plant","floor":22,"turns":4},{"damage":28,"enemies":"Chosen and Byrds","floor":25,"turns":5},{"damage":59,"enemies":"Gremlin Leader","floor":26,"turns":5},{"damage":35,"enemies":"3 Cultists","floor":27,"turns":3},{"damage":33,"enemies":"Centurion and Healer","floor":29,"turns":4},{"damage":38,"enemies":"Chosen and Byrds","floor":32,"turns":5},{"damage":51,"enemies":"downfall:Watcher","floor":33,"turns":7},{"damage":13,"enemies":"3 Shapes","floor":36,"turns":3},{"damage":42,"enemies":"3 Darklings","floor":37,"turns":5},{"damage":67,"enemies":"Jaw Worm Horde","floor":38,"turns":4},{"damage":29,"enemies":"downfall:FleeingMerchant","floor":39,"turns":4},{"damage":71,"enemies":"Nemesis","floor":44,"turns":2}],"seed_played":"-1493830455906876241","potions_obtained":[{"floor":4,"key":"Slimebound:SlimedPotion"},{"floor":6,"key":"Venom Potion"},{"floor":15,"key":"Ancient Potion"},{"floor":16,"key":"Cursed Concoction"},{"floor":22,"key":"Reflective Coating"},{"floor":27,"key":"Block Potion"},{"floor":29,"key":"ColorlessPotion"},{"floor":31,"key":"CultistPotion"},{"floor":32,"key":"sneckomod:MuddlingPotion"},{"floor":36,"key":"LifebloodPotion"}],"is_trial":false,"path_per_floor":["R","M","?","M","$","?","T","$","?","R","?","?","M","M","M","B",null,"R","M","$","M","M","R","T","M","E","M","?","M","R","?","M","B",null,"R","M","M","M","$","R","T","?","$","E"],"character_chosen":"SLIMEBOUND","items_purchased":["Slimebound:SplitMire","Slimebound:Gluttony","Slimebound:ItLooksTasty","Girya","Mayhem+1","Slimebound:LeechLife"],"campfire_rested":0,"item_purchase_floors":[5,8,20,39,39,43],"current_hp_per_floor":[54,54,54,49,54,54,54,54,54,54,54,39,39,51,51,40,54,54,54,54,54,39,39,39,41,46,54,48,54,54,54,44,54,54,54,54,54,23,42,42,42,42,42,0,0,0],"gold":281,"neow_bonus":"RANDOM_COLORLESS_2","is_daily":false,"chose_seed":false,"campfire_upgraded":5,"win_rate":0.0,"timestamp":1610416711,"path_taken":["R","M","?","M","$","?","T","$","?","R","?","?","M","M","M","BOSS","R","M","$","M","M","R","T","M","E","M","?","?","R","?","M","BOSS","R","M","M","M","$","R","T","?","$","E"],"items_purchased_type":["Card","Card","Card","Relic","Card","Card"],"build_version":"2020-12-22","purchased_purges":3,"victory":false,"max_hp_per_floor":[54,54,54,54,54,54,54,54,54,54,54,54,54,54,54,54,54,54,54,54,54,54,54,54,54,54,54,54,54,54,54,54,54,54,54,54,54,54,54,54,54,54,54,54,54,54],"relic_stats":{"Happy Flower":[28],"counters":[25,98],"obtain_stats":[{"Girya":39,"downfall:BrokenWingStatue":3,"ReplayTheSpireMod:Ninjato":24,"Happy Flower":7,"downfall:HeartBlessingRed":40,"vexMod:RedPlottingStone":6,"downfall:KnowingSkull":28,"Slimebound:AbsorbEndCombat":0,"Odd Mushroom":12,"Frozen Egg 2":26,"Slimebound:AbsorbEndCombatUpgraded":17,"Runic Pyramid":34},{"Girya":24,"downfall:BrokenWingStatue":1,"ReplayTheSpireMod:Ninjato":14,"Happy Flower":4,"downfall:HeartBlessingRed":24,"vexMod:RedPlottingStone":4,"downfall:KnowingSkull":17,"Slimebound:AbsorbEndCombat":0,"Odd Mushroom":6,"Frozen Egg 2":16,"Slimebound:AbsorbEndCombatUpgraded":10,"Runic Pyramid":20},{"Girya":96,"downfall:BrokenWingStatue":3,"ReplayTheSpireMod:Ninjato":52,"Happy Flower":15,"downfall:HeartBlessingRed":96,"vexMod:RedPlottingStone":15,"downfall:KnowingSkull":64,"Slimebound:AbsorbEndCombat":0,"Odd Mushroom":23,"Frozen Egg 2":61,"Slimebound:AbsorbEndCombatUpgraded":37,"Runic Pyramid":80}]},"card_choices":[{"not_picked":["Poisoned Strike","Midas Touch"],"picked":"ReplayTheSpireMod:Necrogeddon","floor":0},{"not_picked":["Slimebound:SplitAcid","Slimebound:SlimeSpikes"],"picked":"Slimebound:HungryTackle","floor":2},{"not_picked":["Slimebound:LeechEnergy","Slimebound:Chomp"],"picked":"Slimebound:Gluttony","floor":4},{"not_picked":["Slimebound:RollThrough","Slimebound:HungryTackle"],"picked":"Slimebound:SlimeTap","floor":5},{"not_picked":["Slimebound:SplitBruiser","Slimebound:LeechEnergy"],"picked":"Slimebound:HauntingLick","floor":6},{"not_picked":["Slimebound:FinishingTackle","Slimebound:SplitBruiser","Slimebound:SplitAcid"],"picked":"SKIP","floor":8},{"not_picked":["Slimebound:HungryTackle","Slimebound:Grow"],"picked":"Slimebound:WasteNot","floor":13},{"not_picked":["Slimebound:SplitAcid","Slimebound:RollThrough"],"picked":"Slimebound:MegaLick","floor":14},{"not_picked":["Slimebound:SlimeTap","Slimebound:LeechEnergy"],"picked":"Slimebound:SamplingLick","floor":15},{"not_picked":["Slimebound:OneTwoCombo","Slimebound:MassFeed"],"picked":"Slimebound:Recycling","floor":16},{"not_picked":["Slimebound:SplitLeeching+1","Slimebound:FinishingTackle"],"picked":"Slimebound:PressTheAttack","floor":19},{"not_picked":["Slimebound:SamplingLick","Slimebound:FirmFortitude","Slimebound:ForwardTackle"],"picked":"SKIP","floor":20},{"not_picked":["Slimebound:SplitLeeching","Slimebound:ProtectTheBoss+1"],"picked":"Slimebound:ViciousTackle+1","floor":21},{"not_picked":["Slimebound:Replication","Slimebound:GoopTackle+1","Slimebound:Equalize"],"picked":"SKIP","floor":22},{"not_picked":["Slimebound:Nibble","Slimebound:MegaLick"],"picked":"Slimebound:LeechingTouch","floor":25},{"not_picked":["Slimebound:Schlurp","Slimebound:GrowthPunch+1"],"picked":"Slimebound:SlimeSpikes+1","floor":26},{"not_picked":["Slimebound:GoopTackle","Slimebound:Equalize+1","Slimebound:SlimeTap"],"picked":"SKIP","floor":27},{"not_picked":["Slimebound:FirmFortitude+1","Slimebound:SplitBruiser","Slimebound:RainOfGoop"],"picked":"SKIP","floor":29},{"not_picked":["Slimebound:ViciousTackle","Slimebound:FinishingTackle+1","Slimebound:GrowthPunch"],"picked":"SKIP","floor":32},{"not_picked":["Slimebound:Teamwork","Slimebound:DouseInSlime"],"picked":"Slimebound:WasteNot","floor":33},{"not_picked":["Slimebound:Schlurp","Slimebound:RejuvenatingLick","Slimebound:SamplingLick"],"picked":"SKIP","floor":36},{"not_picked":["Slimebound:Nibble+1","Slimebound:ItLooksTasty+1","Slimebound:SlimeBrawl+1"],"picked":"SKIP","floor":37},{"not_picked":["Slimebound:PressTheAttack","Slimebound:LevelUp+1","Slimebound:GoopSpray"],"picked":"SKIP","floor":38},{"not_picked":["Slimebound:ComboTackle+1","Slimebound:GoopSpray+1","Slimebound:GoopTackle"],"picked":"SKIP","floor":39}],"player_experience":715144,"relics_obtained":[{"floor":6,"key":"vexMod:RedPlottingStone"},{"floor":7,"key":"Happy Flower"},{"floor":12,"key":"Odd Mushroom"},{"floor":24,"key":"ReplayTheSpireMod:Ninjato"},{"floor":26,"key":"Frozen Egg 2"}],"event_choices":[{"damage_healed":0,"gold_gain":0,"player_choice":"Fought Mushrooms","damage_taken":0,"max_hp_gain":0,"max_hp_loss":0,"event_name":"Mushrooms","floor":12,"gold_loss":0}],"is_beta":false,"boss_relics":[{"not_picked":["vexMod:MysteryBossChallenge","vexMod:TanglingVine"],"picked":"Slimebound:AbsorbEndCombatUpgraded"},{"not_picked":["Ring of Chaos","Pandora\u0027s Box"],"picked":"Runic Pyramid"}],"items_purged_floors":[20,39,43],"is_endless":false,"potions_floor_spawned":[4,6,15,16,19,22,27,29,32,36],"killed_by":"Nemesis","ascension_level":3}}