{"host":"1sqx9dmsrxu9kvq7","time":1610438178,"event":{"mods":["2.2 Compatiblity","Act Like it!","BaseMod","CapriCore","Colored Powertips","Custom Start","Friendly Minions","Gensokyo","Highlight Path","Koishi","KomeijiMod","Marisa（霧雨　魔理沙）","Minty Spire (QoL Compilation)","Quick Restart","Rare Cards Sparkle","Reimu（博??梦）","Relic Stats","Remilia（蕾米莉?）","Shop Mod","Spicy Shops","StSLib","The Administrix","The Immortal","The Servant 0.9.4","Waifu the Spire","Yakumo Yukari mod","Youmu（魂魄妖梦）","Yuyuko"],"gold_per_floor":[118,133,133,147,26,26,41,41,65,65,65,83,97,130,130,232,232,247,263,273,287,287,287],"floor_reached":22,"playtime":1540,"items_purged":[],"score":215,"play_id":"72fef7db-ca2f-4dab-b672-00e04dfed0da","local_time":"20210112015618","is_ascension_mode":false,"campfire_choices":[{"floor":6,"key":"RECALL"},{"data":"SpringWay:ReiMu","floor":10,"key":"SMITH"},{"floor":15,"key":"REST"}],"circlet_count":0,"master_deck":["Strike_Lin:ReiMu","Strike_Lin:ReiMu","Strike_Lin:ReiMu","Strike_Lin:ReiMu","Defend_Lin:ReiMu","Defend_Lin:ReiMu","Defend_Lin:ReiMu","Defend_Lin:ReiMu","NB:ReiMu+1","Stagnation:ReiMu","SpringWay:ReiMu+1","SubcavityInstant:ReiMu","SpreadBorder2:ReiMu","SubAcupoint:ReiMu","CareerPray:ReiMu","ShadowOfCrow2:ReiMu","RainPray2:ReiMu","KamiRite:ReiMu","ForcedLanding:ReiMu+1","TightArray:ReiMu+1","Gathering:ReiMu","YinYangSign:ReiMu"],"relics":["FlyPower:ReiMu","Gensokyo:CelestialsFlawlessClothing","Bronze Scales","Unceasing Top","Pen Nib","RedLine:ReiMu"],"acts_visited":["Gensokyo:Gensokyo","Gensokyo:Gensokyoer"],"potions_floor_usage":[],"damage_taken":[{"damage":0,"enemies":"Gensokyo:3_Fairies","floor":1,"turns":6},{"damage":1,"enemies":"Gensokyo:2_Kodama","floor":2,"turns":5},{"damage":1,"enemies":"Gensokyo:Gryphon","floor":4,"turns":4},{"damage":23,"enemies":"Gensokyo:Python_and_Kodama","floor":7,"turns":8},{"damage":16,"enemies":"Gensokyo:3_Kodama","floor":12,"turns":7},{"damage":7,"enemies":"Gensokyo:Gryphon_and_Rabbit","floor":13,"turns":5},{"damage":0,"enemies":"Gensokyo:Mamizou","floor":14,"turns":10},{"damage":19,"enemies":"Gensokyo:Kokoro","floor":16,"turns":11},{"damage":7,"enemies":"Gensokyo:AngelMirror","floor":18,"turns":5},{"damage":14,"enemies":"Gensokyo:Chomper","floor":19,"turns":5},{"damage":7,"enemies":"Gensokyo:Wraith","floor":20,"turns":3},{"damage":16,"enemies":"Gensokyo:Chomper_and_Gloop","floor":21,"turns":5},{"damage":86,"enemies":"Gensokyo:3_Gloops","floor":22,"turns":6}],"seed_played":"8128368341189815407","potions_obtained":[{"floor":2,"key":"DistilledChaos"},{"floor":4,"key":"LiquidFlight:ReiMu"},{"floor":13,"key":"DistilledChaos"},{"floor":21,"key":"DuplicationPotion"}],"is_trial":false,"path_per_floor":["M","M","?","M","COS","R","M","?","T","R","?","M","M","E","R","B",null,"M","M","M","M","M"],"character_chosen":"REIMU","items_purchased":[],"campfire_rested":1,"item_purchase_floors":[],"current_hp_per_floor":[65,64,48,47,47,47,24,44,44,44,59,43,36,36,55,36,65,58,44,37,21,0,0],"gold":287,"neow_bonus":"UPGRADE_CARD","is_daily":false,"chose_seed":false,"campfire_upgraded":1,"win_rate":0.0,"timestamp":1610438178,"path_taken":["M","M","?","M","COS","R","M","?","T","R","?","M","M","E","R","BOSS","M","M","M","M","M"],"items_purchased_type":[],"build_version":"2020-12-22","purchased_purges":0,"victory":false,"max_hp_per_floor":[65,65,65,65,65,65,65,65,65,65,65,65,65,65,65,65,65,65,65,65,65,65,65],"relic_stats":{"counters":[13,78],"Bronze Scales":[79],"Pen Nib":[4],"obtain_stats":[{"Bronze Scales":12,"Pen Nib":14,"Gensokyo:CelestialsFlawlessClothing":3,"FlyPower:ReiMu":0,"Unceasing Top":14,"RedLine:ReiMu":17},{"Bronze Scales":5,"Pen Nib":7,"Gensokyo:CelestialsFlawlessClothing":2,"FlyPower:ReiMu":0,"Unceasing Top":7,"RedLine:ReiMu":8},{"Bronze Scales":26,"Pen Nib":45,"Gensokyo:CelestialsFlawlessClothing":11,"FlyPower:ReiMu":0,"Unceasing Top":38,"RedLine:ReiMu":55}],"Unceasing Top":[0]},"card_choices":[{"not_picked":["Conquer:ReiMu","PhosphorusFlame:ReiMu"],"picked":"SpringWay:ReiMu","floor":1},{"not_picked":["SpringWay:ReiMu","TakeOff:ReiMu"],"picked":"SubcavityInstant:ReiMu","floor":2},{"not_picked":["RainPray2:ReiMu","ForcedLanding:ReiMu"],"picked":"SpreadBorder2:ReiMu","floor":4},{"not_picked":["EmergencyTakeOff:ReiMu","SpringWay:ReiMu"],"picked":"SubAcupoint:ReiMu","floor":7},{"not_picked":["ManaGlint:ReiMu","OrbThrow:ReiMu"],"picked":"CareerPray:ReiMu","floor":12},{"not_picked":["WonderfulDomain:ReiMu","ForcedLanding:ReiMu"],"picked":"ShadowOfCrow2:ReiMu","floor":13},{"not_picked":["OrbThrow:ReiMu","ManaGlint:ReiMu"],"picked":"RainPray2:ReiMu","floor":14},{"not_picked":["CleanRite:ReiMu","Determination:ReiMu"],"picked":"KamiRite:ReiMu","floor":16},{"not_picked":["TakeOff:ReiMu+1","PhosphorusFlame:ReiMu"],"picked":"ForcedLanding:ReiMu+1","floor":18},{"not_picked":["SubcavityInstant:ReiMu","SafetyPray:ReiMu"],"picked":"TightArray:ReiMu+1","floor":19},{"not_picked":["WonderfulDomain:ReiMu","SubcavityInstant:ReiMu+1"],"picked":"Gathering:ReiMu","floor":20},{"not_picked":["PassingAway:ReiMu","Enchanting:ReiMu"],"picked":"YinYangSign:ReiMu","floor":21}],"player_experience":175861,"relics_obtained":[{"floor":14,"key":"Pen Nib"}],"event_choices":[],"is_beta":false,"boss_relics":[{"not_picked":["SacredBark","Black Star"],"picked":"RedLine:ReiMu"}],"items_purged_floors":[],"is_endless":false,"potions_floor_spawned":[2,4,13,16,18,21],"killed_by":"Gensokyo:3_Gloops","ascension_level":0}}