{"host":"grooae7peokc63vv","time":1610464763,"event":{"mods":["ATMod(°¢èªMod)","BaseMod","Minty Spire (QoL Compilation)","MostiFishMod","Replay The Spire","StSLib","TestMod"],"gold_per_floor":[111,130,146,129,148,182,199,232,232,232,232,232],"floor_reached":11,"playtime":690,"items_purged":[],"score":126,"play_id":"f4f1e91b-d4a8-42fe-81ed-989634d2f14f","local_time":"20210112231923","is_ascension_mode":true,"campfire_choices":[{"data":"MostiFishMod:HellRitual","floor":10,"key":"SMITH"}],"circlet_count":0,"master_deck":["Strike_R","Strike_R","Strike_R","Strike_R+1","Strike_R","Defend_R","Defend_R","Defend_R","Defend_R","Bash","AT_ThistleTea","Thunderclap","Anger","Flex","Rage","MostiFishMod:HellRitual+1","Run Through","Rage"],"relics":["Burning Blood","DaveBox","testmod-TestBox","AT_ATBox","testmod-Muramasa","HaiYi:Twilight","SynthV:TestCard","Mercury Hourglass","Champion Belt","Replay:Ringing Soul"],"acts_visited":["Exordium"],"potions_floor_usage":[8,8,11],"damage_taken":[{"damage":8,"enemies":"2 Louse","floor":1,"turns":3},{"damage":1,"enemies":"Cultist","floor":2,"turns":3},{"damage":2,"enemies":"Jaw Worm","floor":3,"turns":3},{"damage":7,"enemies":"Exordium Thugs","floor":4,"turns":4},{"damage":11,"enemies":"Large Slime","floor":5,"turns":5},{"damage":46,"enemies":"Replay:BlueRogue","floor":6,"turns":7},{"damage":0,"enemies":"Looter","floor":7,"turns":2},{"damage":22,"enemies":"Lagavulin","floor":8,"turns":5},{"damage":25,"enemies":"3 Sentries","floor":11,"turns":4}],"seed_played":"-1416375457607202432","potions_obtained":[{"floor":4,"key":"Fire Potion"},{"floor":6,"key":"testmod-SpacePotion"},{"floor":8,"key":"Swift Potion"}],"is_trial":false,"path_per_floor":["M","M","M","M","M","E","M","E","T","R","E"],"character_chosen":"IRONCLAD","items_purchased":[],"campfire_rested":0,"item_purchase_floors":[],"current_hp_per_floor":[70,75,79,78,73,33,39,23,23,23,0,0],"gold":232,"neow_bonus":"UPGRADE_CARD","is_daily":false,"chose_seed":false,"campfire_upgraded":1,"win_rate":0.0,"timestamp":1610464763,"path_taken":["M","M","M","M","M","E","M","E","T","R","E"],"items_purchased_type":[],"build_version":"2020-12-22","purchased_purges":0,"victory":false,"max_hp_per_floor":[80,80,80,80,80,80,80,80,80,80,80,80],"card_choices":[{"not_picked":["Sword Boomerang","Havoc","Headbutt"],"picked":"SKIP","floor":1},{"not_picked":["Sword Boomerang","Carnage","Iron Wave","Warcry"],"picked":"Thunderclap","floor":2},{"not_picked":["Blood for Blood","Perfected Strike","Life Link","Carnage"],"picked":"Anger","floor":3},{"not_picked":["ReplayTheSpireMod:Strike From Hell","Thunderclap","ReplayTheSpireMod:Stacked","Iron Wave"],"picked":"Flex","floor":4},{"not_picked":["ReplayTheSpireMod:Stacked","Flame Barrier","Replay:Undeath\u0027s Touch","Spot Weakness"],"picked":"Rage","floor":5},{"not_picked":["Perfected Strike","Shrug It Off","Sever Soul","Whirlwind"],"picked":"MostiFishMod:HellRitual","floor":6},{"not_picked":["Flex","Searing Blow","Cleave","Sword Boomerang"],"picked":"Run Through","floor":7},{"not_picked":["Clothesline","Clash","AT_DiedThrough","Hemokinesis"],"picked":"Rage","floor":8}],"player_experience":176720,"relics_obtained":[{"floor":1,"key":"SynthV:TestCard"},{"floor":6,"key":"Mercury Hourglass"},{"floor":8,"key":"Champion Belt"},{"floor":9,"key":"Replay:Ringing Soul"}],"event_choices":[],"is_beta":false,"boss_relics":[],"items_purged_floors":[],"is_endless":false,"potions_floor_spawned":[4,6,8],"killed_by":"3 Sentries","ascension_level":9}}