{"host":"3b223bp2x3j4rfep","time":1610431510,"event":{"mods":["BaseMod","Colored Map","Colored Powertips","Highlight Path","Minty Spire (QoL Compilation)","Quick Restart","StSLib"],"gold_per_floor":[113,127,13,23,23,56,56,89,163,163,163,163,163],"floor_reached":12,"playtime":490,"items_purged":["Strike_R"],"score":90,"play_id":"b9227510-551b-4bfc-8898-8a058d6bd150","local_time":"20210112140510","is_ascension_mode":true,"campfire_choices":[{"data":"Barricade","floor":11.0,"key":"SMITH"}],"circlet_count":0,"master_deck":["Strike_R","Strike_R","Strike_R","Defend_R","Defend_R","Defend_R","Defend_R","Bash","Armaments","Battle Trance","Fire Breathing","Barricade+1","Armaments"],"relics":["Burning Blood","NeowsBlessing","Peace Pipe","Nunchaku","Ornamental Fan"],"acts_visited":["Exordium"],"potions_floor_usage":[],"damage_taken":[{"damage":0.0,"enemies":"Small Slimes","floor":1.0,"turns":1.0},{"damage":0.0,"enemies":"2 Louse","floor":2.0,"turns":1.0},{"damage":0.0,"enemies":"Jaw Worm","floor":4.0,"turns":1.0},{"damage":56.0,"enemies":"Lagavulin","floor":6.0,"turns":12.0},{"damage":31.0,"enemies":"3 Sentries","floor":8.0,"turns":7.0},{"damage":23,"enemies":"Gremlin Nob","floor":12,"turns":5}],"seed_played":"610070474657201130","potions_obtained":[{"floor":2.0,"key":"Strength Potion"},{"floor":8.0,"key":"BloodPotion"}],"is_trial":false,"path_per_floor":["M","M","$","M","$","E","?","E","T","?","R","E"],"character_chosen":"IRONCLAD","items_purchased":["Battle Trance"],"campfire_rested":0,"item_purchase_floors":[3],"current_hp_per_floor":[80,80,80,80,80,30,56,47,47,40,40,17,17],"gold":163,"neow_bonus":"THREE_ENEMY_KILL","is_daily":false,"chose_seed":false,"campfire_upgraded":1,"win_rate":0.0,"timestamp":1610431510,"path_taken":["M","M","$","M","$","E","?","E","T","?","R","E"],"items_purchased_type":["Card"],"build_version":"2020-12-22","purchased_purges":1,"victory":false,"max_hp_per_floor":[80,80,80,80,80,80,80,80,80,80,80,80,80],"card_choices":[{"not_picked":["Body Slam","Metallicize"],"picked":"Armaments","floor":1.0},{"not_picked":["Sentinel","Thunderclap","Seeing Red"],"picked":"SKIP","floor":2.0},{"not_picked":["Perfected Strike","Shockwave"],"picked":"Fire Breathing","floor":4.0},{"not_picked":["Carnage","Hemokinesis"],"picked":"Barricade","floor":6.0},{"not_picked":["Seeing Red","Spot Weakness"],"picked":"Armaments","floor":8.0}],"player_experience":72852,"relics_obtained":[{"floor":6.0,"key":"Peace Pipe"},{"floor":8.0,"key":"Nunchaku"},{"floor":9.0,"key":"Ornamental Fan"}],"event_choices":[{"damage_healed":26.0,"max_hp_gain":0.0,"max_hp_loss":0.0,"gold_gain":0.0,"event_name":"Big Fish","player_choice":"Banana","floor":7.0,"gold_loss":0.0,"damage_taken":0.0},{"cards_removed":["Strike_R"],"damage_healed":0.0,"max_hp_gain":0.0,"max_hp_loss":0.0,"gold_gain":0.0,"event_name":"Golden Wing","player_choice":"Card Removal","floor":10.0,"gold_loss":0.0,"damage_taken":7.0}],"is_beta":false,"boss_relics":[],"items_purged_floors":[3],"is_endless":false,"potions_floor_spawned":[2,8],"killed_by":"Gremlin Nob","ascension_level":1}}