{"host":"2c1pg2m9wpz3w4c0","time":1610490903,"event":{"mods":["AchievementEnabler","Act Like it!","Aspiration","BaseMod","Better Note","BetterRewards","Curses Come First","Disable Question Mark Monsters","Halation","Hubris","Infinite Spire","Lotus Mark","Marisa????????","Minty Spire (QoL Compilation)","Replay The Spire","StSLib","SuperFastMode","The Clintock","The Jungle","The Marked","The Runesmith","Transform Curses"],"gold_per_floor":[112,123,134,134,153,153,167,238,238,238,61,61,61,77,77,196,196,217,217,217,232,282,282,315,315,394,417,440,464,464,483,483,608,608,633,258,218,218,218,218,72,72,98,116,154,154,188,207,207,207],"floor_reached":51,"language":"ENG","playtime":2103,"items_purged":[],"score":863,"play_id":"448fb1e6-ec19-402f-934f-a4381c3f9edf","local_time":"20210112153503","is_ascension_mode":false,"campfire_choices":[{"floor":6.0,"key":"REST"},{"data":"Bandage Up","floor":10.0,"key":"SMITH"},{"floor":15.0,"key":"REST"},{"data":"Venomology","floor":23.0,"key":"SMITH"},{"data":"ReplayTheSpireMod:Scrap Shanks","floor":25.0,"key":"SMITH"},{"floor":32.0,"key":"REST"},{"floor":40.0,"key":"REST"},{"data":"Replay:Bag of Tricks","floor":42.0,"key":"SMITH"},{"floor":46.0,"key":"REST"}],"circlet_count":0,"master_deck":["Strike_G","Strike_G","Strike_G","Strike_G","Defend_G","Defend_G","Defend_G","Defend_G","Defend_G","Survivor","Neutralize","ReplayTheSpireMod:Scrap Shanks+1","Acrobatics","Backstab","Prepared","Accuracy","Bandage Up+1","Prepared+1","Quick Slash","Outmaneuver","Underhanded Strike","Dodge and Roll","Infinite Blades","Cloak And Dagger","Blind+1","Unload","Venomology+1","Blade Dance","Apotheosis+1","ReplayTheSpireMod:Scrap Shanks+1","Flying Knee","Tools of the Trade+1","hubris:SlightOfHand+1","Backflip+1","Sucker Punch+1","Replay:Bag of Tricks+1","Prepared","Dodge and Roll","ReplayTheSpireMod:Scrap Shanks","Dagger Throw","Outmaneuver+1","Dagger Spray+1","Escape Plan","Acrobatics+1"],"relics":["Ring of the Snake","CaptainsWheel","Bag of Marbles","Bottled Lightning","infinitespire:FocusingShard","halation:EternalFortune","Golden Idol","HoveringKite","halation:KoshaPiece","hubris:MysteriousPyramids","infinitespire:Satchel","aspiration:SeaSaltIceCream","Garlic","Oddly Smooth Stone","aspiration:VileToxins","ReplayTheSpireMod:Ninjato","ReplayFunnel"],"acts_visited":["Exordium","theJungle:Jungle","TheBeyond"],"potions_floor_usage":[50,50],"damage_taken":[{"damage":0.0,"enemies":"Cultist","floor":1.0,"turns":3.0},{"damage":0.0,"enemies":"Small Slimes","floor":2.0,"turns":3.0},{"damage":0.0,"enemies":"Jaw Worm","floor":3.0,"turns":1.0},{"damage":0.0,"enemies":"Exordium Wildlife","floor":5.0,"turns":1.0},{"damage":11.0,"enemies":"Large Slime","floor":7.0,"turns":6.0},{"damage":0.0,"enemies":"Exordium Thugs","floor":14.0,"turns":4.0},{"damage":11.0,"enemies":"The Guardian","floor":16.0,"turns":12.0},{"damage":6.0,"enemies":"theJungle:GiantWrat","floor":18.0,"turns":4.0},{"damage":1.0,"enemies":"Shell Parasite","floor":21.0,"turns":4.0},{"damage":12.0,"enemies":"theJungle:MamaSnecko","floor":24.0,"turns":6.0},{"damage":3.0,"enemies":"theJungle:Snecko_Cultist_And_Trap","floor":27.0,"turns":6.0},{"damage":16.0,"enemies":"theJungle:Lyon","floor":28.0,"turns":5.0},{"damage":2.0,"enemies":"Snake Plant","floor":31.0,"turns":4.0},{"damage":0.0,"enemies":"theJungle:QueenSpyder","floor":33.0,"turns":4.0},{"damage":28.0,"enemies":"3 Darklings","floor":35.0,"turns":7.0},{"damage":0.0,"enemies":"Orb Walker","floor":44.0,"turns":4.0},{"damage":33.0,"enemies":"Reptomancer","floor":45.0,"turns":6.0},{"damage":0.0,"enemies":"Nemesis","floor":47.0,"turns":5.0},{"damage":0.0,"enemies":"3 Darklings","floor":48.0,"turns":4.0},{"damage":3,"enemies":"Donu and Deca","floor":50,"turns":6}],"seed_played":"-3219003639131055499","potions_obtained":[{"floor":1.0,"key":"Fire Potion"},{"floor":5.0,"key":"SkillPotion"},{"floor":16.0,"key":"SmokeBomb"},{"floor":21.0,"key":"Weak Potion"},{"floor":27.0,"key":"SteroidPotion"},{"floor":28.0,"key":"DuplicationPotion"},{"floor":33.0,"key":"Fire Potion"},{"floor":35.0,"key":"PowerPotion"},{"floor":47.0,"key":"Cursed Concoction"}],"is_trial":false,"path_per_floor":["M","M","M","?","M","R","M","T","T","R","$","?","?","M","R","B",null,"M","?","?","M","?","R","E","R","T","M","M","T","?","M","R","B",null,"M","$","?","$","?","R","$","R","T","M","E","R","E","M","R","B",null],"character_chosen":"THE_SILENT","items_purchased":["ReplayTheSpireMod:Scrap Shanks+1","Acrobatics","Backstab","Prepared","Bag of Marbles","Accuracy","Bandage Up","Infinite Blades","Cloak And Dagger","Blind","aspiration:SeaSaltIceCream","Dodge and Roll","ReplayTheSpireMod:Scrap Shanks","Dagger Throw","Oddly Smooth Stone"],"campfire_rested":5,"item_purchase_floors":[0,0,0,0,0,0,0,11,11,11,36,36,36,36,41],"current_hp_per_floor":[38,42,42,42,42,63,56,56,56,56,56,59,41,47,68,62,73,67,67,67,72,62,62,59,59,59,62,52,52,52,56,76,76,76,54,54,54,54,54,76,76,76,76,76,43,65,71,74,79,76],"gold":207,"neow_bonus":"","is_daily":false,"chose_seed":false,"campfire_upgraded":4,"win_rate":0.0,"timestamp":1610490903,"path_taken":["M","?","M","?","M","R","M","?","T","R","$","?","?","?","R","BOSS","M","?","?","M","?","R","E","R","T","?","M","?","?","M","R","BOSS","M","$","?","?","?","R","$","R","T","M","E","R","E","M","R","BOSS"],"items_purchased_type":["Card","Card","Card","Card","Relic","Card","Card","Card","Card","Card","Relic","Card","Card","Card","Relic"],"build_version":"2020-12-22","purchased_purges":0,"victory":true,"max_hp_per_floor":[70,70,70,70,70,70,70,70,70,70,70,73,73,73,73,73,73,73,73,73,73,73,73,76,76,76,76,76,76,76,76,76,76,76,76,76,76,76,76,76,76,76,76,76,76,76,76,79,79,79],"card_choices":[{"not_picked":["hubris:TrickCloak","Poisoned Stab"],"picked":"Prepared","floor":1.0},{"not_picked":["Replay:Poison Smokescreen","Prepared"],"picked":"Quick Slash","floor":2.0},{"not_picked":["Prepared","PiercingWail"],"picked":"Outmaneuver","floor":3.0},{"not_picked":["Heel Hook","Choke"],"picked":"Underhanded Strike","floor":5.0},{"not_picked":["lotusMarks:LotusSlash","Outmaneuver"],"picked":"Dodge and Roll","floor":7.0},{"not_picked":["lotusMarks:LotusStrike","Outmaneuver"],"picked":"Unload","floor":14.0},{"not_picked":["Unload","infinitespire:Neurotoxin"],"picked":"Venomology","floor":16.0},{"not_picked":["Endless Agony","Quick Slash+1"],"picked":"Blade Dance","floor":18.0},{"not_picked":["Deadly Poison","Quick Slash"],"picked":"Flying Knee","floor":21.0},{"not_picked":["Bouncing Flask","Sucker Punch"],"picked":"Tools of the Trade","floor":24.0},{"not_picked":["Sucker Punch+1","Prepared"],"picked":"hubris:SlightOfHand+1","floor":27.0},{"not_picked":["hubris:TrickCloak","Poisoned Stab"],"picked":"Backflip+1","floor":28.0},{"not_picked":["Outmaneuver","Dagger Spray"],"picked":"Sucker Punch+1","floor":31.0},{"not_picked":["A Thousand Cuts","ReplayTheSpireMod:Necrosis"],"picked":"Replay:Bag of Tricks","floor":33.0},{"not_picked":["Underhanded Strike+1","Slice"],"picked":"Prepared","floor":35.0},{"not_picked":["Slice","lotusMarks:LotusSlash"],"picked":"Outmaneuver+1","floor":44.0},{"not_picked":["Blade Dance","Fluid Movement"],"picked":"Dagger Spray+1","floor":45.0},{"not_picked":["Deadly Poison","lotusMarks:LotusChain"],"picked":"Escape Plan","floor":47.0},{"not_picked":["Choke","Sucker Punch+1"],"picked":"Acrobatics+1","floor":48}],"player_experience":1165515,"relics_obtained":[{"floor":8.0,"key":"Bottled Lightning"},{"floor":9.0,"key":"infinitespire:FocusingShard"},{"floor":24.0,"key":"halation:EternalFortune"},{"floor":24.0,"key":"halation:KoshaPiece"},{"floor":26.0,"key":"hubris:MysteriousPyramids"},{"floor":29.0,"key":"infinitespire:Satchel"},{"floor":43.0,"key":"aspiration:VileToxins"},{"floor":45.0,"key":"ReplayTheSpireMod:Ninjato"},{"floor":47.0,"key":"ReplayFunnel"},{"floor":48,"key":"halation:EternalFortune"}],"event_choices":[{"damage_healed":0.0,"max_hp_gain":0.0,"max_hp_loss":0.0,"gold_gain":0.0,"event_name":"Golden Idol","player_choice":"Take Damage","floor":13.0,"gold_loss":0.0,"damage_taken":18.0,"relics_obtained":["Golden Idol"]},{"cards_removed":["Bandage Up"],"damage_healed":0.0,"max_hp_gain":0.0,"max_hp_loss":0.0,"gold_gain":0.0,"event_name":"betterNote:BetterNote","player_choice":"Take \u0026 Give","floor":19.0,"gold_loss":0.0,"damage_taken":0.0,"cards_obtained":["Apotheosis"]},{"damage_healed":0.0,"max_hp_gain":0.0,"max_hp_loss":0.0,"gold_gain":0.0,"event_name":"Lab","player_choice":"Got Potions","floor":30.0,"gold_loss":0.0,"damage_taken":0.0},{"damage_healed":0.0,"max_hp_gain":0.0,"max_hp_loss":0.0,"gold_gain":0.0,"event_name":"Designer","player_choice":"Upgrade","floor":37.0,"gold_loss":40.0,"damage_taken":0.0,"cards_upgraded":["Tools of the Trade"]},{"cards_removed":["Strike_G"],"damage_healed":0.0,"max_hp_gain":0.0,"max_hp_loss":0.0,"gold_gain":0.0,"event_name":"Falling","player_choice":"Removed Attack","floor":39.0,"gold_loss":0.0,"damage_taken":0.0}],"is_beta":false,"boss_relics":[{"not_picked":["Replay:Wanted Poster","halation:Prosthetics"],"picked":"HoveringKite"},{"not_picked":["Fusion Hammer","halation:CatFaceCupcake","Abe\u0027s Treasure"]}],"items_purged_floors":[],"is_endless":false,"potions_floor_spawned":[1,5,16,21,27,28,33,35,47],"ascension_level":0}}