{"host":"6ko66ogg91i6g7xq","time":1610479604,"event":{"mods":["AchievementEnabler","Act Like it!","BaseMod","Colored Map","Colored Powertips","Downfall","Hermit","Minty Spire (QoL Compilation)","Quick Restart","Relic Stats","StSLib","The Jungle","everything is the same but u backflip on backflip"],"gold_per_floor":[110,110,385,403,94,121,121,155,155,185,203,203,215,46,46,146,146,159,176,206,206,296,330,330,360,385,397,397,397,163,193,193,288,288,303,303,56,278,188,221,221,250,250,250,275,275,275,286,286,286,286],"floor_reached":50,"playtime":2335,"items_purged":["Regret","Regret"],"score":810,"play_id":"4686095a-3cd6-4c53-8f36-3d28d4c605c4","local_time":"20210112142644","is_ascension_mode":true,"campfire_choices":[{"floor":7,"key":"RECALL"},{"data":"Noxious Fumes","floor":15,"key":"SMITH"},{"floor":24,"key":"REST"},{"data":"Phantasmal Killer","floor":29,"key":"SMITH"},{"data":"Doppelganger","floor":32,"key":"SMITH"},{"data":"Doppelganger","floor":41,"key":"SMITH"},{"data":"Glass Knife","floor":46,"key":"SMITH"},{"data":"Noxious Fumes","floor":49,"key":"SMITH"}],"circlet_count":0,"master_deck":["Strike_G","Strike_G","Strike_G","Strike_G","Defend_G","Defend_G","Defend_G","Defend_G+1","Defend_G","Survivor","Neutralize","Sucker Punch","Heel Hook","Doppelganger+1","Noxious Fumes+1","Corpse Explosion","Reflex+1","Unload+1","Backstab+1","Phantasmal Killer+1","Noxious Fumes+1","Glass Knife+1","Infinite Blades+1","Doppelganger+1","Leg Sweep","Adrenaline","Cloak And Dagger"],"relics":["Ring of the Snake","NeowsBlessing","Tingsha","Regal Pillow","Omamori","Mummified Hand","Thread and Needle","Incense Burner","Astrolabe","Red Mask","Anchor","Vajra","Centennial Puzzle","Art of War","WristBlade","Bottled Tornado","Oddly Smooth Stone","Juzu Bracelet","Nunchaku","Ice Cream"],"acts_visited":["Exordium","TheCity","TheBeyond"],"potions_floor_usage":[8,10,16,16,18,20,20,25,25,40,50,50],"damage_taken":[{"damage":0,"enemies":"2 Louse","floor":1,"turns":1},{"damage":0,"enemies":"Small Slimes","floor":4,"turns":1},{"damage":0,"enemies":"Lagavulin","floor":6,"turns":1},{"damage":14,"enemies":"Gremlin Nob","floor":8,"turns":5},{"damage":11,"enemies":"3 Sentries","floor":10,"turns":11},{"damage":0,"enemies":"Cultist","floor":11,"turns":3},{"damage":3,"enemies":"Looter","floor":13,"turns":2},{"damage":0,"enemies":"Hexaghost","floor":16,"turns":9},{"damage":6,"enemies":"2 Thieves","floor":18,"turns":3},{"damage":0,"enemies":"Chosen","floor":19,"turns":3},{"damage":0,"enemies":"Masked Bandits","floor":20,"turns":2},{"damage":15,"enemies":"Gremlin Leader","floor":23,"turns":6},{"damage":0,"enemies":"Slavers","floor":25,"turns":3},{"damage":7,"enemies":"Snecko","floor":27,"turns":4},{"damage":4,"enemies":"Gremlin Leader","floor":31,"turns":5},{"damage":35,"enemies":"Champ","floor":33,"turns":9},{"damage":0,"enemies":"3 Shapes","floor":35,"turns":3},{"damage":0,"enemies":"Reptomancer","floor":40,"turns":4},{"damage":0,"enemies":"Nemesis","floor":42,"turns":5},{"damage":11,"enemies":"Reptomancer","floor":45,"turns":4},{"damage":0,"enemies":"Orb Walker","floor":48,"turns":2},{"damage":62,"enemies":"Awakened One","floor":50,"turns":9}],"seed_played":"9083184470530296588","potions_obtained":[{"floor":1,"key":"Block Potion"},{"floor":8,"key":"EssenceOfSteel"},{"floor":10,"key":"CultistPotion"},{"floor":12,"key":"DuplicationPotion"},{"floor":12,"key":"Swift Potion"},{"floor":16,"key":"Explosive Potion"},{"floor":18,"key":"EssenceOfSteel"},{"floor":19,"key":"BlessingOfTheForge"},{"floor":23,"key":"PowerPotion"},{"floor":33,"key":"hexamod:EctoCoolerPotion"},{"floor":40,"key":"Ancient Potion"},{"floor":45,"key":"Swift Potion"},{"floor":48,"key":"SteroidPotion"}],"is_trial":false,"path_per_floor":["M","?","?","M","$","E","R","E","T","E","M","?","M","$","R","B",null,"M","M","?","$","?","E","R","E","T","M","$","R","$","E","R","B",null,"M","?","$","?","?","E","R","E","T","?","E","R","T","M","R","B"],"character_chosen":"THE_SILENT","items_purchased":["Regal Pillow","Heel Hook","Noxious Fumes","Noxious Fumes","Glass Knife","Bottled Tornado"],"campfire_rested":1,"item_purchase_floors":[5,5,14,30,30,37],"current_hp_per_floor":[70,70,70,70,70,70,70,56,56,45,45,45,42,42,42,42,70,64,64,64,64,46,31,67,67,67,60,60,60,60,56,56,21,70,70,70,70,70,70,70,70,70,70,70,59,59,59,59,59,0,0],"gold":286,"neow_bonus":"THREE_ENEMY_KILL","is_daily":false,"chose_seed":false,"campfire_upgraded":6,"win_rate":0.0,"timestamp":1610479604,"path_taken":["M","?","?","?","$","E","R","E","T","E","M","?","?","?","R","BOSS","M","M","?","$","?","E","R","E","T","?","$","R","$","E","R","BOSS","M","?","$","?","?","E","R","E","T","?","E","R","?","M","R","BOSS"],"items_purchased_type":["Relic","Card","Card","Card","Card","Relic"],"build_version":"2020-12-22","purchased_purges":2,"victory":false,"max_hp_per_floor":[70,70,70,70,70,70,70,70,70,70,70,70,70,70,70,70,70,70,70,70,70,70,70,70,70,70,70,70,70,70,70,70,70,70,70,70,70,70,70,70,70,70,70,70,70,70,70,70,70,70,70],"relic_stats":{"Regal Pillow":15,"Centennial Puzzle":[15],"Nunchaku":[3],"counters":[22,95],"Mummified Hand":[34],"Astrolabe":["Reflex","Unload","Backstab"],"Tingsha":[159],"Art of War":[0],"Juzu Bracelet":1,"obtain_stats":[{"Ice Cream":47,"Regal Pillow":5,"NeowsBlessing":0,"Astrolabe":17,"Vajra":25,"Oddly Smooth Stone":40,"Tingsha":2,"Thread and Needle":9,"Omamori":6,"Incense Burner":10,"Juzu Bracelet":42,"Bottled Tornado":37,"Anchor":23,"Centennial Puzzle":26,"Nunchaku":45,"WristBlade":34,"Mummified Hand":8,"Red Mask":20,"Art of War":31,"Ring of the Snake":0},{"Ice Cream":20,"Regal Pillow":2,"NeowsBlessing":0,"Astrolabe":8,"Vajra":13,"Oddly Smooth Stone":18,"Tingsha":1,"Thread and Needle":4,"Omamori":3,"Incense Burner":5,"Juzu Bracelet":19,"Bottled Tornado":17,"Anchor":12,"Centennial Puzzle":13,"Nunchaku":20,"WristBlade":16,"Mummified Hand":4,"Red Mask":11,"Art of War":15,"Ring of the Snake":0},{"Ice Cream":84,"Regal Pillow":2,"NeowsBlessing":0,"Astrolabe":33,"Vajra":50,"Oddly Smooth Stone":75,"Tingsha":1,"Thread and Needle":8,"Omamori":3,"Incense Burner":19,"Juzu Bracelet":80,"Bottled Tornado":71,"Anchor":47,"Centennial Puzzle":50,"Nunchaku":84,"WristBlade":68,"Mummified Hand":8,"Red Mask":41,"Art of War":59,"Ring of the Snake":0}],"Ring of the Snake":[44]},"card_choices":[{"not_picked":["Well Laid Plans","Slice"],"picked":"Sucker Punch","floor":1},{"not_picked":["Underhanded Strike","Sucker Punch"],"picked":"Finisher","floor":4},{"not_picked":["Skewer","Flying Knee","Well Laid Plans"],"picked":"SKIP","floor":6},{"not_picked":["Prepared","Terror"],"picked":"Accuracy","floor":8},{"not_picked":["Dagger Throw","Sucker Punch"],"picked":"Doppelganger","floor":10},{"not_picked":["Flying Knee","Quick Slash","Predator"],"picked":"SKIP","floor":11},{"not_picked":["Underhanded Strike","Deflect","Prepared"],"picked":"SKIP","floor":13},{"not_picked":["Doppelganger","Unload"],"picked":"Corpse Explosion","floor":16},{"not_picked":["Bane+1","Masterful Stab","Predator"],"picked":"SKIP","floor":18},{"not_picked":["Cloak And Dagger","Deadly Poison"],"picked":"Dagger Spray","floor":19},{"not_picked":["Concentrate","Poisoned Stab+1"],"picked":"Phantasmal Killer","floor":23},{"not_picked":["Masterful Stab","Acrobatics+1","Sucker Punch"],"picked":"SKIP","floor":25},{"not_picked":["Concentrate","Bane+1","Quick Slash"],"picked":"SKIP","floor":27},{"not_picked":["Expertise","Prepared"],"picked":"Infinite Blades+1","floor":31},{"not_picked":["Wraith Form v2","After Image"],"picked":"Doppelganger","floor":33},{"not_picked":["Dagger Throw","Sucker Punch","Backflip"],"picked":"SKIP","floor":35},{"not_picked":["Dagger Spray","Slice"],"picked":"Leg Sweep","floor":40},{"not_picked":["Dagger Spray","Cloak And Dagger"],"picked":"Adrenaline","floor":42},{"not_picked":["Catalyst+1","Flechettes"],"picked":"Cloak And Dagger","floor":45},{"not_picked":["Bane","Quick Slash","Underhanded Strike+1"],"picked":"SKIP","floor":48}],"player_experience":259843,"relics_obtained":[{"floor":6,"key":"Omamori"},{"floor":8,"key":"Mummified Hand"},{"floor":9,"key":"Thread and Needle"},{"floor":10,"key":"Incense Burner"},{"floor":20,"key":"Red Mask"},{"floor":23,"key":"Anchor"},{"floor":25,"key":"Vajra"},{"floor":26,"key":"Centennial Puzzle"},{"floor":31,"key":"Art of War"},{"floor":40,"key":"Oddly Smooth Stone"},{"floor":42,"key":"Juzu Bracelet"},{"floor":45,"key":"Nunchaku"},{"floor":47,"key":"Ice Cream"}],"event_choices":[{"damage_healed":0,"gold_gain":0,"player_choice":"Box","damage_taken":0,"relics_obtained":["Tingsha"],"max_hp_gain":0,"max_hp_loss":0,"event_name":"Big Fish","floor":2,"gold_loss":0,"cards_obtained":["Regret"]},{"damage_healed":0,"gold_gain":275,"player_choice":"Desecrate","damage_taken":0,"max_hp_gain":0,"max_hp_loss":0,"event_name":"Golden Shrine","floor":3,"gold_loss":0,"cards_obtained":["Regret"]},{"damage_healed":0,"gold_gain":0,"player_choice":"Got Potions","damage_taken":0,"max_hp_gain":0,"max_hp_loss":0,"event_name":"Lab","floor":12,"gold_loss":0},{"damage_healed":0,"gold_gain":0,"player_choice":"Fought Bandits","damage_taken":0,"max_hp_gain":0,"max_hp_loss":0,"event_name":"Masked Bandits","floor":20,"gold_loss":0},{"damage_healed":0,"gold_gain":90,"player_choice":"GOLD CARD ","damage_taken":18,"max_hp_gain":0,"max_hp_loss":0,"event_name":"Knowing Skull","floor":22,"potions_obtained":[],"gold_loss":0,"cards_obtained":["Purity"]},{"damage_healed":18,"gold_gain":0,"player_choice":"Writhe","damage_taken":0,"max_hp_gain":0,"max_hp_loss":0,"event_name":"Winding Halls","floor":36,"gold_loss":0,"cards_obtained":["Writhe"]},{"damage_healed":0,"gold_gain":222,"player_choice":"Wore Mask","damage_taken":0,"max_hp_gain":0,"max_hp_loss":0,"event_name":"Tomb of Lord Red Mask","floor":38,"gold_loss":0},{"cards_removed":["Purity"],"damage_healed":0,"gold_gain":0,"player_choice":"Upgrade and Remove","damage_taken":0,"max_hp_gain":0,"max_hp_loss":0,"event_name":"Designer","floor":39,"gold_loss":90,"cards_upgraded":["Defend_G"]},{"cards_removed":["Dagger Spray"],"damage_healed":0,"gold_gain":0,"player_choice":"Removed Attack","damage_taken":0,"max_hp_gain":0,"max_hp_loss":0,"event_name":"Falling","floor":44,"gold_loss":0}],"is_beta":false,"boss_relics":[{"not_picked":["Fusion Hammer","Snecko Eye"],"picked":"Astrolabe"},{"not_picked":["Busted Crown","Velvet Choker"],"picked":"WristBlade"}],"items_purged_floors":[5,14],"is_endless":false,"potions_floor_spawned":[1,8,10,16,18,19,23,33,40,45,48],"killed_by":"Awakened One","ascension_level":1}}