{"host":"oigynbtg272c19pw","time":1610449024,"event":{"mods":["BaseMod","Colored Map","Minty Spire (QoL Compilation)","Relic Stats","StSLib"],"gold_per_floor":[119,44,59,71,71,96,96,112,165,165,177,206,48,60,60,134,134,179,129,174,244,244,277,277,202,226,226,226],"floor_reached":27,"playtime":1520,"items_purged":["Shame","Strike_P"],"score":586,"play_id":"2bf6571b-d95f-4dc5-93c7-c482bf1b25e4","local_time":"20210112115704","is_ascension_mode":true,"campfire_choices":[{"data":"Prostrate","floor":7.0,"key":"SMITH"},{"data":"SignatureMove","floor":10.0,"key":"SMITH"},{"data":"Worship","floor":15.0,"key":"SMITH"},{"data":"Omniscience","floor":24.0,"key":"SMITH"}],"circlet_count":0,"master_deck":["AscendersBane","Defend_P","Defend_P","Defend_P","Defend_P","Eruption","Vigilance","Scrawl","ThirdEye","Worship+1","Prostrate+1","SignatureMove+1","FearNoEvil","DeusExMachina","FlurryOfBlows","Omniscience+1","Prostrate","Indignation","Wish","Meditate","Worship","TalkToTheHand"],"relics":["PureWater","Ornamental Fan","Centennial Puzzle","Akabeko","Toy Ornithopter","Black Star","Potion Belt","Pen Nib"],"acts_visited":["Exordium","TheCity"],"potions_floor_usage":[27,27],"damage_taken":[{"damage":4.0,"enemies":"Cultist","floor":1.0,"turns":4.0},{"damage":1.0,"enemies":"Small Slimes","floor":3.0,"turns":5.0},{"damage":8.0,"enemies":"Jaw Worm","floor":4.0,"turns":9.0},{"damage":3.0,"enemies":"Gremlin Nob","floor":6.0,"turns":3.0},{"damage":3.0,"enemies":"Exordium Thugs","floor":8.0,"turns":3.0},{"damage":0.0,"enemies":"Lots of Slimes","floor":11.0,"turns":4.0},{"damage":0.0,"enemies":"Lagavulin","floor":12.0,"turns":4.0},{"damage":0.0,"enemies":"Looter","floor":14.0,"turns":2.0},{"damage":6.0,"enemies":"The Guardian","floor":16.0,"turns":5.0},{"damage":0.0,"enemies":"Spheric Guardian","floor":18.0,"turns":3.0},{"damage":1.0,"enemies":"3 Byrds","floor":20.0,"turns":5.0},{"damage":14.0,"enemies":"Snecko","floor":21.0,"turns":3.0},{"damage":17.0,"enemies":"Book of Stabbing","floor":23.0,"turns":3.0},{"damage":29,"enemies":"Gremlin Leader","floor":27,"turns":5}],"seed_played":"5638358380923481574","potions_obtained":[{"floor":3.0,"key":"Block Potion"},{"floor":12.0,"key":"Fruit Juice"},{"floor":16.0,"key":"Strength Potion"},{"floor":23.0,"key":"Block Potion"}],"is_trial":false,"path_per_floor":["M","$","M","M","?","E","R","M","T","R","M","E","$","M","R","B",null,"M","?","M","M","?","E","R","?","T","E"],"character_chosen":"WATCHER","items_purchased":["Prostrate"],"campfire_rested":0,"item_purchase_floors":[13],"current_hp_per_floor":[57,57,56,48,43,40,40,37,37,37,37,37,37,47,47,41,65,65,65,69,55,55,38,38,38,38,19,19],"gold":226,"neow_bonus":"TRANSFORM_TWO_CARDS","is_daily":false,"chose_seed":false,"campfire_upgraded":4,"win_rate":0.0,"timestamp":1610449024,"path_taken":["M","$","M","?","?","E","R","M","T","R","M","E","?","M","R","BOSS","M","?","?","M","?","E","R","?","T","E"],"items_purchased_type":["Card"],"build_version":"2020-12-13","purchased_purges":2,"victory":false,"max_hp_per_floor":[68,68,68,68,68,68,68,68,68,68,68,68,68,73,73,73,73,73,73,73,73,73,73,73,73,73,73,73],"relic_stats":{"Centennial Puzzle":[18],"counters":[14,58],"Ornamental Fan":[56],"Pen Nib":[1],"Black Star":1,"obtain_stats":[{"Potion Belt":23,"Centennial Puzzle":6,"Ornamental Fan":5,"Pen Nib":23,"Black Star":17,"PureWater":0,"Akabeko":9,"Toy Ornithopter":12},{"Potion Belt":13,"Centennial Puzzle":4,"Ornamental Fan":3,"Pen Nib":13,"Black Star":9,"PureWater":0,"Akabeko":5,"Toy Ornithopter":7},{"Potion Belt":53,"Centennial Puzzle":21,"Ornamental Fan":18,"Pen Nib":53,"Black Star":39,"PureWater":0,"Akabeko":24,"Toy Ornithopter":32}],"Toy Ornithopter":20},"card_choices":[{"not_picked":["FlurryOfBlows","SashWhip"],"picked":"Worship","floor":1.0},{"not_picked":["EmptyMind","PathToVictory"],"picked":"Prostrate","floor":3.0},{"not_picked":["JustLucky","Crescendo"],"picked":"SignatureMove","floor":4.0},{"not_picked":["Pray","Collect"],"picked":"FearNoEvil","floor":6.0},{"not_picked":["Halt","Crescendo"],"picked":"DeusExMachina","floor":8.0},{"not_picked":["ThirdEye","SandsOfTime"],"picked":"FlurryOfBlows","floor":11.0},{"not_picked":["ConjureBlade","MasterReality"],"picked":"Omniscience","floor":12.0},{"not_picked":["EmptyBody","Adaptation"],"picked":"Indignation","floor":14.0},{"not_picked":["Scrawl","ConjureBlade"],"picked":"Wish","floor":16.0},{"not_picked":["ThirdEye","Consecrate"],"picked":"Meditate","floor":18.0},{"not_picked":["FlyingSleeves","Crescendo","FlurryOfBlows"],"picked":"SKIP","floor":20.0},{"not_picked":["LikeWater","BowlingBash"],"picked":"Worship","floor":21.0},{"not_picked":["FlurryOfBlows","CarveReality+1","EmptyMind"],"picked":"SKIP","floor":23.0}],"player_experience":1368215,"relics_obtained":[{"floor":6.0,"key":"Centennial Puzzle"},{"floor":9.0,"key":"Akabeko"},{"floor":12.0,"key":"Toy Ornithopter"},{"floor":23.0,"key":"Potion Belt"},{"floor":23.0,"key":"Pen Nib"}],"event_choices":[{"damage_healed":0.0,"max_hp_gain":0.0,"max_hp_loss":0.0,"gold_gain":0.0,"event_name":"Scrap Ooze","player_choice":"Success","floor":5.0,"gold_loss":0.0,"damage_taken":5.0,"relics_obtained":["Ornamental Fan"]},{"damage_healed":0.0,"max_hp_gain":0.0,"max_hp_loss":0.0,"gold_gain":0.0,"event_name":"The Joust","player_choice":"Bet on Murderer","floor":19.0,"gold_loss":50.0,"damage_taken":0.0},{"damage_healed":0.0,"max_hp_gain":0.0,"max_hp_loss":0.0,"gold_gain":0.0,"event_name":"The Library","player_choice":"Read","floor":22.0,"gold_loss":0.0,"damage_taken":0.0,"cards_obtained":["TalkToTheHand"]},{"cards_removed":["Strike_P"],"damage_healed":0.0,"max_hp_gain":0.0,"max_hp_loss":0.0,"gold_gain":0.0,"event_name":"Beggar","player_choice":"Gave Gold","floor":25.0,"gold_loss":75.0,"damage_taken":0.0}],"is_beta":false,"boss_relics":[{"not_picked":["HolyWater","SacredBark"],"picked":"Black Star"}],"items_purged_floors":[2,13],"is_endless":false,"potions_floor_spawned":[3,12,16,23],"killed_by":"Gremlin Leader","ascension_level":20}}