{"host":"rolltorest","time":1610414067,"event":{"mods":["BaseMod","Minty Spire (QoL Compilation)","Relic Stats","Slay the Relics Exporter","StSLib","The Bladedancer"],"gold_per_floor":[115,125,125,125,145,145,178,178,178,178,208,224,238,267,267,340,340,359,378,378,378,392,421,454,471,498,530,565,578,613,645,645,722,722,735,747,453,453,467,497,497,515,515,526,556,556,572,604,604,604,604,604,2,32,32],"floor_reached":56,"playtime":2917,"items_purged":["blademaster:Strike","Decay"],"score":2369,"play_id":"fc4d4a62-fe03-4aed-8022-79943c04b6be","local_time":"20210111171427","is_ascension_mode":true,"campfire_choices":[{"data":"blademaster:ThunderSlash","floor":6,"key":"SMITH"},{"data":"blademaster:EnchantedCuirass","floor":8,"key":"SMITH"},{"floor":10,"key":"REST"},{"data":"blademaster:DancingEdge","floor":15,"key":"SMITH"},{"floor":32,"key":"RECALL"},{"floor":41,"key":"REST"},{"floor":46,"key":"REST"},{"floor":49,"key":"REST"},{"floor":52,"key":"REST"}],"circlet_count":0,"master_deck":["AscendersBane","blademaster:Strike","blademaster:Strike","blademaster:Strike+1","blademaster:Defend","blademaster:Defend+1","blademaster:Defend","blademaster:RagingBlow+1","blademaster:HighVoltage","blademaster:ChargingUp","blademaster:ThunderSlash+1","blademaster:EnchantedCuirass+1","blademaster:TraverseCut","blademaster:DancingEdge+1","blademaster:Flurry","blademaster:ChargingUp","blademaster:ColdBlood","blademaster:ThunderingOpener","Shame","blademaster:Breeze","blademaster:DragonStrike+1","blademaster:Flurry","blademaster:Safeguard","blademaster:Flurry+1","blademaster:RollingTyphoon","blademaster:Flurry+1","blademaster:Stormstrike+1","blademaster:FlockOfBlades","blademaster:EyeOfTheStorm","blademaster:Slice+1","blademaster:Frontflip","blademaster:SlyStabs+1"],"relics":["blademaster:DancersAmulet","Oddly Smooth Stone","Meat on the Bone","Kunai","Shuriken","Blue Candle","Fusion Hammer","WingedGreaves","Smiling Mask","Pear","Whetstone","Gremlin Horn","InkBottle","Red Mask","Bottled Tornado","Cursed Key","Bottled Lightning","Toy Ornithopter","Question Card","Blood Vial","ClockworkSouvenir","Happy Flower","Letter Opener","War Paint"],"acts_visited":["Exordium","TheCity","TheBeyond","TheEnding"],"potions_floor_usage":[11,16],"damage_taken":[{"damage":3,"enemies":"Jaw Worm","floor":1,"turns":4},{"damage":3,"enemies":"Cultist","floor":2,"turns":4},{"damage":1,"enemies":"2 Louse","floor":5,"turns":4},{"damage":22,"enemies":"Gremlin Nob","floor":7,"turns":4},{"damage":0,"enemies":"3 Sentries","floor":11,"turns":7},{"damage":5,"enemies":"Looter","floor":12,"turns":3},{"damage":0,"enemies":"Exordium Wildlife","floor":13,"turns":2},{"damage":10,"enemies":"Gremlin Nob","floor":14,"turns":4},{"damage":11,"enemies":"The Guardian","floor":16,"turns":9},{"damage":6,"enemies":"Spheric Guardian","floor":18,"turns":5},{"damage":4,"enemies":"2 Thieves","floor":19,"turns":3},{"damage":1,"enemies":"3 Cultists","floor":22,"turns":3},{"damage":20,"enemies":"Gremlin Leader","floor":23,"turns":5},{"damage":35,"enemies":"Slavers","floor":24,"turns":5},{"damage":6,"enemies":"Chosen and Byrds","floor":25,"turns":3},{"damage":11,"enemies":"Gremlin Leader","floor":27,"turns":4},{"damage":2,"enemies":"Book of Stabbing","floor":28,"turns":3},{"damage":12,"enemies":"Cultist and Chosen","floor":29,"turns":3},{"damage":0,"enemies":"Masked Bandits","floor":30,"turns":2},{"damage":1,"enemies":"Slavers","floor":31,"turns":3},{"damage":5,"enemies":"Champ","floor":33,"turns":5},{"damage":0,"enemies":"3 Darklings","floor":35,"turns":2},{"damage":0,"enemies":"Orb Walker","floor":36,"turns":2},{"damage":0,"enemies":"3 Darklings","floor":39,"turns":2},{"damage":0,"enemies":"Reptomancer","floor":40,"turns":2},{"damage":1,"enemies":"Jaw Worm Horde","floor":42,"turns":2},{"damage":1,"enemies":"4 Shapes","floor":44,"turns":2},{"damage":0,"enemies":"Giant Head","floor":45,"turns":5},{"damage":0,"enemies":"Transient","floor":47,"turns":5},{"damage":0,"enemies":"Nemesis","floor":48,"turns":3},{"damage":14,"enemies":"Donu and Deca","floor":50,"turns":6},{"damage":14,"enemies":"Shield and Spear","floor":54,"turns":3},{"damage":40,"enemies":"The Heart","floor":55,"turns":6}],"seed_played":"-3252539187823070247","potions_obtained":[{"floor":1,"key":"Fruit Juice"},{"floor":5,"key":"LiquidMemories"},{"floor":12,"key":"DuplicationPotion"},{"floor":16,"key":"FairyPotion"}],"is_trial":false,"path_per_floor":["M","M","?","?","M","R","E","R","T","R","E","M","M","E","R","B",null,"M","M","?","?","M","E","E","M","T","E","E","M","?","E","R","B",null,"M","M","$","?","M","E","R","M","T","M","E","R","M","E","R","B",null,"R","$","E","B",null],"character_chosen":"THE_BLADEMASTER","items_purchased":["Bottled Lightning","ClockworkSouvenir","Happy Flower","Letter Opener"],"campfire_rested":5,"item_purchase_floors":[37,53,53,53],"current_hp_per_floor":[61,58,51,51,50,50,28,28,28,49,49,44,44,46,46,52,70,64,60,60,60,59,39,26,32,32,33,43,43,55,54,54,49,77,77,77,77,77,77,77,86,85,85,84,84,86,86,86,86,78,84,86,86,78,58],"gold":32,"neow_bonus":"RANDOM_COMMON_RELIC","is_daily":false,"chose_seed":false,"campfire_upgraded":3,"win_rate":0.0,"timestamp":1610414067,"path_taken":["M","M","?","?","M","R","E","R","T","R","E","M","M","E","R","BOSS","M","?","?","?","M","E","E","M","T","E","E","M","?","E","R","BOSS","M","M","$","?","M","E","R","?","T","M","E","R","M","E","R","BOSS","R","$","E","BOSS"],"items_purchased_type":["Relic","Relic","Relic","Relic"],"build_version":"2020-12-18","purchased_purges":2,"victory":true,"max_hp_per_floor":[71,71,71,71,71,71,71,71,71,71,71,71,71,71,71,76,76,76,76,76,76,76,76,86,86,86,86,86,86,86,86,86,86,86,86,86,86,86,86,86,86,86,86,86,86,86,86,86,86,86,86,86,86,86,86],"relic_stats":{"Gremlin Horn":[18,18],"Happy Flower":[3],"counters":[33,125],"Blue Candle":[18],"Whetstone":["blademaster:Strike","blademaster:DragonStrike"],"Letter Opener":[25],"War Paint":["blademaster:Flurry","blademaster:Defend"],"Smiling Mask":75,"Cursed Key":1,"Question Card":8,"Blood Vial":2,"Shuriken":[69],"Kunai":[72],"obtain_stats":[{"Gremlin Horn":27,"blademaster:BonusFuryPerk":48,"Whetstone":26,"Bottled Tornado":31,"Smiling Mask":23,"Cursed Key":34,"ClockworkSouvenir":53,"Blood Vial":48,"Fusion Hammer":17,"WingedGreaves":20,"blademaster:FinisherDrawCardPerk":23,"Red Mask":30,"Kunai":9,"blademaster:ComboEveryTurnPerk":11,"blademaster:DextrousPerk":40,"blademaster:BleedingLaceratePerk":27,"InkBottle":28,"Pear":24,"Happy Flower":53,"blademaster:StrongPerk":24,"blademaster:BonusComboPerk":54,"Blue Candle":14,"Oddly Smooth Stone":0,"blademaster:OnAttackedChargePerk":14,"blademaster:RandomBladePerk":28,"Letter Opener":53,"War Paint":54,"Question Card":45,"blademaster:FuryEveryTurnPerk":7,"Shuriken":11,"blademaster:StanceHealPerk":45,"blademaster:DancersAmulet":0,"blademaster:WindChargePerk":31,"Bottled Lightning":37,"Toy Ornithopter":40,"Meat on the Bone":7},{"Gremlin Horn":16,"blademaster:BonusFuryPerk":30,"Whetstone":15,"Bottled Tornado":20,"Smiling Mask":13,"Cursed Key":21,"ClockworkSouvenir":31,"Blood Vial":30,"Fusion Hammer":9,"WingedGreaves":11,"blademaster:FinisherDrawCardPerk":13,"Red Mask":19,"Kunai":4,"blademaster:ComboEveryTurnPerk":5,"blademaster:DextrousPerk":25,"blademaster:BleedingLaceratePerk":16,"InkBottle":17,"Pear":14,"Happy Flower":31,"blademaster:StrongPerk":14,"blademaster:BonusComboPerk":32,"Blue Candle":8,"Oddly Smooth Stone":0,"blademaster:OnAttackedChargePerk":8,"blademaster:RandomBladePerk":17,"Letter Opener":31,"War Paint":32,"Question Card":28,"blademaster:FuryEveryTurnPerk":4,"Shuriken":5,"blademaster:StanceHealPerk":28,"blademaster:DancersAmulet":0,"blademaster:WindChargePerk":20,"Bottled Lightning":23,"Toy Ornithopter":25,"Meat on the Bone":4},{"Gremlin Horn":69,"blademaster:BonusFuryPerk":110,"Whetstone":65,"Bottled Tornado":80,"Smiling Mask":57,"Cursed Key":85,"ClockworkSouvenir":116,"Blood Vial":110,"Fusion Hammer":41,"WingedGreaves":49,"blademaster:FinisherDrawCardPerk":57,"Red Mask":77,"Kunai":16,"blademaster:ComboEveryTurnPerk":23,"blademaster:DextrousPerk":93,"blademaster:BleedingLaceratePerk":69,"InkBottle":72,"Pear":62,"Happy Flower":116,"blademaster:StrongPerk":62,"blademaster:BonusComboPerk":119,"Blue Candle":32,"Oddly Smooth Stone":0,"blademaster:OnAttackedChargePerk":32,"blademaster:RandomBladePerk":72,"Letter Opener":116,"War Paint":119,"Question Card":102,"blademaster:FuryEveryTurnPerk":16,"Shuriken":23,"blademaster:StanceHealPerk":102,"blademaster:DancersAmulet":0,"blademaster:WindChargePerk":80,"Bottled Lightning":89,"Toy Ornithopter":93,"Meat on the Bone":16}],"InkBottle":[30],"Toy Ornithopter":0,"Meat on the Bone":108},"card_choices":[{"not_picked":["blademaster:AncestralHealing","blademaster:Stability"],"picked":"blademaster:ChargingUp","floor":1},{"not_picked":["blademaster:AirSlash","blademaster:AwakeningDefend"],"picked":"blademaster:ThunderSlash","floor":2},{"not_picked":["blademaster:Bloodbath","blademaster:BrainBloom","blademaster:Frontflip"],"picked":"SKIP","floor":5},{"not_picked":["blademaster:TraverseCut","blademaster:SharpBlades"],"picked":"blademaster:EnchantedCuirass","floor":7},{"not_picked":["blademaster:AwakeningDefend","blademaster:Discharge"],"picked":"blademaster:TraverseCut","floor":11},{"not_picked":["blademaster:Momentum","blademaster:Discharge"],"picked":"blademaster:DancingEdge","floor":12},{"not_picked":["blademaster:KiBarrier","blademaster:Stability"],"picked":"blademaster:Flurry","floor":13},{"not_picked":["blademaster:Sharpen","blademaster:SlyStabs"],"picked":"blademaster:ChargingUp","floor":14},{"not_picked":["blademaster:StanceMastery","blademaster:FuryOfTheElements"],"picked":"blademaster:ColdBlood","floor":16},{"not_picked":["blademaster:Frontflip","blademaster:Meditate"],"picked":"blademaster:ThunderingOpener","floor":18},{"not_picked":["blademaster:FuriousStrike","blademaster:Quickstep+1","blademaster:AwakeningStrike"],"picked":"SKIP","floor":19},{"not_picked":["blademaster:Rupture","blademaster:Thrust"],"picked":"blademaster:Breeze","floor":22},{"not_picked":["blademaster:RagingBlow","blademaster:BloodyBlow"],"picked":"blademaster:DragonStrike","floor":23},{"not_picked":["blademaster:ChargingUp","blademaster:EyeOfTheTornado+1"],"picked":"blademaster:Flurry","floor":24},{"not_picked":["blademaster:Sunder","blademaster:Quickstep"],"picked":"blademaster:Safeguard","floor":25},{"not_picked":["blademaster:IcyWind","blademaster:BladeCross"],"picked":"blademaster:Flurry","floor":27},{"not_picked":["blademaster:IcyWind","blademaster:AwakeningDefend","blademaster:StanceMastery"],"picked":"SKIP","floor":28},{"not_picked":["blademaster:DancingEdge","blademaster:Bloodbath","blademaster:Quickstep"],"picked":"SKIP","floor":29},{"not_picked":["blademaster:Flurry","blademaster:LeechingStrike","blademaster:CombatPrep"],"picked":"SKIP","floor":31},{"not_picked":["blademaster:ThreePointStrike","blademaster:Blindside"],"picked":"blademaster:RollingTyphoon","floor":33},{"not_picked":["blademaster:IcyWind+1","blademaster:LeechingStrike"],"picked":"blademaster:Flurry+1","floor":35},{"not_picked":["blademaster:AwakeningStrike","blademaster:LeechingStrike","blademaster:AspectOfLightning"],"picked":"SKIP","floor":36},{"not_picked":["blademaster:Vortex","blademaster:Momentum"],"picked":"blademaster:Stormstrike+1","floor":39},{"not_picked":["blademaster:Reversal","blademaster:ParryingStrike"],"picked":"blademaster:FlockOfBlades","floor":40},{"not_picked":["blademaster:Sharpen","blademaster:AirSlash","blademaster:FuriousStrike+1"],"picked":"SKIP","floor":42},{"not_picked":["blademaster:AwakeningDefend","blademaster:ThunderSlash"],"picked":"blademaster:EyeOfTheStorm","floor":44},{"not_picked":["blademaster:BloodyBlow","blademaster:Rupture+1"],"picked":"blademaster:Slice+1","floor":45},{"not_picked":["blademaster:AncestralHealing+1","blademaster:BladeMastery+1","blademaster:LightningCrash","blademaster:Havoc"],"picked":"SKIP","floor":47},{"not_picked":["blademaster:ThunderingOpener","blademaster:Thrust","blademaster:AirSlash"],"picked":"blademaster:Frontflip","floor":48},{"not_picked":["blademaster:Slice+1","blademaster:Thrust+1","blademaster:EyeOfTheTornado+1"],"picked":"blademaster:SlyStabs+1","floor":54}],"player_experience":1757988,"relics_obtained":[{"floor":7,"key":"Meat on the Bone"},{"floor":7,"key":"blademaster:FuryEveryTurnPerk"},{"floor":9,"key":"Kunai"},{"floor":11,"key":"Shuriken"},{"floor":11,"key":"blademaster:ComboEveryTurnPerk"},{"floor":14,"key":"Blue Candle"},{"floor":14,"key":"blademaster:OnAttackedChargePerk"},{"floor":23,"key":"Smiling Mask"},{"floor":23,"key":"blademaster:FinisherDrawCardPerk"},{"floor":24,"key":"Pear"},{"floor":24,"key":"blademaster:StrongPerk"},{"floor":26,"key":"Whetstone"},{"floor":27,"key":"Gremlin Horn"},{"floor":27,"key":"blademaster:BleedingLaceratePerk"},{"floor":28,"key":"InkBottle"},{"floor":28,"key":"blademaster:RandomBladePerk"},{"floor":30,"key":"Red Mask"},{"floor":31,"key":"blademaster:WindChargePerk"},{"floor":31,"key":"Bottled Tornado"},{"floor":40,"key":"Toy Ornithopter"},{"floor":40,"key":"blademaster:DextrousPerk"},{"floor":45,"key":"Question Card"},{"floor":45,"key":"blademaster:StanceHealPerk"},{"floor":48,"key":"Blood Vial"},{"floor":48,"key":"blademaster:BonusFuryPerk"},{"floor":54,"key":"War Paint"},{"floor":54,"key":"blademaster:BonusComboPerk"}],"event_choices":[{"cards_removed":["blademaster:Defend"],"damage_healed":0,"gold_gain":0,"player_choice":"Card Removal","damage_taken":7,"max_hp_gain":0,"max_hp_loss":0,"event_name":"Golden Wing","floor":3,"gold_loss":0},{"damage_healed":0,"gold_gain":0,"player_choice":"Upgraded","damage_taken":0,"max_hp_gain":0,"max_hp_loss":0,"event_name":"Upgrade Shrine","floor":4,"gold_loss":0,"cards_upgraded":["blademaster:RagingBlow"]},{"damage_healed":0,"gold_gain":0,"player_choice":"Stole Relic","damage_taken":0,"relics_obtained":["WingedGreaves"],"max_hp_gain":0,"max_hp_loss":0,"event_name":"Addict","floor":20,"gold_loss":0,"cards_obtained":["Shame"]},{"damage_healed":0,"gold_gain":0,"player_choice":"Ignored","damage_taken":0,"max_hp_gain":0,"max_hp_loss":0,"event_name":"Ghosts","floor":21,"gold_loss":0},{"damage_healed":0,"gold_gain":0,"player_choice":"Fought Bandits","damage_taken":0,"max_hp_gain":0,"max_hp_loss":0,"event_name":"Masked Bandits","floor":30,"gold_loss":0},{"damage_healed":0,"gold_gain":0,"player_choice":"Ignored","damage_taken":0,"max_hp_gain":0,"max_hp_loss":0,"event_name":"SecretPortal","floor":38,"gold_loss":0}],"is_beta":true,"boss_relics":[{"not_picked":["Snecko Eye","Tiny House"],"picked":"Fusion Hammer"},{"not_picked":["Pandora\u0027s Box","Runic Dome"],"picked":"Cursed Key"}],"items_purged_floors":[37,53],"is_endless":false,"potions_floor_spawned":[1,5,12,16,22,25,29,31,33,39,44,45,47,48],"ascension_level":15}}