{"host":"drrjwv4o5ms3zsrm","time":1610453465,"event":{"mods":["100% Spire Juice","ATMod(°¢èªMod)","Act Like it!","Aspiration","BaseMod","CapriCore","Colored Powertips","Conspire","Friendly Minions","Gensokyo","Jedi Mod","Lobotomy","LobotomyExtend","Minty Spire (QoL Compilation)","MostiFishMod","Reimu£¨²©ÀöÁéÃÎ£©","Replay The Spire","RumiaBox-Â¶Ã×æ«µÄÉñÃØºÐ×Ó","StSLib","TestMod","The Alterego","The Gatherer","The Immortal","The Jungle","Waifu the Spire","WarShipGirlsR/Õ½½¢ÉÙÅ®R mod","[IsaacMod]ÒÔÈö¼âËþ","vexMod","¡¾ÒÅÎï¿¨ÅÆ¡¿REMEMod","óô»ðÖ¸ÄÏ"],"gold_per_floor":[117,117,117,117,127,171,171,194,194,227,245,265,301,331,331,406,406,420,459,85,95,95,123,123],"floor_reached":23,"playtime":1212,"items_purged":["Strike_Lin:ReiMu"],"score":475,"play_id":"b065f527-2363-49bb-97ea-67e26753ead6","local_time":"20210112201105","is_ascension_mode":true,"campfire_choices":[{"data":"DependentForm:ReiMu","floor":7,"key":"SMITH"},{"data":"Mountainwind:ReiMu","floor":15,"key":"SMITH"}],"circlet_count":0,"master_deck":["AscendersBane","Strike_Lin:ReiMu","Strike_Lin:ReiMu","Strike_Lin:ReiMu","Defend_Lin:ReiMu","Defend_Lin:ReiMu","Defend_Lin:ReiMu","Defend_Lin:ReiMu","NB:ReiMu","Stagnation:ReiMu","AT_FamilyPortrait+1","testmod-Superconductor+1","EmergencyTakeOff:ReiMu","DependentForm:ReiMu+1","Revelation:ReiMu","Revelation:ReiMu","UpKicking:ReiMu","Mountainwind:ReiMu+1","YinYang:ReiMu","SpreadBorder2:ReiMu","UpKicking:ReiMu"],"relics":["FlyPower:ReiMu","testmod-TestBox","DaveBox","HushsDoor","AT_ATBox","REME_ComplimentaryCards","JellyFishMachine","testmod-CyclicPeriapt","SalivaCoin","SynthV:TestCard","BelialBook","Replay:Rubber Ducky","testmod-Fortitude","GuppysTail","ChewingGum","SkyOrb:ReiMu","Frozen Eye","Lantern"],"acts_visited":["Exordium","TheCity"],"potions_floor_usage":[6,12,16,21],"damage_taken":[{"damage":1,"enemies":"2 Louse","floor":1,"turns":3},{"damage":0,"enemies":"Cultist","floor":5,"turns":4},{"damage":15,"enemies":"Gremlin Nob","floor":6,"turns":4},{"damage":10,"enemies":"Small Slimes","floor":8,"turns":4},{"damage":0,"enemies":"Lagavulin","floor":10,"turns":6},{"damage":0,"enemies":"Red Slaver","floor":11,"turns":4},{"damage":3,"enemies":"Looter","floor":12,"turns":4},{"damage":11,"enemies":"Replay:BlueRogue","floor":13,"turns":6},{"damage":10,"enemies":"3 Louse","floor":14,"turns":4},{"damage":0,"enemies":"The Guardian","floor":16,"turns":7},{"damage":0,"enemies":"3 Byrds","floor":18,"turns":5},{"damage":7,"enemies":"Shell Parasite","floor":19,"turns":5},{"damage":0,"enemies":"3 Cultists","floor":21,"turns":7},{"damage":39,"enemies":"conspire:Head Lice","floor":23,"turns":8}],"seed_played":"-2953368105463778130","potions_obtained":[{"floor":1,"key":"Adrenaline Potion"},{"floor":8,"key":"Explosive Potion"},{"floor":12,"key":"Fire Potion"},{"floor":13,"key":"Languid Potion"},{"floor":14,"key":"PowerPotion"}],"is_trial":false,"path_per_floor":["M","?","?","?","M","E","R","M","T","E","M","M","E","M","R","B",null,"M","M","$","M","?","E"],"character_chosen":"REIMU","items_purchased":["SkyOrb:ReiMu","Frozen Eye"],"campfire_rested":0,"item_purchase_floors":[20,20],"current_hp_per_floor":[58,58,58,58,58,43,43,33,33,33,33,30,19,9,9,9,51,51,44,44,44,44,5,5],"gold":123,"neow_bonus":"UPGRADE_CARD","is_daily":false,"chose_seed":false,"campfire_upgraded":2,"win_rate":0.0,"timestamp":1610453465,"path_taken":["M","?","?","?","M","E","R","M","T","E","M","M","E","M","R","BOSS","M","M","$","M","?","E"],"items_purchased_type":["Relic","Relic"],"build_version":"2020-12-22","purchased_purges":1,"victory":false,"max_hp_per_floor":[65,65,65,65,65,65,65,65,65,65,65,65,65,65,65,65,65,65,65,65,65,65,65,65],"card_choices":[{"not_picked":[],"picked":"Bomb","floor":0},{"not_picked":["OrbThrow:ReiMu","CareerPray:ReiMu","Amulet:ReiMu"],"picked":"SKIP","floor":1},{"not_picked":["SubcavityInstant:ReiMu","OrbThrow:ReiMu","Intuition:ReiMu","AirManeuver:ReiMu"],"picked":"EmergencyTakeOff:ReiMu","floor":5},{"not_picked":["Conquer:ReiMu","Enchanting:ReiMu","AirStrike:ReiMu","SubcavityInstant:ReiMu"],"picked":"DependentForm:ReiMu","floor":6},{"not_picked":["Amulet:ReiMu","InherentArray:ReiMu","Dreaming2:ReiMu","YinYangSign:ReiMu","SubcavityInstant:ReiMu"],"picked":"SKIP","floor":8},{"not_picked":["TightArray:ReiMu","AlertArray:ReiMu","MountainWay:ReiMu","LearningPray:ReiMu"],"picked":"Revelation:ReiMu","floor":10},{"not_picked":["Dreaming2:ReiMu","AlertArray:ReiMu","KamiSacrifice:ReiMu","SafetyPray:ReiMu"],"picked":"Revelation:ReiMu","floor":11},{"not_picked":["AirStrike:ReiMu","SafetyPray:ReiMu","Intuition:ReiMu","Amulet:ReiMu","WonderfulDomain:ReiMu"],"picked":"SKIP","floor":12},{"not_picked":["Authority:ReiMu","SafetyPray:ReiMu","RainPray2:ReiMu","SpreadBorder2:ReiMu"],"picked":"UpKicking:ReiMu","floor":13},{"not_picked":["LearningPray:ReiMu","AlertArray:ReiMu","SpringWay:ReiMu","Dreaming2:ReiMu"],"picked":"Mountainwind:ReiMu","floor":14},{"not_picked":["OctopathSalyBorderN:ReiMu","Authority:ReiMu","PrayRite:ReiMu","HakureiPhantom:ReiMu"],"picked":"YinYang:ReiMu","floor":16},{"not_picked":["Amulet:ReiMu+1","Crusade:ReiMu","SubcavityInstant:ReiMu","AirStrike:ReiMu"],"picked":"SpreadBorder2:ReiMu","floor":18},{"not_picked":["DoubleButterfly:ReiMu","PayForSelf:ReiMu","Meditation:ReiMu","EmergencyTakeOff:ReiMu"],"picked":"UpKicking:ReiMu","floor":19},{"not_picked":["FineLineFantasy:ReiMu","Enchanting:ReiMu","Meditation:ReiMu","SpringWay:ReiMu","PhosphorusFlame:ReiMu"],"picked":"SKIP","floor":21}],"player_experience":332555,"relics_obtained":[{"floor":1,"key":"SynthV:TestCard"},{"floor":6,"key":"BelialBook"},{"floor":9,"key":"Replay:Rubber Ducky"},{"floor":10,"key":"testmod-Fortitude"},{"floor":13,"key":"GuppysTail"},{"floor":22,"key":"Lantern"}],"event_choices":[{"damage_healed":0,"gold_gain":0,"player_choice":"Upgraded","damage_taken":0,"max_hp_gain":0,"max_hp_loss":0,"event_name":"Upgrade Shrine","floor":3,"gold_loss":0,"cards_upgraded":["AT_FamilyPortrait"]},{"damage_healed":0,"gold_gain":0,"player_choice":"Leave","damage_taken":0,"max_hp_gain":0,"max_hp_loss":0,"event_name":"conspire:Investor","floor":4,"gold_loss":0}],"is_beta":false,"boss_relics":[{"not_picked":["Astrolabe","Runic Pyramid"],"picked":"ChewingGum"},{"not_picked":[]}],"items_purged_floors":[20],"is_endless":false,"potions_floor_spawned":[1,8,12,13,14],"killed_by":"conspire:Head Lice","ascension_level":13}}