{"host":"f0gpob8hq9vgebej","time":1610426041,"event":{"mods":["AchievementEnabler","BaseMod","Minty Spire (QoL Compilation)","Quick Restart","SuperFastMode"],"gold_per_floor":[111,126,142,153,153,153,168,181,232,21,36,111,111,111,111,211,211,225,425,445,465,483,483,518,352,352,352,352],"floor_reached":27,"playtime":405,"items_purged":["Strike_B","Strike_B"],"score":250,"play_id":"29db8654-07ec-4b6d-ba0d-06cec76e5d2b","local_time":"20210112133401","is_ascension_mode":true,"campfire_choices":[{"data":"Defragment","floor":6.0,"key":"SMITH"},{"floor":13.0,"key":"REST"},{"data":"Buffer","floor":15.0,"key":"SMITH"},{"floor":23,"key":"REST"}],"circlet_count":0,"master_deck":["Strike_B","Strike_B","Defend_B","Defend_B","Defend_B","Defend_B","Zap","Dualcast","Ball Lightning","Defragment+1","Redo","Conserve Battery","Buffer+1","Electrodynamics","Steam Power","Seek","Tempest","Multi-Cast","Defragment"],"relics":["Cracked Core","NeowsBlessing","Dream Catcher","Sozu","MawBank","Gremlin Horn"],"acts_visited":["Exordium","TheCity"],"potions_floor_usage":[20,24],"damage_taken":[{"damage":0.0,"enemies":"Jaw Worm","floor":1.0,"turns":1.0},{"damage":0.0,"enemies":"2 Louse","floor":2.0,"turns":1.0},{"damage":0.0,"enemies":"Small Slimes","floor":3.0,"turns":1.0},{"damage":30.0,"enemies":"Gremlin Gang","floor":4.0,"turns":4.0},{"damage":12.0,"enemies":"Large Slime","floor":7.0,"turns":3.0},{"damage":3.0,"enemies":"Blue Slaver","floor":8.0,"turns":4.0},{"damage":6.0,"enemies":"Looter","floor":11.0,"turns":3.0},{"damage":15.0,"enemies":"The Guardian","floor":16.0,"turns":10.0},{"damage":9.0,"enemies":"Shell Parasite","floor":18.0,"turns":5.0},{"damage":8,"enemies":"3 Byrds","floor":20,"turns":2},{"damage":13,"enemies":"Snecko","floor":21,"turns":5},{"damage":24,"enemies":"Cultist and Chosen","floor":22,"turns":5},{"damage":12,"enemies":"Slavers","floor":24,"turns":3},{"damage":44,"enemies":"Shelled Parasite and Fungi","floor":27,"turns":3}],"seed_played":"-7667812507154617071","potions_obtained":[{"floor":1.0,"key":"SpeedPotion"},{"floor":4.0,"key":"Ancient Potion"},{"floor":8.0,"key":"LiquidBronze"},{"floor":11.0,"key":"DistilledChaos"}],"is_trial":false,"path_per_floor":["M","M","M","M","?","R","M","M","T","$","M","?","R","?","R","B",null,"M","?","M","M","M","R","E","$","T","M"],"character_chosen":"DEFECT","items_purchased":["Electrodynamics","Defragment"],"campfire_rested":2,"item_purchase_floors":[10,25],"current_hp_per_floor":[75,75,75,45,45,45,33,30,30,30,24,13,35,35,35,20,75,66,66,58,45,21,43,31,31,31,0,0],"gold":352,"neow_bonus":"THREE_ENEMY_KILL","is_daily":false,"chose_seed":false,"campfire_upgraded":2,"win_rate":0.0,"timestamp":1610426041,"path_taken":["M","M","M","M","?","R","M","M","T","$","M","?","R","?","R","BOSS","M","?","M","M","?","R","E","$","T","M"],"items_purchased_type":["Card","Card"],"build_version":"2020-12-22","purchased_purges":2,"victory":false,"max_hp_per_floor":[75,75,75,75,75,75,75,75,75,75,75,75,75,75,75,75,75,75,75,75,75,75,75,75,75,75,75,75],"card_choices":[{"not_picked":["Chill","Skim"],"picked":"Ball Lightning","floor":1.0},{"not_picked":["Melter","Consume"],"picked":"Defragment","floor":2.0},{"not_picked":["Force Field","Compile Driver"],"picked":"Redo","floor":3.0},{"not_picked":["Sunder","Streamline"],"picked":"Conserve Battery","floor":4.0},{"not_picked":["Redo","Force Field"],"picked":"Buffer","floor":7.0},{"not_picked":["Sweeping Beam","Redo","Rebound"],"picked":"SKIP","floor":8.0},{"not_picked":["Go for the Eyes","Barrage","Blizzard"],"picked":"SKIP","floor":11.0},{"not_picked":["Cold Snap","Streamline"],"picked":"Steam Power","floor":13.0},{"not_picked":["Echo Form","Buffer"],"picked":"Seek","floor":16.0},{"not_picked":["Cold Snap","Skim"],"picked":"Tempest","floor":18.0},{"not_picked":["Turbo","Compile Driver","Barrage"],"picked":"SKIP","floor":20},{"not_picked":["Rebound","Cold Snap+1","Skim"],"picked":"SKIP","floor":21},{"not_picked":["Sweeping Beam","Steam Power","Reinforced Body"],"picked":"SKIP","floor":22},{"not_picked":["Redo","Gash"],"picked":"Multi-Cast","floor":23},{"not_picked":["Sweeping Beam","Turbo","Ball Lightning"],"picked":"SKIP","floor":24}],"player_experience":138108,"relics_obtained":[{"floor":9.0,"key":"Dream Catcher"},{"floor":24,"key":"MawBank"},{"floor":26,"key":"Gremlin Horn"}],"event_choices":[{"damage_healed":0.0,"max_hp_gain":0.0,"max_hp_loss":0.0,"gold_gain":0.0,"event_name":"Liars Game","player_choice":"Ignored","floor":5.0,"gold_loss":0.0,"damage_taken":0.0},{"damage_healed":0.0,"max_hp_gain":0.0,"max_hp_loss":0.0,"gold_gain":75.0,"event_name":"World of Goop","player_choice":"Gather Gold","floor":12.0,"gold_loss":0.0,"damage_taken":11.0},{"damage_healed":0.0,"max_hp_gain":0.0,"max_hp_loss":0.0,"gold_gain":0.0,"event_name":"Golden Idol","player_choice":"Ignored","floor":14.0,"gold_loss":0.0,"damage_taken":0.0},{"damage_healed":0.0,"max_hp_gain":0.0,"max_hp_loss":0.0,"gold_gain":200.0,"event_name":"Wheel of Change","player_choice":"Gold","floor":19.0,"gold_loss":0.0,"damage_taken":0.0}],"is_beta":false,"boss_relics":[{"not_picked":["Cursed Key","Fusion Hammer"],"picked":"Sozu"}],"items_purged_floors":[10,25],"is_endless":false,"potions_floor_spawned":[1,4,8,11,24],"killed_by":"Shelled Parasite and Fungi","ascension_level":2}}