{"host":"lww1aq5xm6g9guev","time":1610471432,"event":{"mods":["Act Like it!","BaseMod","Conspire","Minty Spire (QoL Compilation)","Rare Cards Sparkle","Replay The Spire","StSLib","The Hayseed","vexMod"],"gold_per_floor":[119,130,130,141,13,13,44,19,19,38,38,51,51,51,51,146,146,166,20,20,33,46,46,46],"floor_reached":23,"playtime":785,"items_purged":[],"score":266,"play_id":"834438e0-fbd0-4034-ad82-072b7eeb3c05","local_time":"20210113011032","is_ascension_mode":false,"campfire_choices":[{"data":"TheSimpletonMod:Potatoes","floor":6,"key":"SMITH"},{"data":"TheSimpletonMod:Pruning","floor":13,"key":"SMITH"},{"data":"TheSimpletonMod:ReapAndSow","floor":15,"key":"SMITH"}],"circlet_count":0,"master_deck":["TheSimpletonMod:Strike_TheSimpleton","TheSimpletonMod:Strike_TheSimpleton","TheSimpletonMod:Strike_TheSimpleton","TheSimpletonMod:Defend_TheSimpleton+1","TheSimpletonMod:Defend_TheSimpleton","TheSimpletonMod:Defend_TheSimpleton","TheSimpletonMod:Defend_TheSimpleton","TheSimpletonMod:Haymaker","TheSimpletonMod:ReapAndSow+1","TheSimpletonMod:Swelter+1","TheSimpletonMod:Aerate","TheSimpletonMod:Potatoes+1","TheSimpletonMod:RootDown","TheSimpletonMod:OnionBloom+1","TheSimpletonMod:Pruning+1","TheSimpletonMod:Fertilaser","TheSimpletonMod:Surplus","TheSimpletonMod:StockTheCellar+1","TheSimpletonMod:ControlledBurn+1","conspire:Banana","Shame","TheSimpletonMod:Innovate","TheSimpletonMod:SoilSample+1"],"relics":["TheSimpletonMod:SpudOfTheInnocent","TheSimpletonMod:NightSoil","TheSimpletonMod:TheHarvester","NeowsBlessing","Replay:Ringing Soul","War Paint","Mirror","conspire:SlowCooker","Replay:Wax Seal"],"acts_visited":["Exordium","TheCity"],"potions_floor_usage":[7,22],"damage_taken":[{"damage":0,"enemies":"Cultist","floor":1,"turns":1},{"damage":0,"enemies":"conspire:RoseBush","floor":2,"turns":1},{"damage":0,"enemies":"Small Slimes","floor":4,"turns":1},{"damage":15,"enemies":"Gremlin Nob","floor":7,"turns":4},{"damage":14,"enemies":"3 Louse","floor":10,"turns":3},{"damage":8,"enemies":"Lots of Slimes","floor":12,"turns":3},{"damage":0,"enemies":"Slime Boss","floor":16,"turns":8},{"damage":18,"enemies":"Spheric Guardian","floor":18,"turns":4},{"damage":22,"enemies":"conspire:FuzzyDice","floor":21,"turns":6},{"damage":56,"enemies":"Cultist and Chosen","floor":22,"turns":7},{"damage":26,"enemies":"Centurion and Healer","floor":23,"turns":2}],"seed_played":"568255164136327228","potions_obtained":[{"floor":2,"key":"TheSimpletonMod:AbundancePotion"},{"floor":10,"key":"Adrenaline Potion"},{"floor":12,"key":"SpeedPotion"},{"floor":18,"key":"Regen Potion"}],"is_trial":false,"path_per_floor":["M","M","?","M","$","R","E","$","T","M","?","M","R","?","R","B",null,"M","$","?","M","M","M"],"character_chosen":"THE_SIMPLETON","items_purchased":["TheSimpletonMod:Potatoes","TheSimpletonMod:RootDown","TheSimpletonMod:Pruning","TheSimpletonMod:ControlledBurn+1","conspire:Banana"],"campfire_rested":0,"item_purchase_floors":[5,5,8,19,19],"current_hp_per_floor":[75,75,75,75,75,75,67,70,70,60,53,52,52,52,52,59,87,72,75,78,64,21,0,0],"gold":46,"neow_bonus":"THREE_ENEMY_KILL","is_daily":false,"chose_seed":false,"campfire_upgraded":3,"win_rate":0.0,"timestamp":1610471432,"path_taken":["M","?","?","M","$","R","E","$","T","M","?","M","R","?","R","BOSS","M","?","?","M","M","M"],"items_purchased_type":["Card","Card","Card","Card","Card"],"build_version":"2020-12-22","purchased_purges":0,"victory":false,"max_hp_per_floor":[75,75,75,75,75,75,78,81,81,81,81,84,84,84,84,87,87,90,93,96,100,104,104,104],"card_choices":[{"not_picked":["TheSimpletonMod:DoubleBarrel","TheSimpletonMod:Artichokes"],"picked":"TheSimpletonMod:Swelter","floor":1},{"not_picked":["TheSimpletonMod:SoilSample","TheSimpletonMod:DoubleBarrel"],"picked":"TheSimpletonMod:Aerate","floor":2},{"not_picked":["TheSimpletonMod:DigIn","TheSimpletonMod:Rake","TheSimpletonMod:SaladShooter"],"picked":"SKIP","floor":4},{"not_picked":["TheSimpletonMod:Potatoes","TheSimpletonMod:Pruning"],"picked":"TheSimpletonMod:OnionBloom","floor":7},{"not_picked":["TheSimpletonMod:Sunchoke","TheSimpletonMod:CloseScrape","TheSimpletonMod:Ferment"],"picked":"SKIP","floor":10},{"not_picked":["TheSimpletonMod:SlashAndBurn","TheSimpletonMod:PestManagement"],"picked":"TheSimpletonMod:Fertilaser","floor":12},{"not_picked":["TheSimpletonMod:Photosynthesis","TheSimpletonMod:BuzzBomb"],"picked":"TheSimpletonMod:Surplus","floor":16},{"not_picked":["TheSimpletonMod:SaladShooter+1","TheSimpletonMod:CloseScrape"],"picked":"TheSimpletonMod:StockTheCellar+1","floor":18},{"not_picked":["TheSimpletonMod:SaladShooter","TheSimpletonMod:Sunchoke"],"picked":"TheSimpletonMod:Innovate","floor":21},{"not_picked":["TheSimpletonMod:CullingStrike","TheSimpletonMod:Sunseed"],"picked":"TheSimpletonMod:SoilSample+1","floor":22}],"player_experience":98718,"relics_obtained":[{"floor":7,"key":"Replay:Ringing Soul"},{"floor":9,"key":"War Paint"}],"event_choices":[{"damage_healed":0,"gold_gain":0,"player_choice":"Grow","damage_taken":0,"max_hp_gain":0,"max_hp_loss":0,"event_name":"Living Wall","floor":3,"gold_loss":0,"cards_upgraded":["TheSimpletonMod:Swelter"]},{"cards_removed":["TheSimpletonMod:Strike_TheSimpleton"],"damage_healed":0,"gold_gain":0,"player_choice":"Card Removal","damage_taken":7,"max_hp_gain":0,"max_hp_loss":0,"event_name":"Golden Wing","floor":11,"gold_loss":0},{"damage_healed":0,"gold_gain":0,"player_choice":"Gave Potion","damage_taken":0,"relics_obtained":["Mirror"],"max_hp_gain":0,"max_hp_loss":0,"event_name":"WeMeetAgain","floor":14,"gold_loss":0},{"damage_healed":0,"gold_gain":0,"player_choice":"Stole Relic","damage_taken":0,"relics_obtained":["Replay:Wax Seal"],"max_hp_gain":0,"max_hp_loss":0,"event_name":"Addict","floor":20,"gold_loss":0,"cards_obtained":["Shame"]}],"is_beta":false,"boss_relics":[{"not_picked":["conspire:SeveredTorchhead","Calling Bell"],"picked":"conspire:SlowCooker"}],"items_purged_floors":[],"is_endless":false,"potions_floor_spawned":[2,10,12,18],"killed_by":"Centurion and Healer","ascension_level":0}}