{"host":"hk3n60c9tb8azi3z","time":1610473209,"event":{"mods":["AchievementEnabler","BaseMod","Minty Spire (QoL Compilation)","Relic Sorter","Relic Stats"],"gold_per_floor":[112,112,57,57,70,96,96,109,109,109,109,143,157,186,186,265,265,285,305,321,339,339,370,370,395,395,395,61,95,111,56,56,128,128,145,145,145,170,181,216,51,81,132,143,143,175,175,192,192,192,192],"floor_reached":52,"playtime":5973,"items_purged":[],"score":2782,"play_id":"8fee724d-4a3a-41a1-a2ee-cd9fe3fe66c1","local_time":"20210112184009","daily_mods":["Draft","Uncertain Future","Elite Swarm"],"is_ascension_mode":true,"campfire_choices":[{"data":"Seek","floor":7.0,"key":"SMITH"},{"data":"Hologram","floor":11.0,"key":"SMITH"},{"data":"Buffer","floor":15.0,"key":"SMITH"},{"data":"Echo Form","floor":24.0,"key":"SMITH"},{"data":"Biased Cognition","floor":27.0,"key":"SMITH"},{"data":"Fission","floor":32,"key":"SMITH"},{"data":"Panacea","floor":45,"key":"SMITH"},{"data":"Buffer","floor":47,"key":"SMITH"},{"data":"Amplify","floor":49,"key":"SMITH"}],"circlet_count":0,"master_deck":["AscendersBane","Gash+1","Cold Snap+1","Sweeping Beam","Gash+1","Rebound","Leap","Beam Cell","Coolheaded","Coolheaded","Sunder","Cold Snap","Genetic Algorithm","Sweeping Beam","Genetic Algorithm+1","Coolheaded","Beam Cell","Hologram+1","Seek+1","Reinforced Body","Echo Form+1","Chill","Buffer+1","Fission","BootSequence","Loop","Fission+1","Amplify+1","Biased Cognition+1","Writhe","All For One","Defragment","Gash","Biased Cognition","Panacea+1","Buffer+1","Loop","Finesse","Machine Learning","Clumsy","Multi-Cast","Go for the Eyes"],"relics":["Cracked Core","Gambling Chip","Singing Bowl","WarpedTongs","Boot","Du-Vu Doll","Cursed Key","Toy Ornithopter","FossilizedHelix","Letter Opener","Bag of Preparation","Toolbox","Whetstone","Coffee Dripper","Peace Pipe","Mango","Meat on the Bone","MealTicket","White Beast Statue"],"acts_visited":["TheBeyond"],"potions_floor_usage":[40,46,51],"damage_taken":[{"damage":2.0,"enemies":"Cultist","floor":1.0,"turns":3.0},{"damage":4.0,"enemies":"2 Louse","floor":5.0,"turns":2.0},{"damage":8.0,"enemies":"3 Sentries","floor":6.0,"turns":4.0},{"damage":0.0,"enemies":"Small Slimes","floor":8.0,"turns":2.0},{"damage":3.0,"enemies":"Lagavulin","floor":12.0,"turns":2.0},{"damage":10.0,"enemies":"3 Louse","floor":13.0,"turns":2.0},{"damage":2.0,"enemies":"3 Sentries","floor":14.0,"turns":5.0},{"damage":1.0,"enemies":"Slime Boss","floor":16.0,"turns":6.0},{"damage":0.0,"enemies":"Chosen","floor":18.0,"turns":4.0},{"damage":0.0,"enemies":"2 Thieves","floor":19.0,"turns":3.0},{"damage":1.0,"enemies":"Snake Plant","floor":20.0,"turns":4.0},{"damage":7.0,"enemies":"Shelled Parasite and Fungi","floor":21.0,"turns":5.0},{"damage":3.0,"enemies":"Slavers","floor":23.0,"turns":5.0},{"damage":0.0,"enemies":"Gremlin Leader","floor":25.0,"turns":6.0},{"damage":0.0,"enemies":"Slavers","floor":29.0,"turns":5.0},{"damage":0,"enemies":"Cultist and Chosen","floor":30,"turns":3},{"damage":0,"enemies":"Automaton","floor":33,"turns":6},{"damage":0,"enemies":"Orb Walker","floor":35,"turns":1},{"damage":0,"enemies":"Mind Bloom Boss Battle","floor":38,"turns":5},{"damage":0,"enemies":"3 Darklings","floor":39,"turns":3},{"damage":0,"enemies":"Giant Head","floor":40,"turns":5},{"damage":0,"enemies":"Nemesis","floor":42,"turns":8},{"damage":0,"enemies":"Jaw Worm Horde","floor":44,"turns":4},{"damage":0,"enemies":"Reptomancer","floor":46,"turns":6},{"damage":0,"enemies":"4 Shapes","floor":48,"turns":5},{"damage":13,"enemies":"Awakened One","floor":50,"turns":12},{"damage":0,"enemies":"Time Eater","floor":51,"turns":19}],"seed_played":"5661799352122956829","potions_obtained":[{"floor":1.0,"key":"AttackPotion"},{"floor":8.0,"key":"LiquidMemories"},{"floor":13.0,"key":"DistilledChaos"},{"floor":18.0,"key":"ColorlessPotion"},{"floor":19.0,"key":"Energy Potion"},{"floor":23.0,"key":"Regen Potion"},{"floor":40,"key":"Explosive Potion"},{"floor":46,"key":"DistilledChaos"}],"is_trial":true,"path_per_floor":["M","?","$","?","M","E","R","M","T","?","R","E","M","E","R","B",null,"M","M","M","M","?","E","R","E","T","R","$","E","M","$","R","B",null,"M","?","?","?","M","E","$","E","T","M","R","E","R","M","R","B","B",null],"character_chosen":"DEFECT","items_purchased":["Hologram","Bag of Preparation","Toolbox","Gash","Loop","Finesse"],"campfire_rested":0,"item_purchase_floors":[3,28,28,31,41,41],"current_hp_per_floor":[62,41,41,64,60,52,52,52,52,52,52,49,39,37,37,36,62,64,64,63,56,56,53,53,53,53,53,53,53,53,53,53,53,68,70,70,70,72,74,93,93,93,93,95,95,95,95,95,95,82,95],"gold":192,"neow_bonus":"","is_daily":false,"chose_seed":false,"campfire_upgraded":9,"win_rate":0.0,"timestamp":1610473209,"path_taken":["M","?","$","?","M","E","R","M","T","?","R","E","M","E","R","BOSS","M","M","?","M","?","E","R","E","T","R","?","E","M","$","R","BOSS","M","?","?","?","M","E","$","E","T","M","R","E","R","M","R","BOSS","BOSS"],"items_purchased_type":["Card","Relic","Relic","Card","Card","Card"],"build_version":"2020-12-22","purchased_purges":0,"victory":true,"max_hp_per_floor":[71,71,71,71,71,71,71,71,71,71,71,71,71,71,71,71,71,73,73,73,73,73,73,73,73,73,73,73,73,73,73,73,73,73,75,75,75,77,79,93,93,93,93,95,95,95,95,95,95,95,95],"relic_stats":{"Singing Bowl":8,"counters":[17,102],"Bag of Preparation":[26],"Letter Opener":[381],"Whetstone":["Cold Snap","Gash"],"Boot":[56],"Cursed Key":2,"WarpedTongs":[84],"Peace Pipe":0,"Gambling Chip":[49],"MealTicket":0,"obtain_stats":[{"Singing Bowl":0,"Mango":40,"Bag of Preparation":28,"Letter Opener":26,"Whetstone":29,"Boot":0,"Cursed Key":0,"White Beast Statue":46,"WarpedTongs":0,"Du-Vu Doll":0,"Peace Pipe":38,"Gambling Chip":0,"Toolbox":28,"MealTicket":43,"Coffee Dripper":34,"Cracked Core":0,"Toy Ornithopter":23,"FossilizedHelix":25,"Meat on the Bone":42},{"Singing Bowl":0,"Mango":11,"Bag of Preparation":4,"Letter Opener":4,"Whetstone":5,"Boot":0,"Cursed Key":0,"White Beast Statue":14,"WarpedTongs":0,"Du-Vu Doll":0,"Peace Pipe":9,"Gambling Chip":0,"Toolbox":4,"MealTicket":12,"Coffee Dripper":7,"Cracked Core":0,"Toy Ornithopter":3,"FossilizedHelix":4,"Meat on the Bone":12},{"Singing Bowl":0,"Mango":48,"Bag of Preparation":20,"Letter Opener":20,"Whetstone":25,"Boot":0,"Cursed Key":0,"White Beast Statue":66,"WarpedTongs":0,"Du-Vu Doll":0,"Peace Pipe":40,"Gambling Chip":0,"Toolbox":20,"MealTicket":56,"Coffee Dripper":34,"Cracked Core":0,"Toy Ornithopter":14,"FossilizedHelix":20,"Meat on the Bone":56}],"Toy Ornithopter":10,"Meat on the Bone":0},"card_choices":[{"not_picked":["Scrape","Compile Driver"],"picked":"Gash","floor":0.0},{"not_picked":["Barrage","Coolheaded"],"picked":"Cold Snap","floor":0.0},{"not_picked":["Recycle","Go for the Eyes"],"picked":"Sweeping Beam","floor":0.0},{"not_picked":["Doom and Gloom","Scrape"],"picked":"Gash","floor":0.0},{"not_picked":["Redo","Turbo"],"picked":"Rebound","floor":0.0},{"not_picked":["Steam","Stack"],"picked":"Leap","floor":0.0},{"not_picked":["Scrape","Consume"],"picked":"Beam Cell","floor":0.0},{"not_picked":["Undo","Go for the Eyes"],"picked":"Coolheaded","floor":0.0},{"not_picked":["Sunder","Barrage"],"picked":"Coolheaded","floor":0.0},{"not_picked":["Fusion","Stack"],"picked":"Sunder","floor":0.0},{"not_picked":["Stack","Tempest"],"picked":"Cold Snap","floor":0.0},{"not_picked":["Rebound","BootSequence"],"picked":"Genetic Algorithm","floor":0.0},{"not_picked":["Turbo","Darkness"],"picked":"Sweeping Beam","floor":0.0},{"not_picked":["Ball Lightning","Barrage"],"picked":"Genetic Algorithm","floor":0.0},{"not_picked":["Barrage","Steam"],"picked":"Coolheaded","floor":0.0},{"not_picked":["Cold Snap","Reprogram"],"picked":"Beam Cell","floor":1.0},{"not_picked":["Turbo","Capacitor"],"picked":"Conserve Battery","floor":5.0},{"not_picked":["Rainbow","Multi-Cast"],"picked":"Seek","floor":6.0},{"not_picked":["Conserve Battery","Blizzard"],"picked":"Reinforced Body","floor":8.0},{"not_picked":["Thunder Strike","Machine Learning"],"picked":"Echo Form","floor":12.0},{"not_picked":["Stack","Barrage"],"picked":"Chill","floor":13.0},{"not_picked":["Rainbow","Hyperbeam"],"picked":"Buffer","floor":14.0},{"not_picked":["Seek","Biased Cognition"],"picked":"Fission","floor":16.0},{"not_picked":["Redo","Scrape","Coolheaded"],"picked":"Singing Bowl","floor":18.0},{"not_picked":["Coolheaded","Sweeping Beam"],"picked":"BootSequence","floor":19.0},{"not_picked":["Stack","Streamline"],"picked":"Loop","floor":20.0},{"not_picked":["Conserve Battery","Turbo"],"picked":"Fission","floor":21.0},{"not_picked":["Hyperbeam","Core Surge"],"picked":"Amplify","floor":23.0},{"not_picked":["Core Surge","Thunder Strike"],"picked":"Biased Cognition","floor":25.0},{"not_picked":["Core Surge","Fission"],"picked":"All For One","floor":29},{"not_picked":["Heatsinks","BootSequence"],"picked":"Defragment","floor":30},{"not_picked":["Amplify","Fission"],"picked":"Biased Cognition","floor":33},{"not_picked":["Reinforced Body+1","Sweeping Beam","Compile Driver"],"picked":"Singing Bowl","floor":35},{"not_picked":["Good Instincts","Enlightenment"],"picked":"Panacea","floor":36},{"not_picked":["Rebound","White Noise","Blizzard"],"picked":"Singing Bowl","floor":38},{"not_picked":["Skim","Reprogram","Cold Snap"],"picked":"Singing Bowl","floor":39},{"not_picked":["Reboot","Electrodynamics"],"picked":"Buffer","floor":40},{"not_picked":["Reboot","Multi-Cast"],"picked":"Machine Learning","floor":42},{"not_picked":["Go for the Eyes","Coolheaded+1","Fusion+1"],"picked":"Singing Bowl","floor":44},{"not_picked":["Electrodynamics","Reboot"],"picked":"Multi-Cast","floor":46},{"not_picked":["Chill+1","Static Discharge"],"picked":"Go for the Eyes","floor":48}],"player_experience":1448315,"relics_obtained":[{"floor":6.0,"key":"Gambling Chip"},{"floor":9.0,"key":"Singing Bowl"},{"floor":12.0,"key":"Boot"},{"floor":14.0,"key":"Du-Vu Doll"},{"floor":23.0,"key":"Toy Ornithopter"},{"floor":25.0,"key":"FossilizedHelix"},{"floor":26.0,"key":"Letter Opener"},{"floor":29,"key":"Whetstone"},{"floor":38,"key":"Peace Pipe"},{"floor":40,"key":"Mango"},{"floor":42,"key":"Meat on the Bone"},{"floor":43,"key":"MealTicket"},{"floor":46,"key":"White Beast Statue"}],"event_choices":[{"damage_healed":0.0,"max_hp_gain":0.0,"max_hp_loss":0.0,"gold_gain":0.0,"event_name":"Shining Light","player_choice":"Entered Light","floor":2.0,"gold_loss":0.0,"damage_taken":21.0,"cards_upgraded":["Gash","Genetic Algorithm"]},{"damage_healed":23.0,"max_hp_gain":0.0,"max_hp_loss":0.0,"gold_gain":0.0,"event_name":"Big Fish","player_choice":"Banana","floor":4.0,"gold_loss":0.0,"damage_taken":0.0},{"damage_healed":0.0,"max_hp_gain":0.0,"max_hp_loss":0.0,"gold_gain":0.0,"event_name":"Accursed Blacksmith","player_choice":"Rummage","floor":10.0,"gold_loss":0.0,"damage_taken":0.0,"relics_obtained":["WarpedTongs"],"cards_obtained":["Pain"]},{"cards_removed":["Pain"],"damage_healed":0.0,"max_hp_gain":0.0,"max_hp_loss":0.0,"gold_gain":0.0,"event_name":"Fountain of Cleansing","player_choice":"Removed Curses","floor":22.0,"gold_loss":0.0,"damage_taken":0.0},{"damage_healed":0,"gold_gain":0,"player_choice":"Memory 1","damage_taken":0,"max_hp_gain":0,"max_hp_loss":0,"event_name":"SensoryStone","floor":36,"gold_loss":0},{"cards_removed":["Conserve Battery"],"damage_healed":0,"gold_gain":0,"player_choice":"Removed Skill","damage_taken":0,"max_hp_gain":0,"max_hp_loss":0,"event_name":"Falling","floor":37,"gold_loss":0},{"damage_healed":0,"gold_gain":0,"player_choice":"Fight","damage_taken":0,"max_hp_gain":0,"max_hp_loss":0,"event_name":"MindBloom","floor":38,"gold_loss":0}],"is_beta":false,"boss_relics":[{"not_picked":["Astrolabe","Philosopher\u0027s Stone"],"picked":"Cursed Key"},{"not_picked":["Runic Dome","Sozu"],"picked":"Coffee Dripper"}],"items_purged_floors":[],"is_endless":false,"potions_floor_spawned":[1,8,13,18,19,23,29,33,38,40,42,46,48],"ascension_level":20}}