{"host":"c3lc60y5x60jlt1y","time":1610457445,"event":{"mods":["AchievementEnabler","BaseMod","Bestiary","Colored Map","Minty Spire (QoL Compilation)","Quick Restart","StSLib","ojb\u0027s Info Mod"],"gold_per_floor":[114,114,133,144,219,249,249,268,268,268,268,268,279,305,305,305,305],"floor_reached":16,"playtime":3656,"items_purged":[],"score":127,"play_id":"250885d6-829c-48dd-ba12-340abdc4418b","local_time":"20210112151725","is_ascension_mode":true,"campfire_choices":[{"data":"Echo Form","floor":7,"key":"SMITH"},{"floor":10,"key":"REST"},{"data":"Zap","floor":12,"key":"SMITH"},{"floor":15,"key":"REST"}],"circlet_count":0,"master_deck":["Strike_B","Strike_B","Strike_B","Strike_B","Defend_B","Defend_B","Defend_B","Defend_B","Zap+1","Dualcast","Ball Lightning","Echo Form+1","Flash of Steel","Steam Power","Thunder Strike+1","Ball Lightning","Fusion","Static Discharge"],"relics":["Cracked Core","NeowsBlessing","Regal Pillow","Mummified Hand","Peace Pipe"],"acts_visited":["Exordium"],"potions_floor_usage":[8,8,16,16],"damage_taken":[{"damage":0,"enemies":"Cultist","floor":1,"turns":1},{"damage":0,"enemies":"Jaw Worm","floor":3,"turns":1},{"damage":0,"enemies":"2 Louse","floor":4,"turns":1},{"damage":35,"enemies":"3 Sentries","floor":6,"turns":6},{"damage":19,"enemies":"Gremlin Gang","floor":8,"turns":4},{"damage":11,"enemies":"Blue Slaver","floor":13,"turns":3},{"damage":15,"enemies":"Lagavulin","floor":14,"turns":6},{"damage":63,"enemies":"The Guardian","floor":16,"turns":9}],"seed_played":"3196018695997004369","potions_obtained":[{"floor":3,"key":"EssenceOfSteel"},{"floor":4,"key":"EssenceOfSteel"},{"floor":6,"key":"GamblersBrew"},{"floor":8,"key":"SkillPotion"}],"is_trial":false,"path_per_floor":["M","?","M","M","?","E","R","M","T","R","?","R","M","E","R","B"],"character_chosen":"DEFECT","items_purchased":[],"campfire_rested":2,"item_purchase_floors":[],"current_hp_per_floor":[75,75,75,75,64,29,29,10,10,47,47,47,36,21,58,0,0],"gold":305,"neow_bonus":"THREE_ENEMY_KILL","is_daily":false,"chose_seed":false,"campfire_upgraded":2,"win_rate":0.0,"timestamp":1610457445,"path_taken":["M","?","?","M","?","E","R","M","T","R","?","R","M","E","R","BOSS"],"items_purchased_type":[],"build_version":"2020-12-22","purchased_purges":0,"victory":false,"max_hp_per_floor":[75,75,75,75,75,75,75,75,75,75,75,75,75,75,75,75,75],"card_choices":[{"not_picked":["Barrage","Gash"],"picked":"Ball Lightning","floor":1},{"not_picked":["Go for the Eyes","Rebound","Redo"],"picked":"SKIP","floor":3},{"not_picked":["Barrage","Hologram"],"picked":"Steam Power","floor":4},{"not_picked":["Rebound","Auto Shields"],"picked":"Thunder Strike","floor":6},{"not_picked":["Streamline","Gash"],"picked":"Ball Lightning","floor":8},{"not_picked":["Sweeping Beam","Go for the Eyes"],"picked":"Fusion","floor":13},{"not_picked":["Gash","Scrape"],"picked":"Static Discharge","floor":14}],"player_experience":7943625,"relics_obtained":[{"floor":6,"key":"Regal Pillow"},{"floor":9,"key":"Mummified Hand"},{"floor":14,"key":"Peace Pipe"}],"event_choices":[{"damage_healed":0,"gold_gain":0,"player_choice":"2 cards matched","damage_taken":0,"max_hp_gain":0,"max_hp_loss":0,"event_name":"Match and Keep!","floor":2,"gold_loss":0,"cards_obtained":["Echo Form","Flash of Steel"]},{"damage_healed":0,"gold_gain":75,"player_choice":"Gather Gold","damage_taken":11,"max_hp_gain":0,"max_hp_loss":0,"event_name":"World of Goop","floor":5,"gold_loss":0},{"damage_healed":0,"gold_gain":0,"player_choice":"Upgraded","damage_taken":0,"max_hp_gain":0,"max_hp_loss":0,"event_name":"Upgrade Shrine","floor":11,"gold_loss":0,"cards_upgraded":["Thunder Strike"]}],"is_beta":false,"boss_relics":[],"items_purged_floors":[],"is_endless":false,"potions_floor_spawned":[3,4,6,8],"killed_by":"The Guardian","ascension_level":3}}