{"host":"wgo6ezn0zcq3jgqa","time":1610432594,"event":{"mods":["Act Like it!","BaseMod","Downfall","GifTheSpireLib","Hallownest","Hermit","KinomotoSakuraMod(木之本樱)","Marisa（F雨　魔理沙）","Minty Spire (QoL Compilation)","RumiaBox-露米娅的神秘盒子","SOS（斯巴达之子）","StSLib","The Bug Knight","The Cursed","【功能Mod】混沌之环修复补丁"],"gold_per_floor":[99,99,99,99,99,99,99,99,144,198,169,169,184,14,74,24,24],"floor_reached":16,"playtime":1158,"items_purged":["Attack_b"],"score":104,"play_id":"ef89bf0c-0884-494f-aa84-d7f910130795","local_time":"20210112142314","is_ascension_mode":false,"campfire_choices":[{"data":"Redorb","floor":1,"key":"SMITH"},{"data":"EbonyIvory","floor":6,"key":"SMITH"}],"circlet_count":0,"master_deck":["Attack_a","Attack_a","Shoot","Shoot","Provocation","Defend_Dante","Defend_Dante","Defend_Dante","Defend_Dante","Redorb+1","Regret","CoyoteA","EbonyIvory+1","VitalstarM","DevilstarL","VitalstarL+1","SSScard","Chargeshoot"],"relics":["SSS","Combocheck","downfall:HeartsMalice","Letter Opener","Bag of Preparation","Bird Faced Urn","Lantern","GodSword1"],"acts_visited":["Exordium"],"potions_floor_usage":[16,16],"damage_taken":[{"damage":0,"enemies":"Small Slimes","floor":3,"turns":1},{"damage":0,"enemies":"Jaw Worm","floor":5,"turns":1},{"damage":0,"enemies":"Cultist","floor":8,"turns":1},{"damage":42,"enemies":"3 Sentries","floor":9,"turns":8},{"damage":49,"enemies":"HollowMod:MossKnight","floor":11,"turns":13},{"damage":4,"enemies":"3 Louse","floor":13,"turns":4},{"damage":6,"enemies":"downfall:FleeingMerchant","floor":14,"turns":4},{"damage":12,"enemies":"Exordium Thugs","floor":15,"turns":4},{"damage":74,"enemies":"downfall:Defect","floor":16,"turns":6}],"seed_played":"-3289002959402493331","potions_obtained":[{"floor":11,"key":"hexamod:EctoCoolerPotion"},{"floor":13,"key":"Energy Potion"}],"is_trial":false,"path_per_floor":["R","?","M","T","M","R","T","M","E","T","E","?","M","$","M","B"],"character_chosen":"DANTE","items_purchased":[],"campfire_rested":0,"item_purchase_floors":[],"current_hp_per_floor":[80,80,80,80,80,80,80,80,50,50,15,15,33,59,49,0,0],"gold":24,"neow_bonus":"THREE_ENEMY_KILL","is_daily":false,"chose_seed":false,"campfire_upgraded":2,"win_rate":0.0,"timestamp":1610432594,"path_taken":["R","?","M","?","M","R","T","M","E","?","E","?","M","$","M","BOSS"],"items_purchased_type":[],"build_version":"2020-12-22","purchased_purges":1,"victory":false,"max_hp_per_floor":[80,80,80,80,80,80,80,80,80,80,80,80,80,80,80,80,80],"card_choices":[{"not_picked":["Dash2","Shock"],"picked":"CoyoteA","floor":3},{"not_picked":["Rebellion","VitalstarM"],"picked":"EbonyIvory","floor":5},{"not_picked":["Millionstab","DevilstarS"],"picked":"VitalstarM","floor":8},{"not_picked":["Rebellion","Swordmaster"],"picked":"DevilstarL","floor":9},{"not_picked":["Shock","Honeycombofire"],"picked":"VitalstarL","floor":11},{"not_picked":["Doubleshoot","LucifercomboA"],"picked":"SSScard","floor":13},{"not_picked":["LucifercomboB","Dash2"],"picked":"Chargeshoot","floor":14},{"not_picked":["Swordmaster","CoyoteA","BeastUppercut"],"picked":"SKIP","floor":15}],"player_experience":138198,"relics_obtained":[{"floor":4,"key":"Bag of Preparation"},{"floor":7,"key":"Bird Faced Urn"},{"floor":9,"key":"Lantern"},{"floor":11,"key":"GodSword1"}],"event_choices":[{"damage_healed":0,"gold_gain":0,"player_choice":"Box","damage_taken":0,"relics_obtained":["Letter Opener"],"max_hp_gain":0,"max_hp_loss":0,"event_name":"Big Fish","floor":2,"gold_loss":0,"cards_obtained":["Regret"]},{"damage_healed":0,"gold_gain":0,"player_choice":"Upgraded","damage_taken":0,"max_hp_gain":0,"max_hp_loss":0,"event_name":"Upgrade Shrine","floor":12,"gold_loss":0,"cards_upgraded":["VitalstarL"]}],"is_beta":false,"boss_relics":[],"items_purged_floors":[14],"is_endless":false,"potions_floor_spawned":[11,13],"killed_by":"downfall:Defect","ascension_level":0}}