{"host":"pf47v7h0307523iy","time":1610476923,"event":{"mods":["BaseMod","Minty Spire (QoL Compilation)"],"gold_per_floor":[109,109,121,121,121,159,159,199,279,56,131,131,131,32,32,122,122,136,51,51,51,74,74,109,109,133,156,156,179,179,179,179,179,179],"floor_reached":33,"playtime":2402,"items_purged":["Strike_R"],"score":534,"play_id":"fbf65219-72c1-42ba-bab8-ed21edda37c8","local_time":"20210112204203","is_ascension_mode":true,"campfire_choices":[{"floor":7,"key":"REST"},{"floor":12,"key":"REST"},{"data":"Bash","floor":15,"key":"SMITH"},{"floor":23,"key":"REST"},{"floor":25,"key":"REST"},{"data":"Flame Barrier","floor":28,"key":"SMITH"},{"floor":32,"key":"REST"}],"circlet_count":0,"master_deck":["AscendersBane","Defend_R","Bash+1","Berserk+1","Offering+1","Shockwave+1","Twin Strike","Flame Barrier+1","Shrug It Off","Shrug It Off","Impervious","Dark Embrace+1","Shrug It Off","Double Tap","Armaments"],"relics":["Astrolabe","Anchor","Golden Idol","Centennial Puzzle","Mummified Hand","InkBottle","Vajra","Gremlin Horn","Empty Cage","HornCleat","Bottled Tornado","Darkstone Periapt"],"acts_visited":["Exordium","TheCity"],"potions_floor_usage":[8,16,24,29,33],"damage_taken":[{"damage":0,"enemies":"2 Louse","floor":1,"turns":4},{"damage":0,"enemies":"Small Slimes","floor":3,"turns":3},{"damage":33,"enemies":"Gremlin Nob","floor":6,"turns":4},{"damage":21,"enemies":"Lagavulin","floor":8,"turns":4},{"damage":19,"enemies":"The Guardian","floor":16,"turns":15},{"damage":20,"enemies":"Spheric Guardian","floor":18,"turns":10},{"damage":0,"enemies":"Shell Parasite","floor":22,"turns":8},{"damage":41,"enemies":"Slavers","floor":24,"turns":7},{"damage":6,"enemies":"Shelled Parasite and Fungi","floor":27,"turns":10},{"damage":0,"enemies":"Cultist and Chosen","floor":29,"turns":11},{"damage":14,"enemies":"Colosseum Slavers","floor":30,"turns":6},{"damage":54,"enemies":"Champ","floor":33,"turns":12}],"seed_played":"-2249849728646745339","potions_obtained":[{"floor":6,"key":"AttackPotion"},{"floor":8,"key":"DistilledChaos"},{"floor":18,"key":"Explosive Potion"},{"floor":24,"key":"CultistPotion"},{"floor":27,"key":"EssenceOfSteel"}],"is_trial":false,"path_per_floor":["M","?","M","?","?","E","R","E","T","$","?","R","T","$","R","B",null,"M","?","?","?","M","R","E","R","T","M","R","M","?","T","R","B"],"character_chosen":"IRONCLAD","items_purchased":["Vajra","Shrug It Off","Shrug It Off"],"campfire_rested":5,"item_purchase_floors":[10,10,14],"current_hp_per_floor":[68,50,50,50,55,22,43,22,22,22,11,32,32,32,32,13,58,38,38,38,38,38,59,18,39,39,33,33,33,19,19,40,0,0],"gold":179,"neow_bonus":"BOSS_RELIC","is_daily":false,"chose_seed":false,"campfire_upgraded":2,"win_rate":0.0,"timestamp":1610476923,"path_taken":["M","?","M","?","?","E","R","E","T","$","?","R","?","?","R","BOSS","M","?","?","?","?","R","E","R","T","M","R","M","?","?","R","BOSS"],"items_purchased_type":["Relic","Card","Card"],"build_version":"2020-12-22","purchased_purges":1,"victory":false,"max_hp_per_floor":[75,75,75,68,73,73,73,73,73,73,73,73,73,73,73,73,73,73,73,73,73,73,73,73,73,73,73,73,73,73,73,73,73,73],"card_choices":[{"not_picked":["Clothesline","Hemokinesis"],"picked":"Twin Strike","floor":1},{"not_picked":["Clothesline","Rage","Flex"],"picked":"SKIP","floor":3},{"not_picked":["Sword Boomerang","Headbutt","Blood for Blood"],"picked":"SKIP","floor":6},{"not_picked":["Reckless Charge","Fiend Fire"],"picked":"Flame Barrier","floor":8},{"not_picked":["Berserk","Bludgeon"],"picked":"Impervious","floor":16},{"not_picked":["Havoc+1","Twin Strike"],"picked":"Dark Embrace+1","floor":18},{"not_picked":["Hemokinesis+1","Bloodletting"],"picked":"Shrug It Off","floor":22},{"not_picked":["Entrench","Clothesline","Sever Soul"],"picked":"SKIP","floor":24},{"not_picked":["Dual Wield","Blood for Blood"],"picked":"Double Tap","floor":27},{"not_picked":["Iron Wave","Second Wind"],"picked":"Armaments","floor":29}],"player_experience":1619823,"relics_obtained":[{"floor":6,"key":"Centennial Puzzle"},{"floor":8,"key":"Mummified Hand"},{"floor":9,"key":"InkBottle"},{"floor":13,"key":"Gremlin Horn"},{"floor":24,"key":"Bottled Tornado"},{"floor":31,"key":"Darkstone Periapt"}],"event_choices":[{"damage_healed":0,"gold_gain":0,"player_choice":"Success","damage_taken":18,"relics_obtained":["Anchor"],"max_hp_gain":0,"max_hp_loss":0,"event_name":"Scrap Ooze","floor":2,"gold_loss":0},{"damage_healed":0,"gold_gain":0,"player_choice":"Lose Max HP","damage_taken":0,"relics_obtained":["Golden Idol"],"max_hp_gain":0,"max_hp_loss":7,"event_name":"Golden Idol","floor":4,"gold_loss":0},{"damage_healed":0,"gold_gain":0,"player_choice":"Donut","damage_taken":0,"max_hp_gain":5,"max_hp_loss":0,"event_name":"Big Fish","floor":5,"gold_loss":0},{"damage_healed":0,"gold_gain":75,"player_choice":"Gather Gold","damage_taken":11,"max_hp_gain":0,"max_hp_loss":0,"event_name":"World of Goop","floor":11,"gold_loss":0},{"damage_healed":0,"gold_gain":0,"player_choice":"Obtained Relic","damage_taken":0,"relics_obtained":["HornCleat"],"max_hp_gain":0,"max_hp_loss":0,"event_name":"Addict","floor":19,"gold_loss":85},{"cards_removed":["Strike_R"],"damage_healed":0,"gold_gain":0,"player_choice":"Elegance","damage_taken":0,"max_hp_gain":0,"max_hp_loss":0,"event_name":"Back to Basics","floor":20,"gold_loss":0},{"cards_removed":["Defend_R"],"damage_healed":0,"gold_gain":0,"player_choice":"Purged","damage_taken":0,"max_hp_gain":0,"max_hp_loss":0,"event_name":"Purifier","floor":21,"gold_loss":0},{"damage_healed":0,"gold_gain":0,"player_choice":"Fight","damage_taken":0,"max_hp_gain":0,"max_hp_loss":0,"event_name":"Colosseum","floor":30,"gold_loss":0},{"damage_healed":0,"gold_gain":0,"player_choice":"Fled From Nobs","damage_taken":0,"max_hp_gain":0,"max_hp_loss":0,"event_name":"Colosseum","floor":30,"gold_loss":0}],"is_beta":false,"boss_relics":[{"not_picked":["SlaversCollar","Fusion Hammer"],"picked":"Empty Cage"}],"items_purged_floors":[14],"is_endless":false,"potions_floor_spawned":[6,8,18,24,27],"killed_by":"Champ","ascension_level":20}}