{"host":"on8rz1ayhhz269sg","time":1610443214,"event":{"mods":["BaseMod","Minty Spire (QoL Compilation)","StSLib","The Blackbeard","The Construct","The Cursed","≤–¡Ù÷ÆŒÔ"],"gold_per_floor":[112,130,149,9,23,52,52,52,52,52,87,113,131,206,206,316,316,349,380,68,167,202,202,202,202,202,263,263,40,70,90,90,208,208,234,286,322,83,102,65,78,78,78,78,128,128,128,163,163,178,178,178],"floor_reached":50,"playtime":3370,"items_purged":[],"score":543,"play_id":"374bea5a-4587-4f6d-826c-5b05c0a49dab","local_time":"20210112172014","is_ascension_mode":false,"campfire_choices":[{"floor":7.0,"key":"REST"},{"data":"blackbeard:Cutlass","floor":10.0,"key":"SMITH"},{"floor":15.0,"key":"REST"},{"data":"blackbeard:CaptainsHat","floor":23.0,"key":"SMITH"},{"data":"blackbeard:CaptainsHat","floor":25.0,"key":"SMITH"},{"floor":28.0,"key":"REST"},{"floor":32.0,"key":"REST"},{"floor":42,"key":"REST"},{"floor":47,"key":"REST"},{"floor":49,"key":"REST"}],"circlet_count":0,"master_deck":["blackbeard:BlackbeardStrike","blackbeard:IntimidatingStrike","blackbeard:BlackbeardDefend","blackbeard:BlackbeardDefend","blackbeard:BlackbeardDefend","blackbeard:Cutlass+1","blackbeard:Rum","blackbeard:PiratesWill","blackbeard:TacticalRetreat","blackbeard:PirateEarring","blackbeard:BlindAttacks","blackbeard:Shrapnel","blackbeard:BuriedTreasure","blackbeard:BrownPants","blackbeard:Spear","blackbeard:CaptainsHat+1","blackbeard:DelayedPain","blackbeard:CaptainsHat+1","blackbeard:DangerousBlow","blackbeard:Sharpening","blackbeard:FishingNets","blackbeard:Bandana","blackbeard:BeatUp","blackbeard:GoldenStrike","blackbeard:ReapersScythe","blackbeard:GoldenStrike","blackbeard:Sword","blackbeard:CloakAndCannonball","blackbeard:PowderKeg","blackbeard:PowerHungry","blackbeard:Eyepatch+1","blackbeard:TacticalRetreat+1","blackbeard:WiseDefense+1","blackbeard:SwordDance+1","blackbeard:RearmingStrike+1","blackbeard:PirateHook+1","blackbeard:Salvager","blackbeard:GoldenStrike","blackbeard:Spear","blackbeard:CatONineTails","blackbeard:InfiniteBarrage","Bandage Up","blackbeard:CaptainsCabin+1","blackbeard:DeadlyArsenal+1"],"relics":["blackbeard:LoadTheCannons","blackbeard:Penknife","Mercury Hourglass","blackbeard:SoberMinded","Pen Nib","Bottled Flame","Tiny Chest","blackbeard:CannonballsOfSteel","Astrolabe","Question Card"],"acts_visited":["Exordium","TheCity","TheBeyond"],"potions_floor_usage":[33,39,41,48,50],"damage_taken":[{"damage":0.0,"enemies":"Small Slimes","floor":1.0,"turns":3.0},{"damage":1.0,"enemies":"Jaw Worm","floor":2.0,"turns":4.0},{"damage":5.0,"enemies":"2 Louse","floor":3.0,"turns":2.0},{"damage":9.0,"enemies":"Blue Slaver","floor":5.0,"turns":4.0},{"damage":24.0,"enemies":"Gremlin Nob","floor":6.0,"turns":5.0},{"damage":0.0,"enemies":"Exordium Thugs","floor":11.0,"turns":4.0},{"damage":0.0,"enemies":"Exordium Wildlife","floor":12.0,"turns":4.0},{"damage":3.0,"enemies":"Blue Slaver","floor":13.0,"turns":3.0},{"damage":9.0,"enemies":"The Guardian","floor":16.0,"turns":10.0},{"damage":0.0,"enemies":"Spheric Guardian","floor":18.0,"turns":3.0},{"damage":12.0,"enemies":"Shell Parasite","floor":19.0,"turns":5.0},{"damage":2.0,"enemies":"Snecko","floor":22.0,"turns":5.0},{"damage":11.0,"enemies":"Gremlin Leader","floor":27.0,"turns":6.0},{"damage":21.0,"enemies":"Snake Plant","floor":30.0,"turns":4.0},{"damage":0.0,"enemies":"3 Cultists","floor":31.0,"turns":3.0},{"damage":33,"enemies":"Collector","floor":33,"turns":7},{"damage":4,"enemies":"Orb Walker","floor":35,"turns":3},{"damage":11,"enemies":"3 Shapes","floor":36,"turns":5},{"damage":17,"enemies":"Maw","floor":37,"turns":7},{"damage":11,"enemies":"Spire Growth","floor":39,"turns":4},{"damage":23,"enemies":"3 Darklings","floor":41,"turns":3},{"damage":31,"enemies":"Maw","floor":45,"turns":6},{"damage":12,"enemies":"Writhing Mass","floor":48,"turns":5},{"damage":65,"enemies":"Donu and Deca","floor":50,"turns":6}],"seed_played":"-7399509518714931817","potions_obtained":[{"floor":2.0,"key":"Explosive Potion"},{"floor":5.0,"key":"blackbeard:RumPotion"},{"floor":11.0,"key":"blackbeard:RumPotion"},{"floor":12.0,"key":"Explosive Potion"},{"floor":16.0,"key":"Weak Potion"},{"floor":18.0,"key":"Swift Potion"},{"floor":27.0,"key":"blackbeard:OrangeJuicePotion"},{"floor":33,"key":"SpeedPotion"},{"floor":35,"key":"FearPotion"},{"floor":37,"key":"Block Potion"},{"floor":39,"key":"blackbeard:OrangeJuicePotion"}],"is_trial":false,"path_per_floor":["M","M","M","$","M","E","R","?","T","R","M","M","M","?","R","B",null,"M","M","$","?","M","R","?","R","T","E","R","$","M","M","R","B",null,"M","M","M","$","M","$","M","R","T","?","M","?","R","M","R","B"],"character_chosen":"BLACKBEARD_CLASS","items_purchased":["blackbeard:PirateEarring","blackbeard:BlindAttacks","blackbeard:Shrapnel","Pen Nib","blackbeard:FishingNets","blackbeard:Bandana","blackbeard:BeatUp","blackbeard:CannonballsOfSteel","blackbeard:GoldenStrike","blackbeard:Sword","blackbeard:Salvager","blackbeard:GoldenStrike","blackbeard:Spear","blackbeard:InfiniteBarrage"],"campfire_rested":7,"item_purchase_floors":[4,4,4,20,20,20,20,29,29,29,38,38,38,40],"current_hp_per_floor":[82,81,76,76,67,43,67,67,67,67,67,67,64,53,77,68,82,82,70,70,70,68,68,68,68,68,57,81,81,68,68,82,49,82,78,67,50,50,39,39,24,48,48,48,17,17,41,33,57,0,0,0],"gold":178,"neow_bonus":"TEN_PERCENT_HP_BONUS","is_daily":false,"chose_seed":false,"campfire_upgraded":3,"win_rate":0.0,"timestamp":1610443214,"path_taken":["M","M","M","$","M","E","R","?","T","R","M","M","M","?","R","BOSS","M","M","$","?","M","R","?","R","T","E","R","$","M","M","R","BOSS","M","M","M","$","M","$","M","R","T","?","M","?","R","M","R","BOSS"],"items_purchased_type":["Card","Card","Card","Relic","Card","Card","Card","Relic","Card","Card","Card","Card","Card","Card"],"build_version":"2020-12-22","purchased_purges":0,"victory":false,"max_hp_per_floor":[82,82,82,82,82,82,82,82,82,82,82,82,82,82,82,82,82,82,82,82,82,82,82,82,82,82,82,82,82,82,82,82,82,82,82,82,82,82,82,82,82,82,82,82,82,82,82,82,82,82,82,82],"card_choices":[{"not_picked":["blackbeard:RearmingStrike","blackbeard:CannonballSupply"],"picked":"blackbeard:Rum","floor":1.0},{"not_picked":["blackbeard:Eyepatch","blackbeard:GoldenStrike"],"picked":"blackbeard:PiratesWill","floor":2.0},{"not_picked":["blackbeard:GoldenDefense","blackbeard:SwordDance"],"picked":"blackbeard:TacticalRetreat","floor":3.0},{"not_picked":["blackbeard:TacticalRetreat","blackbeard:Rum"],"picked":"blackbeard:BuriedTreasure","floor":5.0},{"not_picked":["blackbeard:JollyRoger","blackbeard:TacticalRetreat"],"picked":"blackbeard:BrownPants","floor":6.0},{"not_picked":["blackbeard:Sword","blackbeard:BlindAttacks"],"picked":"blackbeard:Spear","floor":11.0},{"not_picked":["blackbeard:Dagger","blackbeard:Boarding"],"picked":"blackbeard:CaptainsHat","floor":12.0},{"not_picked":["blackbeard:Shrapnel","blackbeard:DoubleCannonball"],"picked":"blackbeard:DelayedPain","floor":13.0},{"not_picked":["blackbeard:TheDrunkenSailor","blackbeard:PowerHungry"],"picked":"blackbeard:CaptainsHat","floor":16.0},{"not_picked":["blackbeard:DeadlyArsenal+1","blackbeard:Dagger"],"picked":"blackbeard:DangerousBlow","floor":18.0},{"not_picked":["blackbeard:Shrapnel","blackbeard:SwordDance"],"picked":"blackbeard:Sharpening","floor":19.0},{"not_picked":["blackbeard:FieryDefense","blackbeard:ArmorUp"],"picked":"blackbeard:GoldenStrike","floor":22.0},{"not_picked":["blackbeard:PowderKeg","blackbeard:Sword"],"picked":"blackbeard:ReapersScythe","floor":27.0},{"not_picked":["blackbeard:BlindAttacks","blackbeard:VengefulSpirit"],"picked":"blackbeard:CloakAndCannonball","floor":30.0},{"not_picked":["blackbeard:BuriedTreasure","blackbeard:TacticalRetreat+1"],"picked":"blackbeard:PowderKeg","floor":31.0},{"not_picked":["blackbeard:Intoxication","blackbeard:HumongousCannonball"],"picked":"blackbeard:PowerHungry","floor":33},{"not_picked":["blackbeard:WeaponProficiency+1","blackbeard:DeadlyArsenal"],"picked":"blackbeard:SwordDance+1","floor":35},{"not_picked":["blackbeard:GoldenStrike","blackbeard:Toast+1"],"picked":"blackbeard:RearmingStrike+1","floor":36},{"not_picked":["blackbeard:Sharpening","blackbeard:Bandana"],"picked":"blackbeard:PirateHook+1","floor":37},{"not_picked":["blackbeard:DoubleBottom","blackbeard:Rum"],"picked":"blackbeard:CatONineTails","floor":39},{"not_picked":["blackbeard:Dagger+1","blackbeard:FieryDefense"],"picked":"blackbeard:Murder","floor":41},{"not_picked":["Discovery","Master of Strategy","Madness"],"picked":"Bandage Up","floor":44},{"not_picked":["blackbeard:VengefulSpirit","blackbeard:Provisioning","blackbeard:WiseDefense"],"picked":"blackbeard:CaptainsCabin+1","floor":45},{"not_picked":["blackbeard:CloakAndCannonball+1","blackbeard:Toast","blackbeard:CaptainsCabin"],"picked":"blackbeard:DeadlyArsenal+1","floor":48}],"player_experience":149887,"relics_obtained":[{"floor":6.0,"key":"blackbeard:Penknife"},{"floor":9.0,"key":"Mercury Hourglass"},{"floor":26.0,"key":"Bottled Flame"},{"floor":27.0,"key":"Tiny Chest"},{"floor":43,"key":"Question Card"}],"event_choices":[{"damage_healed":0.0,"max_hp_gain":0.0,"max_hp_loss":0.0,"gold_gain":0.0,"event_name":"Golden Wing","player_choice":"Ignored","floor":8.0,"gold_loss":0.0,"damage_taken":0.0},{"damage_healed":0.0,"max_hp_gain":0.0,"max_hp_loss":0.0,"gold_gain":75.0,"event_name":"World of Goop","player_choice":"Gather Gold","floor":14.0,"gold_loss":0.0,"damage_taken":11.0},{"damage_healed":0.0,"max_hp_gain":0.0,"max_hp_loss":0.0,"gold_gain":99.0,"event_name":"Nest","player_choice":"Stole From Cult","floor":21.0,"gold_loss":0.0,"damage_taken":0.0},{"damage_healed":0.0,"max_hp_gain":0.0,"max_hp_loss":0.0,"gold_gain":0.0,"event_name":"Beggar","player_choice":"Ignored","floor":24.0,"gold_loss":0.0,"damage_taken":0.0},{"damage_healed":0,"gold_gain":0,"player_choice":"Memory 1","damage_taken":0,"max_hp_gain":0,"max_hp_loss":0,"event_name":"SensoryStone","floor":44,"gold_loss":0},{"cards_removed":["blackbeard:BlackbeardStrike"],"damage_healed":0,"gold_gain":0,"player_choice":"Purged","damage_taken":0,"max_hp_gain":0,"max_hp_loss":0,"event_name":"Purifier","floor":46,"gold_loss":0}],"is_beta":false,"boss_relics":[{"not_picked":["Snecko Eye","Runic Dome"],"picked":"blackbeard:SoberMinded"},{"not_picked":["Coffee Dripper","Fusion Hammer"],"picked":"Astrolabe"}],"items_purged_floors":[],"is_endless":false,"potions_floor_spawned":[2,5,11,12,16,18,27,33,35,37,39],"killed_by":"Donu and Deca","ascension_level":0}}