{"host":"qijhzzkmbgiiyux7","time":1610461282,"event":{"mods":["BaseMod","Downfall","Hermit","Minty Spire (QoL Compilation)","Replay The Spire","StSLib","The Cursed"],"gold_per_floor":[99,99,99,99,116,116,140,252,249,261,284,315,327,324,348,360,360,360],"floor_reached":16,"playtime":903,"items_purged":[],"score":88,"play_id":"2dcca037-d35e-4ecb-a9b9-e44bc712a425","local_time":"20210112172122","is_ascension_mode":false,"campfire_choices":[{"data":"Slimebound:Tackle","floor":1,"key":"SMITH"},{"floor":13,"key":"REST"}],"circlet_count":0,"master_deck":["Slimebound:Strike_Slimebound","Slimebound:Strike_Slimebound","Slimebound:Strike_Slimebound","Slimebound:Tackle+1","Slimebound:Defend_Slimebound","Slimebound:Defend_Slimebound","Slimebound:Defend_Slimebound","Slimebound:Defend_Slimebound","Slimebound:Split+1","Slimebound:CorrosiveSpit","Slimebound:Gluttony","Slimebound:Prepare","Slimebound:ProtectTheBoss","Slimebound:GoopTackle","Slimebound:LeadByExample","Slimebound:LeechingTouch","Slimebound:Schlurp","Slimebound:FirmFortitude","Slimebound:AcidTongue"],"relics":["downfall:HeartsMalice","MawBank","m_BurningSludge"],"acts_visited":["Exordium"],"potions_floor_usage":[],"damage_taken":[{"damage":0,"enemies":"2 Louse","floor":2,"turns":1},{"damage":0,"enemies":"Small Slimes","floor":3,"turns":1},{"damage":0,"enemies":"Jaw Worm","floor":4,"turns":1},{"damage":19,"enemies":"Exordium Thugs","floor":5,"turns":6},{"damage":25,"enemies":"downfall:FleeingMerchant","floor":9,"turns":4},{"damage":27,"enemies":"Red Slaver","floor":11,"turns":4},{"damage":20,"enemies":"2 Fungi Beasts","floor":12,"turns":4},{"damage":26,"enemies":"downfall:FleeingMerchant","floor":14,"turns":4},{"damage":9,"enemies":"Large Slime","floor":15,"turns":5},{"damage":52,"enemies":"downfall:Defect","floor":16,"turns":4}],"seed_played":"-1922181990503270668","potions_obtained":[{"floor":5,"key":"Flashbang"},{"floor":12,"key":"Reflective Coating"},{"floor":15,"key":"AttackPotion"}],"is_trial":false,"path_per_floor":["R","M","M","M","M","?","T","?","$","?","M","M","R","$","M","B"],"character_chosen":"SLIMEBOUND","items_purchased":[],"campfire_rested":1,"item_purchase_floors":[],"current_hp_per_floor":[60,60,60,60,60,60,60,60,51,51,36,28,46,32,35,0,0,0],"gold":360,"neow_bonus":"THREE_ENEMY_KILL","is_daily":false,"chose_seed":false,"campfire_upgraded":1,"win_rate":0.0,"timestamp":1610461282,"path_taken":["R","M","M","M","M","?","T","?","$","?","?","M","R","?","M","BOSS"],"items_purchased_type":[],"build_version":"2020-12-22","purchased_purges":0,"victory":false,"max_hp_per_floor":[60,60,60,60,60,60,60,60,60,60,60,60,60,60,60,60,60,60],"card_choices":[{"not_picked":["Slimebound:GoopSpray","Slimebound:GrowthPunch"],"picked":"Slimebound:Gluttony","floor":2},{"not_picked":["Slimebound:Repurpose","Slimebound:ViciousTackle"],"picked":"Slimebound:Prepare","floor":3},{"not_picked":["Slimebound:GoopSpray","Slimebound:GrowthPunch"],"picked":"Slimebound:ProtectTheBoss","floor":4},{"not_picked":["Slimebound:FlameTackle","Slimebound:FinishingTackle"],"picked":"Slimebound:GoopTackle","floor":5},{"not_picked":["Slimebound:FormOfPuddle","Slimebound:LeechEnergy"],"picked":"Slimebound:LeadByExample","floor":9},{"not_picked":["Slimebound:SplitLeeching","Twin Strike"],"picked":"Slimebound:LeechingTouch","floor":11},{"not_picked":["Slimebound:MinionMaster","Slimebound:GrowthPunch"],"picked":"Slimebound:Schlurp","floor":12},{"not_picked":["Slimebound:FinishingTackle","Slimebound:SelfFormingGoo"],"picked":"Slimebound:FirmFortitude","floor":14},{"not_picked":["Slimebound:PressTheAttack","Slimebound:LeechingTouch"],"picked":"Slimebound:AcidTongue","floor":15}],"player_experience":23640,"relics_obtained":[{"floor":7,"key":"MawBank"}],"event_choices":[{"damage_healed":0,"gold_gain":0,"player_choice":"Grow","damage_taken":0,"max_hp_gain":0,"max_hp_loss":0,"event_name":"Living Wall","floor":6,"gold_loss":0,"cards_upgraded":["Slimebound:Split"]}],"is_beta":false,"boss_relics":[],"items_purged_floors":[],"is_endless":false,"potions_floor_spawned":[5,12,15],"killed_by":"downfall:Defect","ascension_level":0}}