{"host":"l2dnabsh5e0fsksb","time":1610433485,"event":{"mods":["2.2 Compatiblity","BaseMod","Downfall","Minty Spire (QoL Compilation)","Quick Restart","StSLib"],"gold_per_floor":[99,164,179,179,192,28,55,2,19,54,54,39,39,66,85,189,189,39,58,158,258,275,305,375,375,394,423,10,10,0,0,17,113,113,38,54,54,100,116,116,189,205,215,232,258,270,270,58,68,68,68,96,1,1,1],"floor_reached":56,"playtime":3687,"items_purged":["Shame"],"score":1984,"play_id":"c192fedb-0ba0-4377-9b05-8e5d469ab427","local_time":"20210112170805","is_ascension_mode":true,"campfire_choices":[{"floor":1.0,"key":"RECALL"},{"data":"champ:VampiricStrike","floor":11.0,"key":"SMITH"},{"data":"champ:Improvising","floor":13.0,"key":"SMITH"},{"data":"champ:Duel","floor":18.0,"key":"SMITH"},{"data":"champ:HoldFirm","floor":25.0,"key":"SMITH"},{"data":"champ:Backstep","floor":29.0,"key":"SMITH"},{"data":"champ:StrikeOfGenius","floor":35.0,"key":"SMITH"},{"data":"1","floor":40.0,"key":"LIFT"},{"data":"2","floor":47.0,"key":"LIFT"},{"data":"3","floor":54.0,"key":"LIFT"}],"circlet_count":0,"master_deck":["champ:Strike","champ:Strike","champ:Strike","champ:Defend","champ:Defend+1","champ:Defend","champ:Execute","champ:Taunt+1","champ:VampiricStrike+1","champ:TornadoPunch","champ:Backstep","champ:Backstep","champ:HoldFirm+1","champ:GladiatorStyle","champ:BringItOn","champ:Duel+1","champ:DeathBlow","champ:Improvising+1","champ:Shatter","champ:CalledShot","champ:ShieldSlam","champ:ArenaPreparation+1","champ:CrookedStrike","champ:RisingSlash","champ:Balance","champ:SwordSigil","champ:FanOfKnives","champ:BerserkersShout+1","champ:Backstep+1","champ:Circumvent","champ:BerserkerStyle","champ:AdrenalArmor+1","champ:GladiatorsShout+1","champ:Riposte+1","champ:StrikeOfGenius+1","champ:CrookedStrike+1","champ:FlashCut+1","champ:Backstep+1","Shame","champ:Encircle+1","champ:RecklessLeap","champ:HoldFirm+1","champ:EnchantSword+1","champ:StanceDance+1","champ:Circumvent+1","champ:GladiatorStyle","champ:Duel+1","champ:DefensiveStyle","champ:BerserkerStyle","champ:PerfectedStrike+1"],"relics":["champ:ChampionCrown","The Courier","Membership Card","Centennial Puzzle","Happy Flower","expansioncontent:StudyCardRelic","downfall:HeartBlessingBlue","downfall:HeartBlessingRed","champ:BlackKnightHelmet","StrikeDummy","MutagenicStrength","Vajra","Matryoshka","Regal Pillow","Lee\u0027s Waffle","Toxic Egg 2","Pantograph","champ:GladiatorsBookOfMartialProwess","Cursed Key","downfall:HeartBlessingGreen","Girya","Lantern","HornCleat","Oddly Smooth Stone","Akabeko","HandDrill","Ginger","War Paint","Molten Egg 2","Question Card","Omamori","champ:DeflectingBracers","Sling"],"acts_visited":["Exordium","TheCity","TheBeyond","TheEnding"],"potions_floor_usage":[55,55],"damage_taken":[{"damage":77.0,"enemies":"Gremlin Nob","floor":2.0,"turns":6.0},{"damage":11.0,"enemies":"Small Slimes","floor":3.0,"turns":3.0},{"damage":0.0,"enemies":"Jaw Worm","floor":5.0,"turns":4.0},{"damage":10.0,"enemies":"downfall:FleeingMerchant","floor":6.0,"turns":4.0},{"damage":5.0,"enemies":"downfall:FleeingMerchant","floor":8.0,"turns":4.0},{"damage":4.0,"enemies":"2 Louse","floor":9.0,"turns":3.0},{"damage":9.0,"enemies":"3 Sentries","floor":10.0,"turns":11.0},{"damage":16.0,"enemies":"downfall:FleeingMerchant","floor":12.0,"turns":4.0},{"damage":10.0,"enemies":"Lagavulin","floor":14.0,"turns":8.0},{"damage":9.0,"enemies":"Blue Slaver","floor":15.0,"turns":4.0},{"damage":59.0,"enemies":"downfall:Defect","floor":16.0,"turns":10.0},{"damage":0.0,"enemies":"Chosen","floor":19.0,"turns":4.0},{"damage":71.0,"enemies":"Chosen","floor":20.0,"turns":11.0},{"damage":25.0,"enemies":"downfall:Augmenter","floor":21.0,"turns":4.0},{"damage":5.0,"enemies":"3 Byrds","floor":22.0,"turns":3.0},{"damage":5.0,"enemies":"Book of Stabbing","floor":23.0,"turns":6.0},{"damage":46.0,"enemies":"Shelled Parasite and Fungi","floor":26.0,"turns":6.0},{"damage":39.0,"enemies":"Slavers","floor":27.0,"turns":2.0},{"damage":44.0,"enemies":"downfall:FleeingMerchant","floor":28.0,"turns":4.0},{"damage":33.0,"enemies":"downfall:FleeingMerchant","floor":30.0,"turns":4.0},{"damage":21.0,"enemies":"Centurion and Healer","floor":32.0,"turns":4.0},{"damage":66.0,"enemies":"downfall:Watcher","floor":33.0,"turns":8.0},{"damage":3.0,"enemies":"3 Darklings","floor":36.0,"turns":3.0},{"damage":18.0,"enemies":"2 Orb Walkers","floor":38.0,"turns":3.0},{"damage":27.0,"enemies":"Orb Walker","floor":39.0,"turns":3.0},{"damage":23.0,"enemies":"Writhing Mass","floor":42.0,"turns":4.0},{"damage":12.0,"enemies":"Jaw Worm Horde","floor":43.0,"turns":2.0},{"damage":12.0,"enemies":"4 Shapes","floor":44.0,"turns":3.0},{"damage":27.0,"enemies":"Giant Head","floor":45.0,"turns":5.0},{"damage":29.0,"enemies":"Sphere and 2 Shapes","floor":46.0,"turns":3.0},{"damage":5.0,"enemies":"downfall:FleeingMerchant","floor":48.0,"turns":1.0},{"damage":32.0,"enemies":"Jaw Worm Horde","floor":49.0,"turns":2.0},{"damage":92.0,"enemies":"downfall:Silent","floor":50.0,"turns":4.0},{"damage":57.0,"enemies":"downfall:CharBossMerchant","floor":52.0,"turns":5.0},{"damage":217,"enemies":"downfall:NeowBoss","floor":55,"turns":18}],"seed_played":"-5765392672505345553","potions_obtained":[{"floor":5.0,"key":"SkillPotion"},{"floor":9.0,"key":"FearPotion"},{"floor":10.0,"key":"SkillPotion"},{"floor":14.0,"key":"ColorlessPotion"},{"floor":16.0,"key":"champ:OpenerPotion"},{"floor":20.0,"key":"Swift Potion"},{"floor":23.0,"key":"champ:TechniquePotion"},{"floor":32.0,"key":"SpeedPotion"},{"floor":33.0,"key":"DistilledChaos"},{"floor":43.0,"key":"Block Potion"},{"floor":44.0,"key":"FearPotion"},{"floor":52.0,"key":"BlessingOfTheForge"}],"is_trial":false,"path_per_floor":["R","?","M","?","M","$","T","$","M","E","R","$","R","E","M","B",null,"R","M","?","?","M","E","T","R","M","E","$","R","$","?","M","B",null,"R","M","?","?","M","R","T","M","M","M","E","M","R","$","M","B",null,"E","$","R","B",null],"character_chosen":"THE_CHAMP","items_purchased":["Membership Card","champ:GladiatorStyle","Lee\u0027s Waffle","Toxic Egg 2","Pantograph","champ:GladiatorsBookOfMartialProwess","champ:AdrenalArmor+1","Akabeko","champ:GladiatorStyle","HandDrill","Ginger","War Paint","Molten Egg 2","Question Card","Omamori","champ:BerserkerStyle","Sling","champ:PerfectedStrike+1"],"campfire_rested":0,"item_purchase_floors":[6,6,28,28,28,28,28,48,48,48,48,48,48,48,48,53,53,53],"current_hp_per_floor":[81,14,8,18,28,28,28,28,30,32,32,47,47,65,62,33,83,93,105,63,62,72,72,72,72,51,28,117,117,117,117,117,89,110,110,110,110,104,90,90,90,90,89,111,105,107,107,107,107,62,103,117,117,117,106],"gold":1,"neow_bonus":"THREE_RARE_CARDS","is_daily":false,"chose_seed":false,"campfire_upgraded":6,"win_rate":0.0,"timestamp":1610433485,"path_taken":["R","?","M","?","M","?","T","?","M","E","R","$","R","E","M","BOSS","R","M","?","?","?","E","T","R","M","E","$","R","$","?","M","BOSS","R","M","?","?","M","R","T","M","M","M","E","M","R","?","M","BOSS","E","$","R","BOSS"],"items_purchased_type":["Relic","Card","Relic","Relic","Relic","Relic","Card","Relic","Card","Relic","Relic","Relic","Relic","Relic","Relic","Card","Relic","Card"],"build_version":"2020-12-22","purchased_purges":1,"victory":true,"max_hp_per_floor":[90,90,90,100,100,100,100,100,100,100,100,100,100,100,100,100,100,110,110,110,110,110,110,110,110,110,110,117,117,117,117,117,117,117,117,117,117,117,117,117,117,117,117,117,117,117,117,117,117,117,117,117,117,117,117],"card_choices":[{"not_picked":["champ:ShieldSlam","champ:HoldFirm"],"picked":"champ:VampiricStrike","floor":0.0},{"not_picked":["champ:Haymaker","champ:EnGarde"],"picked":"champ:TornadoPunch","floor":2.0},{"not_picked":["champ:BladeFlurry","champ:FanOfKnives"],"picked":"champ:Backstep","floor":3.0},{"not_picked":["champ:BladeFlurry","champ:Shatter"],"picked":"champ:Backstep","floor":5.0},{"not_picked":["champ:DefensiveShout","champ:Riposte"],"picked":"champ:HoldFirm","floor":6.0},{"not_picked":["champ:BladeFlurry","champ:GladiatorsShout"],"picked":"champ:BringItOn","floor":8.0},{"not_picked":["champ:FocusedGladiator","champ:RisingSlash"],"picked":"champ:Duel","floor":9.0},{"not_picked":["champ:AdrenalArmor","champ:BerserkersShout"],"picked":"champ:DeathBlow","floor":10.0},{"not_picked":["champ:EnchantSword","champ:BladeFlurry"],"picked":"champ:Improvising","floor":12.0},{"not_picked":["champ:CrownThrow","champ:GladiatorsShout"],"picked":"champ:Shatter","floor":14.0},{"not_picked":["champ:PerfectedStrike","champ:FocusedBerserking"],"picked":"champ:CalledShot","floor":15.0},{"not_picked":["champ:IgnorePain","champ:CrownThrow"],"picked":"champ:ShieldSlam","floor":16.0},{"not_picked":["champ:TornadoPunch","champ:DefensiveShout"],"picked":"champ:ArenaPreparation+1","floor":19.0},{"not_picked":["champ:BladeFlurry","champ:TornadoPunch"],"picked":"champ:CrookedStrike","floor":20.0},{"not_picked":["champ:FocusedGladiator","champ:EndlessRage"],"picked":"champ:SwordSigil","floor":21.0},{"not_picked":["champ:Circumvent","champ:BerserkersShout+1"],"picked":"champ:FanOfKnives","floor":22.0},{"not_picked":["champ:ShieldSigil+1","champ:EnGarde"],"picked":"champ:BerserkersShout+1","floor":23.0},{"not_picked":["champ:GladiatorsShout","champ:GutPunch"],"picked":"champ:Backstep","floor":26.0},{"not_picked":["champ:BladeFlurry","champ:PerfectedStrike+1"],"picked":"champ:Circumvent","floor":27.0},{"not_picked":["champ:FocusedGladiator","champ:RageSigil"],"picked":"champ:BerserkerStyle","floor":28.0},{"not_picked":["champ:FanOfKnives","champ:FlashCut"],"picked":"champ:GladiatorsShout+1","floor":30.0},{"not_picked":["champ:FanOfKnives","champ:FightOn"],"picked":"champ:Riposte+1","floor":32.0},{"not_picked":["champ:IgnorePain+1","champ:VampiricStrike"],"picked":"champ:StrikeOfGenius","floor":33.0},{"not_picked":["champ:ShieldSigil+1","champ:DefensiveShout+1"],"picked":"champ:CrookedStrike+1","floor":36.0},{"not_picked":["champ:BerserkersShout+1","champ:PerfectedStrike+1"],"picked":"champ:FlashCut+1","floor":38.0},{"not_picked":["champ:ShieldSigil+1","champ:GladiatorsShout+1"],"picked":"champ:Backstep+1","floor":39.0},{"not_picked":["champ:ShieldSigil+1","champ:ShieldWall"],"picked":"champ:Encircle+1","floor":42.0},{"not_picked":["champ:FightOn","champ:FlashCut+1"],"picked":"champ:RecklessLeap","floor":43.0},{"not_picked":["champ:RageSigil+1","champ:GladiatorsShout+1"],"picked":"champ:HoldFirm+1","floor":44.0},{"not_picked":["champ:BerserkersShout+1","champ:SkillfulDodge+1"],"picked":"champ:EnchantSword+1","floor":45.0},{"not_picked":["champ:RisingSlash","champ:CrookedStrike+1"],"picked":"champ:StanceDance+1","floor":46.0},{"not_picked":["champ:Encircle","champ:FanOfKnives"],"picked":"champ:Circumvent+1","floor":48.0},{"not_picked":["champ:IronFortress+1","champ:EndlessRage","champ:PerfectedStrike+1"],"picked":"champ:Duel+1","floor":49.0},{"not_picked":["champ:RageSigil+1","champ:EnGarde+1","champ:RecklessLeap+1"],"picked":"champ:DefensiveStyle","floor":52.0}],"player_experience":1767175,"relics_obtained":[{"floor":2.0,"key":"The Courier"},{"floor":10.0,"key":"Centennial Puzzle"},{"floor":14.0,"key":"Happy Flower"},{"floor":20.0,"key":"champ:BlackKnightHelmet"},{"floor":20.0,"key":"StrikeDummy"},{"floor":21.0,"key":"MutagenicStrength"},{"floor":23.0,"key":"Vajra"},{"floor":24.0,"key":"Matryoshka"},{"floor":27.0,"key":"Regal Pillow"},{"floor":38.0,"key":"Girya"},{"floor":41.0,"key":"Lantern"},{"floor":41.0,"key":"HornCleat"},{"floor":45.0,"key":"Oddly Smooth Stone"},{"floor":52.0,"key":"champ:DeflectingBracers"}],"event_choices":[{"damage_healed":0.0,"max_hp_gain":0.0,"max_hp_loss":0.0,"gold_gain":0.0,"event_name":"Mysterious Sphere","player_choice":"Fight","floor":38.0,"gold_loss":0.0,"damage_taken":0.0}],"is_beta":false,"boss_relics":[{"not_picked":["Astrolabe","SacredBark"],"picked":"expansioncontent:StudyCardRelic"},{"not_picked":["Tiny House","Runic Pyramid"],"picked":"Cursed Key"}],"items_purged_floors":[8],"is_endless":false,"potions_floor_spawned":[5,9,10,14,15,16,20,23,32,33,43,44,46,49,52],"ascension_level":9}}