{"host":"5uokajoawb3dos2b","time":1610432324,"event":{"mods":["Act Like it!","BaseMod","Downfall","Gensokyo","Minty Spire (QoL Compilation)","Reimu£®≤©¿ˆ¡È√Œ£©","Shop Mod","StSLib","Waifu the Spire","Yakumo Yukari mod"],"gold_per_floor":[110,110,121,137,137,312,312,339,339,339,67,37,47,63,63,63,63],"floor_reached":16,"playtime":742,"items_purged":[],"score":100,"play_id":"6d52b052-2b7a-4b07-b00b-423b0e727b33","local_time":"20210112141844","is_ascension_mode":false,"campfire_choices":[{"floor":7,"key":"REST"},{"floor":10,"key":"REST"},{"floor":15,"key":"REST"}],"circlet_count":0,"master_deck":["Strike_Lin:ReiMu","Strike_Lin:ReiMu","Strike_Lin:ReiMu","Strike_Lin:ReiMu","Defend_Lin:ReiMu","Defend_Lin:ReiMu","Defend_Lin:ReiMu","Defend_Lin:ReiMu","NB:ReiMu","Stagnation:ReiMu","SubAcupoint:ReiMu","Conquer:ReiMu","WonderfulDomain:ReiMu","Doubt","AirManeuver:ReiMu","NineCharacters:ReiMu","EmergencyTakeOff:ReiMu","Violence","EmergencyTakeOff:ReiMu","SubcavityInstant:ReiMu","AlertArray:ReiMu"],"relics":["FlyPower:ReiMu","NeowsBlessing","CrazyTorch:ReiMu","Bow_fan:ReiMu","BodyOfKamiR:ReiMu"],"acts_visited":["Exordium"],"potions_floor_usage":[8,16],"damage_taken":[{"damage":0,"enemies":"2 Louse","floor":1,"turns":1},{"damage":0,"enemies":"Jaw Worm","floor":3,"turns":1},{"damage":0,"enemies":"Small Slimes","floor":4,"turns":1},{"damage":59,"enemies":"Lagavulin","floor":8,"turns":16},{"damage":10,"enemies":"Looter","floor":12,"turns":4},{"damage":0,"enemies":"Red Slaver","floor":13,"turns":5},{"damage":0,"enemies":"2 Fungi Beasts","floor":14,"turns":5},{"damage":35,"enemies":"Slime Boss","floor":16,"turns":14}],"seed_played":"-5662212380323903034","potions_obtained":[{"floor":3,"key":"BlessingOfTheForge"},{"floor":14,"key":"LiquidFlight:ReiMu"}],"is_trial":false,"path_per_floor":["M","?","M","M","?","?","R","E","T","R","$","M","M","M","R","B"],"character_chosen":"REIMU","items_purchased":["NineCharacters:ReiMu","EmergencyTakeOff:ReiMu","Violence"],"campfire_rested":3,"item_purchase_floors":[11,11,11],"current_hp_per_floor":[65,65,65,65,58,58,65,6,6,25,25,15,15,15,34,0,0],"gold":63,"neow_bonus":"THREE_ENEMY_KILL","is_daily":false,"chose_seed":false,"campfire_upgraded":0,"win_rate":0.0,"timestamp":1610432324,"path_taken":["M","?","M","M","?","?","R","E","T","R","?","M","M","M","R","BOSS"],"items_purchased_type":["Card","Card","Card"],"build_version":"2020-12-22","purchased_purges":0,"victory":false,"max_hp_per_floor":[65,65,65,65,65,65,65,65,65,65,65,65,65,65,65,65,65],"card_choices":[{"not_picked":["TakeOff:ReiMu","Amulet:ReiMu"],"picked":"SubAcupoint:ReiMu","floor":1},{"not_picked":["AlertArray:ReiMu","SpreadBorder2:ReiMu"],"picked":"Conquer:ReiMu","floor":3},{"not_picked":["SubcavityInstant:ReiMu","Intuition:ReiMu"],"picked":"WonderfulDomain:ReiMu","floor":4},{"not_picked":["Conquer:ReiMu","Determination:ReiMu"],"picked":"AirManeuver:ReiMu","floor":8},{"not_picked":["Revelation:ReiMu","NineCharacters:ReiMu"],"picked":"EmergencyTakeOff:ReiMu","floor":12},{"not_picked":["Amulet:ReiMu","Enchanting:ReiMu"],"picked":"SubcavityInstant:ReiMu","floor":13},{"not_picked":["Meditation:ReiMu","FineLineFantasy:ReiMu"],"picked":"AlertArray:ReiMu","floor":14}],"player_experience":78370,"relics_obtained":[{"floor":8,"key":"Bow_fan:ReiMu"},{"floor":9,"key":"BodyOfKamiR:ReiMu"}],"event_choices":[{"damage_healed":0,"gold_gain":0,"player_choice":"Leave","damage_taken":0,"max_hp_gain":0,"max_hp_loss":0,"event_name":"The Cleric","floor":2,"gold_loss":0},{"damage_healed":0,"gold_gain":0,"player_choice":"Success","damage_taken":7,"relics_obtained":["CrazyTorch:ReiMu"],"max_hp_gain":0,"max_hp_loss":0,"event_name":"Scrap Ooze","floor":5,"gold_loss":0},{"damage_healed":0,"gold_gain":175,"player_choice":"AGREE","damage_taken":0,"max_hp_gain":0,"max_hp_loss":0,"event_name":"Liars Game","floor":6,"gold_loss":0,"cards_obtained":["Doubt"]}],"is_beta":false,"boss_relics":[],"items_purged_floors":[],"is_endless":false,"potions_floor_spawned":[3,14],"killed_by":"Slime Boss","ascension_level":0}}