{"host":"2hea6pl5vmah38iy","time":1610464856,"event":{"mods":["AchievementEnabler","BaseMod","Colored Map","DeckTracker","Keyboard Shortcuts","Minty Spire (QoL Compilation)","Rare Cards Sparkle","StSLib","SuperFastMode","everything is the same but u backflip on backflip"],"gold_per_floor":[111,121,138,98,109,128,128,146,146,0,15,15,15,65,65,140,140,158,171,190,208,222,222,252,252,252,278,278,278,328,328,328,402,402,420,320,320,113,127,158,158,187,234,259,109,122,178,178,178,178],"floor_reached":51,"playtime":2849,"items_purged":["Defend_G","Noxious Fumes","Caltrops","Die Die Die"],"score":1568,"play_id":"ace8631b-e171-41ce-b208-5d059eb7b6ee","local_time":"20210113002056","is_ascension_mode":true,"campfire_choices":[{"data":"Calculated Gamble","floor":12.0,"key":"SMITH"},{"data":"Night Terror","floor":15.0,"key":"SMITH"},{"floor":23.0,"key":"REST"},{"data":"After Image","floor":25.0,"key":"SMITH"},{"data":"Tactician","floor":28.0,"key":"SMITH"},{"data":"Reflex","floor":32.0,"key":"SMITH"},{"data":"Acrobatics","floor":41,"key":"SMITH"},{"floor":49,"key":"DIG"}],"circlet_count":0,"master_deck":["AscendersBane","Survivor","Neutralize","Crippling Poison","Tactician+1","Backflip","Dagger Throw","Underhanded Strike","Calculated Gamble+1","Night Terror+1","Wraith Form v2","Well Laid Plans","Expertise","Predator","Escape Plan","Acrobatics+1","Heel Hook","After Image+1","Reflex+1","Grand Finale","Flash of Steel"],"relics":["Runic Dome","Matryoshka","Eternal Feather","Omamori","Pandora\u0027s Box","Du-Vu Doll","Potion Belt","Anchor","Regal Pillow","Mummified Hand","Philosopher\u0027s Stone","Ancient Tea Set","CeramicFish","Bag of Marbles","Shovel","Ginger","Bag of Preparation"],"acts_visited":["Exordium","TheCity","TheBeyond"],"potions_floor_usage":[46,50],"damage_taken":[{"damage":0.0,"enemies":"Cultist","floor":1.0,"turns":5.0},{"damage":8.0,"enemies":"Jaw Worm","floor":2.0,"turns":6.0},{"damage":4.0,"enemies":"Small Slimes","floor":3.0,"turns":4.0},{"damage":1.0,"enemies":"Looter","floor":5.0,"turns":5.0},{"damage":0.0,"enemies":"Lots of Slimes","floor":6.0,"turns":4.0},{"damage":8.0,"enemies":"Gremlin Gang","floor":8.0,"turns":3.0},{"damage":0.0,"enemies":"Large Slime","floor":11.0,"turns":6.0},{"damage":54.0,"enemies":"The Guardian","floor":16.0,"turns":14.0},{"damage":27.0,"enemies":"Chosen","floor":18.0,"turns":5.0},{"damage":0.0,"enemies":"Spheric Guardian","floor":19.0,"turns":4.0},{"damage":0.0,"enemies":"Snake Plant","floor":20.0,"turns":4.0},{"damage":8.0,"enemies":"Sentry and Sphere","floor":21.0,"turns":5.0},{"damage":13.0,"enemies":"Snecko","floor":22.0,"turns":4.0},{"damage":38.0,"enemies":"Gremlin Leader","floor":24.0,"turns":5.0},{"damage":7.0,"enemies":"Book of Stabbing","floor":27.0,"turns":6.0},{"damage":0.0,"enemies":"Champ","floor":33.0,"turns":7.0},{"damage":7.0,"enemies":"3 Shapes","floor":35.0,"turns":2.0},{"damage":0,"enemies":"Orb Walker","floor":39,"turns":1},{"damage":1,"enemies":"Giant Head","floor":40,"turns":3},{"damage":0,"enemies":"Nemesis","floor":42,"turns":4},{"damage":0,"enemies":"Mind Bloom Boss Battle","floor":44,"turns":3},{"damage":0,"enemies":"4 Shapes","floor":46,"turns":1},{"damage":11,"enemies":"2 Orb Walkers","floor":47,"turns":3},{"damage":10,"enemies":"Awakened One","floor":50,"turns":6}],"seed_played":"8795661453061708318","potions_obtained":[{"floor":1.0,"key":"Swift Potion"},{"floor":2.0,"key":"Regen Potion"},{"floor":4.0,"key":"CunningPotion"},{"floor":6.0,"key":"DistilledChaos"},{"floor":18.0,"key":"AttackPotion"},{"floor":21.0,"key":"FairyPotion"},{"floor":24.0,"key":"PowerPotion"},{"floor":27.0,"key":"DistilledChaos"},{"floor":33.0,"key":"Swift Potion"},{"floor":42,"key":"Weak Potion"},{"floor":44,"key":"Regen Potion"}],"is_trial":false,"path_per_floor":["M","M","M","?","M","M","T","M","T","$","M","R","?","?","R","B",null,"M","M","M","M","M","R","E","R","T","E","R","?","?","?","R","B",null,"M","$","?","$","M","E","R","E","T","?","$","M","?","?","R","B",null],"character_chosen":"THE_SILENT","items_purchased":["Calculated Gamble","Flash of Steel"],"campfire_rested":1,"item_purchase_floors":[10,38],"current_hp_per_floor":[59,51,47,47,46,46,46,38,38,38,38,47,47,41,50,1,50,23,23,23,15,2,33,19,31,31,24,36,36,36,36,48,48,62,55,55,55,55,55,54,66,66,66,66,66,66,55,55,66,56],"gold":178,"neow_bonus":"BOSS_RELIC","is_daily":false,"chose_seed":false,"campfire_upgraded":6,"win_rate":0.0,"timestamp":1610464856,"path_taken":["M","M","?","?","M","?","?","M","T","?","M","R","?","?","R","BOSS","M","?","M","M","?","R","E","R","T","E","R","?","?","?","R","BOSS","M","$","?","$","M","E","R","E","T","?","?","M","?","?","R","BOSS"],"items_purchased_type":["Card","Card"],"build_version":"2020-12-22","purchased_purges":4,"victory":true,"max_hp_per_floor":[66,66,66,66,66,66,66,66,66,66,66,66,66,66,66,66,66,66,66,66,66,66,66,66,66,66,66,66,66,66,66,66,66,66,66,66,66,66,66,66,66,66,66,66,66,66,66,66,66,66],"card_choices":[{"not_picked":["Backstab","Calculated Gamble"],"picked":"Crippling Poison","floor":1.0},{"not_picked":["Dodge and Roll","Distraction"],"picked":"Tactician","floor":2.0},{"not_picked":["Well Laid Plans","Slice"],"picked":"Backflip","floor":3.0},{"not_picked":["Flying Knee","Riddle With Holes","Dodge and Roll"],"picked":"SKIP","floor":5.0},{"not_picked":["Riddle With Holes","Cloak And Dagger"],"picked":"Dagger Throw","floor":6.0},{"not_picked":["Dagger Spray","Infinite Blades"],"picked":"Underhanded Strike","floor":8.0},{"not_picked":["Sucker Punch","Finisher","Bullet Time"],"picked":"SKIP","floor":11.0},{"not_picked":["Unload","Malaise"],"picked":"Wraith Form v2","floor":16.0},{"not_picked":["Dagger Spray+1","Backflip","Sucker Punch"],"picked":"SKIP","floor":18.0},{"not_picked":["Bane","Cloak And Dagger"],"picked":"Heel Hook","floor":19.0},{"not_picked":["Cloak And Dagger","Bane","Endless Agony"],"picked":"SKIP","floor":20.0},{"not_picked":["Predator","Backstab","Crippling Poison"],"picked":"SKIP","floor":21.0},{"not_picked":["Dagger Spray","Dodge and Roll","Deadly Poison"],"picked":"SKIP","floor":22.0},{"not_picked":["Underhanded Strike","Tactician"],"picked":"After Image","floor":24.0},{"not_picked":["Predator","Blade Dance","Masterful Stab"],"picked":"SKIP","floor":27.0},{"not_picked":["Phantasmal Killer","Adrenaline"],"picked":"Grand Finale","floor":33.0},{"not_picked":["Masterful Stab+1","Deflect","PiercingWail+1"],"picked":"SKIP","floor":35.0},{"not_picked":["Crippling Poison","Slice","Blade Dance"],"picked":"SKIP","floor":39},{"not_picked":["Flying Knee+1","Bouncing Flask","Backstab"],"picked":"SKIP","floor":40},{"not_picked":["Flying Knee","Unload","Choke"],"picked":"SKIP","floor":42},{"not_picked":["Bane","Dagger Spray","Deadly Poison"],"picked":"SKIP","floor":46},{"not_picked":["Flying Knee","Backflip"],"picked":"Reflex+1","floor":47}],"player_experience":469137,"relics_obtained":[{"floor":7.0,"key":"Matryoshka"},{"floor":9.0,"key":"Eternal Feather"},{"floor":9.0,"key":"Omamori"},{"floor":24.0,"key":"Du-Vu Doll"},{"floor":26.0,"key":"Potion Belt"},{"floor":26.0,"key":"Anchor"},{"floor":27.0,"key":"Regal Pillow"},{"floor":40,"key":"Ancient Tea Set"},{"floor":42,"key":"CeramicFish"},{"floor":43,"key":"Bag of Marbles"},{"floor":44,"key":"Shovel"},{"floor":47,"key":"Ginger"},{"floor":49,"key":"Bag of Preparation"}],"event_choices":[{"damage_healed":0.0,"max_hp_gain":0.0,"max_hp_loss":0.0,"gold_gain":0.0,"event_name":"The Woman in Blue","player_choice":"Bought 3 Potions","floor":4.0,"gold_loss":0.0,"damage_taken":0.0},{"damage_healed":0.0,"max_hp_gain":0.0,"max_hp_loss":0.0,"gold_gain":0.0,"cards_transformed":["Strike_G"],"event_name":"Living Wall","player_choice":"Change","floor":13.0,"gold_loss":0.0,"damage_taken":0.0,"cards_obtained":["Night Terror"]},{"damage_healed":0.0,"max_hp_gain":0.0,"max_hp_loss":0.0,"gold_gain":50.0,"event_name":"FaceTrader","player_choice":"Touch","floor":14.0,"gold_loss":0.0,"damage_taken":6.0},{"damage_healed":0.0,"max_hp_gain":0.0,"max_hp_loss":0.0,"gold_gain":0.0,"event_name":"The Mausoleum","player_choice":"Opened","floor":29.0,"gold_loss":0.0,"damage_taken":0.0,"relics_obtained":["Mummified Hand"],"cards_obtained":["Writhe"]},{"damage_healed":0.0,"max_hp_gain":0.0,"max_hp_loss":0.0,"gold_gain":50.0,"event_name":"Nest","player_choice":"Stole From Cult","floor":30.0,"gold_loss":0.0,"damage_taken":0.0},{"damage_healed":0.0,"max_hp_gain":0.0,"max_hp_loss":0.0,"gold_gain":0.0,"event_name":"The Library","player_choice":"Read","floor":31.0,"gold_loss":0.0,"damage_taken":0.0,"cards_obtained":["Reflex"]},{"damage_healed":0,"gold_gain":0,"player_choice":"Memory 1","damage_taken":0,"max_hp_gain":0,"max_hp_loss":0,"event_name":"SensoryStone","floor":37,"gold_loss":0},{"damage_healed":0,"gold_gain":0,"player_choice":"Fight","damage_taken":0,"max_hp_gain":0,"max_hp_loss":0,"event_name":"MindBloom","floor":44,"gold_loss":0},{"damage_healed":0,"gold_gain":0,"player_choice":"Fight","damage_taken":0,"max_hp_gain":0,"max_hp_loss":0,"event_name":"Mysterious Sphere","floor":47,"gold_loss":0},{"cards_removed":["Reflex"],"damage_healed":0,"gold_gain":0,"player_choice":"Removed Skill","damage_taken":0,"max_hp_gain":0,"max_hp_loss":0,"event_name":"Falling","floor":48,"gold_loss":0}],"is_beta":false,"boss_relics":[{"not_picked":["Astrolabe","Calling Bell"],"picked":"Pandora\u0027s Box"},{"not_picked":["SacredBark","WristBlade"],"picked":"Philosopher\u0027s Stone"}],"items_purged_floors":[10,36,38,45],"is_endless":false,"potions_floor_spawned":[1,2,3,6,18,21,24,27,33,42,44],"ascension_level":15}}