{"host":"v4pe0ixo3k7iwzp0","time":1610490819,"event":{"mods":["Ascension Reborn","BaseMod","Bestiary","Highlight Path","Minty Spire (QoL Compilation)","StSLib","The Marked"],"gold_per_floor":[110,127,141,64,76,76,76,26,26,26,40,40,57,57,57,152,152,165,179,179,179],"floor_reached":20,"language":"ENG","playtime":1320,"items_purged":[],"score":166,"play_id":"076d0921-4298-4121-b42e-4cc78fcdc80c","local_time":"20210112143339","is_ascension_mode":false,"campfire_choices":[{"floor":6.0,"key":"REST"},{"data":"Eruption","floor":10.0,"key":"SMITH"},{"floor":15,"key":"REST"}],"circlet_count":0,"master_deck":["Strike_P","Strike_P","Defend_P","Defend_P","Defend_P","Defend_P","Eruption+1","Vigilance","BattleHymn","BattleHymn","Study","LikeWater","ThirdEye","DevaForm","Evaluate","ClearTheMind+1"],"relics":["HolyWater","Akabeko"],"acts_visited":["Exordium","TheCity"],"potions_floor_usage":[16,16],"damage_taken":[{"damage":10.0,"enemies":"Jaw Worm","floor":1.0,"turns":8.0},{"damage":2.0,"enemies":"2 Louse","floor":2.0,"turns":3.0},{"damage":0.0,"enemies":"Small Slimes","floor":3.0,"turns":3.0},{"damage":7.0,"enemies":"Blue Slaver","floor":5.0,"turns":3.0},{"damage":5.0,"enemies":"Looter","floor":11.0,"turns":4.0},{"damage":14,"enemies":"Large Slime","floor":13,"turns":5},{"damage":5,"enemies":"Slime Boss","floor":16,"turns":7},{"damage":5,"enemies":"Chosen","floor":18,"turns":6},{"damage":15,"enemies":"Shell Parasite","floor":19,"turns":5},{"damage":69,"enemies":"Cultist and Chosen","floor":20,"turns":7}],"seed_played":"4649169592899084973","potions_obtained":[{"floor":1.0,"key":"ColorlessPotion"},{"floor":3.0,"key":"PowerPotion"},{"floor":11.0,"key":"Fruit Juice"}],"is_trial":false,"path_per_floor":["M","M","M","$","M","R","?","?","T","R","M","?","M","$","R","B",null,"M","M","M"],"character_chosen":"WATCHER","items_purchased":["Study"],"campfire_rested":2,"item_purchase_floors":[4],"current_hp_per_floor":[62,60,60,60,53,72,72,72,72,72,72,72,58,58,77,72,77,72,57,0,0],"gold":179,"neow_bonus":"REMOVE_CARD","is_daily":false,"chose_seed":false,"campfire_upgraded":1,"win_rate":0.0,"timestamp":1610490819,"path_taken":["M","M","M","$","M","R","?","?","T","R","M","?","M","$","R","BOSS","M","M","M"],"items_purchased_type":["Card"],"build_version":"2020-12-22","purchased_purges":0,"victory":false,"max_hp_per_floor":[72,72,72,72,72,72,72,72,72,72,77,77,77,77,77,77,77,77,77,77,77],"card_choices":[{"not_picked":["FlurryOfBlows","WheelKick"],"picked":"BattleHymn","floor":1.0},{"not_picked":["CutThroughFate","BowlingBash"],"picked":"BattleHymn","floor":2.0},{"not_picked":["PathToVictory","Consecrate","Vengeance"],"picked":"SKIP","floor":3.0},{"not_picked":["Conclude","Consecrate"],"picked":"LikeWater","floor":5.0},{"not_picked":["Crescendo","Fasting2","CrushJoints"],"picked":"SKIP","floor":11.0},{"not_picked":["Vengeance","Conclude"],"picked":"ThirdEye","floor":13},{"not_picked":["Brilliance","Ragnarok"],"picked":"DevaForm","floor":16},{"not_picked":["CutThroughFate","Sanctity+1"],"picked":"Evaluate","floor":18},{"not_picked":["ReachHeaven","Collect"],"picked":"ClearTheMind+1","floor":19}],"player_experience":129806,"relics_obtained":[{"floor":9.0,"key":"Akabeko"}],"event_choices":[{"damage_healed":0.0,"max_hp_gain":0.0,"max_hp_loss":0.0,"gold_gain":0.0,"event_name":"Golden Wing","player_choice":"Ignored","floor":7.0,"gold_loss":0.0,"damage_taken":0.0},{"cards_removed":["Strike_P"],"damage_healed":0.0,"max_hp_gain":0.0,"max_hp_loss":0.0,"gold_gain":0.0,"event_name":"The Cleric","player_choice":"Card Removal","floor":8.0,"gold_loss":50.0,"damage_taken":0.0},{"damage_healed":0.0,"max_hp_gain":0.0,"max_hp_loss":0.0,"gold_gain":0.0,"event_name":"Shining Light","player_choice":"Ignored","floor":12.0,"gold_loss":0.0,"damage_taken":0.0}],"is_beta":false,"boss_relics":[{"not_picked":["Empty Cage","Philosopher\u0027s Stone"],"picked":"HolyWater"}],"items_purged_floors":[],"is_endless":false,"potions_floor_spawned":[1,3,11],"killed_by":"Cultist and Chosen","ascension_level":0}}