{"host":"sc0o2qwpf9j16a4i","time":1610483667,"event":{"mods":["AchievementEnabler","BaseMod","BetterRewards","Block Reminder","Colored Map","Colored Powertips","Custom Start","Highlight Path","Minty Spire (QoL Compilation)","Relic Stats"],"gold_per_floor":[110,41,51,51,62,62,74,107,131,131,131,31,47,47,47,125,125,140,140,175,175,190,190,225,237,315,315,649,665,496,516,516,594,594,604,651,651,651,368,368,399,418,418,445,445,463,475,489,489,489,489,489,489,17,50,50],"floor_reached":57,"playtime":2291,"items_purged":["Strike_R","Strike_R","Strike_R","Bash"],"score":3625,"play_id":"50c53499-0edd-44d3-9079-7d6ba710a36c","local_time":"20210112223427","is_ascension_mode":true,"campfire_choices":[{"data":"Apotheosis","floor":6.0,"key":"SMITH"},{"data":"Inflame","floor":10.0,"key":"SMITH"},{"data":"Metallicize","floor":15.0,"key":"SMITH"},{"data":"Feel No Pain","floor":23.0,"key":"SMITH"},{"data":"Impervious","floor":27.0,"key":"SMITH"},{"data":"Feel No Pain","floor":32,"key":"SMITH"},{"floor":40,"key":"RECALL"},{"data":"Feel No Pain","floor":45,"key":"SMITH"},{"data":"Disarm","floor":49,"key":"SMITH"},{"data":"Juggernaut","floor":53,"key":"SMITH"}],"circlet_count":0,"master_deck":["AscendersBane","Inflame+1","Apotheosis+1","Uppercut","Whirlwind","Metallicize+1","Impervious+1","Shrug It Off","Flex","Shockwave","Shrug It Off","Feel No Pain+1","Reaper","Entrench","Shrug It Off","Feel No Pain+1","Disarm+1","Reaper+1","Cleave+1","Cleave+1","Corruption","Dark Embrace","Feel No Pain+1","Uppercut+1","Juggernaut+1","Body Slam+1","Sentinel+1","Exhume","Disarm"],"relics":["Burning Blood","Gambling Chip","Question Card","Sling","Ancient Tea Set","Turnip","Regal Pillow","Pen Nib","Akabeko","Gremlin Horn","Strawberry","Dead Branch","Oddly Smooth Stone","Red Skull","Snecko Eye","Red Mask","Eternal Feather","Dream Catcher","Molten Egg 2","Old Coin","Pandora\u0027s Box","StoneCalendar","Membership Card","Pantograph","HornCleat","Paper Frog","TungstenRod","Chemical X","Bird Faced Urn"],"acts_visited":["Exordium","TheCity","TheBeyond","TheEnding"],"potions_floor_usage":[56,56],"damage_taken":[{"damage":8.0,"enemies":"Small Slimes","floor":1.0,"turns":3.0},{"damage":0.0,"enemies":"Cultist","floor":3.0,"turns":4.0},{"damage":4.0,"enemies":"Jaw Worm","floor":5.0,"turns":3.0},{"damage":5.0,"enemies":"Large Slime","floor":7.0,"turns":2.0},{"damage":11.0,"enemies":"Gremlin Nob","floor":8.0,"turns":3.0},{"damage":0.0,"enemies":"Blue Slaver","floor":13.0,"turns":1.0},{"damage":28.0,"enemies":"Hexaghost","floor":16.0,"turns":8.0},{"damage":15.0,"enemies":"2 Thieves","floor":18.0,"turns":3.0},{"damage":0.0,"enemies":"Masked Bandits","floor":20.0,"turns":2.0},{"damage":0.0,"enemies":"Chosen","floor":22.0,"turns":1.0},{"damage":5.0,"enemies":"Book of Stabbing","floor":24.0,"turns":4.0},{"damage":0.0,"enemies":"3 Cultists","floor":25.0,"turns":3.0},{"damage":0.0,"enemies":"Gremlin Leader","floor":28.0,"turns":2.0},{"damage":3.0,"enemies":"Shelled Parasite and Fungi","floor":29.0,"turns":3.0},{"damage":0.0,"enemies":"Centurion and Healer","floor":31.0,"turns":3.0},{"damage":0,"enemies":"Automaton","floor":33,"turns":10},{"damage":6,"enemies":"3 Shapes","floor":35,"turns":1},{"damage":0,"enemies":"2 Orb Walkers","floor":36,"turns":2},{"damage":33,"enemies":"Nemesis","floor":41,"turns":7},{"damage":8,"enemies":"Orb Walker","floor":42,"turns":4},{"damage":0,"enemies":"Giant Head","floor":44,"turns":4},{"damage":0,"enemies":"Writhing Mass","floor":46,"turns":4},{"damage":0,"enemies":"Maw","floor":47,"turns":7},{"damage":13,"enemies":"Transient","floor":48,"turns":6},{"damage":20,"enemies":"Time Eater","floor":50,"turns":9},{"damage":43,"enemies":"Awakened One","floor":51,"turns":9},{"damage":0,"enemies":"Shield and Spear","floor":55,"turns":2},{"damage":51,"enemies":"The Heart","floor":56,"turns":10}],"seed_played":"919156203013611913","potions_obtained":[{"floor":3.0,"key":"AttackPotion"},{"floor":13.0,"key":"Ancient Potion"},{"floor":16.0,"key":"Dexterity Potion"},{"floor":22.0,"key":"BlessingOfTheForge"}],"is_trial":false,"path_per_floor":["M","?","M","?","M","R","M","E","T","R","?","$","M","?","R","B",null,"M","?","?","T","M","R","E","M","T","R","E","M","$","M","R","B",null,"M","?","?","?","$","R","E","M","T","E","R","M","M","M","R","B","B",null,"R","$","E","B",null],"character_chosen":"IRONCLAD","items_purchased":["Gambling Chip","Inflame","Question Card","Sling","Ancient Tea Set","Turnip","Regal Pillow","Pen Nib","Akabeko","Apotheosis","Gremlin Horn","Strawberry","Dead Branch","Swift Potion","Feel No Pain","Membership Card","Feel No Pain","Paper Frog","TungstenRod","Chemical X","Exhume","Disarm"],"campfire_rested":0,"item_purchase_floors":[0,0,0,0,0,0,0,0,0,0,0,0,0,0,30,39,39,54,54,54,54,54],"current_hp_per_floor":[25,25,31,82,82,82,82,77,77,77,70,70,76,76,76,54,75,66,66,72,72,78,82,82,82,82,82,82,82,82,82,82,82,82,82,82,82,82,82,82,70,68,68,82,82,82,82,82,82,82,72,80,82,82,82,69],"gold":50,"neow_bonus":"","is_daily":false,"chose_seed":false,"campfire_upgraded":9,"win_rate":0.0,"timestamp":1610483667,"path_taken":["M","?","M","?","M","R","?","E","T","R","?","$","M","?","R","BOSS","M","?","?","?","M","R","E","M","T","R","E","M","$","?","R","BOSS","M","?","?","?","$","R","E","M","T","E","R","M","?","M","R","BOSS","BOSS","R","$","E","BOSS"],"items_purchased_type":["Relic","Card","Relic","Relic","Relic","Relic","Relic","Relic","Relic","Card","Relic","Relic","Relic","Potion","Card","Relic","Card","Relic","Relic","Relic","Card","Card"],"build_version":"2020-12-22","purchased_purges":4,"victory":true,"max_hp_per_floor":[82,82,82,82,82,82,82,82,82,82,82,82,82,82,82,82,82,82,82,82,82,82,82,82,82,82,82,82,82,82,82,82,82,82,82,82,82,82,82,82,82,82,82,82,82,82,82,82,82,82,82,82,82,82,82,82],"relic_stats":{"Regal Pillow":0,"Gremlin Horn":[17,17],"counters":[85,444],"Dead Branch":[212],"Eternal Feather":6,"StoneCalendar":[114],"Pen Nib":[16],"Question Card":51,"Burning Blood":386,"Dream Catcher":0,"Gambling Chip":[82],"Pantograph":26,"Bird Faced Urn":[18],"Snecko Eye":[208,201,208,192],"Pandora\u0027s Box":["Cleave","Cleave","Corruption"],"Turnip":[13],"Chemical X":[2],"obtain_stats":[{"Ice Cream":44,"Calipers":46,"Gremlin Horn":9,"Bottled Tornado":12,"Boot":9,"Sling":0,"Old Coin":28,"Blood Vial":23,"HornCleat":44,"Strawberry":0,"Philosopher\u0027s Stone":17,"Fusion Hammer":34,"Dead Branch":0,"Oddly Smooth Stone":43,"Eternal Feather":21,"Pen Nib":55,"Question Card":0,"Akabeko":0,"Bird Faced Urn":55,"Snecko Eye":17,"Molten Egg 2":26,"Pandora\u0027s Box":34,"Meat on the Bone":3,"Regal Pillow":24,"Lantern":29,"StoneCalendar":36,"Bag of Preparation":20,"Cursed Key":17,"Ancient Tea Set":0,"Burning Blood":0,"ClockworkSouvenir":21,"Dream Catcher":7,"Gambling Chip":0,"Pantograph":41,"Toolbox":54,"Tiny Chest":23,"Red Mask":20,"Chemical X":54,"Red Skull":9,"Paper Frog":54,"Potion Belt":10,"PreservedInsect":9,"Frozen Egg 2":6,"Orichalcum":10,"MawBank":41,"White Beast Statue":0,"Mercury Hourglass":30,"Anchor":26,"Turnip":0,"Coffee Dripper":17,"Bag of Marbles":47,"Membership Card":20,"Champion Belt":39,"FossilizedHelix":7,"TungstenRod":54},{"Ice Cream":50,"Calipers":51,"Gremlin Horn":19,"Bottled Tornado":20,"Boot":34,"Sling":57,"Old Coin":70,"Blood Vial":13,"HornCleat":78,"Strawberry":57,"Philosopher\u0027s Stone":38,"Fusion Hammer":45,"Dead Branch":57,"Oddly Smooth Stone":49,"Eternal Feather":66,"Pen Nib":56,"Question Card":29,"Akabeko":57,"Bird Faced Urn":84,"Snecko Eye":64,"Molten Egg 2":69,"Pandora\u0027s Box":73,"Meat on the Bone":2,"Regal Pillow":25,"Lantern":44,"StoneCalendar":75,"Bag of Preparation":39,"Cursed Key":22,"Ancient Tea Set":57,"Burning Blood":0,"ClockworkSouvenir":24,"Dream Catcher":4,"Gambling Chip":57,"Pantograph":76,"Toolbox":55,"Tiny Chest":41,"Red Mask":66,"Chemical X":83,"Red Skull":62,"Paper Frog":83,"Potion Belt":6,"PreservedInsect":5,"Frozen Egg 2":33,"Orichalcum":35,"MawBank":49,"White Beast Statue":14,"Mercury Hourglass":27,"Anchor":43,"Turnip":57,"Coffee Dripper":9,"Bag of Marbles":52,"Membership Card":39,"Champion Belt":48,"FossilizedHelix":18,"TungstenRod":83},{"Ice Cream":273,"Calipers":279,"Gremlin Horn":92,"Bottled Tornado":96,"Boot":175,"Sling":324,"Old Coin":363,"Blood Vial":62,"HornCleat":397,"Strawberry":324,"Philosopher\u0027s Stone":203,"Fusion Hammer":252,"Dead Branch":324,"Oddly Smooth Stone":268,"Eternal Feather":353,"Pen Nib":314,"Question Card":151,"Akabeko":324,"Bird Faced Urn":434,"Snecko Eye":348,"Molten Egg 2":361,"Pandora\u0027s Box":379,"Meat on the Bone":9,"Regal Pillow":121,"Lantern":241,"StoneCalendar":382,"Bag of Preparation":208,"Cursed Key":111,"Ancient Tea Set":324,"Burning Blood":0,"ClockworkSouvenir":117,"Dream Catcher":20,"Gambling Chip":324,"Pantograph":389,"Toolbox":305,"Tiny Chest":221,"Red Mask":353,"Chemical X":432,"Red Skull":339,"Paper Frog":432,"Potion Belt":26,"PreservedInsect":24,"Frozen Egg 2":169,"Orichalcum":181,"MawBank":268,"White Beast Statue":66,"Mercury Hourglass":133,"Anchor":236,"Turnip":324,"Coffee Dripper":48,"Bag of Marbles":284,"Membership Card":208,"Champion Belt":263,"FossilizedHelix":88,"TungstenRod":432}],"TungstenRod":11},"card_choices":[{"not_picked":["Thunderclap","Entrench","Feel No Pain"],"picked":"Uppercut","floor":1.0},{"not_picked":["Fire Breathing","Pummel","Havoc"],"picked":"Carnage","floor":3.0},{"not_picked":["Clothesline","Shrug It Off","Havoc","Anger"],"picked":"SKIP","floor":5.0},{"not_picked":["Cleave","Warcry","Body Slam"],"picked":"Whirlwind","floor":7.0},{"not_picked":["Entrench","Berserk","Shrug It Off"],"picked":"Metallicize","floor":8.0},{"not_picked":["Entrench","Warcry","Body Slam","Whirlwind"],"picked":"SKIP","floor":13.0},{"not_picked":["Berserk","Fiend Fire","Exhume"],"picked":"Impervious","floor":16.0},{"not_picked":["Power Through","Clash","Twin Strike"],"picked":"Shrug It Off","floor":18.0},{"not_picked":["True Grit","Headbutt","Heavy Blade"],"picked":"Shrug It Off","floor":20.0},{"not_picked":["Spot Weakness","Rampage","Shrug It Off"],"picked":"Feel No Pain","floor":22.0},{"not_picked":["Battle Trance","Thunderclap","Heavy Blade"],"picked":"Reaper","floor":24.0},{"not_picked":["Armaments","Dual Wield","Shrug It Off"],"picked":"Entrench","floor":25.0},{"not_picked":["Inflame","Whirlwind+1","Intimidate"],"picked":"Shrug It Off","floor":28.0},{"not_picked":["Pummel+1","Clash+1","Rage","Pommel Strike+1"],"picked":"SKIP","floor":29.0},{"not_picked":["Clash+1","Spot Weakness+1","Iron Wave+1"],"picked":"Disarm","floor":31},{"not_picked":["Offering","Exhume","Immolate+1"],"picked":"Reaper+1","floor":33},{"not_picked":["Dropkick+1","Perfected Strike+1","Clothesline+1","Heavy Blade+1"],"picked":"SKIP","floor":35},{"not_picked":["Spot Weakness+1","Combust","Havoc"],"picked":"Dark Embrace","floor":36},{"not_picked":["Power Through","Blood for Blood+1","Pommel Strike+1"],"picked":"Uppercut+1","floor":41},{"not_picked":["Thunderclap+1","Shrug It Off","Sword Boomerang+1"],"picked":"Juggernaut","floor":42},{"not_picked":["Wild Strike+1","Whirlwind+1","Flex","Heavy Blade+1"],"picked":"SKIP","floor":44},{"not_picked":["Havoc","Armaments","Iron Wave+1"],"picked":"Body Slam+1","floor":46},{"not_picked":["Flex","Perfected Strike+1","Iron Wave+1"],"picked":"Sentinel+1","floor":47},{"not_picked":["Armaments","Brutality","Spot Weakness","Intimidate+1"],"picked":"SKIP","floor":48},{"not_picked":["Heavy Blade+1","Blood for Blood+1","Thunderclap+1","Rage+1"],"picked":"SKIP","floor":55}],"player_experience":619768,"relics_obtained":[{"floor":8.0,"key":"Oddly Smooth Stone"},{"floor":9.0,"key":"Red Skull"},{"floor":20.0,"key":"Red Mask"},{"floor":21.0,"key":"Eternal Feather"},{"floor":24.0,"key":"Dream Catcher"},{"floor":26.0,"key":"Molten Egg 2"},{"floor":28.0,"key":"Old Coin"},{"floor":36,"key":"StoneCalendar"},{"floor":41,"key":"Pantograph"},{"floor":44,"key":"HornCleat"},{"floor":55,"key":"Bird Faced Urn"}],"event_choices":[{"damage_healed":0.0,"max_hp_gain":0.0,"max_hp_loss":0.0,"gold_gain":0.0,"event_name":"World of Goop","player_choice":"Left Gold","floor":2.0,"gold_loss":69.0,"damage_taken":0.0},{"damage_healed":51.0,"max_hp_gain":0.0,"max_hp_loss":0.0,"gold_gain":0.0,"event_name":"Wheel of Change","player_choice":"Full Heal","floor":4.0,"gold_loss":0.0,"damage_taken":0.0},{"cards_removed":["Strike_R"],"damage_healed":0.0,"max_hp_gain":0.0,"max_hp_loss":0.0,"gold_gain":0.0,"event_name":"Golden Wing","player_choice":"Card Removal","floor":11.0,"gold_loss":0.0,"damage_taken":7.0},{"damage_healed":0.0,"max_hp_gain":0.0,"max_hp_loss":0.0,"gold_gain":0.0,"event_name":"The Cleric","player_choice":"Leave","floor":14.0,"gold_loss":0.0,"damage_taken":0.0},{"damage_healed":0.0,"max_hp_gain":0.0,"max_hp_loss":0.0,"gold_gain":0.0,"cards_transformed":["Strike_R","Defend_R"],"event_name":"Drug Dealer","player_choice":"Became Test Subject","floor":19.0,"gold_loss":0.0,"damage_taken":0.0,"cards_obtained":["Flex","Shockwave"]},{"damage_healed":0.0,"max_hp_gain":0.0,"max_hp_loss":0.0,"gold_gain":0.0,"event_name":"Masked Bandits","player_choice":"Fought Bandits","floor":20.0,"gold_loss":0.0,"damage_taken":0.0},{"damage_healed":0,"gold_gain":0,"player_choice":"Fight","damage_taken":0,"max_hp_gain":0,"max_hp_loss":0,"event_name":"Mysterious Sphere","floor":36,"gold_loss":0},{"cards_removed":["Carnage"],"damage_healed":0,"gold_gain":0,"player_choice":"Removed Attack","damage_taken":0,"max_hp_gain":0,"max_hp_loss":0,"event_name":"Falling","floor":37,"gold_loss":0},{"damage_healed":0,"gold_gain":0,"player_choice":"Got Potions","damage_taken":0,"max_hp_gain":0,"max_hp_loss":0,"event_name":"Lab","floor":38,"gold_loss":0}],"is_beta":false,"boss_relics":[{"not_picked":["Velvet Choker","Mark of Pain"],"picked":"Snecko Eye"},{"not_picked":["Calling Bell","SacredBark"],"picked":"Pandora\u0027s Box"}],"items_purged_floors":[0,12,30,39],"is_endless":false,"potions_floor_spawned":[3,13,16,18,22,31,33,36,41,44,47],"ascension_level":20}}