{"host":"k85tjwrh7mjrrc9a","time":1610482720,"event":{"mods":["AchievementEnabler","BaseMod","Colored Powertips","Highlight Path","Minty Spire (QoL Compilation)","Rare Cards Sparkle","StSLib"],"gold_per_floor":[114,128,128,128,128,159,180,180,180,201,201,201],"floor_reached":11,"language":"ENG","playtime":230,"items_purged":[],"score":147,"play_id":"9d14ab7c-c6af-44ed-8d2e-ee0790be7f58","local_time":"20210112151840","is_ascension_mode":true,"campfire_choices":[{"data":"True Grit","floor":8,"key":"SMITH"}],"circlet_count":0,"master_deck":["AscendersBane","Strike_R","Strike_R","Strike_R","Strike_R","Strike_R","Defend_R","Defend_R","Defend_R","Defend_R","Bash","Cleave","Evolve","Injury","Pommel Strike","True Grit+1","Disarm"],"relics":["Burning Blood","NeowsBlessing","Golden Idol","Darkstone Periapt","Strawberry"],"acts_visited":["Exordium"],"potions_floor_usage":[],"damage_taken":[{"damage":0,"enemies":"Cultist","floor":1,"turns":1},{"damage":0,"enemies":"Small Slimes","floor":2,"turns":1},{"damage":0,"enemies":"Lagavulin","floor":6,"turns":1},{"damage":14,"enemies":"Jaw Worm","floor":7,"turns":3},{"damage":33,"enemies":"Lots of Slimes","floor":10,"turns":5},{"damage":72,"enemies":"Gremlin Nob","floor":11,"turns":5}],"seed_played":"41488844181447002","potions_obtained":[{"floor":1,"key":"Swift Potion"},{"floor":2,"key":"Dexterity Potion"},{"floor":10,"key":"ElixirPotion"}],"is_trial":false,"path_per_floor":["M","M","$","?","?","E","M","R","T","M","E"],"character_chosen":"IRONCLAD","items_purchased":[],"campfire_rested":0,"item_purchase_floors":[],"current_hp_per_floor":[78,80,80,80,80,80,72,72,79,52,0,0],"gold":201,"neow_bonus":"THREE_ENEMY_KILL","is_daily":false,"chose_seed":false,"campfire_upgraded":1,"win_rate":0.0,"timestamp":1610482720,"path_taken":["M","?","$","?","?","E","M","R","T","M","E"],"items_purchased_type":[],"build_version":"2020-12-22","purchased_purges":0,"victory":false,"max_hp_per_floor":[80,80,80,80,80,80,80,80,87,87,87,87],"card_choices":[{"not_picked":["True Grit","Clash"],"picked":"Cleave","floor":1},{"not_picked":["Cleave","Flame Barrier"],"picked":"Evolve","floor":2},{"not_picked":["Infernal Blade","Twin Strike"],"picked":"Pommel Strike","floor":6},{"not_picked":["Reaper","Armaments"],"picked":"True Grit","floor":7},{"not_picked":["Blood for Blood","Second Wind"],"picked":"Disarm","floor":10}],"player_experience":185222,"relics_obtained":[{"floor":6,"key":"Darkstone Periapt"},{"floor":9,"key":"Strawberry"}],"event_choices":[{"damage_healed":0,"gold_gain":0,"player_choice":"Take Wound","damage_taken":0,"relics_obtained":["Golden Idol"],"max_hp_gain":0,"max_hp_loss":0,"event_name":"Golden Idol","floor":4,"gold_loss":0,"cards_obtained":["Injury"]},{"damage_healed":0,"gold_gain":0,"player_choice":"Leave","damage_taken":0,"max_hp_gain":0,"max_hp_loss":0,"event_name":"The Cleric","floor":5,"gold_loss":0}],"is_beta":false,"boss_relics":[],"items_purged_floors":[],"is_endless":false,"potions_floor_spawned":[1,2,10],"killed_by":"Gremlin Nob","ascension_level":10}}