{"host":"u6jirsjme6gm26s9","time":1610495523,"event":{"mods":["BaseMod","Downfall","GifTheSpireLib","Jorbs\u0027s Wanderer Trilogy","Luminous","Marisa????????","Minty Spire (QoL Compilation)","Remilia??????","StSLib","The Hierophant","The Servant 0.9.4","The Wild Card"],"gold_per_floor":[99,116,135,135,135,145,145,180,190,100,100,100,100],"floor_reached":11,"language":"ENG","playtime":596,"items_purged":["Regret"],"score":77,"play_id":"8f960f0b-89a7-4af8-998c-7f056adfcb6e","local_time":"20210112175203","is_ascension_mode":true,"campfire_choices":[{"data":"hexamod:TimeOfNeed","floor":1,"key":"SMITH"}],"circlet_count":0,"master_deck":["hexamod:Strike","hexamod:Strike","hexamod:Strike","hexamod:Strike+1","hexamod:Defend","hexamod:Defend","hexamod:Defend","hexamod:Defend","hexamod:Sear","hexamod:Float","hexamod:TimeOfNeed+1","hexamod:ThermalTransfer+1","hexamod:ThirdSeal","hexamod:Rewind","hexamod:EmpoweredFlame","hexamod:SixthSeal","hexamod:ThermalTransfer","hexamod:AdvancingGuard"],"relics":["hexamod:SpiritBrand","Oddly Smooth Stone","Mummified Hand","Blood Vial"],"acts_visited":["Exordium"],"potions_floor_usage":[8,10,11],"damage_taken":[{"damage":6,"enemies":"Jaw Worm","floor":2,"turns":3},{"damage":2,"enemies":"Small Slimes","floor":3,"turns":4},{"damage":4,"enemies":"Cultist","floor":6,"turns":5},{"damage":21,"enemies":"Lagavulin","floor":8,"turns":7},{"damage":13,"enemies":"Red Slaver","floor":9,"turns":4},{"damage":2,"enemies":"downfall:FleeingMerchant","floor":10,"turns":4},{"damage":15,"enemies":"3 Sentries","floor":11,"turns":8}],"seed_played":"5747416220104069934","potions_obtained":[{"floor":3,"key":"SkillPotion"},{"floor":5,"key":"downfall:CursedFountainPotion"},{"floor":8,"key":"champ:CounterPotion"}],"is_trial":false,"path_per_floor":["R","M","M","?","?","M","T","E","M","$","E"],"character_chosen":"THE_SPIRIT","items_purchased":[],"campfire_rested":0,"item_purchase_floors":[],"current_hp_per_floor":[49,43,41,41,41,37,37,16,5,5,0,0,0],"gold":100,"neow_bonus":"THREE_RARE_CARDS","is_daily":false,"chose_seed":false,"campfire_upgraded":1,"win_rate":0.0,"timestamp":1610495523,"path_taken":["R","M","M","?","?","M","T","E","M","$","E"],"items_purchased_type":[],"build_version":"2020-12-22","purchased_purges":1,"victory":false,"max_hp_per_floor":[70,70,70,70,70,70,70,70,70,70,70,70,70],"card_choices":[{"not_picked":["hexamod:ApocalypticArmor","hexamod:ApocalypseNow"],"picked":"hexamod:TimeOfNeed","floor":0},{"not_picked":["hexamod:SkipABeat","hexamod:Firestarter"],"picked":"hexamod:ThermalTransfer","floor":2},{"not_picked":["hexamod:InspiringFlames","hexamod:Firestarter"],"picked":"hexamod:ThirdSeal","floor":3},{"not_picked":["hexamod:GhostShield","hexamod:Hexaguard"],"picked":"hexamod:Rewind","floor":6},{"not_picked":["hexamod:GhostflameBarrier","hexamod:InspiringFlames","hexamod:Firestarter"],"picked":"SKIP","floor":6},{"not_picked":["hexamod:GhostLash","hexamod:NightmareGuise"],"picked":"hexamod:EmpoweredFlame","floor":8},{"not_picked":["hexamod:FastForward","hexamod:Incineration"],"picked":"hexamod:SixthSeal","floor":8},{"not_picked":["hexamod:SpectersWail","hexamod:HeatCrush","hexamod:FastForward"],"picked":"SKIP","floor":9},{"not_picked":["hexamod:ParanormalForm","hexamod:GhostOfSpireFuture"],"picked":"hexamod:ThermalTransfer","floor":10},{"not_picked":["hexamod:SpectersWail","hexamod:ParanormalForm"],"picked":"hexamod:AdvancingGuard","floor":10}],"player_experience":367364,"relics_obtained":[{"floor":7,"key":"Mummified Hand"},{"floor":8,"key":"Blood Vial"}],"event_choices":[{"damage_healed":0,"gold_gain":0,"player_choice":"Box","damage_taken":0,"relics_obtained":["Oddly Smooth Stone"],"max_hp_gain":0,"max_hp_loss":0,"event_name":"Big Fish","floor":4,"gold_loss":0,"cards_obtained":["Regret"]}],"is_beta":false,"boss_relics":[],"items_purged_floors":[10],"is_endless":false,"potions_floor_spawned":[3,8],"killed_by":"3 Sentries","ascension_level":1}}