{"host":"t7mx8yfj1no5p62f","time":1610494838,"event":{"mods":["BaseMod","Bestiary","Colored Map","Colored Powertips","Minty Spire (QoL Compilation)","Relic Stats","StSLib"],"gold_per_floor":[114,114,125,139,149,149,178,178,201,257,277,40,40,69,69,69,69],"floor_reached":16,"language":"ENG","playtime":478,"items_purged":["Strike_R"],"score":220,"play_id":"9af7faa8-4f12-4f52-a395-d42737cf1a00","local_time":"20210112184038","is_ascension_mode":true,"campfire_choices":[{"data":"Clothesline","floor":6,"key":"SMITH"},{"data":"Cleave","floor":8,"key":"SMITH"},{"data":"Pommel Strike","floor":15,"key":"SMITH"}],"circlet_count":0,"master_deck":["AscendersBane","Strike_R","Strike_R","Defend_R","Defend_R","Defend_R","Defend_R","Bash","Second Wind","Clothesline+1","Anger+1","Cleave+1","Pommel Strike+1"],"relics":["Burning Blood","Oddly Smooth Stone","Toy Ornithopter","Sling","Regal Pillow"],"acts_visited":["Exordium"],"potions_floor_usage":[7,16],"damage_taken":[{"damage":0,"enemies":"Cultist","floor":1,"turns":3},{"damage":0,"enemies":"2 Louse","floor":3,"turns":2},{"damage":1,"enemies":"Small Slimes","floor":4,"turns":4},{"damage":7,"enemies":"Looter","floor":5,"turns":3},{"damage":37,"enemies":"3 Sentries","floor":7,"turns":8},{"damage":0,"enemies":"Lots of Slimes","floor":11,"turns":2},{"damage":12,"enemies":"Lagavulin","floor":14,"turns":5},{"damage":48,"enemies":"Hexaghost","floor":16,"turns":9}],"seed_played":"8742888916257599925","potions_obtained":[{"floor":5,"key":"SkillPotion"},{"floor":7,"key":"Weak Potion"},{"floor":11,"key":"BlessingOfTheForge"}],"is_trial":false,"path_per_floor":["M","?","M","M","M","R","E","R","T","?","M","$","?","E","R","B"],"character_chosen":"IRONCLAD","items_purchased":["Sling"],"campfire_rested":0,"item_purchase_floors":[12],"current_hp_per_floor":[68,68,68,68,67,67,36,36,36,36,42,42,47,41,41,0,0],"gold":69,"neow_bonus":"TRANSFORM_TWO_CARDS","is_daily":false,"chose_seed":false,"campfire_upgraded":3,"win_rate":0.0,"timestamp":1610494838,"path_taken":["M","?","M","?","M","R","E","R","T","?","M","$","?","E","R","BOSS"],"items_purchased_type":["Relic"],"build_version":"2020-12-22","purchased_purges":1,"victory":false,"max_hp_per_floor":[68,68,68,68,68,68,68,68,68,68,68,68,73,73,73,73,73],"relic_stats":{"Regal Pillow":0,"counters":[8,36],"obtain_stats":[{"Regal Pillow":14,"Oddly Smooth Stone":7,"Sling":12,"Burning Blood":0,"Toy Ornithopter":9},{"Regal Pillow":7,"Oddly Smooth Stone":5,"Sling":6,"Burning Blood":0,"Toy Ornithopter":5},{"Regal Pillow":27,"Oddly Smooth Stone":20,"Sling":22,"Burning Blood":0,"Toy Ornithopter":20}],"Burning Blood":25,"Toy Ornithopter":5},"card_choices":[{"not_picked":["Wild Strike","Cleave"],"picked":"Anger","floor":1},{"not_picked":["Pummel","Searing Blow","Clothesline"],"picked":"SKIP","floor":3},{"not_picked":["Rupture","Infernal Blade"],"picked":"Cleave","floor":4},{"not_picked":["Heavy Blade","Blood for Blood","Iron Wave"],"picked":"SKIP","floor":5},{"not_picked":["Iron Wave","Dual Wield","Blood for Blood"],"picked":"SKIP","floor":7},{"not_picked":["Warcry","Havoc"],"picked":"Pommel Strike","floor":11},{"not_picked":["Anger","Reckless Charge","Heavy Blade"],"picked":"SKIP","floor":14}],"player_experience":1742729,"relics_obtained":[{"floor":7,"key":"Oddly Smooth Stone"},{"floor":9,"key":"Toy Ornithopter"},{"floor":14,"key":"Regal Pillow"}],"event_choices":[{"damage_healed":0,"gold_gain":0,"player_choice":"Upgraded","damage_taken":0,"max_hp_gain":0,"max_hp_loss":0,"event_name":"Upgrade Shrine","floor":2,"gold_loss":0,"cards_upgraded":["Anger"]},{"damage_healed":0,"gold_gain":56,"player_choice":"Gained Gold","damage_taken":0,"max_hp_gain":0,"max_hp_loss":0,"event_name":"Golden Wing","floor":10,"gold_loss":0},{"damage_healed":0,"gold_gain":0,"player_choice":"Donut","damage_taken":0,"max_hp_gain":5,"max_hp_loss":0,"event_name":"Big Fish","floor":13,"gold_loss":0}],"is_beta":false,"boss_relics":[],"items_purged_floors":[12],"is_endless":false,"potions_floor_spawned":[5,7,11],"killed_by":"Hexaghost","ascension_level":20}}