{"host":"m5bsg12zcyqnofur","time":1610428487,"event":{"mods":["AchievementEnabler","BaseMod","BetterRewards","Colored Powertips","Downfall","Hermit","Highlight Path","Minty Spire (QoL Compilation)","Quick Restart","Replay The Spire","Shop Mod","StSLib","The Bug Knight"],"gold_per_floor":[118,130,146,161,181,181,26,26,26,41,55,55,81,6,6,6,6],"floor_reached":16,"playtime":957,"items_purged":["HollowMod:NailStrikeStart"],"score":104,"play_id":"b71e8e60-675c-4fb5-b61b-8ac0a0404bac","local_time":"20210111231447","is_ascension_mode":false,"campfire_choices":[{"data":"HollowMod:FocusHealStart","floor":6,"key":"SMITH"},{"data":"HollowMod:ZotesMagnificence","floor":8,"key":"SMITH"},{"data":"HollowMod:SoulShaman","floor":12,"key":"SMITH"},{"floor":15,"key":"REST"}],"circlet_count":0,"master_deck":["HollowMod:NailStrikeStart","HollowMod:NailStrikeStart","HollowMod:NailStrikeStart","HollowMod:QuickDashStart","HollowMod:QuickDashStart","HollowMod:QuickDashStart","HollowMod:QuickDashStart","HollowMod:FocusHealStart+1","HollowMod:PogoStrike","HollowMod:SoulShaman+1","HollowMod:MidwifesHunger+1","HollowMod:ZotesMagnificence+1"],"relics":["HollowMod:VesselMask","Replay:Bottled Eggs"],"acts_visited":["Exordium"],"potions_floor_usage":[4,13,16],"damage_taken":[{"damage":6,"enemies":"Cultist","floor":1,"turns":3},{"damage":3,"enemies":"2 Louse","floor":2,"turns":3},{"damage":7,"enemies":"Small Slimes","floor":3,"turns":4},{"damage":20,"enemies":"Exordium Thugs","floor":4,"turns":3},{"damage":20,"enemies":"Large Slime","floor":5,"turns":9},{"damage":0,"enemies":"Red Slaver","floor":10,"turns":1},{"damage":14,"enemies":"Exordium Thugs","floor":11,"turns":5},{"damage":39,"enemies":"Lagavulin","floor":13,"turns":6},{"damage":44,"enemies":"The Guardian","floor":16,"turns":8}],"seed_played":"-8353733606289722140","potions_obtained":[{"floor":1,"key":"FearPotion"},{"floor":3,"key":"AttackPotion"},{"floor":5,"key":"PowerPotion"},{"floor":13,"key":"Elixir"}],"is_trial":false,"path_per_floor":["M","M","M","M","M","R","$","R","T","M","M","R","E","$","R","B"],"character_chosen":"THE_BUGKNIGHT","items_purchased":["HollowMod:ZotesMagnificence"],"campfire_rested":1,"item_purchase_floors":[7],"current_hp_per_floor":[76,73,66,46,38,38,38,38,38,38,36,36,7,7,31,0,0],"gold":6,"neow_bonus":"TEN_PERCENT_HP_BONUS","is_daily":false,"chose_seed":false,"campfire_upgraded":3,"win_rate":0.0,"timestamp":1610428487,"path_taken":["M","M","M","M","M","R","?","R","T","M","M","R","E","$","R","BOSS"],"items_purchased_type":["Card"],"build_version":"2020-12-22","purchased_purges":1,"victory":false,"max_hp_per_floor":[82,82,82,82,82,82,82,82,82,82,82,82,82,82,82,82,82],"card_choices":[{"not_picked":["HollowMod:InfectedCysts","HollowMod:GrimmsGift"],"picked":"HollowMod:SoulShaman","floor":1},{"not_picked":["HollowMod:InfectedCysts","HollowMod:SharpenedNail"],"picked":"HollowMod:MidwifesHunger","floor":2},{"not_picked":["HollowMod:InfectedAttack","HollowMod:HeavyBlow","HollowMod:WraithStrike"],"picked":"SKIP","floor":3},{"not_picked":["HollowMod:SoulSplash","HollowMod:SiblingsSouls","HollowMod:AbyssShriek"],"picked":"SKIP","floor":4},{"not_picked":["HollowMod:CornifersMapStart","HollowMod:FallenFury","HollowMod:BlackTendrils"],"picked":"SKIP","floor":5},{"not_picked":["HollowMod:AbyssShriek","HollowMod:FallenFury","HollowMod:CornifersMapStart"],"picked":"SKIP","floor":10},{"not_picked":["HollowMod:HeavyBlow","HollowMod:LifebloodCocoon","HollowMod:MonarchWings"],"picked":"SKIP","floor":11},{"not_picked":["HollowMod:ShapeofUnn","HollowMod:SiblingsShadow","HollowMod:PerfectDash"],"picked":"SKIP","floor":13}],"player_experience":172243,"relics_obtained":[{"floor":13,"key":"Replay:Bottled Eggs"}],"event_choices":[],"is_beta":false,"boss_relics":[],"items_purged_floors":[14],"is_endless":false,"potions_floor_spawned":[1,3,5,13],"killed_by":"The Guardian","ascension_level":0}}