{"host":"52m1o8iwwagurbjs","time":1610462256,"event":{"mods":["AchievementEnabler","BaseMod","Bestiary","Colored Powertips","GifTheSpireLib","Minty Spire (QoL Compilation)","Quick Restart","RNG Fix","Relic Stats","StSLib"],"gold_per_floor":[110,124,143,143,162,193,221,221,247,31,31,47,80,95,95,167,217,230,143,143,67,67,67,95,95,95,127,127,145,145,159,159,159,159],"floor_reached":33,"playtime":1317,"items_purged":["Strike_G","Strike_G"],"score":786,"play_id":"cc736db5-b537-4558-9217-251880769b10","local_time":"20210112093736","is_ascension_mode":true,"campfire_choices":[{"floor":8.0,"key":"REST"},{"data":"Poisoned Stab","floor":11.0,"key":"SMITH"},{"data":"Bouncing Flask","floor":15.0,"key":"SMITH"},{"data":"Catalyst","floor":23.0,"key":"SMITH"},{"floor":25.0,"key":"REST"},{"floor":28.0,"key":"REST"},{"floor":32.0,"key":"REST"}],"circlet_count":0,"master_deck":["AscendersBane","Strike_G","Strike_G","Strike_G","Defend_G","Defend_G","Defend_G","Defend_G","Defend_G","Survivor","Neutralize+1","All Out Attack+1","Deadly Poison","Underhanded Strike","Dagger Throw","Acrobatics","Poisoned Stab+1","Bouncing Flask+1","Corpse Explosion","Footwork","Burst","Catalyst+1","Crippling Poison","Writhe","Leg Sweep","Dodge and Roll","PiercingWail","Well Laid Plans"],"relics":["Ring of the Snake","Torii","Tiny Chest","Odd Mushroom","Smiling Mask","Oddly Smooth Stone","Dream Catcher","Tiny House","Sundial","Akabeko","Juzu Bracelet","Calipers","Pantograph"],"acts_visited":[],"potions_floor_usage":[],"damage_taken":[{"damage":1.0,"enemies":"Jaw Worm","floor":1.0,"turns":5.0},{"damage":2.0,"enemies":"Cultist","floor":2.0,"turns":4.0},{"damage":1.0,"enemies":"Small Slimes","floor":3.0,"turns":3.0},{"damage":2.0,"enemies":"3 Louse","floor":5.0,"turns":3.0},{"damage":21.0,"enemies":"3 Sentries","floor":6.0,"turns":6.0},{"damage":20.0,"enemies":"The Mushroom Lair","floor":7.0,"turns":4.0},{"damage":1.0,"enemies":"Red Slaver","floor":12.0,"turns":3.0},{"damage":15.0,"enemies":"Lagavulin","floor":13.0,"turns":6.0},{"damage":0.0,"enemies":"2 Fungi Beasts","floor":14.0,"turns":4.0},{"damage":4.0,"enemies":"The Guardian","floor":16.0,"turns":9.0},{"damage":19.0,"enemies":"Shell Parasite","floor":18.0,"turns":7.0},{"damage":18.0,"enemies":"Gremlin Leader","floor":24.0,"turns":5.0},{"damage":34.0,"enemies":"Slavers","floor":27.0,"turns":2.0},{"damage":13.0,"enemies":"3 Byrds","floor":29.0,"turns":3.0},{"damage":2.0,"enemies":"Snecko","floor":31.0,"turns":5.0},{"damage":8,"enemies":"Automaton","floor":33,"turns":4}],"seed_played":"6898544874213651819","potions_obtained":[{"floor":2.0,"key":"Dexterity Potion"},{"floor":3.0,"key":"DuplicationPotion"},{"floor":13.0,"key":"Dexterity Potion"},{"floor":14.0,"key":"Swift Potion"},{"floor":17.0,"key":"SpeedPotion"},{"floor":24.0,"key":"BlessingOfTheForge"},{"floor":27.0,"key":"DuplicationPotion"}],"is_trial":false,"path_per_floor":["M","M","M","?","M","E","?","R","T","$","R","M","E","M","R","B",null,"M","$","?","?","T","R","E","R","T","E","R","M","?","M","R","B"],"character_chosen":"THE_SILENT","items_purchased":["Oddly Smooth Stone","Crippling Poison"],"campfire_rested":4,"item_purchase_floors":[10,19],"current_hp_per_floor":[58,56,55,55,53,32,12,30,30,30,30,29,14,14,14,10,53,34,34,34,34,34,34,16,35,35,1,20,7,7,5,24,41,41],"gold":159,"neow_bonus":"ONE_RARE_RELIC","is_daily":false,"chose_seed":false,"campfire_upgraded":3,"win_rate":0.0,"timestamp":1610462256,"path_taken":["M","M","M","?","M","E","?","R","T","$","R","M","E","M","R","BOSS","M","$","?","?","?","R","E","R","T","E","R","M","?","M","R","BOSS"],"items_purchased_type":["Relic","Card"],"build_version":"2020-12-22","purchased_purges":2,"victory":false,"max_hp_per_floor":[60,60,60,60,60,60,60,60,60,60,60,60,60,60,60,60,65,65,65,65,65,65,65,65,65,65,65,65,65,65,65,65,65,65],"relic_stats":{"Dream Catcher":2,"Torii":7,"counters":[4,14],"Sundial":[0],"Pantograph":25,"Tiny Chest":0,"Juzu Bracelet":1,"Smiling Mask":0,"obtain_stats":[{"Tiny House":0,"Calipers":0,"Torii":0,"Oddly Smooth Stone":0,"Juzu Bracelet":0,"Odd Mushroom":0,"Smiling Mask":0,"Akabeko":0,"Dream Catcher":0,"Sundial":0,"Pantograph":27,"Tiny Chest":0,"Ring of the Snake":0},{"Tiny House":0,"Calipers":0,"Torii":0,"Oddly Smooth Stone":0,"Juzu Bracelet":0,"Odd Mushroom":0,"Smiling Mask":0,"Akabeko":0,"Dream Catcher":0,"Sundial":0,"Pantograph":1,"Tiny Chest":0,"Ring of the Snake":0},{"Tiny House":0,"Calipers":0,"Torii":0,"Oddly Smooth Stone":0,"Juzu Bracelet":0,"Odd Mushroom":0,"Smiling Mask":0,"Akabeko":0,"Dream Catcher":0,"Sundial":0,"Pantograph":2,"Tiny Chest":0,"Ring of the Snake":0}],"Ring of the Snake":[8]},"card_choices":[{"not_picked":["PiercingWail","Expertise"],"picked":"All Out Attack","floor":1.0},{"not_picked":["Terror","Heel Hook"],"picked":"Deadly Poison","floor":2.0},{"not_picked":["Choke","Deflect"],"picked":"Underhanded Strike","floor":3.0},{"not_picked":["Sucker Punch","Dodge and Roll"],"picked":"Dagger Throw","floor":5.0},{"not_picked":["Deflect","Setup"],"picked":"Acrobatics","floor":6.0},{"not_picked":["Blade Dance","Night Terror"],"picked":"Poisoned Stab","floor":7.0},{"not_picked":["Deflect","Outmaneuver"],"picked":"Bouncing Flask","floor":12.0},{"not_picked":["PiercingWail","Cloak And Dagger"],"picked":"Corpse Explosion","floor":13.0},{"not_picked":["Endless Agony","Outmaneuver"],"picked":"Footwork","floor":14.0},{"not_picked":["Tools of the Trade","A Thousand Cuts"],"picked":"Burst","floor":16.0},{"not_picked":["Prepared","Blade Dance"],"picked":"Catalyst","floor":18.0},{"not_picked":["Prepared","Riddle With Holes","Acrobatics"],"picked":"SKIP","floor":24.0},{"not_picked":["Outmaneuver+1","Slice"],"picked":"Leg Sweep","floor":25.0},{"not_picked":["Choke","Heel Hook+1","Flechettes+1"],"picked":"SKIP","floor":27.0},{"not_picked":["Dagger Throw","Sucker Punch"],"picked":"Dodge and Roll","floor":28.0},{"not_picked":["Tactician","Deflect"],"picked":"PiercingWail","floor":29.0},{"not_picked":["Poisoned Stab","Cloak And Dagger","Skewer"],"picked":"SKIP","floor":31.0},{"not_picked":["Slice+1","Skewer"],"picked":"Well Laid Plans","floor":32.0}],"player_experience":1112105,"relics_obtained":[{"floor":6.0,"key":"Tiny Chest"},{"floor":7.0,"key":"Odd Mushroom"},{"floor":9.0,"key":"Smiling Mask"},{"floor":13.0,"key":"Dream Catcher"},{"floor":24.0,"key":"Juzu Bracelet"},{"floor":26.0,"key":"Calipers"},{"floor":27.0,"key":"Pantograph"}],"event_choices":[{"damage_healed":0.0,"max_hp_gain":0.0,"max_hp_loss":0.0,"gold_gain":0.0,"event_name":"Living Wall","player_choice":"Grow","floor":4.0,"gold_loss":0.0,"damage_taken":0.0,"cards_upgraded":["Neutralize"]},{"damage_healed":0.0,"max_hp_gain":0.0,"max_hp_loss":0.0,"gold_gain":0.0,"event_name":"Mushrooms","player_choice":"Fought Mushrooms","floor":7.0,"gold_loss":0.0,"damage_taken":0.0},{"damage_healed":0.0,"max_hp_gain":0.0,"max_hp_loss":0.0,"gold_gain":0.0,"event_name":"The Mausoleum","player_choice":"Opened","floor":20.0,"gold_loss":0.0,"damage_taken":0.0,"relics_obtained":["Sundial"],"cards_obtained":["Writhe"]},{"damage_healed":0.0,"max_hp_gain":0.0,"max_hp_loss":0.0,"gold_gain":0.0,"event_name":"WeMeetAgain","player_choice":"Paid Gold","floor":21.0,"gold_loss":76.0,"damage_taken":0.0,"relics_obtained":["Akabeko"]},{"damage_healed":0.0,"max_hp_gain":0.0,"max_hp_loss":0.0,"gold_gain":0.0,"event_name":"Vampires","player_choice":"Ignored","floor":30.0,"gold_loss":0.0,"damage_taken":0.0}],"is_beta":false,"boss_relics":[{"not_picked":["Ectoplasm","SacredBark"],"picked":"Tiny House"}],"items_purged_floors":[10,19],"is_endless":false,"potions_floor_spawned":[2,3,13,14,24,27],"killed_by":"Automaton","ascension_level":20}}