{"host":"wi1dz5t8299iil0b","time":1610490906,"event":{"mods":["2.2 Compatiblity","Act Like it!","Aspiration","Astrologer","BaseMod","Beaked The Cultist","Better Match","Better Note","Better Sensory Stone","Better Synergies","Better Third Choice","BetterRewards","Colored Map","Colored Powertips","Communication Mod","Conjunction","Conspire","Downfall","Fiend Mod","Fox Events","Friendly Minions","GifTheSpireLib","GungeonMod","Halation","Hallownest","Highlight Path","Hubris","Infinite Spire","Jedi Mod","Lobotomy","Mad Scientist","Minty Spire (QoL Compilation)","Pale of the Ancients","Permanent Neow","Potionbrewer","RNG Fix","Replay The Spire","Shade Mod","Shop Mod","Spikes Relics","StSLib","Stuff the Spire","The Blackbeard","The Bladedancer","The Blue Laboratory","The Bug Knight","The Construct","The Cursed","The Death Knight","The Druid","The Necromancer","The Problem Sleuth","The Sage","TheHeartMod","TheVacant","Trackpad","Wandering Minibosses"],"gold_per_floor":[112,112,125,141,157,157,2,0,0,20,20,35,35,35,35,141,141,168,168,202,202,226,263,300,300,300,341,341,367,367,328,328,453,453,485,456,456,484,398,398,138,138,138,985,1036,1036,1071,586,586,626],"floor_reached":51,"language":"ENG","playtime":3448,"items_purged":[],"score":889,"play_id":"237352fc-1864-4c41-9b76-afe38228f84d","local_time":"20210112173506","is_ascension_mode":false,"campfire_choices":[{"data":"Neutralize","floor":6.0,"key":"SMITH"},{"floor":15.0,"key":"DIG"},{"floor":25.0,"key":"REST"},{"floor":28.0,"key":"REST"},{"data":"Hidden Blade","floor":32.0,"key":"SMITH"},{"data":"Hidden Blade+1","floor":40.0,"key":"SMITH"},{"data":"Infinite Blades","floor":42.0,"key":"SMITH"}],"circlet_count":0,"master_deck":["Strike_G","Strike_G","Strike_G","Strike_G","Defend_G","Defend_G","Defend_G","Defend_G","Defend_G","Survivor","Neutralize+1","Backstab","Quick Slash","Doppelganger","Backstab","Strike_G","Strike_G","Strike_G","Strike_G","Defend_G","Defend_G","Defend_G","Defend_G","Defend_G","Survivor","Neutralize+1","Backstab","Quick Slash","Doppelganger","Die Die Die","Backstab","Prepared+1","Pot Of Greed","Pot Of Greed+1","Pot Of Greed","Hidden Blade+2","ReplayTheSpireMod:Scrap Shanks","hubris:Sniper","Pot Of Greed","Acrobatics","Dagger Throw","sagemod:Perplexing_Glare","Infinite Blades+1","Secret Technique","Riddle With Holes","Prepared","Skewer","DemoMod:Invincible","jedi:forcepush"],"relics":["Ring of the Snake","BicycleWheel","halation:PromiseList","conspire:InfiniteJournal","hubris:Towel","trackpad:Mousetrap","Replay:Bandana","Replay:Bronze Core","Grinning Jar","DemoMod:PinkGuonStone","halation:EternalFortune","trackpad:RiggedDice","infinitespire:Magic Flask","DemoMod:VorpalBullet","wanderingMiniBosses:MasterThiefsPresence","aspiration:HiddenCompartment","Rawhide"],"acts_visited":["Exordium","TheCity","TheBeyond"],"potions_floor_usage":[],"damage_taken":[{"damage":0.0,"enemies":"2 Louse","floor":1.0,"turns":4.0},{"damage":1.0,"enemies":"Jaw Worm","floor":3.0,"turns":6.0},{"damage":0.0,"enemies":"Cultist","floor":4.0,"turns":3.0},{"damage":0.0,"enemies":"3 Louse","floor":5.0,"turns":2.0},{"damage":0.0,"enemies":"Lots of Slimes","floor":10.0,"turns":7.0},{"damage":0.0,"enemies":"Gremlin Gang","floor":12.0,"turns":5.0},{"damage":20.0,"enemies":"The Guardian","floor":16.0,"turns":14.0},{"damage":8.0,"enemies":"2 Thieves","floor":18.0,"turns":4.0},{"damage":0.0,"enemies":"Spheric Guardian","floor":20.0,"turns":2.0},{"damage":0.0,"enemies":"conspire:HollyBat","floor":22.0,"turns":7.0},{"damage":19.0,"enemies":"Gremlin Leader","floor":23.0,"turns":9.0},{"damage":16.0,"enemies":"Snecko","floor":24.0,"turns":4.0},{"damage":6.0,"enemies":"Snake Plant","floor":27.0,"turns":4.0},{"damage":0.0,"enemies":"conspire:HollyBat","floor":29.0,"turns":8.0},{"damage":35.0,"enemies":"Automaton","floor":33.0,"turns":7.0},{"damage":0.0,"enemies":"3 Shapes","floor":35.0,"turns":2.0},{"damage":7.0,"enemies":"2 Orb Walkers","floor":36.0,"turns":6.0},{"damage":3.0,"enemies":"Orb Walker","floor":38.0,"turns":1.0},{"damage":18.0,"enemies":"Transient","floor":44.0,"turns":5.0},{"damage":13.0,"enemies":"Nightmare","floor":45.0,"turns":5.0},{"damage":0.0,"enemies":"3 Darklings","floor":47.0,"turns":2.0},{"damage":0.0,"enemies":"infinitespire:Three Voidlings","floor":48.0,"turns":2.0},{"damage":17.0,"enemies":"Nightmare_Alpha","floor":48.0,"turns":6.0},{"damage":0,"enemies":"hubris:GrandSnecko","floor":50,"turns":7}],"seed_played":"9193334908740633586","potions_obtained":[{"floor":3.0,"key":"blueLaboratory:TrueEctoplasm"},{"floor":4.0,"key":"potionbrewer:DiscountPotion"},{"floor":5.0,"key":"SteroidPotion"},{"floor":16.0,"key":"BlessingOfTheForge"},{"floor":20.0,"key":"Regen Potion"},{"floor":23.0,"key":"blueLaboratory:ArtistsPotion"},{"floor":35.0,"key":"AttackPotion"},{"floor":38.0,"key":"Fruit Juice"},{"floor":44.0,"key":"blueLaboratory:HorrorPotion"}],"is_trial":false,"path_per_floor":["M","?","M","M","M","R","$","?","T","M","?","M","T","?","R_BF","B",null,"M","?","M","?","M","E","M","R","T","M","R","M","?","$","R","B",null,"M","?","?","M","$","R","$","R","T","M","NM","?","M","?","R_BF","B",null],"character_chosen":"THE_SILENT","items_purchased":["halation:PromiseList","ReplayTheSpireMod:Scrap Shanks","sagemod:Perplexing_Glare","Infinite Blades","Secret Technique","Rawhide","DemoMod:Invincible","jedi:forcepush"],"campfire_rested":2,"item_purchase_floors":[7,31,39,41,41,48,48,48],"current_hp_per_floor":[70,70,69,69,69,69,69,69,69,69,69,69,69,69,69,49,70,62,62,62,62,62,43,27,48,55,49,72,72,75,75,75,40,80,80,73,73,75,75,75,75,75,75,62,49,95,95,78,95,95],"gold":626,"neow_bonus":"ONE_RARE_RELIC","is_daily":false,"chose_seed":false,"campfire_upgraded":4,"win_rate":0.0,"timestamp":1610490906,"path_taken":["M","?","M","M","?","R","$","?","T","M","?","?","?","?","R_BF","BOSS","M","?","?","?","M","E","M","R","T","?","R","M","?","?","R","BOSS","M","?","?","M","?","R","$","R","T","M","NM","?","?","?","R_BF","BOSS"],"items_purchased_type":["Relic","Card","Card","Card","Card","Relic","Card","Card"],"build_version":"2020-12-22","purchased_purges":0,"victory":true,"max_hp_per_floor":[70,70,70,70,70,70,70,70,70,70,70,70,70,70,70,70,70,70,70,70,70,70,70,70,70,77,77,77,77,80,80,80,80,80,80,80,80,85,85,85,85,85,85,85,85,95,95,95,95,95],"card_choices":[{"not_picked":["PiercingWail","Poisoned Stab","jedi:pocketpoison"],"picked":"SKIP","floor":1.0},{"not_picked":["StuffTheSpire:MirrorStance","Outmaneuver"],"picked":"Backstab","floor":3.0},{"not_picked":["Eviscerate","Sucker Punch"],"picked":"Quick Slash","floor":4.0},{"not_picked":["jedi:unstablefumes","Atom Bomb","Underhanded Strike"],"picked":"SKIP","floor":5.0},{"not_picked":["hubris:Sniper","Slice","Dagger Spray"],"picked":"SKIP","floor":10.0},{"not_picked":["Sucker Punch","ReplayTheSpireMod:Tripwire","Deadly Poison"],"picked":"SKIP","floor":12.0},{"not_picked":["After Image","Night Terror"],"picked":"Die Die Die","floor":16.0},{"not_picked":["jedi:pocketpoison","Deadly Poison"],"picked":"Backstab","floor":18.0},{"not_picked":["StuffTheSpire:Injection","ReplayTheSpireMod:Tripwire"],"picked":"Prepared+1","floor":20.0},{"not_picked":["jedi:pocketpoison","Poisoned Stab","Deadly Poison"],"picked":"SKIP","floor":22.0},{"not_picked":["Sucker Punch","PiercingWail","Quick Slash"],"picked":"SKIP","floor":23.0},{"not_picked":["Underhanded Strike+1","Leg Sweep","ShadowRift"],"picked":"SKIP","floor":24.0},{"not_picked":["hubris:SlightOfHand+1","StuffTheSpire:ClusterCrunch","Dodge and Roll"],"picked":"SKIP","floor":27.0},{"not_picked":["Bane","ReplayTheSpireMod:Necrosis"],"picked":"Hidden Blade","floor":29.0},{"not_picked":["Bane","Prepared"],"picked":"hubris:Sniper","floor":35.0},{"not_picked":["Bane+1","StuffTheSpire:Python+1"],"picked":"Acrobatics","floor":36.0},{"not_picked":["Deflect+1","Riddle With Holes"],"picked":"Dagger Throw","floor":38.0},{"not_picked":["Dodge and Roll","StuffTheSpire:Injection+1"],"picked":"Riddle With Holes","floor":44.0},{"not_picked":["StuffTheSpire:Incursion+1","Fluid Movement"],"picked":"Prepared","floor":45.0},{"not_picked":["Dash+1","Deflect+1"],"picked":"Skewer","floor":47.0}],"player_experience":175528,"relics_obtained":[{"floor":9.0,"key":"conspire:InfiniteJournal"},{"floor":13.0,"key":"trackpad:Mousetrap"},{"floor":15.0,"key":"Replay:Bandana"},{"floor":23.0,"key":"Grinning Jar"},{"floor":26.0,"key":"DemoMod:PinkGuonStone"},{"floor":36.0,"key":"infinitespire:Magic Flask"},{"floor":43.0,"key":"DemoMod:VorpalBullet"},{"floor":44.0,"key":"wanderingMiniBosses:MasterThiefsPresence"},{"floor":45.0,"key":"DemoMod:WeirdEgg"}],"event_choices":[{"cards_removed":["CloudedMind"],"damage_healed":0.0,"max_hp_gain":0.0,"max_hp_loss":0.0,"gold_gain":0.0,"event_name":"Fountain of Cleansing","player_choice":"Removed Curses","floor":2.0,"gold_loss":0.0,"damage_taken":0.0},{"damage_healed":0.0,"max_hp_gain":0.0,"max_hp_loss":0.0,"gold_gain":0.0,"event_name":"betterThird:BetterGoop","player_choice":"Left","floor":8.0,"gold_loss":2.0,"damage_taken":0.0},{"damage_healed":0.0,"max_hp_gain":0.0,"max_hp_loss":0.0,"gold_gain":0.0,"cards_transformed":["Strike_G"],"event_name":"Transmorgrifier","player_choice":"Transformed","floor":14.0,"gold_loss":0.0,"damage_taken":0.0,"cards_obtained":["Doppelganger"]},{"damage_healed":0.0,"max_hp_gain":0.0,"max_hp_loss":0.0,"gold_gain":0.0,"event_name":"betterNote:BetterNote","player_choice":"Ignored","floor":21.0,"gold_loss":0.0,"damage_taken":0.0,"cards_obtained":["infinitespire:UltimateForm"]},{"damage_healed":0.0,"max_hp_gain":0.0,"max_hp_loss":0.0,"gold_gain":0.0,"event_name":"Mysterious Sphere","player_choice":"Fight","floor":36.0,"gold_loss":0.0,"damage_taken":0.0},{"cards_removed":["Die Die Die"],"damage_healed":36.0,"max_hp_gain":10.0,"max_hp_loss":0.0,"gold_gain":0.0,"event_name":"Bonfire Elementals","player_choice":"Offered Rare","floor":46.0,"gold_loss":0.0,"damage_taken":0.0}],"is_beta":false,"boss_relics":[{"not_picked":["hubris:BlackHole","halation:PlatinumPhoenix"],"picked":"Replay:Bronze Core"},{"not_picked":["jedi:paperlyon","Fiend:Scarf"],"picked":"trackpad:RiggedDice"}],"items_purged_floors":[],"is_endless":false,"potions_floor_spawned":[3,4,5,16,20,23,24,35,38,44,48,48],"ascension_level":0}}