{"host":"4osfc2enroelkacc","time":1610470387,"event":{"mods":["BaseMod","DNKmod","DNKmod Update","Downfall","Friendly Minions","Minty Spire (QoL Compilation)","StSLib"],"gold_per_floor":[10000,10015,10029,10041,10054,10054,10079,10089,9614,9643,9655,9684,9413,9428,9445,9540,9540,9540,9558,9558,9658,9726,9739,9785,9802,10134,10184,10184,10201,10227,9595,9608,9710,9710,9710,9727,9739,9847,9897,9041,9041,9078,9183,9183,9208,9208,9229,9264,9289,9289],"floor_reached":51,"playtime":5397,"items_purged":["Slimebound:Strike_Slimebound","Slimebound:Defend_Slimebound","Slimebound:ProtectTheBoss+1","Slimebound:Defend_Slimebound"],"score":951,"play_id":"7e1d9477-79ba-4076-8ce9-16b5f5eb3821","local_time":"20210112175307","is_ascension_mode":true,"campfire_choices":[{"floor":1,"key":"RECALL"},{"data":"Slimebound:GoopSpray","floor":6,"key":"SMITH"},{"data":"Slimebound:Split","floor":18,"key":"SMITH"},{"data":"Slimebound:HauntingLick","floor":28,"key":"SMITH"},{"data":"Vault","floor":35,"key":"SMITH"},{"data":"Guardian:PrismaticBeam","floor":44,"key":"SMITH"},{"data":"expansioncontent:HyperBeam","floor":46,"key":"SMITH"}],"circlet_count":0,"master_deck":["Slimebound:Strike_Slimebound","Slimebound:Tackle","Slimebound:Split+1","Slimebound:CorrosiveSpit","Slimebound:GoopSpray+1","Slimebound:Prepare","Slimebound:SplitMire","Slimebound:ViciousTackle","Slimebound:DouseInSlime","Slimebound:GoopSpray","Slimebound:LeechEnergy","Uppercut","champ:TornadoPunch","Guardian:PrismaticBeam+1","Slimebound:RainOfGoop","Slimebound:HauntingLick+1","Slimebound:RollThrough","Guardian:RevengeProtocol","Slimebound:SlimeTap+1","Slimebound:PrepareCrush+1","Slimebound:SplitBruiser+1","Slimebound:CheckThePlaybook","PathToVictory","Ball Lightning+1","Slimebound:SlimeSpikes","sneckomod:ImprovisedGuard","sneckomod:UnknownEthereal","Slimebound:SlimeSlap","Beam Cell+1","Consecrate+1","Slimebound:SplitAcid","BattleHymn+1","Vault+1","hexamod:SecondSeal","ForeignInfluence","sneckomod:UnknownCommonAttack+1","expansioncontent:HyperBeam+1","Hello World+1","sneckomod:Unknown1Cost+1","Sunder","FollowUp"],"relics":["Slimebound:AbsorbEndCombat","Blood Vial","Bag of Preparation","PrismaticShard","Centennial Puzzle","Blue Candle","Medical Kit","Omamori","Toy Ornithopter","Astrolabe","downfall:CloakOfManyFaces","CultistMask","FaceOfCleric","NlothsMask","GremlinMask","SsserpentHead","Old Coin","Juzu Bracelet","Bag of Marbles","Orichalcum","TheAbacus","Ice Cream","Torii","Regal Pillow","Chemical X","Lantern","Thread and Needle","Ginger","Frozen Egg 2"],"acts_visited":["Exordium","TheCity","TheBeyond"],"potions_floor_usage":[],"damage_taken":[{"damage":4,"enemies":"Cultist","floor":2,"turns":3},{"damage":12,"enemies":"Small Slimes","floor":3,"turns":2},{"damage":8,"enemies":"2 Louse","floor":4,"turns":3},{"damage":7,"enemies":"Red Slaver","floor":5,"turns":3},{"damage":14,"enemies":"Large Slime","floor":8,"turns":4},{"damage":11,"enemies":"downfall:FleeingMerchant","floor":9,"turns":4},{"damage":15,"enemies":"3 Sentries","floor":10,"turns":3},{"damage":7,"enemies":"Blue Slaver","floor":11,"turns":1},{"damage":3,"enemies":"Lagavulin","floor":12,"turns":1},{"damage":11,"enemies":"downfall:FleeingMerchant","floor":13,"turns":3},{"damage":3,"enemies":"2 Fungi Beasts","floor":14,"turns":2},{"damage":0,"enemies":"Large Slime","floor":15,"turns":1},{"damage":11,"enemies":"downfall:Watcher","floor":16,"turns":2},{"damage":14,"enemies":"Chosen","floor":19,"turns":2},{"damage":19,"enemies":"downfall:FaceTrader","floor":21,"turns":2},{"damage":4,"enemies":"Spheric Guardian","floor":22,"turns":1},{"damage":20,"enemies":"Centurion and Healer","floor":23,"turns":3},{"damage":16,"enemies":"Snake Plant","floor":25,"turns":1},{"damage":28,"enemies":"Gremlin Leader","floor":26,"turns":1},{"damage":0,"enemies":"Shelled Parasite and Fungi","floor":29,"turns":2},{"damage":31,"enemies":"Slavers","floor":30,"turns":2},{"damage":7,"enemies":"Snecko","floor":32,"turns":2},{"damage":10,"enemies":"downfall:Defect","floor":33,"turns":3},{"damage":24,"enemies":"3 Shapes","floor":36,"turns":2},{"damage":16,"enemies":"Orb Walker","floor":37,"turns":2},{"damage":12,"enemies":"Mind Bloom Boss Battle","floor":38,"turns":2},{"damage":21,"enemies":"Giant Head","floor":42,"turns":5},{"damage":23,"enemies":"2 Orb Walkers","floor":43,"turns":2},{"damage":24,"enemies":"Transient","floor":45,"turns":6},{"damage":14,"enemies":"Jaw Worm Horde","floor":47,"turns":3},{"damage":38,"enemies":"Reptomancer","floor":48,"turns":3},{"damage":16,"enemies":"Spire Growth","floor":49,"turns":3},{"damage":39,"enemies":"downfall:Silent","floor":50,"turns":3}],"seed_played":"-490639938572715348","potions_obtained":[{"floor":3,"key":"BlessingOfTheForge"},{"floor":5,"key":"Slimebound:SpawnSlimePotion"},{"floor":12,"key":"DuplicationPotion"}],"is_trial":false,"path_per_floor":["R","M","M","M","M","R","T","M","$","E","M","E","$","M","M","B",null,"R","M","?","?","M","M","T","M","E","?","R","M","E","$","M","B",null,"R","M","M","?","?","$","T","E","?","R","M","R","M","E","M","B",null],"character_chosen":"SLIMEBOUND","items_purchased":["Slimebound:GoopSpray","Bag of Preparation","PrismaticShard","Slimebound:LeechEnergy","Medical Kit","Omamori","Toy Ornithopter","Slimebound:RainOfGoop","Bag of Marbles","Orichalcum","TheAbacus","Slimebound:SplitAcid","Torii","Regal Pillow","Chemical X","expansioncontent:HyperBeam"],"campfire_rested":0,"item_purchase_floors":[9,9,9,9,13,13,13,13,31,31,31,31,40,40,40,40],"current_hp_per_floor":[500,500,494,492,493,493,493,495,500,499,499,499,500,497,500,497,500,500,500,325,332,335,342,342,349,340,340,340,349,341,341,343,350,508,508,503,506,511,511,511,511,512,506,506,514,514,515,500,509,495],"gold":9289,"neow_bonus":"RANDOM_COMMON_RELIC","is_daily":false,"chose_seed":false,"campfire_upgraded":6,"win_rate":0.0,"timestamp":1610470387,"path_taken":["R","M","M","M","M","R","T","?","$","E","M","E","$","M","M","BOSS","R","M","?","?","?","M","T","M","E","?","R","M","E","$","M","BOSS","R","M","M","?","?","$","T","E","?","R","M","R","M","E","M","BOSS"],"items_purchased_type":["Card","Relic","Relic","Card","Relic","Relic","Relic","Card","Relic","Relic","Relic","Card","Relic","Relic","Relic","Card"],"build_version":"2020-12-22","purchased_purges":4,"victory":true,"max_hp_per_floor":[500,500,500,500,500,500,500,500,500,500,500,500,500,500,500,500,500,500,500,500,500,501,502,502,503,504,504,504,505,506,506,507,508,508,508,509,510,511,511,511,511,512,513,513,514,514,515,516,517,518],"card_choices":[{"not_picked":["Slimebound:FinishingTackle","Slimebound:Schlurp"],"picked":"Slimebound:PressTheAttack","floor":2},{"not_picked":["Slimebound:MegaLick","Slimebound:GrowthPunch"],"picked":"Slimebound:GoopSpray","floor":3},{"not_picked":["Slimebound:Repurpose","Slimebound:Schlurp"],"picked":"Slimebound:Prepare","floor":4},{"not_picked":["Slimebound:LeechingTouch","Slimebound:HauntingLick"],"picked":"Slimebound:SplitMire","floor":5},{"not_picked":["Slimebound:LivingWall","Slimebound:Replication"],"picked":"Slimebound:ViciousTackle","floor":8},{"not_picked":["Slimebound:Schlurp","Slimebound:ComboTackle"],"picked":"Slimebound:DouseInSlime","floor":9},{"not_picked":["hexamod:SwordOfDarkness","Guardian:WalkerClaw"],"picked":"Uppercut","floor":10},{"not_picked":["sneckomod:UnknownCommonSkill","Redo"],"picked":"champ:TornadoPunch","floor":11},{"not_picked":["Slice","Malaise","Outmaneuver"],"picked":"SKIP","floor":12},{"not_picked":["Redo","Stack"],"picked":"Guardian:PrismaticBeam","floor":13},{"not_picked":["Guardian:TemporalShield","hexamod:RecurringNightmare"],"picked":"Slimebound:HauntingLick","floor":14},{"not_picked":["Slimebound:Nibble","Sword Boomerang"],"picked":"Slimebound:RollThrough","floor":15},{"not_picked":["champ:DancingMaster","Barricade"],"picked":"Guardian:RevengeProtocol","floor":16},{"not_picked":["Ball Lightning","sneckomod:UnknownBlock"],"picked":"Slimebound:SplitBruiser+1","floor":19},{"not_picked":["sneckomod:SoulRoll","Guardian:CrystalBeam"],"picked":"PathToVictory","floor":21},{"not_picked":["Gash","Redo"],"picked":"Ball Lightning+1","floor":22},{"not_picked":["hexamod:ShieldOfDarkness","Ball Lightning"],"picked":"Slimebound:SlimeSpikes","floor":23},{"not_picked":["Guardian:PiercingHide","Blade Dance"],"picked":"sneckomod:ImprovisedGuard","floor":25},{"not_picked":["hexamod:NightmareStrike","sneckomod:Nope+1"],"picked":"sneckomod:UnknownEthereal","floor":26},{"not_picked":["sneckomod:DangerNoodle","Slimebound:ViciousTackle"],"picked":"Beam Cell+1","floor":29},{"not_picked":["sneckomod:UnknownClassGUARDIAN","hexamod:SwordOfDarkness+1"],"picked":"Consecrate+1","floor":30},{"not_picked":["Guardian:Gem_Blue","Redo"],"picked":"BattleHymn+1","floor":32},{"not_picked":["Guardian:ExploitGems","Night Terror"],"picked":"Vault","floor":33},{"not_picked":["Barrage","PiercingWail"],"picked":"hexamod:SecondSeal","floor":36},{"not_picked":["Slimebound:ViciousTackle","Crescendo"],"picked":"ForeignInfluence","floor":37},{"not_picked":["Glacier","ClearTheMind+1"],"picked":"sneckomod:UnknownCommonAttack+1","floor":38},{"not_picked":["hexamod:RainOfEmbers","hexamod:HauntingEcho+1"],"picked":"Hello World+1","floor":42},{"not_picked":["Rebound+1","FTL+1"],"picked":"Guardian:Gem_Lightblue","floor":43},{"not_picked":["Slimebound:LeechEnergy+1","champ:BerserkersShout+1"],"picked":"Guardian:Gem_Fragmented","floor":45},{"not_picked":["Slimebound:SplitMire","champ:SkillfulDodge"],"picked":"sneckomod:Unknown1Cost+1","floor":47},{"not_picked":["Cloak And Dagger","Guardian:RefractedBeam"],"picked":"Sunder","floor":48},{"not_picked":["Guardian:BronzeOrb+1","champ:AdrenalArmor"],"picked":"FollowUp","floor":49}],"player_experience":148110,"relics_obtained":[{"floor":10,"key":"Centennial Puzzle"},{"floor":12,"key":"Blue Candle"},{"floor":21,"key":"downfall:CloakOfManyFaces"},{"floor":26,"key":"Old Coin"},{"floor":30,"key":"Juzu Bracelet"},{"floor":38,"key":"Ice Cream"},{"floor":41,"key":"Lantern"},{"floor":42,"key":"Thread and Needle"},{"floor":43,"key":"Ginger"},{"floor":48,"key":"Frozen Egg 2"}],"event_choices":[{"damage_healed":0,"gold_gain":0,"player_choice":"Read","damage_taken":0,"max_hp_gain":0,"max_hp_loss":0,"event_name":"The Library","floor":27,"gold_loss":0,"cards_obtained":["Slimebound:SlimeSlap"]},{"cards_removed":["Slimebound:PressTheAttack"],"damage_healed":0,"gold_gain":0,"player_choice":"Removed Attack","damage_taken":0,"max_hp_gain":0,"max_hp_loss":0,"event_name":"Falling","floor":39,"gold_loss":0},{"damage_healed":0,"gold_gain":0,"player_choice":"Fight","damage_taken":0,"max_hp_gain":0,"max_hp_loss":0,"event_name":"Mysterious Sphere","floor":43,"gold_loss":0}],"is_beta":false,"boss_relics":[{"not_picked":["Runic Dome","Busted Crown"],"picked":"Astrolabe"},{"not_picked":[]}],"items_purged_floors":[9,13,31,40],"is_endless":false,"potions_floor_spawned":[3,5,12,14,15,16,22,23,25,30,32,36,43,45],"ascension_level":1}}