{"host":"cl5ee6jxhpbkfa4l","time":1610435960,"event":{"mods":["BaseMod","Friendly Minions","Minty Spire (QoL Compilation)","StSLib","Waifu the Spire","Yuyuko"],"gold_per_floor":[111,111,129,146,146,146,167,167,167,167,187,207,232,245,245,245,245],"floor_reached":16,"playtime":832,"items_purged":[],"score":119,"play_id":"9c6ecd05-4728-4501-97af-c84e8ef52339","local_time":"20210112151920","is_ascension_mode":false,"campfire_choices":[{"floor":6,"key":"REST"},{"floor":8,"key":"REST"},{"floor":15,"key":"REST"}],"circlet_count":0,"master_deck":["Fantasy Butterflies","Fantasy Butterflies","Fantasy Butterflies","Fantasy Butterflies","Fantasy Butterflies","Dreamy Sakura","Dreamy Sakura","Dreamy Sakura","Dreamy Sakura","Dreamy Sakura","Deathly Ground","Faramita\u0027s Temptation","Linger over Flower+1","Dancing Butterflies","Elegance","Regret","Butterflies in Dream","Showy Withering"],"relics":["Coronal","Yuyuko\u0027s fan","Golden Idol","Eternal Feather","Ornamental Fan","Tiny Chest"],"acts_visited":["Exordium"],"potions_floor_usage":[16],"damage_taken":[{"damage":8,"enemies":"Small Slimes","floor":1,"turns":3},{"damage":22,"enemies":"Cultist","floor":3,"turns":4},{"damage":13,"enemies":"2 Louse","floor":4,"turns":3},{"damage":20,"enemies":"Looter","floor":7,"turns":3},{"damage":13,"enemies":"3 Louse","floor":11,"turns":3},{"damage":29,"enemies":"Lots of Slimes","floor":12,"turns":4},{"damage":21,"enemies":"Blue Slaver","floor":14,"turns":4},{"damage":28,"enemies":"The Guardian","floor":16,"turns":3}],"seed_played":"-7247442078507024113","potions_obtained":[{"floor":3,"key":"DuplicationPotion"},{"floor":11,"key":"FearPotion"},{"floor":12,"key":"PowerPotion"}],"is_trial":false,"path_per_floor":["M","?","M","M","?","R","M","R","T","?","M","M","T","M","R","B"],"character_chosen":"YUYOKO","items_purchased":[],"campfire_rested":3,"item_purchase_floors":[],"current_hp_per_floor":[36,36,32,36,25,38,30,43,43,43,40,38,38,40,44,33,33],"gold":245,"neow_bonus":"TEN_PERCENT_HP_BONUS","is_daily":false,"chose_seed":false,"campfire_upgraded":0,"win_rate":0.0,"timestamp":1610435960,"path_taken":["M","?","?","M","?","R","M","R","T","?","M","M","?","M","R","BOSS"],"items_purchased_type":[],"build_version":"2020-12-22","purchased_purges":0,"victory":false,"max_hp_per_floor":[44,44,44,44,44,44,44,44,44,44,44,44,44,44,44,44,44],"card_choices":[{"not_picked":["Sweet of Phantom","Gauzy Sakura"],"picked":"Linger over Flower","floor":1},{"not_picked":["Dancing Soul","Gone"],"picked":"Dancing Butterflies","floor":3},{"not_picked":["Childlike","Spear of Papilio","Ticket to Heaven"],"picked":"SKIP","floor":4},{"not_picked":["End of Faramita","Reverse The Screen"],"picked":"Elegance","floor":7},{"not_picked":["Triple Snow","The Forgotten Winter"],"picked":"Butterflies in Dream","floor":11},{"not_picked":["Dancing Butterflies","Become Phantom"],"picked":"Showy Withering","floor":12},{"not_picked":["Wandering Soul","Serene Spring","Steamed Phantom"],"picked":"SKIP","floor":14}],"player_experience":67029,"relics_obtained":[{"floor":9,"key":"Eternal Feather"},{"floor":13,"key":"Tiny Chest"}],"event_choices":[{"damage_healed":0,"gold_gain":0,"player_choice":"Upgraded","damage_taken":0,"max_hp_gain":0,"max_hp_loss":0,"event_name":"Upgrade Shrine","floor":2,"gold_loss":0,"cards_upgraded":["Linger over Flower"]},{"damage_healed":0,"gold_gain":0,"player_choice":"Take Damage","damage_taken":11,"relics_obtained":["Golden Idol"],"max_hp_gain":0,"max_hp_loss":0,"event_name":"Golden Idol","floor":5,"gold_loss":0},{"damage_healed":0,"gold_gain":0,"player_choice":"Box","damage_taken":0,"relics_obtained":["Ornamental Fan"],"max_hp_gain":0,"max_hp_loss":0,"event_name":"Big Fish","floor":10,"gold_loss":0,"cards_obtained":["Regret"]}],"is_beta":false,"boss_relics":[],"items_purged_floors":[],"is_endless":false,"potions_floor_spawned":[3,11,12],"killed_by":"The Guardian","ascension_level":0}}