{"host":"xz7n3qy1zq36rzpg","time":1610459437,"event":{"mods":["BaseMod","Colored Map","Colored Powertips","Highlight Path","Minty Spire (QoL Compilation)","Quick Restart","Shop Mod"],"gold_per_floor":[364,364,388,433,457,493,56,95,95,136,136,172,188,212,212,340,340,361,271,287,56,81,81,114,114,140,155,155,170,170,21,21,145,145,166,229,249,21,35,35,69,69,92,117,450,469,482,482,482,482],"floor_reached":51,"playtime":3178,"items_purged":["Injury","Defend_B"],"score":795,"play_id":"9ffcd18e-ad3c-4cb8-bc7b-85d502c8f128","local_time":"20210112145037","is_ascension_mode":true,"campfire_choices":[{"floor":11.0,"key":"REST"},{"floor":15.0,"key":"REST"},{"floor":23,"key":"RECALL"},{"floor":30,"key":"REST"},{"floor":32,"key":"REST"},{"floor":40,"key":"REST"},{"floor":42,"key":"REST"},{"floor":49,"key":"REST"}],"circlet_count":0,"master_deck":["Strike_B+1","Strike_B+1","Strike_B+1","Defend_B+1","Defend_B+1","Defend_B+1","Zap","Dualcast","Ball Lightning","Cold Snap","Compile Driver+1","Auto Shields","FTL+1","Hello World","BootSequence","Sweeping Beam+1","Leap","Leap","Creative AI","Barrage+1","Undo","Melter","Hologram","Gash+1","Go for the Eyes+1","Beam Cell+1","Self Repair","Lockon+1","Undo+1","Good Instincts","Stack+1"],"relics":["Cracked Core","Matryoshka","Blood Vial","Potion Belt","DataDisk","Anchor","MealTicket","White Beast Statue","Fusion Hammer","Dream Catcher","Lantern","Nunchaku","Blue Candle","Whetstone","Inserter","Pocketwatch","Vajra","Omamori","Bronze Scales"],"acts_visited":["Exordium","TheCity","TheBeyond"],"potions_floor_usage":[33,35,36,39,41,44,46,47,50,50,50,50,50,50,50,50,50,50],"damage_taken":[{"damage":1.0,"enemies":"Cultist","floor":1.0,"turns":3.0},{"damage":7.0,"enemies":"Jaw Worm","floor":3.0,"turns":3.0},{"damage":4.0,"enemies":"2 Louse","floor":5.0,"turns":2.0},{"damage":29.0,"enemies":"Lagavulin","floor":6.0,"turns":6.0},{"damage":4.0,"enemies":"Gremlin Nob","floor":8.0,"turns":3.0},{"damage":4.0,"enemies":"Lagavulin","floor":10.0,"turns":4.0},{"damage":14.0,"enemies":"Gremlin Nob","floor":12.0,"turns":3.0},{"damage":0.0,"enemies":"Looter","floor":13.0,"turns":3.0},{"damage":0.0,"enemies":"Exordium Thugs","floor":14.0,"turns":3.0},{"damage":36.0,"enemies":"The Guardian","floor":16.0,"turns":12.0},{"damage":8.0,"enemies":"Spheric Guardian","floor":18.0,"turns":4.0},{"damage":8.0,"enemies":"Shell Parasite","floor":20.0,"turns":4.0},{"damage":7.0,"enemies":"Shelled Parasite and Fungi","floor":22.0,"turns":4.0},{"damage":29,"enemies":"Book of Stabbing","floor":24,"turns":7},{"damage":14,"enemies":"Snake Plant","floor":27,"turns":5},{"damage":0,"enemies":"Sentry and Sphere","floor":29,"turns":2},{"damage":38,"enemies":"Automaton","floor":33,"turns":9},{"damage":21,"enemies":"3 Darklings","floor":35,"turns":4},{"damage":14,"enemies":"Mind Bloom Boss Battle","floor":36,"turns":8},{"damage":0,"enemies":"3 Shapes","floor":37,"turns":3},{"damage":7,"enemies":"Jaw Worm Horde","floor":39,"turns":3},{"damage":47,"enemies":"Nemesis","floor":41,"turns":7},{"damage":29,"enemies":"Spire Growth","floor":44,"turns":4},{"damage":2,"enemies":"Transient","floor":46,"turns":5},{"damage":10,"enemies":"Jaw Worm Horde","floor":47,"turns":4},{"damage":17,"enemies":"Awakened One","floor":50,"turns":9}],"seed_played":"769217393821982213","potions_obtained":[{"floor":6.0,"key":"LiquidMemories"},{"floor":8.0,"key":"SneckoOil"},{"floor":10.0,"key":"SpeedPotion"},{"floor":13.0,"key":"FearPotion"},{"floor":14.0,"key":"Swift Potion"},{"floor":16.0,"key":"Weak Potion"},{"floor":18.0,"key":"Weak Potion"},{"floor":20.0,"key":"SneckoOil"},{"floor":22.0,"key":"SteroidPotion"},{"floor":24,"key":"PotionOfCapacity"},{"floor":27,"key":"Explosive Potion"},{"floor":33,"key":"AttackPotion"},{"floor":35,"key":"ColorlessPotion"},{"floor":36,"key":"Weak Potion"},{"floor":37,"key":"AttackPotion"},{"floor":39,"key":"DuplicationPotion"},{"floor":41,"key":"EntropicBrew"},{"floor":44,"key":"PowerPotion"},{"floor":46,"key":"DuplicationPotion"},{"floor":47,"key":"Explosive Potion"}],"is_trial":false,"path_per_floor":["M","?","M","T","M","E","$","E","T","E","R","E","M","M","R","B",null,"M","?","M","$","M","R","E","?","T","M","T","M","R","$","R","B",null,"M","?","M","$","M","R","E","R","T","M","?","M","M","?","R","B",null],"character_chosen":"DEFECT","items_purchased":["FTL","Hello World","Blood Vial","Regen Potion","Melter","ColorlessPotion","Whetstone","Vajra","Self Repair"],"campfire_rested":7,"item_purchase_floors":[7,7,7,7,21,21,31,38,38],"current_hp_per_floor":[67,67,60,60,56,27,27,34,34,32,52,40,42,44,64,30,68,60,60,54,68,61,61,34,34,34,22,22,24,44,59,68,30,68,47,35,37,52,47,67,35,55,55,35,35,42,41,41,61,53],"gold":482,"neow_bonus":"TWO_FIFTY_GOLD","is_daily":false,"chose_seed":false,"campfire_upgraded":0,"win_rate":0.0,"timestamp":1610459437,"path_taken":["M","?","M","?","?","E","$","E","T","E","R","E","M","M","R","BOSS","M","?","?","$","M","R","E","?","T","M","?","M","R","$","R","BOSS","M","?","M","$","M","R","E","R","T","M","?","M","M","?","R","BOSS"],"items_purchased_type":["Card","Card","Relic","Potion","Card","Potion","Relic","Relic","Card"],"build_version":"2020-12-22","purchased_purges":2,"victory":true,"max_hp_per_floor":[68,68,68,68,68,68,68,68,68,68,68,68,68,68,68,68,68,68,68,68,68,68,68,68,68,68,68,68,68,68,68,68,68,68,68,68,68,68,68,68,68,68,68,68,68,68,68,68,68,68],"card_choices":[{"not_picked":["Turbo","Compile Driver"],"picked":"Ball Lightning","floor":1.0},{"not_picked":["Ball Lightning","Steam Power"],"picked":"Cold Snap","floor":3.0},{"not_picked":["Conserve Battery","Redo"],"picked":"Compile Driver","floor":5.0},{"not_picked":["Undo","Turbo"],"picked":"Auto Shields","floor":6.0},{"not_picked":["Sweeping Beam","Rip and Tear"],"picked":"BootSequence","floor":8.0},{"not_picked":["Beam Cell","Double Energy"],"picked":"Sweeping Beam","floor":10.0},{"not_picked":["Chill","Meteor Strike"],"picked":"Leap","floor":12.0},{"not_picked":["Stack","BootSequence"],"picked":"Leap","floor":13.0},{"not_picked":["Coolheaded","Cold Snap","Streamline"],"picked":"SKIP","floor":14.0},{"not_picked":["Machine Learning","Core Surge"],"picked":"Creative AI","floor":16.0},{"not_picked":["Fusion","Streamline"],"picked":"Barrage+1","floor":18.0},{"not_picked":["Ball Lightning","Conserve Battery"],"picked":"Undo","floor":20.0},{"not_picked":["Hello World+1","Auto Shields","BootSequence"],"picked":"SKIP","floor":22.0},{"not_picked":["Rainbow","Melter+1"],"picked":"Hologram","floor":24},{"not_picked":["Turbo","Ball Lightning","Cold Snap"],"picked":"SKIP","floor":27},{"not_picked":["Go for the Eyes","Turbo","Sweeping Beam"],"picked":"SKIP","floor":29},{"not_picked":["Compile Driver+1","Double Energy"],"picked":"Gash+1","floor":35},{"not_picked":["Steam Power+1","Compile Driver+1"],"picked":"Go for the Eyes+1","floor":36},{"not_picked":["Go for the Eyes+1","Steam+1"],"picked":"Beam Cell+1","floor":37},{"not_picked":["Cold Snap","Amplify"],"picked":"Lockon+1","floor":39},{"not_picked":["Force Field+1","Gash","Capacitor+1"],"picked":"SKIP","floor":41},{"not_picked":["Cold Snap","Stack","Doom and Gloom"],"picked":"SKIP","floor":44},{"not_picked":["Sweeping Beam+1","Electrodynamics"],"picked":"Undo+1","floor":46},{"not_picked":["Coolheaded+1","Barrage","Fusion"],"picked":"SKIP","floor":47},{"not_picked":["Mayhem","Discovery"],"picked":"Good Instincts","floor":48},{"not_picked":["Blizzard+1","Leap"],"picked":"Stack+1","floor":49}],"player_experience":318324,"relics_obtained":[{"floor":6.0,"key":"Matryoshka"},{"floor":8.0,"key":"Potion Belt"},{"floor":9.0,"key":"DataDisk"},{"floor":9.0,"key":"Anchor"},{"floor":10.0,"key":"MealTicket"},{"floor":12.0,"key":"White Beast Statue"},{"floor":24,"key":"Dream Catcher"},{"floor":26,"key":"Lantern"},{"floor":26,"key":"Nunchaku"},{"floor":28,"key":"Blue Candle"},{"floor":36,"key":"Pocketwatch"},{"floor":41,"key":"Omamori"},{"floor":43,"key":"Bronze Scales"}],"event_choices":[{"damage_healed":0.0,"max_hp_gain":0.0,"max_hp_loss":0.0,"gold_gain":0.0,"event_name":"Golden Idol","player_choice":"Take Wound","floor":2.0,"gold_loss":0.0,"damage_taken":0.0,"relics_obtained":["Golden Idol"],"cards_obtained":["Injury"]},{"cards_removed":["Strike_B"],"damage_healed":0.0,"max_hp_gain":0.0,"max_hp_loss":0.0,"gold_gain":0.0,"event_name":"Designer","player_choice":"Upgrade and Remove","floor":19.0,"gold_loss":90.0,"damage_taken":0.0,"cards_upgraded":["Compile Driver"]},{"damage_healed":0,"gold_gain":0,"player_choice":"Simplicity","damage_taken":0,"max_hp_gain":0,"max_hp_loss":0,"event_name":"Back to Basics","floor":25,"gold_loss":0,"cards_upgraded":["Strike_B","Strike_B","Strike_B","Defend_B","Defend_B","Defend_B"]},{"damage_healed":0,"gold_gain":0,"player_choice":"Fight","damage_taken":0,"max_hp_gain":0,"max_hp_loss":0,"event_name":"MindBloom","floor":36,"gold_loss":0},{"damage_healed":0,"gold_gain":333,"player_choice":"Gave Idol","damage_taken":0,"max_hp_gain":0,"max_hp_loss":0,"event_name":"The Moai Head","floor":45,"relics_lost":["Golden Idol"],"gold_loss":0},{"damage_healed":0,"gold_gain":0,"player_choice":"Memory 1","damage_taken":0,"max_hp_gain":0,"max_hp_loss":0,"event_name":"SensoryStone","floor":48,"gold_loss":0}],"is_beta":false,"boss_relics":[{"not_picked":["Busted Crown","Black Star"],"picked":"Fusion Hammer"},{"not_picked":["Tiny House","Empty Cage"],"picked":"Inserter"}],"items_purged_floors":[7,21],"is_endless":false,"potions_floor_spawned":[6,8,10,13,14,16,18,20,22,24,27,29,33,35,36,37,39,41,44,46,47],"ascension_level":2}}