{"host":"txhhdwa0hqfs4jhb","time":1610464391,"event":{"mods":["AchievementEnabler","BaseMod","Better Third Choice","Filter the Spire","Minty Spire (QoL Compilation)","Relic Stats","Replay The Spire","StSLib","Thieving Mod"],"gold_per_floor":[119,119,129,129,147,147,172,6,6,6,6,16,33,33,33,110,110,123,123,123,123,139,139,173,21,45,59,39,70,70,99,99,99,99],"floor_reached":33,"playtime":2736,"items_purged":[],"score":603,"play_id":"89039a5c-f17f-47c3-a1e4-c36207a75390","local_time":"20210112151311","is_ascension_mode":true,"campfire_choices":[{"data":"Scrape","floor":6.0,"key":"SMITH"},{"data":"Apotheosis","floor":11.0,"key":"SMITH"},{"data":"Defragment","floor":15.0,"key":"SMITH"},{"floor":23.0,"key":"REST"},{"floor":30,"key":"REST"},{"floor":32,"key":"DIG"}],"circlet_count":0,"master_deck":["AscendersBane","Strike_B","Strike_B","Strike_B","Strike_B","Defend_B","Defend_B","Defend_B","Defend_B","Zap","Dualcast","Scrape+1","Chill","Go for the Eyes","Skim","FTL","Scrape","Mirror Shield","Crystallizer","Fission","Apotheosis+1","Melter","Panic Button","Defragment+1","Echo Form","Beam Cell+1","Glacier","Core Surge","ReplayTheSpireMod:Private Reserves","Panic Button","ReplayTheSpireMod:Reroute Power"],"relics":["Cracked Core","Replay:Baseball","Pet Ghost","Replay:WaspNest","Thread and Needle","Orrery","Dead Branch","Inserter","Enchiridion","Ginger","Nunchaku","Smiling Mask","ReplayTheSpireMod:Shallot","Iron Hammer"],"acts_visited":["Exordium","TheCity"],"potions_floor_usage":[31],"damage_taken":[{"damage":1.0,"enemies":"Cultist","floor":1.0,"turns":3.0},{"damage":7.0,"enemies":"Small Slimes","floor":3.0,"turns":3.0},{"damage":0.0,"enemies":"2 Louse","floor":5.0,"turns":2.0},{"damage":15.0,"enemies":"Replay:BlueRogue","floor":7.0,"turns":6.0},{"damage":0.0,"enemies":"2 Fungi Beasts","floor":12.0,"turns":2.0},{"damage":0.0,"enemies":"Large Slime","floor":13.0,"turns":3.0},{"damage":23.0,"enemies":"Fading Forest","floor":16.0,"turns":11.0},{"damage":11.0,"enemies":"Shell Parasite","floor":18.0,"turns":6.0},{"damage":0.0,"enemies":"Spheric Guardian","floor":22.0,"turns":4.0},{"damage":8.0,"enemies":"Replay:Snechameleon","floor":24.0,"turns":4.0},{"damage":19.0,"enemies":"Shelled Parasite and Fungi","floor":27.0,"turns":3.0},{"damage":0.0,"enemies":"Gremlin Leader","floor":29.0,"turns":5.0},{"damage":5,"enemies":"Book of Stabbing","floor":31,"turns":4},{"damage":58,"enemies":"Collector","floor":33,"turns":7}],"seed_played":"5871877221294821766","potions_obtained":[{"floor":3.0,"key":"Regen Potion"},{"floor":13.0,"key":"Elixir"},{"floor":16.0,"key":"FearPotion"},{"floor":22.0,"key":"GamblersBrew"},{"floor":27.0,"key":"SkillPotion"},{"floor":31,"key":"Doom Potion"}],"is_trial":false,"path_per_floor":["M","T","M","?","M","R","E","$","T","$","R","M","M","$","R","B",null,"M","?","?","?","M","R","E","$","T","M","?","E","R","E","R","B"],"character_chosen":"DEFECT","items_purchased":["Orrery","ReplayTheSpireMod:Private Reserves","Panic Button"],"campfire_rested":2,"item_purchase_floors":[8,25,25],"current_hp_per_floor":[63,63,56,56,56,56,41,41,41,41,41,41,41,41,41,22,59,48,27,27,27,27,48,40,40,40,21,21,21,42,37,37,0,0],"gold":99,"neow_bonus":"RANDOM_COMMON_RELIC","is_daily":false,"chose_seed":false,"campfire_upgraded":3,"win_rate":0.0,"timestamp":1610464391,"path_taken":["M","?","?","?","?","R","E","$","T","$","R","M","M","?","R","BOSS","M","?","?","?","M","R","E","$","T","M","?","E","R","E","R","BOSS"],"items_purchased_type":["Relic","Card","Card"],"build_version":"2020-12-22","purchased_purges":0,"victory":false,"max_hp_per_floor":[71,71,71,71,71,71,71,71,71,71,71,71,71,71,71,71,71,71,71,71,71,71,71,71,71,71,71,71,71,71,71,71,71,71],"relic_stats":{"Nunchaku":[4],"Inserter":[16],"counters":[14,63],"Dead Branch":[124],"Ginger":[3],"Smiling Mask":0,"obtain_stats":[{"Inserter":17,"Dead Branch":9,"Enchiridion":19,"Thread and Needle":7,"Replay:WaspNest":4,"Ginger":24,"Smiling Mask":29,"Pet Ghost":2,"Replay:Baseball":0,"Nunchaku":26,"ReplayTheSpireMod:Shallot":31,"Orrery":8,"Iron Hammer":32,"Cracked Core":0},{"Inserter":7,"Dead Branch":4,"Enchiridion":8,"Thread and Needle":4,"Replay:WaspNest":2,"Ginger":10,"Smiling Mask":12,"Pet Ghost":1,"Replay:Baseball":0,"Nunchaku":10,"ReplayTheSpireMod:Shallot":13,"Orrery":4,"Iron Hammer":13,"Cracked Core":0},{"Inserter":30,"Dead Branch":14,"Enchiridion":36,"Thread and Needle":14,"Replay:WaspNest":6,"Ginger":44,"Smiling Mask":52,"Pet Ghost":3,"Replay:Baseball":0,"Nunchaku":44,"ReplayTheSpireMod:Shallot":56,"Orrery":14,"Iron Hammer":56,"Cracked Core":0}]},"card_choices":[{"not_picked":["Ball Lightning","Redo"],"picked":"Scrape","floor":1.0},{"not_picked":["Steam","Cold Snap"],"picked":"Chill","floor":3.0},{"not_picked":["Reprogram","Streamline"],"picked":"Go for the Eyes","floor":5.0},{"not_picked":["Hologram","Steam"],"picked":"Skim","floor":7.0},{"not_picked":["Redo","Auto Shields"],"picked":"FTL","floor":8.0},{"not_picked":["Ball Lightning","Barrage"],"picked":"Scrape","floor":8.0},{"not_picked":["Skim","ReplayTheSpireMod:System Scan"],"picked":"Mirror Shield","floor":8.0},{"not_picked":["Force Field","FIFO Queue"],"picked":"Crystallizer","floor":8.0},{"not_picked":["Cold Snap","Panic Button"],"picked":"Fission","floor":8.0},{"not_picked":["Rebound","Capacitor"],"picked":"Melter","floor":12.0},{"not_picked":["Doom and Gloom","Streamline","Turbo"],"picked":"SKIP","floor":13.0},{"not_picked":["Multi-Cast","Amplify"],"picked":"Echo Form","floor":16.0},{"not_picked":["Ball Lightning","Go for the Eyes+1"],"picked":"Beam Cell+1","floor":18.0},{"not_picked":["Steam","Conserve Battery"],"picked":"Glacier","floor":22.0},{"not_picked":["Consume","Turbo"],"picked":"Core Surge","floor":24.0},{"not_picked":["Auto Shields+1","ReplaySort","Stack"],"picked":"SKIP","floor":27.0},{"not_picked":["ReplaySolidLightProjector","Force Field","ReplayTheSpireMod:Reroute Power"],"picked":"SKIP","floor":29.0},{"not_picked":["Force Field","Rebound"],"picked":"ReplayTheSpireMod:Reroute Power","floor":31}],"player_experience":231864,"relics_obtained":[{"floor":2.0,"key":"Pet Ghost"},{"floor":7.0,"key":"Thread and Needle"},{"floor":9.0,"key":"Dead Branch"},{"floor":19.0,"key":"Enchiridion"},{"floor":24.0,"key":"Ginger"},{"floor":26.0,"key":"Nunchaku"},{"floor":29.0,"key":"Smiling Mask"},{"floor":31,"key":"ReplayTheSpireMod:Shallot"},{"floor":32,"key":"Iron Hammer"}],"event_choices":[{"damage_healed":0.0,"max_hp_gain":0.0,"max_hp_loss":0.0,"gold_gain":0.0,"event_name":"WeMeetAgain","player_choice":"Gave Potion","floor":4.0,"gold_loss":0.0,"damage_taken":0.0,"relics_obtained":["Replay:WaspNest"]},{"damage_healed":0.0,"max_hp_gain":0.0,"max_hp_loss":0.0,"gold_gain":0.0,"event_name":"Cursed Tome","player_choice":"Obtained Book","floor":19.0,"gold_loss":0.0,"damage_taken":21.0},{"damage_healed":0.0,"max_hp_gain":0.0,"max_hp_loss":0.0,"gold_gain":0.0,"event_name":"Beggar","player_choice":"Ignored","floor":20.0,"gold_loss":0.0,"damage_taken":0.0},{"damage_healed":0.0,"max_hp_gain":0.0,"max_hp_loss":0.0,"gold_gain":0.0,"event_name":"betterThird:BetterWriting","player_choice":"Adaptability","floor":21.0,"gold_loss":0.0,"damage_taken":0.0},{"damage_healed":0.0,"max_hp_gain":0.0,"max_hp_loss":0.0,"gold_gain":0.0,"event_name":"The Woman in Blue","player_choice":"Bought 1 Potion","floor":28.0,"gold_loss":0.0,"damage_taken":0.0}],"is_beta":false,"boss_relics":[{"not_picked":["Empty Cage","Runic Pyramid"],"picked":"Inserter"}],"items_purged_floors":[],"is_endless":false,"potions_floor_spawned":[3,13,16,22,27,31],"killed_by":"Collector","ascension_level":17}}