{"host":"suaetoo57rt99mh0","time":1610422049,"event":{"mods":["Aspiration","BaseMod","Conspire","Downfall","Energized Spire","Infinite Spire","Jedi Mod","Minty Spire (QoL Compilation)","Potionbrewer","Quarter Circle Forward PUNCH!","Replay The Spire","ShortenTheSpire","StSLib"],"gold_per_floor":[119,136,136,136,155,155,174,214,238,253,253,287,138,213,213,308,308,308,317,317,167,167,167,23,23,23],"floor_reached":25,"playtime":1533,"items_purged":[],"score":199,"play_id":"32cfb2a5-3036-4a0c-ba1f-6fdfb9089ea6","local_time":"20210111212729","is_ascension_mode":false,"campfire_choices":[{"data":"Venomology","floor":6,"key":"SMITH"},{"floor":11,"key":"REST"},{"floor":15,"key":"REST"},{"data":"potionbrewer:Collect","floor":23,"key":"SMITH"}],"circlet_count":0,"master_deck":["potionbrewer:PotionbrewerStrike","potionbrewer:PotionbrewerStrike","potionbrewer:PotionbrewerStrike","potionbrewer:PotionbrewerDefend","potionbrewer:PotionbrewerDefend","potionbrewer:Collect+1","potionbrewer:ChemicalSpill","potionbrewer:MicrobeSpray","Injury","Neutralize+1","Malaise","Venomology+1","potionbrewer:UnstableFormula+1","potionbrewer:Contingency+1","potionbrewer:TestFormula","potionbrewer:IronFist+1","potionbrewer:ChoosePotion","potionbrewer:TheFinalStraw+1","potionbrewer:Bribery","potionbrewer:TwoForOne","potionbrewer:PortableLab","potionbrewer:UnstableFormula+1","potionbrewer:Toxicity","ReplayTheSpireMod:Private Reserves","J.A.X."],"relics":["potionbrewer:AlchemistKit","NeowsBlessing","Molten Egg 2","Pen Nib","potionbrewer:ToyAutogyro","qcfpunch:Black_Training_Shirt","Sling","Juzu Bracelet"],"acts_visited":["Exordium","TheCity"],"potions_floor_usage":[8,8,8,8,8,8,10,10,12,12,16,16,16,16,16,18,19,19,19],"damage_taken":[{"damage":0,"enemies":"conspire:RoseBush","floor":1,"turns":1},{"damage":0,"enemies":"Jaw Worm","floor":2,"turns":1},{"damage":0,"enemies":"2 Louse","floor":5,"turns":1},{"damage":4,"enemies":"Exordium Wildlife","floor":7,"turns":3},{"damage":4,"enemies":"conspire:MimicChest","floor":8,"turns":4},{"damage":14,"enemies":"Large Slime","floor":10,"turns":7},{"damage":15,"enemies":"Lagavulin","floor":12,"turns":5},{"damage":9,"enemies":"Slime Boss","floor":16,"turns":9},{"damage":0,"enemies":"3 Byrds","floor":18,"turns":1},{"damage":5,"enemies":"Chosen","floor":19,"turns":7},{"damage":3,"enemies":"Centurion and Healer","floor":25,"turns":1}],"seed_played":"1628479555901118407","potions_obtained":[{"floor":2,"key":"champ:CounterPotion"},{"floor":5,"key":"SkillPotion"},{"floor":7,"key":"EssenceOfSteel"},{"floor":10,"key":"Adrenaline Potion"}],"is_trial":false,"path_per_floor":["M","M","?","?","M","R","M","?","T","M","R","E","$","?","R","B",null,"M","M","?","$","?","R","$","M"],"character_chosen":"POTIONBREWER","items_purchased":["Sling","potionbrewer:Toxicity","ReplayTheSpireMod:Private Reserves","Juzu Bracelet"],"campfire_rested":2,"item_purchase_floors":[13,21,21,24],"current_hp_per_floor":[75,75,75,75,75,75,71,67,67,53,75,60,60,49,71,62,75,75,70,70,70,70,70,70,67,67],"gold":23,"neow_bonus":"THREE_ENEMY_KILL","is_daily":false,"chose_seed":false,"campfire_upgraded":2,"win_rate":0.0,"timestamp":1610422049,"path_taken":["M","M","?","?","M","R","M","?","T","?","R","E","$","?","R","BOSS","M","M","?","$","?","R","?","M"],"items_purchased_type":["Relic","Card","Card","Relic"],"build_version":"2020-12-22","purchased_purges":0,"victory":false,"max_hp_per_floor":[75,75,75,75,75,75,75,75,75,75,75,75,75,75,75,75,75,75,75,75,75,75,75,75,75,75],"card_choices":[{"not_picked":["potionbrewer:CrossReference","potionbrewer:LeftoverSpecimen"],"picked":"potionbrewer:MicrobeSpray","floor":1},{"not_picked":["potionbrewer:VolatileSolution","potionbrewer:ExothermicReaction","potionbrewer:OneTwoPunch"],"picked":"SKIP","floor":2},{"not_picked":["potionbrewer:OneTwoPunch+1","potionbrewer:ExplosiveReaction+1"],"picked":"potionbrewer:UnstableFormula+1","floor":5},{"not_picked":["potionbrewer:AnotherRound","potionbrewer:QuickStep"],"picked":"potionbrewer:Contingency+1","floor":7},{"not_picked":["potionbrewer:AcidCloud","potionbrewer:CausticBarrier"],"picked":"potionbrewer:TestFormula","floor":8},{"not_picked":["potionbrewer:TimeBomb+1","potionbrewer:Smokescreen"],"picked":"potionbrewer:IronFist+1","floor":10},{"not_picked":["potionbrewer:Smokescreen","potionbrewer:PrivateReserves"],"picked":"potionbrewer:BottomlessFlask","floor":12},{"not_picked":["potionbrewer:Brandish+1","potionbrewer:BalancedFormula+1"],"picked":"potionbrewer:PortableLab","floor":19}],"player_experience":60172,"relics_obtained":[{"floor":8,"key":"Pen Nib"},{"floor":9,"key":"potionbrewer:ToyAutogyro"},{"floor":12,"key":"qcfpunch:Black_Training_Shirt"}],"event_choices":[{"damage_healed":0,"gold_gain":75,"player_choice":"Gather Gold","damage_taken":11,"max_hp_gain":0,"max_hp_loss":0,"event_name":"World of Goop","floor":14,"gold_loss":0},{"damage_healed":0,"gold_gain":0,"player_choice":"Read","damage_taken":0,"max_hp_gain":0,"max_hp_loss":0,"event_name":"The Library","floor":20,"gold_loss":0,"cards_obtained":["potionbrewer:UnstableFormula"]},{"damage_healed":0,"gold_gain":0,"player_choice":"Obtain J.A.X.","damage_taken":0,"max_hp_gain":0,"max_hp_loss":0,"event_name":"Drug Dealer","floor":22,"gold_loss":0,"cards_obtained":["J.A.X."]}],"is_beta":false,"boss_relics":[{"not_picked":["Abe\u0027s Treasure","Honey Jar"],"picked":"potionbrewer:AlchemistKit"}],"items_purged_floors":[],"is_endless":false,"potions_floor_spawned":[2,5,7,10,18],"killed_by":"Centurion and Healer","ascension_level":0}}