{"host":"n264v15x7h51zqzc","time":1610432021,"event":{"mods":["AchievementEnabler","BaseMod","Colored Powertips","Downfall","Googly Eyes","Hermit","Infinite Spire","Minty Spire (QoL Compilation)","StSLib","The Bug Knight"],"gold_per_floor":[112,112,165,352,236,278,290,327,339,43,62,62,94,111,111,211,211,231,248,258,258,258,288,213,248,271,370,370,370],"floor_reached":28,"playtime":969,"items_purged":["Strike_B"],"score":338,"play_id":"3811ccd2-3c07-4f56-a491-3aa50debe44a","local_time":"20210112001341","is_ascension_mode":true,"campfire_choices":[{"data":"Capacitor","floor":7,"key":"SMITH"},{"floor":12,"key":"RECALL"},{"data":"expansioncontent:QuickStudy","floor":15,"key":"SMITH"}],"circlet_count":0,"master_deck":["Strike_B","Strike_B","Defend_B","Defend_B","Defend_B","Zap","Dualcast","Capacitor+1","Conserve Battery","Leap","Self Repair","expansioncontent:QuickStudy+1","Leap","Capacitor","Static Discharge","Machine Learning","Coolheaded","Core Surge","Aggregate","Fission","White Noise"],"relics":["Cracked Core","NeowsBlessing","Pen Nib","MawBank","Lantern","StoneCalendar","Anchor","Letter Opener","Art of War","SlaversCollar","infinitespire:Beetle Shell","Bag of Marbles"],"acts_visited":["Exordium","TheCity"],"potions_floor_usage":[16,16,16],"damage_taken":[{"damage":0,"enemies":"Jaw Worm","floor":1,"turns":1},{"damage":0,"enemies":"3 Sentries","floor":6,"turns":1},{"damage":0,"enemies":"Gremlin Nob","floor":8,"turns":1},{"damage":6,"enemies":"2 Louse","floor":11,"turns":1},{"damage":6,"enemies":"3 Sentries","floor":13,"turns":7},{"damage":0,"enemies":"Small Slimes","floor":14,"turns":3},{"damage":7,"enemies":"The Guardian","floor":16,"turns":12},{"damage":22,"enemies":"3 Byrds","floor":18,"turns":4},{"damage":13,"enemies":"Spheric Guardian","floor":19,"turns":4},{"damage":3,"enemies":"Chosen and Byrds","floor":20,"turns":7},{"damage":22,"enemies":"HollowMod:Nosk","floor":23,"turns":9},{"damage":27,"enemies":"Slavers","floor":25,"turns":5},{"damage":18,"enemies":"Gremlin Leader","floor":28,"turns":5}],"seed_played":"-1530106784787898617","potions_obtained":[{"floor":8,"key":"SteroidPotion"},{"floor":13,"key":"SpeedPotion"},{"floor":14,"key":"SteroidPotion"},{"floor":19,"key":"sneckomod:MuddlingPotion"},{"floor":25,"key":"Strength Potion"}],"is_trial":false,"path_per_floor":["M","?","T","?","?","E","R","E","T","$","M","R","E","M","R","B",null,"M","M","M","?","?","E","?","E","T","?","E"],"character_chosen":"DEFECT","items_purchased":["Self Repair","expansioncontent:QuickStudy"],"campfire_rested":0,"item_purchase_floors":[10,10],"current_hp_per_floor":[75,68,68,68,68,68,68,68,68,68,62,62,63,70,70,70,75,60,54,51,51,51,36,36,16,16,16,0,0],"gold":370,"neow_bonus":"THREE_ENEMY_KILL","is_daily":false,"chose_seed":false,"campfire_upgraded":2,"win_rate":0.0,"timestamp":1610432021,"path_taken":["M","?","?","?","?","E","R","E","T","$","M","R","E","?","R","BOSS","M","M","M","?","?","E","?","E","T","?","E"],"items_purchased_type":["Card","Card"],"build_version":"2020-12-22","purchased_purges":1,"victory":false,"max_hp_per_floor":[75,75,75,75,75,75,75,75,75,75,75,75,75,75,75,75,75,75,75,75,75,75,75,75,75,75,75,75,75],"card_choices":[{"not_picked":["Chill","Force Field"],"picked":"Capacitor","floor":1},{"not_picked":["Go for the Eyes","Sweeping Beam"],"picked":"Conserve Battery","floor":6},{"not_picked":["BootSequence","Skim"],"picked":"Leap","floor":8},{"not_picked":["BootSequence","Darkness"],"picked":"Leap","floor":11},{"not_picked":["Sunder","Double Energy"],"picked":"Capacitor","floor":13},{"not_picked":["FTL","Rip and Tear"],"picked":"Static Discharge","floor":14},{"not_picked":["Buffer","Hyperbeam"],"picked":"Machine Learning","floor":16},{"not_picked":["Ball Lightning","Go for the Eyes"],"picked":"Coolheaded","floor":18},{"not_picked":["Hologram+1","Melter"],"picked":"Core Surge","floor":19},{"not_picked":["FTL","Leap","Auto Shields"],"picked":"SKIP","floor":20},{"not_picked":["Turbo","Beam Cell","Leap"],"picked":"SKIP","floor":23},{"not_picked":["Beam Cell","Cold Snap"],"picked":"White Noise","floor":25}],"player_experience":188922,"relics_obtained":[{"floor":3,"key":"MawBank"},{"floor":6,"key":"StoneCalendar"},{"floor":8,"key":"Anchor"},{"floor":9,"key":"Letter Opener"},{"floor":13,"key":"Art of War"},{"floor":23,"key":"infinitespire:Beetle Shell"},{"floor":25,"key":"Bag of Marbles"}],"event_choices":[{"damage_healed":0,"gold_gain":0,"player_choice":"Success","damage_taken":7,"relics_obtained":["Pen Nib"],"max_hp_gain":0,"max_hp_loss":0,"event_name":"Scrap Ooze","floor":2,"gold_loss":0},{"damage_healed":0,"gold_gain":175,"player_choice":"AGREE","damage_taken":0,"max_hp_gain":0,"max_hp_loss":0,"event_name":"Liars Game","floor":4,"gold_loss":0,"cards_obtained":["Doubt"]},{"damage_healed":0,"gold_gain":0,"player_choice":"Paid Gold","damage_taken":0,"relics_obtained":["Lantern"],"max_hp_gain":0,"max_hp_loss":0,"event_name":"WeMeetAgain","floor":5,"gold_loss":128},{"damage_healed":0,"gold_gain":0,"player_choice":"Ignored","damage_taken":0,"max_hp_gain":0,"max_hp_loss":0,"event_name":"Ghosts","floor":21,"gold_loss":0},{"damage_healed":0,"gold_gain":0,"cards_transformed":["Strike_B","Defend_B"],"player_choice":"Became Test Subject","damage_taken":0,"max_hp_gain":0,"max_hp_loss":0,"event_name":"Drug Dealer","floor":22,"gold_loss":0,"cards_obtained":["Aggregate","Fission"]},{"cards_removed":["Doubt"],"damage_healed":0,"gold_gain":0,"player_choice":"Gave Gold","damage_taken":0,"max_hp_gain":0,"max_hp_loss":0,"event_name":"Beggar","floor":24,"gold_loss":75},{"damage_healed":0,"gold_gain":99,"player_choice":"Stole From Cult","damage_taken":0,"max_hp_gain":0,"max_hp_loss":0,"event_name":"Nest","floor":27,"gold_loss":0}],"is_beta":false,"boss_relics":[{"not_picked":["Runic Dome","Coffee Dripper"],"picked":"SlaversCollar"}],"items_purged_floors":[10],"is_endless":false,"potions_floor_spawned":[8,13,14,19,25],"killed_by":"Gremlin Leader","ascension_level":1}}