{"host":"gf95gjygaqy6b70i","time":1610484540,"event":{"mods":["BaseMod","Colored Map","Colored Powertips","Minty Spire (QoL Compilation)"],"gold_per_floor":[117,135,148,223,243,243,277,277,277,277,288,288,298,355,355,450,450,463,446,446,446,458,458,477,492,538,570,570,583,342,357,357,460,460,473,473,524,544,544,544,559,2,2,22,0,10,10,20,20,20,20,20,20,54,54],"floor_reached":56,"language":"ENG","playtime":2889,"items_purged":["Strike_R"],"score":1273,"play_id":"113bb57f-e1f5-4a5e-a87b-51192fd5a2b9","local_time":"20210112214900","is_ascension_mode":false,"campfire_choices":[{"floor":6,"key":"REST"},{"floor":8,"key":"REST"},{"floor":10,"key":"RECALL"},{"floor":15,"key":"REST"},{"floor":23,"key":"REST"},{"data":"Corruption","floor":32,"key":"SMITH"},{"data":"Demon Form","floor":40,"key":"SMITH"},{"data":"Strike_R","floor":49,"key":"PURGE"},{"data":"Feel No Pain","floor":52,"key":"SMITH"}],"circlet_count":0,"master_deck":["Strike_R","Strike_R","Defend_R","Defend_R+1","Defend_R","Defend_R+1","Bash","Havoc","Warcry","Havoc","Spot Weakness","Havoc","Seeing Red","Iron Wave","Corruption+1","Intimidate","Reaper","RitualDagger","True Grit","Intimidate+1","True Grit","Inflame","Shockwave+1","True Grit","Fire Breathing","Ghostly Armor","Demon Form+1","Feel No Pain+1","Purity","Disarm","Dark Embrace","Writhe","Finesse","Metallicize","Shrug It Off+1","Fiend Fire"],"relics":["Burning Blood","Dead Branch","Potion Belt","Sundial","Sozu","Red Skull","Anchor","Matryoshka","War Paint","Mark of Pain","Peace Pipe","Charon\u0027s Ashes","Bag of Marbles","Eternal Feather","Red Mask","Lantern"],"acts_visited":["Exordium","TheCity","TheBeyond","TheEnding"],"potions_floor_usage":[11,14,16,19],"damage_taken":[{"damage":0,"enemies":"Small Slimes","floor":1,"turns":3},{"damage":7,"enemies":"2 Louse","floor":2,"turns":2},{"damage":1,"enemies":"Cultist","floor":3,"turns":3},{"damage":23,"enemies":"Exordium Thugs","floor":5,"turns":5},{"damage":29,"enemies":"3 Sentries","floor":7,"turns":4},{"damage":24,"enemies":"Large Slime","floor":11,"turns":7},{"damage":0,"enemies":"Blue Slaver","floor":13,"turns":2},{"damage":18,"enemies":"Lagavulin Event","floor":14,"turns":4},{"damage":31,"enemies":"Slime Boss","floor":16,"turns":8},{"damage":9,"enemies":"Chosen","floor":18,"turns":3},{"damage":20,"enemies":"2 Thieves","floor":19,"turns":4},{"damage":2,"enemies":"3 Cultists","floor":22,"turns":4},{"damage":30,"enemies":"Centurion and Healer","floor":24,"turns":4},{"damage":0,"enemies":"Snecko","floor":25,"turns":2},{"damage":8,"enemies":"Book of Stabbing","floor":27,"turns":3},{"damage":0,"enemies":"Snake Plant","floor":29,"turns":2},{"damage":0,"enemies":"Centurion and Healer","floor":31,"turns":4},{"damage":13,"enemies":"Collector","floor":33,"turns":6},{"damage":23,"enemies":"Orb Walker","floor":35,"turns":4},{"damage":0,"enemies":"2 Orb Walkers","floor":37,"turns":3},{"damage":17,"enemies":"3 Darklings","floor":38,"turns":5},{"damage":14,"enemies":"4 Shapes","floor":41,"turns":5},{"damage":4,"enemies":"Maw","floor":44,"turns":4},{"damage":0,"enemies":"Spire Growth","floor":46,"turns":2},{"damage":12,"enemies":"Transient","floor":48,"turns":5},{"damage":9,"enemies":"Awakened One","floor":50,"turns":5},{"damage":0,"enemies":"Shield and Spear","floor":54,"turns":3},{"damage":26,"enemies":"The Heart","floor":55,"turns":5}],"seed_played":"-5991712349238395614","potions_obtained":[{"floor":1,"key":"FearPotion"},{"floor":7,"key":"SkillPotion"},{"floor":14,"key":"PowerPotion"},{"floor":16,"key":"Block Potion"}],"is_trial":false,"path_per_floor":["M","M","M","?","M","R","E","R","T","R","M","?","M","?","R","B",null,"M","M","?","?","M","R","M","M","T","E","T","M","$","M","R","B",null,"M","?","?","M","?","R","M","$","T","M","?","M","$","M","R","B",null,"R","$","E","B",null],"character_chosen":"IRONCLAD","items_purchased":["War Paint","True Grit","Fire Breathing","Charon\u0027s Ashes","Finesse","Metallicize"],"campfire_rested":4,"item_purchase_floors":[30,30,30,42,42,42],"current_hp_per_floor":[72,71,72,61,44,65,42,63,63,63,45,45,51,39,60,35,72,69,55,49,49,70,72,48,60,60,58,58,67,67,72,72,65,72,55,55,61,61,72,72,64,64,64,66,66,72,72,66,72,72,72,72,72,72,62],"gold":54,"neow_bonus":"ONE_RARE_RELIC","is_daily":false,"chose_seed":false,"campfire_upgraded":3,"win_rate":0.0,"timestamp":1610484540,"path_taken":["M","M","M","?","M","R","E","R","T","R","M","?","M","?","R","BOSS","M","M","?","?","M","R","M","?","T","E","?","M","$","M","R","BOSS","M","?","?","M","?","R","M","$","T","M","?","?","?","M","R","BOSS","R","$","E","BOSS"],"items_purchased_type":["Relic","Card","Card","Relic","Card","Card"],"build_version":"2020-12-22","purchased_purges":1,"victory":true,"max_hp_per_floor":[72,72,72,72,72,72,72,72,72,72,72,72,72,72,72,72,72,72,72,72,72,72,72,72,72,72,72,72,72,72,72,72,72,72,72,72,72,72,72,72,72,72,72,72,72,72,72,72,72,72,72,72,72,72,72],"card_choices":[{"not_picked":["Wild Strike","Iron Wave"],"picked":"Havoc","floor":1},{"not_picked":["Pommel Strike","Flex"],"picked":"Warcry","floor":2},{"not_picked":["Wild Strike","Heavy Blade"],"picked":"Havoc","floor":3},{"not_picked":["Bloodletting","Perfected Strike"],"picked":"Spot Weakness","floor":5},{"not_picked":["Wild Strike","Exhume"],"picked":"Havoc","floor":7},{"not_picked":["Perfected Strike","Burning Pact"],"picked":"Seeing Red","floor":11},{"not_picked":["Headbutt","Immolate"],"picked":"Iron Wave","floor":13},{"not_picked":["Brutality","Limit Break"],"picked":"Corruption","floor":16},{"not_picked":["Clothesline","Warcry"],"picked":"Intimidate","floor":18},{"not_picked":["Iron Wave","Cleave+1"],"picked":"Reaper","floor":19},{"not_picked":["Wild Strike+1","Clothesline"],"picked":"True Grit","floor":22},{"not_picked":["Clash","Thunderclap"],"picked":"Intimidate+1","floor":24},{"not_picked":["Thunderclap+1","Pommel Strike"],"picked":"True Grit","floor":25},{"not_picked":["Iron Wave+1","Combust+1"],"picked":"Inflame","floor":27},{"not_picked":["Spot Weakness","Twin Strike+1"],"picked":"Shockwave+1","floor":29},{"not_picked":["True Grit+1","Pommel Strike"],"picked":"Ghostly Armor","floor":31},{"not_picked":["Juggernaut","Double Tap"],"picked":"Demon Form","floor":33},{"not_picked":["Rage+1","Dark Embrace"],"picked":"Feel No Pain","floor":35},{"not_picked":["Mayhem","Enlightenment"],"picked":"Purity","floor":36},{"not_picked":["Entrench","Clash"],"picked":"Disarm","floor":37},{"not_picked":["Heavy Blade","Flex"],"picked":"Dark Embrace","floor":38},{"not_picked":["Perfected Strike+1","Blood for Blood","Anger"],"picked":"SKIP","floor":41},{"not_picked":["Body Slam","Blood for Blood","Iron Wave"],"picked":"SKIP","floor":44},{"not_picked":["Sword Boomerang","Iron Wave+1","Reckless Charge"],"picked":"SKIP","floor":46},{"not_picked":["Armaments","Clothesline"],"picked":"Shrug It Off+1","floor":48},{"not_picked":["Flex","Wild Strike+1"],"picked":"Fiend Fire","floor":54}],"player_experience":58126,"relics_obtained":[{"floor":7,"key":"Potion Belt"},{"floor":14,"key":"Sundial"},{"floor":26,"key":"Red Skull"},{"floor":27,"key":"Anchor"},{"floor":28,"key":"Matryoshka"},{"floor":37,"key":"Peace Pipe"},{"floor":43,"key":"Bag of Marbles"},{"floor":43,"key":"Eternal Feather"},{"floor":54,"key":"Lantern"}],"event_choices":[{"damage_healed":0,"gold_gain":75,"player_choice":"Gather Gold","damage_taken":11,"max_hp_gain":0,"max_hp_loss":0,"event_name":"World of Goop","floor":4,"gold_loss":0},{"damage_healed":0,"gold_gain":0,"player_choice":"Ignored","damage_taken":0,"max_hp_gain":0,"max_hp_loss":0,"event_name":"Golden Wing","floor":12,"gold_loss":0},{"damage_healed":0,"gold_gain":0,"player_choice":"Searched \u00271\u0027 times","damage_taken":0,"max_hp_gain":0,"max_hp_loss":0,"event_name":"Dead Adventurer","floor":14,"gold_loss":0},{"damage_healed":0,"gold_gain":0,"player_choice":"Joined the Cult","damage_taken":6,"max_hp_gain":0,"max_hp_loss":0,"event_name":"Nest","floor":20,"gold_loss":0,"cards_obtained":["RitualDagger"]},{"cards_removed":["Strike_R"],"damage_healed":0,"gold_gain":0,"player_choice":"Purged","damage_taken":0,"max_hp_gain":0,"max_hp_loss":0,"event_name":"Purifier","floor":21,"gold_loss":0},{"damage_healed":0,"gold_gain":0,"player_choice":"Memory 1","damage_taken":0,"max_hp_gain":0,"max_hp_loss":0,"event_name":"SensoryStone","floor":36,"gold_loss":0},{"damage_healed":0,"gold_gain":0,"player_choice":"Fight","damage_taken":0,"max_hp_gain":0,"max_hp_loss":0,"event_name":"Mysterious Sphere","floor":37,"gold_loss":0},{"damage_healed":18,"gold_gain":0,"player_choice":"Writhe","damage_taken":0,"max_hp_gain":0,"max_hp_loss":0,"event_name":"Winding Halls","floor":39,"gold_loss":0,"cards_obtained":["Writhe"]},{"damage_healed":0,"gold_gain":0,"player_choice":"Paid","damage_taken":0,"relics_obtained":["Red Mask"],"max_hp_gain":0,"max_hp_loss":0,"event_name":"Tomb of Lord Red Mask","floor":45,"gold_loss":22}],"is_beta":false,"boss_relics":[{"not_picked":["Snecko Eye","SacredBark"],"picked":"Sozu"},{"not_picked":["Coffee Dripper","Runic Cube"],"picked":"Mark of Pain"}],"items_purged_floors":[42],"is_endless":false,"potions_floor_spawned":[1,7,14,16,18,19,29,31,33,37,44,46,54],"ascension_level":0}}