{"host":"c2vrdknshfutmcsq","time":1610458072,"event":{"mods":["BaseMod","Minty Spire (QoL Compilation)"],"gold_per_floor":[126,126,155,182,203,203,246,270,270,270,270,270,294,319,319,405,414,435,435,454,454,479,479,479],"floor_reached":23,"playtime":1294,"items_purged":[],"score":386,"play_id":"321ec0b7-eb3e-4491-bb97-3caa4179ae62","local_time":"20210112142752","is_ascension_mode":true,"campfire_choices":[{"data":"Dualcast","floor":6.0,"key":"SMITH"},{"data":"Zap","floor":10,"key":"SMITH"},{"floor":15,"key":"REST"}],"circlet_count":0,"master_deck":["AscendersBane","Strike_B+1","Strike_B+1","Strike_B+1","Defend_B+1","Defend_B+1","Defend_B+1","Zap+1","Dualcast+1","Cold Snap","Reinforced Body","Lockon","Tempest","Genetic Algorithm","Stack","Auto Shields","Thunder Strike","Buffer","CurseOfTheBell","Compile Driver+1","Conserve Battery","Biased Cognition"],"relics":["Cracked Core","CeramicFish","Mango","Symbiotic Virus","Smiling Mask","Calling Bell","Oddly Smooth Stone","Pantograph","Turnip","MutagenicStrength"],"acts_visited":["Exordium","TheCity"],"potions_floor_usage":[16,16,18,23],"damage_taken":[{"damage":1.0,"enemies":"Small Slimes","floor":1.0,"turns":4.0},{"damage":0.0,"enemies":"Cultist","floor":3.0,"turns":4.0},{"damage":0.0,"enemies":"Jaw Worm","floor":4.0,"turns":3.0},{"damage":2.0,"enemies":"2 Fungi Beasts","floor":5.0,"turns":4.0},{"damage":11.0,"enemies":"Gremlin Nob","floor":7.0,"turns":3.0},{"damage":7,"enemies":"Large Slime","floor":8,"turns":9},{"damage":5,"enemies":"Blue Slaver","floor":13,"turns":2},{"damage":2,"enemies":"2 Fungi Beasts","floor":14,"turns":3},{"damage":22,"enemies":"Slime Boss","floor":16,"turns":7},{"damage":0,"enemies":"3 Byrds","floor":18,"turns":4},{"damage":19,"enemies":"Shell Parasite","floor":20,"turns":4},{"damage":17,"enemies":"Centurion and Healer","floor":22,"turns":5},{"damage":39,"enemies":"Book of Stabbing","floor":23,"turns":4}],"seed_played":"-141258817906118665","potions_obtained":[{"floor":4.0,"key":"DistilledChaos"},{"floor":8,"key":"FearPotion"},{"floor":13,"key":"LiquidMemories"},{"floor":16,"key":"Fruit Juice"},{"floor":18,"key":"FearPotion"}],"is_trial":false,"path_per_floor":["M","?","M","M","M","R","E","M","T","R","?","?","M","M","R","B",null,"M","?","M","?","M","E"],"character_chosen":"DEFECT","items_purchased":[],"campfire_rested":1,"item_purchase_floors":[],"current_hp_per_floor":[63,63,63,63,61,61,64,57,57,57,31,24,19,17,42,25,74,74,74,55,55,38,0,0],"gold":479,"neow_bonus":"RANDOM_COMMON_RELIC","is_daily":false,"chose_seed":false,"campfire_upgraded":2,"win_rate":0.0,"timestamp":1610458072,"path_taken":["M","?","M","M","?","R","E","M","T","R","?","?","M","M","R","BOSS","M","?","M","?","M","E"],"items_purchased_type":[],"build_version":"2020-12-22","purchased_purges":0,"victory":false,"max_hp_per_floor":[71,71,71,71,71,71,85,85,85,85,85,85,85,85,85,90,90,90,90,90,90,90,90,90],"card_choices":[{"not_picked":["Steam","Static Discharge"],"picked":"Cold Snap","floor":1.0},{"not_picked":["Chaos","Gash"],"picked":"Reinforced Body","floor":3.0},{"not_picked":["Coolheaded","Rebound"],"picked":"Lockon","floor":4.0},{"not_picked":["Cold Snap","Fusion"],"picked":"Tempest","floor":5.0},{"not_picked":["Defragment","Undo"],"picked":"Genetic Algorithm","floor":7.0},{"not_picked":["Static Discharge","Reinforced Body"],"picked":"Stack","floor":8},{"not_picked":["Doom and Gloom","Barrage"],"picked":"Auto Shields","floor":13},{"not_picked":["Leap","Sunder"],"picked":"Thunder Strike","floor":14},{"not_picked":["Core Surge","Amplify"],"picked":"Buffer","floor":16},{"not_picked":["Conserve Battery","Sweeping Beam+1"],"picked":"Compile Driver+1","floor":18},{"not_picked":["Hologram","Turbo"],"picked":"Conserve Battery","floor":20},{"not_picked":["Hologram","Beam Cell"],"picked":"Biased Cognition","floor":22}],"player_experience":1248486,"relics_obtained":[{"floor":7.0,"key":"Mango"},{"floor":9,"key":"Symbiotic Virus"},{"floor":17,"key":"Oddly Smooth Stone"},{"floor":17,"key":"Pantograph"},{"floor":17,"key":"Turnip"}],"event_choices":[{"cards_removed":["Strike_B"],"damage_healed":0.0,"max_hp_gain":0.0,"max_hp_loss":0.0,"gold_gain":0.0,"event_name":"Purifier","player_choice":"Purged","floor":2.0,"gold_loss":0.0,"damage_taken":0.0},{"damage_healed":0,"gold_gain":0,"player_choice":"Success","damage_taken":26,"relics_obtained":["Smiling Mask"],"max_hp_gain":0,"max_hp_loss":0,"event_name":"Scrap Ooze","floor":11,"gold_loss":0},{"cards_removed":["Defend_B"],"damage_healed":0,"gold_gain":0,"player_choice":"Card Removal","damage_taken":7,"max_hp_gain":0,"max_hp_loss":0,"event_name":"Golden Wing","floor":12,"gold_loss":0},{"damage_healed":0,"gold_gain":0,"player_choice":"Simplicity","damage_taken":0,"max_hp_gain":0,"max_hp_loss":0,"event_name":"Back to Basics","floor":19,"gold_loss":0,"cards_upgraded":["Strike_B","Strike_B","Strike_B","Defend_B","Defend_B","Defend_B"]},{"damage_healed":0,"gold_gain":0,"player_choice":"Inject Mutagens","damage_taken":0,"relics_obtained":["MutagenicStrength"],"max_hp_gain":0,"max_hp_loss":0,"event_name":"Drug Dealer","floor":21,"gold_loss":0}],"is_beta":false,"boss_relics":[{"not_picked":["Pandora\u0027s Box","Tiny House"],"picked":"Calling Bell"}],"items_purged_floors":[],"is_endless":false,"potions_floor_spawned":[4,8,13,14,16,18],"killed_by":"Book of Stabbing","ascension_level":17}}