{"host":"7l2t4psy44vpcd9q","time":1610448811,"event":{"mods":["AchievementEnabler","BaseMod","DeckTracker","Minty Spire (QoL Compilation)","SuperFastMode"],"gold_per_floor":[109,124,124,124,49,81,81,99,99,112,168,182,201,34,34,111,111,129,29,43,55,55,55,55,71,94,94,109,56,84,98,98,98,98],"floor_reached":33,"playtime":1379,"items_purged":["Strike_R","Strike_R"],"score":638,"play_id":"2459bd15-0581-4bbb-9f2b-9df945a5e921","local_time":"20210112195331","is_ascension_mode":true,"campfire_choices":[{"data":"Pommel Strike","floor":7,"key":"SMITH"},{"data":"Armaments","floor":15,"key":"SMITH"},{"floor":23,"key":"REST"},{"floor":32,"key":"REST"}],"circlet_count":0,"master_deck":["AscendersBane","Strike_R","Defend_R","Defend_R","Defend_R","Defend_R","Bash","Pommel Strike+1","Dual Wield","Inflame","Twin Strike","Armaments+1","Second Wind","Pommel Strike","Offering","Disarm","Inflame","Twin Strike","Feed","Battle Trance","Sword Boomerang","Fiend Fire","Fire Breathing","Power Through","Limit Break","Warcry","Fire Breathing+1","Entrench","Headbutt+1"],"relics":["Burning Blood","NeowsBlessing","InkBottle","Dream Catcher","PreservedInsect","Akabeko","Orrery","Fusion Hammer","Boot","Frozen Egg 2"],"acts_visited":["Exordium","TheCity"],"potions_floor_usage":[8,13,16,31,33,33],"damage_taken":[{"damage":0,"enemies":"Small Slimes","floor":1,"turns":1},{"damage":0,"enemies":"2 Louse","floor":2,"turns":1},{"damage":0,"enemies":"Lagavulin","floor":6,"turns":1},{"damage":6,"enemies":"Cultist","floor":8,"turns":5},{"damage":23,"enemies":"Exordium Wildlife","floor":10,"turns":4},{"damage":35,"enemies":"3 Sentries","floor":11,"turns":7},{"damage":3,"enemies":"Blue Slaver","floor":12,"turns":2},{"damage":0,"enemies":"Large Slime","floor":13,"turns":4},{"damage":23,"enemies":"Hexaghost","floor":16,"turns":8},{"damage":28,"enemies":"Chosen","floor":18,"turns":5},{"damage":28,"enemies":"Spheric Guardian","floor":20,"turns":4},{"damage":14,"enemies":"Centurion and Healer","floor":21,"turns":6},{"damage":9,"enemies":"Sentry and Sphere","floor":25,"turns":4},{"damage":21,"enemies":"Cultist and Chosen","floor":28,"turns":6},{"damage":6,"enemies":"Gremlin Leader","floor":30,"turns":3},{"damage":2,"enemies":"Snake Plant","floor":31,"turns":3},{"damage":65,"enemies":"Collector","floor":33,"turns":5}],"seed_played":"-263374876711753681","potions_obtained":[{"floor":2,"key":"Block Potion"},{"floor":8,"key":"Dexterity Potion"},{"floor":10,"key":"Fire Potion"},{"floor":25,"key":"Fire Potion"},{"floor":31,"key":"DistilledChaos"}],"is_trial":false,"path_per_floor":["M","M","?","?","$","E","R","M","T","M","?","M","M","$","R","B",null,"M","$","M","M","?","R","?","M","T","?","M","$","E","M","R","B"],"character_chosen":"IRONCLAD","items_purchased":["Orrery","Weak Potion"],"campfire_rested":2,"item_purchase_floors":[14,29],"current_hp_per_floor":[74,75,80,80,80,80,80,80,80,63,34,37,43,43,43,26,67,45,45,23,19,19,44,44,44,44,44,32,32,32,36,63,0,0],"gold":98,"neow_bonus":"THREE_ENEMY_KILL","is_daily":false,"chose_seed":false,"campfire_upgraded":2,"win_rate":0.0,"timestamp":1610448811,"path_taken":["M","M","?","?","$","E","R","?","T","M","?","M","M","$","R","BOSS","M","$","M","M","?","R","?","M","T","?","M","$","E","M","R","BOSS"],"items_purchased_type":["Relic","Potion"],"build_version":"2020-12-22","purchased_purges":2,"victory":false,"max_hp_per_floor":[75,75,80,80,80,80,80,80,80,80,80,80,80,80,80,80,80,80,80,80,84,84,84,84,87,87,87,90,90,90,90,90,90,90],"card_choices":[{"not_picked":["Sword Boomerang","Second Wind"],"picked":"Pommel Strike","floor":1},{"not_picked":["Headbutt","Seeing Red"],"picked":"Armaments","floor":2},{"not_picked":["Havoc","Rupture"],"picked":"Dual Wield","floor":6},{"not_picked":["Clash","Shrug It Off"],"picked":"Inflame","floor":8},{"not_picked":["Rupture","Wild Strike"],"picked":"Twin Strike","floor":10},{"not_picked":["Anger","Cleave"],"picked":"Armaments","floor":11},{"not_picked":["Havoc","Berserk"],"picked":"Second Wind","floor":12},{"not_picked":["Clothesline","Warcry"],"picked":"Pommel Strike","floor":13},{"not_picked":["Whirlwind","Warcry"],"picked":"Offering","floor":14},{"not_picked":["Armaments","Battle Trance"],"picked":"Disarm","floor":14},{"not_picked":["Body Slam","Clash"],"picked":"Inflame","floor":14},{"not_picked":["Pommel Strike","Headbutt"],"picked":"Twin Strike","floor":14},{"not_picked":["Offering","Fiend Fire"],"picked":"Feed","floor":16},{"not_picked":["Carnage","Cleave"],"picked":"Battle Trance","floor":18},{"not_picked":["Rupture","Dual Wield"],"picked":"Sword Boomerang","floor":20},{"not_picked":["Clothesline+1","Headbutt+1","Clash"],"picked":"SKIP","floor":21},{"not_picked":["Reckless Charge","Armaments"],"picked":"Power Through","floor":23},{"not_picked":["Dark Embrace","Cleave"],"picked":"Warcry","floor":25},{"not_picked":["Body Slam","Metallicize","Wild Strike"],"picked":"SKIP","floor":28},{"not_picked":["Juggernaut+1","Armaments"],"picked":"Fire Breathing+1","floor":30},{"not_picked":["Headbutt","Thunderclap"],"picked":"Entrench","floor":31},{"not_picked":["Shrug It Off","Anger+1"],"picked":"Headbutt+1","floor":32}],"player_experience":1214494,"relics_obtained":[{"floor":6,"key":"Dream Catcher"},{"floor":9,"key":"PreservedInsect"},{"floor":11,"key":"Akabeko"},{"floor":26,"key":"Boot"},{"floor":30,"key":"Frozen Egg 2"}],"event_choices":[{"damage_healed":0,"gold_gain":0,"player_choice":"Donut","damage_taken":0,"max_hp_gain":5,"max_hp_loss":0,"event_name":"Big Fish","floor":3,"gold_loss":0},{"cards_removed":["Armaments"],"damage_healed":0,"gold_gain":0,"player_choice":"Gave Card","damage_taken":0,"relics_obtained":["InkBottle"],"max_hp_gain":0,"max_hp_loss":0,"event_name":"WeMeetAgain","floor":4,"gold_loss":0},{"damage_healed":0,"gold_gain":0,"player_choice":"Searched \u00271\u0027 times","damage_taken":0,"max_hp_gain":0,"max_hp_loss":0,"event_name":"Dead Adventurer","floor":11,"gold_loss":0},{"damage_healed":0,"gold_gain":0,"cards_transformed":["Strike_R","Strike_R"],"player_choice":"Became Test Subject","damage_taken":0,"max_hp_gain":0,"max_hp_loss":0,"event_name":"Drug Dealer","floor":22,"gold_loss":0,"cards_obtained":["Fiend Fire","Fire Breathing"]},{"damage_healed":0,"gold_gain":0,"player_choice":"Read","damage_taken":0,"max_hp_gain":0,"max_hp_loss":0,"event_name":"The Library","floor":24,"gold_loss":0,"cards_obtained":["Limit Break"]},{"damage_healed":0,"gold_gain":0,"player_choice":"Ignored","damage_taken":0,"max_hp_gain":0,"max_hp_loss":0,"event_name":"The Mausoleum","floor":27,"gold_loss":0}],"is_beta":false,"boss_relics":[{"not_picked":["Calling Bell","Snecko Eye"],"picked":"Fusion Hammer"}],"items_purged_floors":[5,19],"is_endless":false,"potions_floor_spawned":[2,8,10,25,30,31],"killed_by":"Collector","ascension_level":20}}