{"host":"ldbx2jhnvtia1ouf","time":1610468465,"event":{"mods":["BaseMod","Better Note","Better Sensory Stone","Better Skull","Better Third Choice","Block Reminder","Colored Map","Colored Powertips","Curses Come First","Highlight Path","Minty Spire (QoL Compilation)","Permanent Neow","Spicy Shops","StSLib","Transform Curses","Unceasing Turn Reminder"],"gold_per_floor":[99,99,99,99,99,99,99,99,99,99,99,99,3,3,3,3,3,3,3,3,3,3,3,3,3,3,3,3,3,3,3],"floor_reached":30,"playtime":1535,"items_purged":[],"score":275,"play_id":"6e7af92c-9917-4fcc-908f-95a779d02209","local_time":"20210113022105","is_ascension_mode":false,"campfire_choices":[{"data":"Bullet Time","floor":6,"key":"SMITH"},{"floor":8,"key":"RECALL"},{"data":"Calculated Gamble","floor":12,"key":"SMITH"},{"data":"Strike_G","floor":15,"key":"PURGE"},{"floor":23,"key":"REST"},{"floor":25,"key":"REST"}],"circlet_count":0,"master_deck":["Strike_G","Strike_G","Defend_G","Defend_G","Defend_G","Defend_G","Defend_G","Survivor","Neutralize","Calculated Gamble+1","Crippling Poison","Bullet Time+1","Dagger Throw","Dash","Poisoned Stab","Crippling Poison","Deadly Poison","Dagger Throw","Footwork","Malaise","Creative AI+1","Noxious Fumes","Footwork","Tactician","Infinite Blades"],"relics":["Ectoplasm","Odd Mushroom","Peace Pipe","Strawberry","WristBlade","Dream Catcher","Centennial Puzzle"],"acts_visited":["Exordium","TheCity"],"potions_floor_usage":[14,14,21,24,30],"damage_taken":[{"damage":1,"enemies":"2 Louse","floor":1,"turns":2},{"damage":1,"enemies":"Cultist","floor":3,"turns":5},{"damage":0,"enemies":"Jaw Worm","floor":4,"turns":3},{"damage":0,"enemies":"Exordium Wildlife","floor":5,"turns":4},{"damage":0,"enemies":"Blue Slaver","floor":7,"turns":4},{"damage":0,"enemies":"Exordium Thugs","floor":10,"turns":6},{"damage":13,"enemies":"The Mushroom Lair","floor":11,"turns":5},{"damage":0,"enemies":"Lagavulin","floor":14,"turns":5},{"damage":28,"enemies":"Slime Boss","floor":16,"turns":15},{"damage":6,"enemies":"Chosen","floor":18,"turns":6},{"damage":28,"enemies":"Spheric Guardian","floor":20,"turns":7},{"damage":15,"enemies":"Centurion and Healer","floor":21,"turns":5},{"damage":21,"enemies":"Snake Plant","floor":22,"turns":5},{"damage":28,"enemies":"Book of Stabbing","floor":24,"turns":7},{"damage":21,"enemies":"Cultist and Chosen","floor":30,"turns":4}],"seed_played":"6403275737132826771","potions_obtained":[{"floor":1,"key":"BlessingOfTheForge"},{"floor":4,"key":"ColorlessPotion"},{"floor":5,"key":"CultistPotion"},{"floor":20,"key":"Explosive Potion"},{"floor":22,"key":"FearPotion"},{"floor":24,"key":"Fire Potion"}],"is_trial":false,"path_per_floor":["M","?","M","M","M","R","M","R","T","M","?","R","$","E","R","B",null,"M","?","M","M","M","R","E","R","T","$","?","?","M"],"character_chosen":"THE_SILENT","items_purchased":["Peace Pipe","Dagger Throw"],"campfire_rested":2,"item_purchase_floors":[13,13],"current_hp_per_floor":[69,69,68,68,68,68,68,68,68,68,55,55,55,62,62,34,77,71,71,43,28,7,30,2,25,25,25,25,11,0,0],"gold":3,"neow_bonus":"BOSS_RELIC","is_daily":false,"chose_seed":false,"campfire_upgraded":2,"win_rate":0.0,"timestamp":1610468465,"path_taken":["M","?","M","?","?","R","M","R","T","M","?","R","?","E","R","BOSS","M","?","M","M","M","R","E","R","T","$","?","?","M"],"items_purchased_type":["Relic","Card"],"build_version":"2020-12-22","purchased_purges":0,"victory":false,"max_hp_per_floor":[70,70,70,70,70,70,70,70,70,70,70,70,70,77,77,77,77,77,77,77,77,77,77,77,77,77,77,77,82,82,82],"card_choices":[{"not_picked":["Predator","Riddle With Holes"],"picked":"Calculated Gamble","floor":1},{"not_picked":["Dagger Spray","Slice"],"picked":"Dagger Throw","floor":3},{"not_picked":["Sucker Punch","Dagger Spray"],"picked":"Dash","floor":4},{"not_picked":["Dodge and Roll","Outmaneuver"],"picked":"Poisoned Stab","floor":5},{"not_picked":["Sucker Punch","Skewer","Accuracy"],"picked":"SKIP","floor":7},{"not_picked":["Calculated Gamble","Leg Sweep"],"picked":"Crippling Poison","floor":10},{"not_picked":["Dodge and Roll","Bane"],"picked":"Deadly Poison","floor":11},{"not_picked":["Riddle With Holes","Dash"],"picked":"Footwork","floor":14},{"not_picked":["Glass Knife","A Thousand Cuts"],"picked":"Malaise","floor":16},{"not_picked":["Cloak And Dagger+1","PiercingWail","Endless Agony+1"],"picked":"SKIP","floor":18},{"not_picked":["Accuracy","Poisoned Stab+1"],"picked":"Noxious Fumes","floor":20},{"not_picked":["Acrobatics","Calculated Gamble+1"],"picked":"Footwork","floor":21},{"not_picked":["Finisher","Cloak And Dagger+1","Bane"],"picked":"SKIP","floor":22},{"not_picked":["Accuracy","Slice+1","Dagger Spray+1"],"picked":"SKIP","floor":24}],"player_experience":117428,"relics_obtained":[{"floor":11,"key":"Odd Mushroom"},{"floor":14,"key":"Strawberry"},{"floor":24,"key":"Dream Catcher"},{"floor":26,"key":"Centennial Puzzle"}],"event_choices":[{"damage_healed":0,"gold_gain":0,"player_choice":"2 cards matched","damage_taken":0,"max_hp_gain":0,"max_hp_loss":0,"event_name":"Match and Keep!","floor":2,"gold_loss":0,"cards_obtained":["Crippling Poison","Bullet Time"]},{"damage_healed":0,"gold_gain":0,"player_choice":"Fought Mushrooms","damage_taken":0,"max_hp_gain":0,"max_hp_loss":0,"event_name":"Mushrooms","floor":11,"gold_loss":0},{"cards_removed":["Bullet Time"],"damage_healed":0,"gold_gain":0,"player_choice":"Take \u0026 Give","damage_taken":0,"max_hp_gain":0,"max_hp_loss":0,"event_name":"betterNote:BetterNote","floor":19,"gold_loss":0,"cards_obtained":["Creative AI"]},{"damage_healed":0,"gold_gain":0,"cards_transformed":["Strike_G","Strike_G"],"player_choice":"Became Test Subject","damage_taken":0,"max_hp_gain":0,"max_hp_loss":0,"event_name":"Drug Dealer","floor":28,"gold_loss":0,"cards_obtained":["Tactician","Infinite Blades"]},{"damage_healed":0,"gold_gain":0,"player_choice":"Shed Blood","damage_taken":19,"max_hp_gain":5,"max_hp_loss":0,"event_name":"Forgotten Altar","floor":29,"gold_loss":0}],"is_beta":false,"boss_relics":[{"not_picked":["Snecko Eye","Philosopher\u0027s Stone"],"picked":"WristBlade"}],"items_purged_floors":[],"is_endless":false,"potions_floor_spawned":[1,4,5,10,20,22,24],"killed_by":"Cultist and Chosen","ascension_level":0}}