{"host":"yganem311pbhnzmn","time":1610439258,"event":{"mods":["AchievementEnabler","BaseMod","BetterRewards","Colored Map","Minty Spire (QoL Compilation)","Shop Mod","StSLib","SuperFastMode"],"gold_per_floor":[113,63,18,28,43,43,61,91,91,91,101,101,131,150,150,255,255,242,262,275,290,290,290,306,306,306,306,337,12,25,45,45,146,146,165,165,37,50,61,61,61,61,85,117,129,141,166,178,178,178,178,178,26,61,61,61],"floor_reached":55,"playtime":3392,"items_purged":[],"score":993,"play_id":"b5c2ebd3-0935-452e-9f73-744fe8a39f12","local_time":"20210112171418","is_ascension_mode":false,"campfire_choices":[{"data":"Accuracy","floor":6,"key":"SMITH"},{"data":"Blade Dance","floor":10,"key":"SMITH"},{"data":"Dodge and Roll","floor":15,"key":"SMITH"},{"floor":23,"key":"REST"},{"data":"Blur","floor":25,"key":"SMITH"},{"data":"Dodge and Roll","floor":27,"key":"SMITH"},{"floor":32,"key":"REST"},{"data":"Blade Dance","floor":40,"key":"SMITH"},{"floor":42,"key":"RECALL"},{"floor":49,"key":"REST"},{"floor":52,"key":"REST"}],"circlet_count":0,"master_deck":["Strike_G","Strike_G","Strike_G","Strike_G","Defend_G","Defend_G","Defend_G","Defend_G","Defend_G","Survivor","Neutralize","Accuracy+1","Poisoned Stab","Deadly Poison","Blade Dance+1","Corpse Explosion","Blade Dance+1","Slice","Dodge and Roll+1","After Image+1","Dodge and Roll+1","Finisher","Deadly Poison","Blur+1","Writhe","Noxious Fumes+1","Dodge and Roll+1","Concentrate+1","After Image+1","Footwork+1","Blade Dance+1","PiercingWail+1","Backflip+1","Deflect+1","Slice","Dagger Throw+1","Outmaneuver+1","Dagger Throw+1","Infinite Blades+1","Blade Dance+1"],"relics":["Ring of the Snake","ClockworkSouvenir","Boot","Centennial Puzzle","Frozen Egg 2","Gambling Chip","Philosopher\u0027s Stone","Ornamental Fan","Gremlin Horn","Red Mask","Toxic Egg 2","WristBlade","Dream Catcher","Art of War","Snake Skull","Happy Flower"],"acts_visited":["Exordium","TheCity","TheBeyond","TheEnding"],"potions_floor_usage":[33],"damage_taken":[{"damage":5,"enemies":"Jaw Worm","floor":1,"turns":5},{"damage":9,"enemies":"Small Slimes","floor":4,"turns":3},{"damage":0,"enemies":"2 Louse","floor":5,"turns":2},{"damage":3,"enemies":"Exordium Wildlife","floor":7,"turns":4},{"damage":13,"enemies":"Lagavulin","floor":8,"turns":5},{"damage":15,"enemies":"Exordium Thugs","floor":11,"turns":4},{"damage":0,"enemies":"Gremlin Nob","floor":13,"turns":2},{"damage":4,"enemies":"Blue Slaver","floor":14,"turns":2},{"damage":1,"enemies":"Hexaghost","floor":16,"turns":6},{"damage":0,"enemies":"2 Thieves","floor":18,"turns":4},{"damage":8,"enemies":"Spheric Guardian","floor":19,"turns":4},{"damage":7,"enemies":"3 Cultists","floor":20,"turns":3},{"damage":24,"enemies":"Centurion and Healer","floor":21,"turns":5},{"damage":12,"enemies":"Chosen and Byrds","floor":24,"turns":6},{"damage":3,"enemies":"Masked Bandits","floor":28,"turns":2},{"damage":0,"enemies":"Snecko","floor":30,"turns":3},{"damage":17,"enemies":"3 Cultists","floor":31,"turns":5},{"damage":3,"enemies":"Automaton","floor":33,"turns":9},{"damage":3,"enemies":"Orb Walker","floor":35,"turns":4},{"damage":1,"enemies":"3 Shapes","floor":38,"turns":4},{"damage":1,"enemies":"Spire Growth","floor":39,"turns":5},{"damage":13,"enemies":"Reptomancer","floor":44,"turns":8},{"damage":7,"enemies":"Writhing Mass","floor":45,"turns":7},{"damage":0,"enemies":"4 Shapes","floor":46,"turns":4},{"damage":13,"enemies":"Nemesis","floor":47,"turns":7},{"damage":9,"enemies":"Jaw Worm Horde","floor":48,"turns":5},{"damage":26,"enemies":"Donu and Deca","floor":50,"turns":10},{"damage":59,"enemies":"Shield and Spear","floor":54,"turns":6},{"damage":31,"enemies":"The Heart","floor":55,"turns":3}],"seed_played":"739875397626635099","potions_obtained":[{"floor":4,"key":"Swift Potion"},{"floor":7,"key":"SpeedPotion"},{"floor":8,"key":"Regen Potion"},{"floor":33,"key":"SkillPotion"},{"floor":46,"key":"SpeedPotion"}],"is_trial":false,"path_per_floor":["M","$","?","M","M","R","M","E","T","R","M","?","E","M","R","B",null,"M","M","M","M","?","R","M","R","T","R","?","$","M","M","R","B",null,"M","?","$","M","M","R","?","R","T","E","M","M","E","M","R","B",null,"R","$","E","B"],"character_chosen":"THE_SILENT","items_purchased":["Accuracy","ClockworkSouvenir","Boot","Deadly Poison","Noxious Fumes+1","Toxic Egg 2","Footwork+1","Blade Dance+1","Snake Skull"],"campfire_rested":4,"item_purchase_floors":[0,0,0,2,29,29,37,37,53],"current_hp_per_floor":[65,65,65,56,56,56,53,40,40,40,25,25,25,21,21,20,70,70,62,55,31,31,52,40,40,40,40,37,37,37,20,41,53,70,67,67,67,66,65,65,65,65,65,52,45,45,32,23,42,16,66,66,66,7,0,0],"gold":61,"neow_bonus":"","is_daily":false,"chose_seed":false,"campfire_upgraded":6,"win_rate":0.0,"timestamp":1610439258,"path_taken":["M","$","?","M","M","R","M","E","T","R","M","?","E","M","R","BOSS","M","M","M","M","?","R","M","R","T","R","?","$","M","M","R","BOSS","M","?","$","M","M","R","?","R","T","E","M","M","E","M","R","BOSS","R","$","E","BOSS"],"items_purchased_type":["Card","Relic","Relic","Card","Card","Relic","Card","Card","Relic"],"build_version":"2020-12-22","purchased_purges":0,"victory":false,"max_hp_per_floor":[70,70,70,70,70,70,70,70,70,70,70,70,70,70,70,70,70,70,70,70,70,70,70,70,70,70,70,70,70,70,70,70,70,70,70,70,70,70,70,70,66,66,66,66,66,66,66,66,66,66,66,66,66,66,66,66],"card_choices":[{"not_picked":["Masterful Stab","Bane"],"picked":"Poisoned Stab","floor":1},{"not_picked":["Poisoned Stab","Crippling Poison"],"picked":"Blade Dance","floor":4},{"not_picked":["Bane","Acrobatics","Dagger Spray"],"picked":"SKIP","floor":5},{"not_picked":["Masterful Stab","Dagger Throw","Leg Sweep"],"picked":"SKIP","floor":7},{"not_picked":["Flying Knee","Eviscerate"],"picked":"Corpse Explosion","floor":8},{"not_picked":["Accuracy+1","Crippling Poison"],"picked":"Blade Dance","floor":11},{"not_picked":["Acrobatics","All Out Attack"],"picked":"Slice","floor":13},{"not_picked":["Caltrops+1","Slice"],"picked":"Dodge and Roll","floor":14},{"not_picked":["Unload","Storm of Steel"],"picked":"After Image+1","floor":16},{"not_picked":["Reflex+1","Setup"],"picked":"Dodge and Roll","floor":18},{"not_picked":["Poisoned Stab+1","Setup+1"],"picked":"Finisher","floor":19},{"not_picked":["Eviscerate","Distraction+1"],"picked":"Deadly Poison","floor":20},{"not_picked":["Dagger Spray+1","Sucker Punch"],"picked":"Blur","floor":21},{"not_picked":["Backstab","Flechettes","Concentrate"],"picked":"SKIP","floor":24},{"not_picked":["Sucker Punch","Setup+1"],"picked":"Dodge and Roll+1","floor":30},{"not_picked":["Heel Hook","Sucker Punch+1"],"picked":"Concentrate+1","floor":31},{"not_picked":["Doppelganger+1","Adrenaline+1"],"picked":"After Image+1","floor":33},{"not_picked":["Sucker Punch","Underhanded Strike","Deadly Poison+1"],"picked":"SKIP","floor":35},{"not_picked":["Skewer","Distraction+1"],"picked":"PiercingWail+1","floor":38},{"not_picked":["Noxious Fumes+1","Envenom+1"],"picked":"Backflip+1","floor":39},{"not_picked":["Endless Agony","Dodge and Roll+1"],"picked":"Deflect+1","floor":44},{"not_picked":["Flying Knee","Acrobatics+1"],"picked":"Slice","floor":45},{"not_picked":["Bane","Underhanded Strike"],"picked":"Dagger Throw+1","floor":46},{"not_picked":["Corpse Explosion+1","Venomology+1"],"picked":"Outmaneuver+1","floor":47},{"not_picked":["All Out Attack+1","Prepared+1"],"picked":"Dagger Throw+1","floor":48},{"not_picked":["Backstab","Poisoned Stab"],"picked":"Infinite Blades+1","floor":49},{"not_picked":["Prepared+1","Dagger Throw+1"],"picked":"Blade Dance+1","floor":54}],"player_experience":124252,"relics_obtained":[{"floor":8,"key":"Centennial Puzzle"},{"floor":9,"key":"Frozen Egg 2"},{"floor":13,"key":"Gambling Chip"},{"floor":26,"key":"Gremlin Horn"},{"floor":28,"key":"Red Mask"},{"floor":44,"key":"Dream Catcher"},{"floor":47,"key":"Art of War"},{"floor":54,"key":"Happy Flower"}],"event_choices":[{"damage_healed":0,"gold_gain":0,"player_choice":"Left Gold","damage_taken":0,"max_hp_gain":0,"max_hp_loss":0,"event_name":"World of Goop","floor":3,"gold_loss":45},{"damage_healed":0,"gold_gain":0,"player_choice":"Fled","damage_taken":0,"max_hp_gain":0,"max_hp_loss":0,"event_name":"Scrap Ooze","floor":12,"gold_loss":0},{"damage_healed":0,"gold_gain":0,"player_choice":"Opened","damage_taken":0,"relics_obtained":["Ornamental Fan"],"max_hp_gain":0,"max_hp_loss":0,"event_name":"The Mausoleum","floor":22,"gold_loss":0,"cards_obtained":["Writhe"]},{"damage_healed":0,"gold_gain":0,"player_choice":"Fought Bandits","damage_taken":0,"max_hp_gain":0,"max_hp_loss":0,"event_name":"Masked Bandits","floor":28,"gold_loss":0},{"cards_removed":["Strike_G"],"damage_healed":0,"gold_gain":0,"player_choice":"Removed Attack","damage_taken":0,"max_hp_gain":0,"max_hp_loss":0,"event_name":"Falling","floor":36,"gold_loss":0},{"damage_healed":0,"gold_gain":0,"player_choice":"Max HP","damage_taken":0,"max_hp_gain":0,"max_hp_loss":4,"event_name":"Winding Halls","floor":41,"gold_loss":0}],"is_beta":false,"boss_relics":[{"not_picked":["Snecko Eye","Astrolabe"],"picked":"Philosopher\u0027s Stone"},{"not_picked":["Sozu","Runic Pyramid"],"picked":"WristBlade"}],"items_purged_floors":[],"is_endless":false,"potions_floor_spawned":[4,7,8,13,19,21,24,33,35,38,46,48],"killed_by":"The Heart","ascension_level":0}}