{"host":"zlfskofstem8q1jl","time":1610436080,"event":{"mods":["ATMod(∞¢Ë™Mod)","Act Like it!","BaseMod","Lobotomy","LobotomyExtend","Marisa£®ÏF”Í°°ƒß¿Ì…≥£©","Minty Spire (QoL Compilation)","Reimu£®≤©¿ˆ¡È√Œ£©","Remilia£®¿Ÿ√◊¿Ú—«£©","Replay The Spire","StSLib","WarShipGirlsR/’ΩΩ¢…Ÿ≈ÆR mod","°æ“≈ŒÔø®≈∆°øREMEMod"],"gold_per_floor":[156,189,149,206,1,76,106,106,106,106,165,220,220,220,220,358,358,397,397,4,0,0],"floor_reached":21,"playtime":1085,"items_purged":[],"score":254,"play_id":"bc7cf782-050e-4614-b3bc-f3b35c17cccd","local_time":"20210112152120","daily_mods":["Draft","Hoarder","Vintage","Heirloom","DeadlyEvents","Elite Swarm","Midas"],"is_ascension_mode":false,"campfire_choices":[{"floor":8,"key":"REST"},{"data":"AT_Dispersion","floor":13,"key":"PURGE"}],"circlet_count":0,"master_deck":["FitfulNightmare","FitfulNightmare","FitfulNightmare","ScarletNetherworld","ScarletNetherworld","ScarletNetherworld","RedNightlessCastle","RedNightlessCastle","RedNightlessCastle","MastersStateliness","MastersStateliness","MastersStateliness","BloodHunter","BloodHunter","BloodHunter","BlasphemousPunishment","BlasphemousPunishment","BlasphemousPunishment"],"relics":["ScarletHat","REME_ComplimentaryCards","AT_ATBox","Du-Vu Doll","Snack Pack","LetterFromLob","Vajra","PaintedHorse:ReiMu","AT_SpeedBoots","AT_ChloranthyRing","MealTicket","FairyMaid","REME_LimitBreaker","Golden Idol","Peace Pipe","RedMistMask","REME_PuzzleBoxRelic","Replay:Arrowhead","REME_LowDesire","Ancient Tea Set","Omamori","The Courier","Lantern"],"acts_visited":["Exordium","TheCity"],"potions_floor_usage":[2],"damage_taken":[{"damage":0,"enemies":"Small Slimes","floor":1,"turns":1},{"damage":9,"enemies":"Jaw Worm","floor":2,"turns":2},{"damage":0,"enemies":"2 Louse","floor":4,"turns":1},{"damage":0,"enemies":"3 Sentries","floor":6,"turns":4},{"damage":0,"enemies":"Looter","floor":7,"turns":1},{"damage":6,"enemies":"Red Slaver","floor":11,"turns":3},{"damage":0,"enemies":"2 Fungi Beasts","floor":12,"turns":1},{"damage":0,"enemies":"Slime Boss","floor":16,"turns":3},{"damage":0,"enemies":"Spheric Guardian","floor":18,"turns":2},{"damage":25,"enemies":"2 Thieves","floor":21,"turns":2}],"seed_played":"190055188461702960","potions_obtained":[{"floor":1,"key":"FairyPotion"},{"floor":2,"key":"REME_GoldPotion"},{"floor":6,"key":"SkillPotion"},{"floor":7,"key":"Dexterity Potion"}],"is_trial":true,"path_per_floor":["M","M","?","M","$","E","M","R","T","?","M","M","R","T","R","B",null,"M","?","$","M"],"character_chosen":"REMILIA","items_purchased":["AT_ChloranthyRing","MastersStateliness","Lantern","FitfulNightmare","ScarletNetherworld","RedNightlessCastle","MastersStateliness","BloodHunter","BlasphemousPunishment"],"campfire_rested":1,"item_purchase_floors":[5,5,20,20,20,20,20,20,20],"current_hp_per_floor":[75,68,68,70,70,75,75,75,75,57,61,61,61,61,75,75,75,75,75,75,52,52],"gold":0,"neow_bonus":"","is_daily":false,"chose_seed":false,"campfire_upgraded":0,"win_rate":0.0,"timestamp":1610436080,"path_taken":["M","M","?","M","$","E","M","R","T","?","M","M","R","?","R","BOSS","M","?","$","M"],"items_purchased_type":["Relic","Card","Card","Card","Card","Card","Card","Card","Card"],"build_version":"2020-12-22","purchased_purges":0,"victory":false,"max_hp_per_floor":[75,75,75,75,75,75,75,75,75,75,75,75,75,75,75,75,75,75,75,75,75,75],"card_choices":[{"not_picked":["UnderTheZenith","VampireSweep"],"picked":"CharismaGuard","floor":0},{"not_picked":["BloodAndWine","ScarletImprint"],"picked":"VampirishNight","floor":0},{"not_picked":["EndlessAdversity","ScarletDevil"],"picked":"RedRainbow","floor":0},{"not_picked":["StarOfDavid","MiserableFate"],"picked":"RedNightlessCastle","floor":0},{"not_picked":["MastersStateliness","RedNightlessCastle"],"picked":"VampireClaw","floor":0},{"not_picked":["BadLadyScramble","VampirishNight"],"picked":"ScarletSymphony","floor":0},{"not_picked":["ScarletImprint","BloodHunter"],"picked":"RedRainbow","floor":0},{"not_picked":["HunterOfTheNight","MastersStateliness"],"picked":"RedRainbow","floor":0},{"not_picked":["ScarletImprint","UnstableMagic"],"picked":"EternalNight","floor":0},{"not_picked":["StarOfDavid","Stigmanizer"],"picked":"DiffusionOfMisfortune","floor":0},{"not_picked":["BlasphemousPunishment","MastersStateliness"],"picked":"NightDance","floor":0},{"not_picked":["NightDance","StarOfDavid"],"picked":"CharismaGuard","floor":0},{"not_picked":["RedMagic","BloodyTrap"],"picked":"UnstableMagic","floor":0},{"not_picked":["MastersStateliness","Stigmanizer"],"picked":"DevilSight","floor":0},{"not_picked":["DiffusionOfMisfortune","UnderTheZenith"],"picked":"BombardNight","floor":0},{"not_picked":["CeilingFear","KillingBlow"],"picked":"BloodRain","floor":6},{"not_picked":["ForecastOfChange","BloodRain"],"picked":"CeilingFear","floor":16}],"player_experience":77932,"relics_obtained":[{"floor":1,"key":"Snack Pack"},{"floor":1,"key":"LetterFromLob"},{"floor":2,"key":"Vajra"},{"floor":4,"key":"AT_SpeedBoots"},{"floor":6,"key":"MealTicket"},{"floor":7,"key":"FairyMaid"},{"floor":9,"key":"REME_LimitBreaker"},{"floor":11,"key":"Peace Pipe"},{"floor":12,"key":"RedMistMask"},{"floor":12,"key":"REME_PuzzleBoxRelic"},{"floor":14,"key":"Replay:Arrowhead"},{"floor":17,"key":"Ancient Tea Set"},{"floor":17,"key":"Omamori"},{"floor":18,"key":"The Courier"}],"event_choices":[{"damage_healed":0,"gold_gain":0,"player_choice":"»˚«Æ","damage_taken":0,"relics_obtained":["PaintedHorse:ReiMu"],"max_hp_gain":0,"max_hp_loss":0,"event_name":"yidonshenshe","floor":3,"gold_loss":40},{"damage_healed":0,"gold_gain":0,"player_choice":"Take Damage","damage_taken":18,"relics_obtained":["Golden Idol"],"max_hp_gain":0,"max_hp_loss":0,"event_name":"Golden Idol","floor":10,"gold_loss":0}],"is_beta":false,"boss_relics":[{"not_picked":["Snecko Heart","Replay:Bronze Core"],"picked":"REME_LowDesire"}],"items_purged_floors":[],"is_endless":false,"potions_floor_spawned":[1,2,6,7],"killed_by":"2 Thieves","ascension_level":0}}