{"host":"c97twqu0op5dg8i4","time":1610429842,"event":{"mods":["AchievementEnabler","BaseMod","Colored Map","Minty Spire (QoL Compilation)","Permanent Neow"],"gold_per_floor":[112,112,131,111,121,151,28,60,60,77,77,90,90,124,124,223,223,236,236,236,21,21,21,39,39,39],"floor_reached":25,"playtime":1532,"items_purged":[],"score":255,"play_id":"befbf0f0-b319-475b-a557-0cf9446e9caf","local_time":"20210112003722","is_ascension_mode":true,"campfire_choices":[{"data":"Defragment","floor":11.0,"key":"SMITH"},{"floor":13.0,"key":"REST"},{"data":"Ball Lightning","floor":15.0,"key":"SMITH"},{"data":"Creative AI","floor":23.0,"key":"SMITH"}],"circlet_count":0,"master_deck":["Zap+1","Dualcast","Melter","Double Energy+1","Ball Lightning+1","Chaos","Defragment+1","Sweeping Beam","Doom and Gloom","Sweeping Beam","Conserve Battery","Auto Shields","Buffer","Buffer","Loop","Capacitor","Go for the Eyes","Fusion","Creative AI+1","Defragment+1","Ball Lightning","Barrage"],"relics":["Cracked Core","NeowsBlessing","War Paint","Torii","Darkstone Periapt","Mango","Pandora\u0027s Box","Lee\u0027s Waffle","GremlinMask"],"acts_visited":[],"potions_floor_usage":[],"damage_taken":[{"damage":0.0,"enemies":"2 Louse","floor":1.0,"turns":1.0},{"damage":0.0,"enemies":"Cultist","floor":3.0,"turns":1.0},{"damage":0.0,"enemies":"Jaw Worm","floor":5.0,"turns":1.0},{"damage":14.0,"enemies":"Gremlin Nob","floor":6.0,"turns":3.0},{"damage":17.0,"enemies":"Lagavulin","floor":8.0,"turns":5.0},{"damage":0.0,"enemies":"Exordium Wildlife","floor":10.0,"turns":3.0},{"damage":8.0,"enemies":"Blue Slaver","floor":12.0,"turns":3.0},{"damage":18.0,"enemies":"3 Sentries","floor":14.0,"turns":4.0},{"damage":16.0,"enemies":"The Guardian","floor":16.0,"turns":8.0},{"damage":20.0,"enemies":"3 Byrds","floor":18.0,"turns":4.0},{"damage":15.0,"enemies":"Chosen","floor":24.0,"turns":5.0},{"damage":0,"enemies":"Gremlin Leader","floor":25,"turns":1}],"seed_played":"1659403827373154881","potions_obtained":[{"floor":1.0,"key":"FocusPotion"},{"floor":4.0,"key":"Fire Potion"},{"floor":5.0,"key":"Fruit Juice"},{"floor":6.0,"key":"Swift Potion"},{"floor":10.0,"key":"SteroidPotion"},{"floor":24.0,"key":"Swift Potion"}],"is_trial":false,"path_per_floor":["M","?","M","?","M","E","$","E","T","M","R","M","R","E","R","B",null,"M","?","?","$","?","R","M","E"],"character_chosen":"DEFECT","items_purchased":["Defragment","Sweeping Beam","Lee\u0027s Waffle","Ball Lightning","Barrage"],"campfire_rested":1,"item_purchase_floors":[7,7,21,21,21],"current_hp_per_floor":[75,75,75,75,75,66,66,49,49,49,49,41,65,61,61,45,94,74,74,74,101,101,101,86,86,86],"gold":39,"neow_bonus":"THREE_ENEMY_KILL","is_daily":false,"chose_seed":false,"campfire_upgraded":3,"win_rate":0.0,"timestamp":1610429842,"path_taken":["M","?","M","?","?","E","$","E","T","M","R","M","R","E","R","BOSS","M","?","?","?","?","R","M","E"],"items_purchased_type":["Card","Card","Relic","Card","Card"],"build_version":"2020-12-22","purchased_purges":0,"victory":false,"max_hp_per_floor":[75,75,75,75,75,80,80,80,80,80,80,80,80,94,94,94,94,94,94,94,101,101,101,101,101,101],"card_choices":[{"not_picked":["Heatsinks","Redo"],"picked":"Melter","floor":1.0},{"not_picked":["Compile Driver","Hologram"],"picked":"Double Energy","floor":3.0},{"not_picked":["Gash","Steam"],"picked":"Ball Lightning","floor":5.0},{"not_picked":["Multi-Cast","Steam"],"picked":"Chaos","floor":6.0},{"not_picked":["Compile Driver","Auto Shields"],"picked":"Doom and Gloom","floor":8.0},{"not_picked":["Turbo","Barrage"],"picked":"Sweeping Beam","floor":10.0},{"not_picked":["Hello World","Streamline","Stack"],"picked":"SKIP","floor":12.0},{"not_picked":["Ball Lightning","FTL"],"picked":"Conserve Battery","floor":14.0},{"not_picked":["White Noise","Cold Snap"],"picked":"Defragment+1","floor":18.0},{"not_picked":["Rebound","Gash","Hello World+1"],"picked":"SKIP","floor":24.0}],"player_experience":226958,"relics_obtained":[{"floor":6.0,"key":"War Paint"},{"floor":8.0,"key":"Torii"},{"floor":9.0,"key":"Darkstone Periapt"},{"floor":14.0,"key":"Mango"}],"event_choices":[{"damage_healed":0.0,"max_hp_gain":0.0,"max_hp_loss":0.0,"gold_gain":0.0,"event_name":"Living Wall","player_choice":"Grow","floor":2.0,"gold_loss":0.0,"damage_taken":0.0,"cards_upgraded":["Zap"]},{"damage_healed":0.0,"max_hp_gain":0.0,"max_hp_loss":0.0,"gold_gain":0.0,"event_name":"The Woman in Blue","player_choice":"Bought 1 Potion","floor":4.0,"gold_loss":0.0,"damage_taken":0.0},{"damage_healed":0.0,"max_hp_gain":0.0,"max_hp_loss":0.0,"gold_gain":0.0,"event_name":"Cursed Tome","player_choice":"Ignored","floor":19.0,"gold_loss":0.0,"damage_taken":0.0},{"damage_healed":0.0,"max_hp_gain":0.0,"max_hp_loss":0.0,"gold_gain":0.0,"event_name":"Vampires","player_choice":"Ignored","floor":20.0,"gold_loss":0.0,"damage_taken":0.0},{"damage_healed":0.0,"max_hp_gain":0.0,"max_hp_loss":0.0,"gold_gain":0.0,"event_name":"FaceTrader","player_choice":"Trade","floor":22.0,"gold_loss":0.0,"damage_taken":0.0,"relics_obtained":["GremlinMask"]}],"is_beta":false,"boss_relics":[{"not_picked":["Sozu","Runic Dome"],"picked":"Pandora\u0027s Box"}],"items_purged_floors":[],"is_endless":false,"potions_floor_spawned":[1,5,6,10,16,24],"killed_by":"Gremlin Leader","ascension_level":1}}