{"host":"2xe1naorbvdtp4t7","time":1610455356,"event":{"mods":["BaseMod","Colored Map","Colored Powertips","Dark Map","Minty Spire (QoL Compilation)","Random Character Button","Rare Cards Sparkle","Spire Birthday Party"],"gold_per_floor":[112,112,126,142,155,155,167,181,258,258,272,290,290,302,302,397,397,409,81,0,0,0,26,26,36,36,36,49,49,49,49],"floor_reached":30,"playtime":928,"items_purged":[],"score":246,"play_id":"6d537749-caff-47c3-9ada-155adfa8f427","local_time":"20210112134236","is_ascension_mode":false,"campfire_choices":[{"data":"Auto Shields","floor":6,"key":"SMITH"},{"floor":10,"key":"REST"},{"data":"Darkness","floor":15,"key":"SMITH"},{"floor":24,"key":"REST"}],"circlet_count":0,"master_deck":["Strike_B+1","Strike_B+1","Strike_B+1","Strike_B+1","Defend_B+1","Defend_B+1","Defend_B+1","Defend_B+1","Zap","Buffer","Turbo","Darkness+1","Doom and Gloom","Auto Shields+1","Barrage","Leap","Steam","Lockon","Glacier","Electrodynamics","Ball Lightning","Barrage","Turbo","Auto Shields","Necronomicurse","Double Energy","Undo","Darkness"],"relics":["Cracked Core","Gremlin Horn","Pen Nib","Inserter","Cauldron","Necronomicon","Gambling Chip","Mercury Hourglass"],"acts_visited":["Exordium","TheCity"],"potions_floor_usage":[19,22,22,23,25],"damage_taken":[{"damage":5,"enemies":"Jaw Worm","floor":1,"turns":4},{"damage":3,"enemies":"2 Louse","floor":3,"turns":3},{"damage":0,"enemies":"Small Slimes","floor":4,"turns":4},{"damage":0,"enemies":"Exordium Wildlife","floor":5,"turns":2},{"damage":1,"enemies":"3 Louse","floor":7,"turns":3},{"damage":19,"enemies":"Blue Slaver","floor":8,"turns":3},{"damage":0,"enemies":"Looter","floor":11,"turns":3},{"damage":15,"enemies":"2 Fungi Beasts","floor":12,"turns":3},{"damage":2,"enemies":"Large Slime","floor":14,"turns":5},{"damage":20,"enemies":"Slime Boss","floor":16,"turns":8},{"damage":5,"enemies":"Chosen","floor":18,"turns":4},{"damage":0,"enemies":"3 Byrds","floor":22,"turns":2},{"damage":27,"enemies":"Gremlin Leader","floor":23,"turns":6},{"damage":12,"enemies":"Centurion and Healer","floor":25,"turns":3},{"damage":0,"enemies":"Cultist and Chosen","floor":28,"turns":4},{"damage":23,"enemies":"Snake Plant","floor":30,"turns":3}],"seed_played":"3467593434441435452","potions_obtained":[{"floor":1,"key":"Explosive Potion"},{"floor":5,"key":"SmokeBomb"},{"floor":7,"key":"SkillPotion"},{"floor":19,"key":"EntropicBrew"},{"floor":23,"key":"FocusPotion"}],"is_trial":false,"path_per_floor":["M","?","M","M","M","R","M","M","T","R","M","M","?","M","R","B",null,"M","$","?","?","M","E","R","M","T","?","M","?","M"],"character_chosen":"DEFECT","items_purchased":["Cauldron","Barrage","Turbo","Auto Shields"],"campfire_rested":2,"item_purchase_floors":[19,19,19,19],"current_hp_per_floor":[70,70,67,67,67,67,66,47,47,69,69,54,47,45,45,25,75,70,70,70,54,54,27,49,37,37,23,23,23,0,0],"gold":49,"neow_bonus":"TRANSFORM_CARD","is_daily":false,"chose_seed":false,"campfire_upgraded":2,"win_rate":0.0,"timestamp":1610455356,"path_taken":["M","?","M","M","M","R","M","M","T","R","M","M","?","M","R","BOSS","M","$","?","?","?","E","R","M","T","?","M","?","M"],"items_purchased_type":["Relic","Card","Card","Card"],"build_version":"2020-12-22","purchased_purges":0,"victory":false,"max_hp_per_floor":[75,75,75,75,75,75,75,75,75,75,75,75,75,75,75,75,75,75,75,75,75,75,75,75,75,75,80,80,80,80,80],"card_choices":[{"not_picked":["Sunder","Go for the Eyes"],"picked":"Turbo","floor":1},{"not_picked":["Static Discharge","Steam"],"picked":"Darkness","floor":3},{"not_picked":["Genetic Algorithm","Melter"],"picked":"Doom and Gloom","floor":4},{"not_picked":["Go for the Eyes","Hologram"],"picked":"Auto Shields","floor":5},{"not_picked":["Coolheaded","Hologram"],"picked":"Barrage","floor":7},{"not_picked":["Coolheaded","Beam Cell"],"picked":"Leap","floor":8},{"not_picked":["Coolheaded","Skim"],"picked":"Steam","floor":11},{"not_picked":["Turbo","Gash"],"picked":"Lockon","floor":12},{"not_picked":["Storm","Steam"],"picked":"Glacier","floor":14},{"not_picked":["Biased Cognition","Reboot"],"picked":"Electrodynamics","floor":16},{"not_picked":["Redo","Coolheaded+1"],"picked":"Ball Lightning","floor":18},{"not_picked":["Coolheaded+1","All For One"],"picked":"Double Energy","floor":23},{"not_picked":["Force Field+1","Melter+1"],"picked":"Undo","floor":25},{"not_picked":["Static Discharge","Reprogram"],"picked":"Darkness","floor":28}],"player_experience":59854,"relics_obtained":[{"floor":9,"key":"Gremlin Horn"},{"floor":21,"key":"Necronomicon"},{"floor":23,"key":"Gambling Chip"},{"floor":26,"key":"Mercury Hourglass"}],"event_choices":[{"damage_healed":0,"gold_gain":0,"player_choice":"Ignored","damage_taken":0,"max_hp_gain":0,"max_hp_loss":0,"event_name":"Golden Wing","floor":2,"gold_loss":0},{"damage_healed":0,"gold_gain":0,"player_choice":"Success","damage_taken":7,"relics_obtained":["Pen Nib"],"max_hp_gain":0,"max_hp_loss":0,"event_name":"Scrap Ooze","floor":13,"gold_loss":0},{"damage_healed":0,"gold_gain":0,"player_choice":"Paid Fearfully","damage_taken":0,"max_hp_gain":0,"max_hp_loss":0,"event_name":"Masked Bandits","floor":20,"gold_loss":81},{"damage_healed":0,"gold_gain":0,"player_choice":"Obtained Book","damage_taken":16,"max_hp_gain":0,"max_hp_loss":0,"event_name":"Cursed Tome","floor":21,"gold_loss":0},{"damage_healed":0,"gold_gain":0,"player_choice":"Shed Blood","damage_taken":19,"max_hp_gain":5,"max_hp_loss":0,"event_name":"Forgotten Altar","floor":27,"gold_loss":0},{"damage_healed":0,"gold_gain":0,"player_choice":"Simplicity","damage_taken":0,"max_hp_gain":0,"max_hp_loss":0,"event_name":"Back to Basics","floor":29,"gold_loss":0,"cards_upgraded":["Strike_B","Strike_B","Strike_B","Strike_B","Defend_B","Defend_B","Defend_B","Defend_B"]}],"is_beta":false,"boss_relics":[{"not_picked":["Snecko Eye","SlaversCollar"],"picked":"Inserter"}],"items_purged_floors":[],"is_endless":false,"potions_floor_spawned":[1,5,7,8,14,18,23],"killed_by":"Snake Plant","ascension_level":0}}