{"host":"wyyab92ltzc7szqr","time":1610457060,"event":{"mods":["Aspiration","BaseMod","Better Altar","Better Match","Better Note","Better Sensory Stone","Better Synergies","Better Third Choice","Conspire","Googly Eyes","Hubris","Infinite Spire","Mimic Mod","Minty Spire (QoL Compilation)","Quick Restart","Replay The Spire","StSLib","SuperFastMode","The Blue Laboratory","everything is the same but u backflip on backflip"],"gold_per_floor":[134,178,17,17,17,49,49,80,107,119,119,146,146,111,179,179,179],"floor_reached":16,"playtime":604,"items_purged":[],"score":111,"play_id":"41959f7e-929a-4191-bf1b-3c6e85fc8444","local_time":"20210112131100","is_ascension_mode":true,"campfire_choices":[{"floor":11,"key":"REST"},{"floor":13,"key":"RECALL"}],"circlet_count":0,"master_deck":["Strike_P","Strike_P+1","Strike_P","Strike_P","Defend_P","Defend_P","Defend_P","Defend_P+1","Eruption","Vigilance","hubris:Strike_Merchant","Defend_B","Wish","WaveOfTheHand","PathToVictory","LessonLearned","infinitespire:Gouge","Burn","PathToVictory","Madness","FlyingSleeves","LessonLearned","hubris:Gluttony","EmptyFist","EmptyFist","Pot Of Greed","Pot Of Greed","Pot Of Greed"],"relics":["PureWater","conspire:Flyswatter","ReplayTheSpireMod:Ninjato","Replay:Wax Seal","PreservedInsect","ReplayTheSpireMod:CursedCoin","Grinning Jar"],"acts_visited":["Exordium"],"potions_floor_usage":[16],"damage_taken":[{"damage":17.0,"enemies":"Small Slimes","floor":1.0,"turns":6.0},{"damage":2.0,"enemies":"2 Louse","floor":2.0,"turns":5.0},{"damage":23.0,"enemies":"3 Sentries","floor":6.0,"turns":15.0},{"damage":2,"enemies":"Lagavulin","floor":8,"turns":10},{"damage":0,"enemies":"Jaw Worm","floor":10,"turns":3},{"damage":31,"enemies":"Hexaghost","floor":16,"turns":7}],"seed_played":"-3412010563459381027","potions_obtained":[{"floor":6.0,"key":"blueLaboratory:Moonshine"},{"floor":8,"key":"Dexterity Potion"}],"is_trial":false,"path_per_floor":["M","M","$","?","?","E","?","E","T","M","R","T","R","$","R","B"],"character_chosen":"WATCHER","items_purchased":["LessonLearned","ReplayTheSpireMod:CursedCoin","EmptyFist","Grinning Jar"],"campfire_rested":1,"item_purchase_floors":[3,14,14,14],"current_hp_per_floor":[55,53,53,35,35,12,12,10,10,10,31,31,31,31,31,0,0],"gold":179,"neow_bonus":"THREE_RARE_CARDS","is_daily":false,"chose_seed":false,"campfire_upgraded":0,"win_rate":0.0,"timestamp":1610457060,"path_taken":["M","M","$","?","?","E","?","E","T","M","R","?","R","?","R","BOSS"],"items_purchased_type":["Card","Relic","Card","Relic"],"build_version":"2020-12-22","purchased_purges":0,"victory":false,"max_hp_per_floor":[72,72,72,72,72,72,72,72,72,72,72,72,72,72,72,72,72],"card_choices":[{"not_picked":["MasterReality","Judgement"],"picked":"Wish","floor":0.0},{"not_picked":["Protect","SashWhip"],"picked":"WaveOfTheHand","floor":1.0},{"not_picked":["DeceiveReality","Evaluate"],"picked":"PathToVictory","floor":2.0},{"not_picked":["ReplayTheSpireMod:Echoes of Time","infinitespire:SealOfDarkness+"],"picked":"infinitespire:Gouge","floor":4.0},{"not_picked":["Replay:Anticipation","Replay:DivineShield"],"picked":"PathToVictory","floor":6.0},{"not_picked":["Dark Shackles","Purity"],"picked":"Madness","floor":7.0},{"not_picked":["WreathOfFlame","ClearTheMind"],"picked":"FlyingSleeves","floor":8},{"not_picked":["CutThroughFate","Crescendo"],"picked":"LessonLearned","floor":10}],"player_experience":605490,"relics_obtained":[{"floor":6.0,"key":"conspire:Flyswatter"},{"floor":8,"key":"ReplayTheSpireMod:Ninjato"},{"floor":9,"key":"Replay:Wax Seal"},{"floor":12,"key":"PreservedInsect"}],"event_choices":[{"damage_healed":35.0,"max_hp_gain":0.0,"max_hp_loss":72.0,"gold_gain":0.0,"event_name":"betterThird:BetterShining","player_choice":"Embrace Burn","floor":5.0,"gold_loss":0.0,"damage_taken":0.0},{"damage_healed":0.0,"max_hp_gain":0.0,"max_hp_loss":0.0,"gold_gain":1.0,"event_name":"betterStone:BetterStone","player_choice":"1","floor":7.0,"gold_loss":0.0,"damage_taken":0.0}],"is_beta":false,"boss_relics":[],"items_purged_floors":[],"is_endless":false,"potions_floor_spawned":[6,8],"killed_by":"Hexaghost","ascension_level":1}}