{"host":"htz0vj76zckzolyr","time":1610442743,"event":{"mods":["Act Like it!","Arknights The Spire","BaseMod","CapriCore","Colored Map","Colored Powertips","Downfall","Friendly Minions","Gensokyo","KinomotoSakuraMod(Ä¾Ö®±¾Ó£)","Lobotomy","LobotomyExtend","Marisa£¨ìFÓê¡¡Ä§ÀíÉ³£©","Minty Spire (QoL Compilation)","Quick Restart","Relic Stats","Shop Mod","StSLib","The Administrix","The Animator"],"gold_per_floor":[118,131,151,164,174,189,189,269,269,269,296,312,324,14,14,119,119,432,646,646,659,659,659,673,999,999,1034,1034,1048,1048,1048,1048,1153,1153,1167,567,585,602,602,602,1114,1133,1133,1144,1160,933,933,953,953,953,953,953,953,953,426,456,456],"floor_reached":58,"playtime":5379,"items_purged":["Writhe","ats:Demon Strength+1"],"score":1232,"play_id":"fa4039c1-c391-404a-9758-21b2185fe898","local_time":"20210112171223","is_ascension_mode":false,"campfire_choices":[{"data":"ats:Closed Bolt Burst Fire","floor":7.0,"key":"SMITH"},{"data":"ats:Armor Crushing Shot","floor":10.0,"key":"SMITH"},{"data":"ats:Healing Strengthening","floor":15.0,"key":"SMITH"},{"data":"ats:Emotion Absorption","floor":23,"key":"SMITH"},{"data":"ats:Dogmatic Field","floor":28,"key":"SMITH"},{"data":"ats:Rat Pack","floor":30,"key":"SMITH"},{"data":"ats:Demon Strength","floor":32,"key":"SMITH"},{"floor":40,"key":"RECALL"},{"data":"ats:Defend","floor":49,"key":"SMITH"}],"circlet_count":0,"master_deck":["ats:Armor Crushing Shot+1","ats:Defend+1","ats:Emotion Absorption+1","ats:Closed Bolt Burst Fire+1","ats:Blood Oath+1","ats:Healing Strengthening+1","ats:Nebulous Foxfire+1","ats:Rat Pack+1","MeatLantern","ats:Dogmatic Field+1","Gensokyo:TekeTeke+1","ats:Wolf Pack+1","ats:Shadow Raid+1","ats:Collapsing Strike+1","ats:Leaping Hammer+1","ats:Healing Strengthening+1","ats:Chain Hook+1","ats:Flexible Camouflage+1","ats:Revitalization+1","ats:Part Time Job+1","ats:Shadow Assault+1","ats:Closed Bolt Burst Fire+1","ats:Charging Defense"],"relics":["ats:Sanity","LetterFromLob","ats:Originium","Molten Egg 2","TheAbacus","Coffee Dripper","Old Coin","Eternal Feather","PreservedInsect","Lizard Tail","Astrolabe","Frozen Eye","Medical Kit","DollysMirror","Gensokyo:TheCrow","Torii","Thread and Needle","Anchor","Bottled Tornado","Pear","Bag of Marbles","Toy Ornithopter"],"acts_visited":["Gensokyo:Gensokyo","Gensokyo:Gensokyoer","Gensokyo:Gensokyoest","TheEnding"],"potions_floor_usage":[21,24,57],"damage_taken":[{"damage":12.0,"enemies":"Gensokyo:Gryphon","floor":1.0,"turns":4.0},{"damage":1.0,"enemies":"Gensokyo:Python","floor":2.0,"turns":4.0},{"damage":0.0,"enemies":"Gensokyo:2_Kodama","floor":3.0,"turns":2.0},{"damage":5.0,"enemies":"Gensokyo:Kitsune","floor":4.0,"turns":4.0},{"damage":13.0,"enemies":"Gensokyo:Gryphon_and_Rabbit","floor":5.0,"turns":4.0},{"damage":12.0,"enemies":"Gensokyo:3_Kodama","floor":6.0,"turns":5.0},{"damage":0.0,"enemies":"Gensokyo:Mamizou","floor":11.0,"turns":5.0},{"damage":0.0,"enemies":"Gensokyo:VengefulSpirit","floor":12.0,"turns":2.0},{"damage":3.0,"enemies":"Gensokyo:5_Fairies","floor":13.0,"turns":4.0},{"damage":43.0,"enemies":"Gensokyo:Reimu","floor":16.0,"turns":10.0},{"damage":10,"enemies":"Gensokyo:Chomper","floor":18,"turns":5},{"damage":40,"enemies":"Gensokyo:2_Gloops","floor":19,"turns":6},{"damage":40,"enemies":"Gensokyo:Swordslinger","floor":21,"turns":3},{"damage":0,"enemies":"Gensokyo:3_Gloops","floor":24,"turns":5},{"damage":42,"enemies":"Gensokyo:Reisen","floor":25,"turns":8},{"damage":26,"enemies":"Gensokyo:Tenshi","floor":27,"turns":3},{"damage":27,"enemies":"Gensokyo:Wraith","floor":29,"turns":4},{"damage":145,"enemies":"Gensokyo:Eternal_Rivals","floor":33,"turns":10},{"damage":13,"enemies":"Gensokyo:3_Boulders","floor":35,"turns":4},{"damage":76,"enemies":"Gensokyo:AncientGuardian","floor":37,"turns":9},{"damage":13,"enemies":"Gensokyo:AtlasGolem","floor":38,"turns":6},{"damage":82,"enemies":"Gensokyo:3_Boulders","floor":41,"turns":8},{"damage":91,"enemies":"Gensokyo:Rafflesia","floor":42,"turns":7},{"damage":63,"enemies":"Gensokyo:Sharpion","floor":44,"turns":6},{"damage":21,"enemies":"Gensokyo:4_Bats","floor":45,"turns":4},{"damage":55,"enemies":"Gensokyo:3_Boulders","floor":48,"turns":5},{"damage":165,"enemies":"Gensokyo:Shinki","floor":50,"turns":9},{"damage":111,"enemies":"Shield and Spear","floor":56,"turns":6},{"damage":196,"enemies":"The Heart","floor":57,"turns":9}],"seed_played":"-1596090023083931770","potions_obtained":[{"floor":2.0,"key":"CultistPotion"},{"floor":3.0,"key":"champ:CounterPotion"},{"floor":5.0,"key":"ColorlessPotion"},{"floor":12.0,"key":"AttackPotion"},{"floor":13.0,"key":"SkillPotion"},{"floor":24,"key":"ColorlessPotion"},{"floor":25,"key":"LiquidMemories"},{"floor":27,"key":"Strength Potion"},{"floor":29,"key":"Dexterity Potion"},{"floor":41,"key":"SkillPotion"}],"is_trial":false,"path_per_floor":["M","M","M","M","M","M","R","?","T","R","E","M","M","COS","R","B",null,"M","M","?","M","?","R","M","E","T","E","R","M","R","?","R","B",null,"M","COS","M","M","?","R","M","M","T","M","M","$","T","M","R","B",null,null,"R","??","$","E","B",null],"character_chosen":"DOCTOR_CLASS","items_purchased":["Anchor","Pear","Bag of Marbles","ats:Closed Bolt Burst Fire+1"],"campfire_rested":0,"item_purchase_floors":[46,55,55,55],"current_hp_per_floor":[39,38,38,33,20,8,8,8,8,8,8,8,15,15,15,22,72,72,55,55,24,24,24,45,33,33,28,37,72,72,65,65,40,65,55,55,65,65,65,65,55,44,44,48,59,59,59,65,65,40,40,65,65,65,75,75,51],"gold":456,"neow_bonus":"REMOVE_TWO","is_daily":false,"chose_seed":false,"campfire_upgraded":8,"win_rate":0.0,"timestamp":1610442743,"path_taken":["M","M","M","M","M","M","R","?","T","R","E","M","M","COS","R","BOSS","M","M","?","?","?","R","M","E","T","E","R","M","R","?","R","BOSS","M","COS","M","M","?","R","?","M","T","M","M","$","?","M","R","BOSS","R","??","$","E","BOSS"],"items_purchased_type":["Relic","Relic","Relic","Card"],"build_version":"2020-12-22","purchased_purges":2,"victory":true,"max_hp_per_floor":[72,72,72,72,72,72,72,72,72,72,72,72,72,72,72,72,72,72,72,72,72,72,72,72,72,72,72,72,72,72,65,65,65,65,65,65,65,65,65,65,65,65,65,65,65,65,65,65,65,65,65,65,65,65,75,75,75],"relic_stats":{"Lizard Tail":0,"TheAbacus":[216],"Torii":51,"counters":[29,161],"Astrolabe":["ats:Shadow Raid","ats:Collapsing Strike","ats:Leaping Hammer"],"Eternal Feather":9,"PreservedInsect":106,"Medical Kit":[18],"obtain_stats":[{"Pear":55,"Torii":42,"Astrolabe":34,"Gensokyo:TheCrow":39,"Eternal Feather":25,"Thread and Needle":43,"PreservedInsect":26,"Bottled Tornado":47,"Medical Kit":36,"Old Coin":25,"Frozen Eye":36,"Lizard Tail":27,"Anchor":46,"TheAbacus":14,"ats:Originium":11,"DollysMirror":36,"Molten Egg 2":11,"LetterFromLob":1,"Coffee Dripper":17,"Bag of Marbles":55,"ats:Sanity":0,"Toy Ornithopter":56},{"Pear":27,"Torii":23,"Astrolabe":18,"Gensokyo:TheCrow":21,"Eternal Feather":15,"Thread and Needle":23,"PreservedInsect":15,"Bottled Tornado":25,"Medical Kit":19,"Old Coin":15,"Frozen Eye":19,"Lizard Tail":16,"Anchor":25,"TheAbacus":9,"ats:Originium":7,"DollysMirror":19,"Molten Egg 2":7,"LetterFromLob":1,"Coffee Dripper":10,"Bag of Marbles":27,"ats:Sanity":0,"Toy Ornithopter":28},{"Pear":146,"Torii":116,"Astrolabe":88,"Gensokyo:TheCrow":107,"Eternal Feather":71,"Thread and Needle":122,"PreservedInsect":71,"Bottled Tornado":132,"Medical Kit":92,"Old Coin":66,"Frozen Eye":92,"Lizard Tail":74,"Anchor":132,"TheAbacus":34,"ats:Originium":28,"DollysMirror":92,"Molten Egg 2":28,"LetterFromLob":4,"Coffee Dripper":44,"Bag of Marbles":146,"ats:Sanity":0,"Toy Ornithopter":152}],"Toy Ornithopter":9},"card_choices":[{"not_picked":["ats:Leaping Hammer","ats:Shell Defense","ats:LN2 Cannon"],"picked":"SKIP","floor":1.0},{"not_picked":["ats:Explosion Area Strengthen","ats:Revitalization"],"picked":"ats:Closed Bolt Burst Fire","floor":2.0},{"not_picked":["ats:Hammer On","ats:Hook Shot","ats:Apocalypse"],"picked":"SKIP","floor":3.0},{"not_picked":["ats:Childhood Dance","ats:Powerful Strike","ats:Revitalization"],"picked":"SKIP","floor":4.0},{"not_picked":["ats:Mental Burst","ats:Very Hot Blade"],"picked":"ats:Demon Strength","floor":5.0},{"not_picked":["ats:Shadow Raid","ats:Guardian Obelisk","ats:True Silver Slash"],"picked":"SKIP","floor":6.0},{"not_picked":["ats:Shell Defense","ats:Consecutive Shot Auto+1"],"picked":"ats:Blood Oath+1","floor":11.0},{"not_picked":["ats:Healing Drone","ats:Ignite+1","ats:Sword Rain+1"],"picked":"SKIP","floor":12.0},{"not_picked":["ats:Consecutive Shot Auto+1","ats:LN2 Cannon+1"],"picked":"ats:Healing Strengthening","floor":13.0},{"not_picked":["ats:Fractured Body+1","ats:Soul Rend+1"],"picked":"ats:Nebulous Foxfire+1","floor":16.0},{"not_picked":["ats:Fractured Body","ats:Roar Of Ursus"],"picked":"ats:Rat Pack","floor":16.0},{"not_picked":["ats:Assault Order+1","ats:Collapsing Strike+1","ats:Childhood Dance"],"picked":"SKIP","floor":18},{"not_picked":["ats:Mental Burst+1","ats:Shell Defense+1","ats:Cat Scratch+1"],"picked":"SKIP","floor":19},{"not_picked":["ats:Mental Burst+1","ats:Guardian Obelisk","ats:Powerful Strike+1"],"picked":"SKIP","floor":21},{"not_picked":["ats:Curse Doll","ats:Consecutive Shot Auto+1","ats:Apocalypse"],"picked":"SKIP","floor":24},{"not_picked":["ats:Very Hot Blade+1","ats:Curse Doll","ats:Revitalization"],"picked":"SKIP","floor":25},{"not_picked":["ats:Very Hot Blade+1","ats:Curse Doll","ats:Revitalization"],"picked":"SKIP","floor":25},{"not_picked":["ats:Hammer On+1","ats:Magnetic Hammer+1"],"picked":"ats:Dogmatic Field","floor":27},{"not_picked":["ats:Apocalypse","ats:Powerful Strike+1","ats:Childhood Dance+1"],"picked":"SKIP","floor":29},{"not_picked":["Gensokyo:ManorOfTheDishes","Gensokyo:Doppelganger"],"picked":"Gensokyo:TekeTeke+1","floor":31},{"not_picked":["ats:Soul Rend","ats:Volcano+1"],"picked":"ats:Wolf Pack+1","floor":33},{"not_picked":["ats:Childhood Dance","ats:Explosion Area Strengthen+1","ats:Leaping Hammer+1"],"picked":"SKIP","floor":35},{"not_picked":["ats:Explosion Area Strengthen+1","ats:Assault Order+1"],"picked":"ats:Chain Hook+1","floor":37},{"not_picked":["ats:Leaping Hammer+1","ats:Childhood Dance"],"picked":"ats:Flexible Camouflage+1","floor":37},{"not_picked":["ats:Consecutive Shot Auto+1","ats:Cat Scratch+1"],"picked":"ats:Revitalization+1","floor":38},{"not_picked":["ats:Leaping Hammer+1","ats:Apocalypse+1","ats:Sword Rain+1"],"picked":"SKIP","floor":41},{"not_picked":["ats:Leaping Hammer+1","ats:Apocalypse+1","ats:Sword Rain+1"],"picked":"SKIP","floor":41},{"not_picked":["ats:Hammer On+1","ats:Shell Defense"],"picked":"ats:Part Time Job+1","floor":42},{"not_picked":["ats:Assault Order","ats:Sword Rain+1","ats:Directed Diagnosis"],"picked":"SKIP","floor":44},{"not_picked":["ats:Consecutive Shot Auto+1","ats:Sword Rain+1"],"picked":"ats:Shadow Assault+1","floor":45},{"not_picked":["ats:Powerful Strike+1","ats:Poison Spread+1","ats:Assault Order"],"picked":"SKIP","floor":48},{"not_picked":["ats:Sword Rain+1","ats:Ignite+1"],"picked":"ats:Charging Defense","floor":56}],"player_experience":654904,"relics_obtained":[{"floor":1.0,"key":"LetterFromLob"},{"floor":11.0,"key":"ats:Originium"},{"floor":11.0,"key":"Molten Egg 2"},{"floor":25,"key":"ats:Originium"},{"floor":25,"key":"Eternal Feather"},{"floor":26,"key":"PreservedInsect"},{"floor":27,"key":"ats:Originium"},{"floor":27,"key":"Lizard Tail"},{"floor":43,"key":"Thread and Needle"},{"floor":47,"key":"Bottled Tornado"},{"floor":56,"key":"Toy Ornithopter"}],"event_choices":[],"is_beta":false,"boss_relics":[{"not_picked":["Busted Crown","Runic Pyramid"],"picked":"Coffee Dripper"},{"not_picked":["SacredBark","Tiny House"],"picked":"Astrolabe"}],"items_purged_floors":[46,55],"is_endless":false,"potions_floor_spawned":[2,3,5,12,13,24,25,27,29,33,41,42,44],"ascension_level":0}}