{"host":"kn32u0f2pym5bozc","time":1610442196,"event":{"mods":["2.2 Compatiblity","BaseMod","Better Third Choice","Downfall","Minty Spire (QoL Compilation)","Permanent Neow","Relic Stats","StSLib","The Animator"],"gold_per_floor":[199,213,230,240,258,258,284,284,296,321,339,339,373,393,406,503,503,503,517,517,528,528,560,628,158,171,74,174,185,185,207,231,327,327,327,344,674,692,692,710,710,727,762,762,779,792,807,405,420,420],"floor_reached":51,"playtime":4361,"items_purged":["hexamod:Strike"],"score":819,"play_id":"a32c9974-bc0f-4e47-be41-d9287109d446","local_time":"20210112040316","is_ascension_mode":false,"campfire_choices":[{"data":"hexamod:Float","floor":1.0,"key":"SMITH"},{"data":"hexamod:CatchUp","floor":12.0,"key":"SMITH"},{"data":"hexamod:ShieldOfDarkness","floor":18.0,"key":"SMITH"},{"data":"hexamod:EmpoweredFlame","floor":30.0,"key":"SMITH"},{"data":"hexamod:VolcanoVisage","floor":35.0,"key":"SMITH"},{"floor":44,"key":"REST"}],"circlet_count":0,"master_deck":["hexamod:Strike","hexamod:Strike+1","hexamod:Strike+1","hexamod:Defend","hexamod:Defend","hexamod:Defend","hexamod:Sear+1","hexamod:Float+1","hexamod:CatchUp+1","hexamod:BurningTouch+1","hexamod:SpectersWail+1","hexamod:AdvancingGuard","hexamod:SoulSteal+1","hexamod:FastForward+1","hexamod:ShieldOfDarkness+1","hexamod:Hexaguard","hexamod:WildfireWeapon","hexamod:GhostOfSpireFuture","hexamod:EmpoweredFlame+1","hexamod:SwordOfDarkness+1","hexamod:SpectersWail+1","hexamod:RadiantFlame+1","hexamod:InspiringFlames+1","hexamod:HeatMetal+1","hexamod:SearingWound+1","hexamod:FastForward+1","hexamod:ThermalTransfer+1","hexamod:HeatCrush+1","hexamod:NightmareStrike+1","hexamod:Incineration+1","hexamod:SixthSeal","hexamod:ChargedBarrage+1","hexamod:SixthSeal","hexamod:HauntingEcho+1","hexamod:VolcanoVisage+1","hexamod:Firestarter+1","hexamod:GhostflameBarrier+1","hexamod:GhostLash+1","hexamod:GhostflameBarrier+1","hexamod:SpectersWail+1","hexamod:EmpoweredFlame+1","hexamod:GhostLash+1","hexamod:HeatShield","hexamod:HeatCrush+1","hexamod:EmpoweredFlame"],"relics":["hexamod:SpiritBrand","hexamod:MatchstickCase","Orichalcum","HornCleat","Molten Egg 2","Snecko Eye","Anchor","Shuriken","Vajra","Orrery","hexamod:TheBrokenSeal","Philosopher\u0027s Stone","Bag of Preparation","Dead Branch","Strawberry"],"acts_visited":["Exordium","TheCity","TheBeyond"],"potions_floor_usage":[50],"damage_taken":[{"damage":0.0,"enemies":"Small Slimes","floor":2.0,"turns":5.0},{"damage":1.0,"enemies":"Jaw Worm","floor":3.0,"turns":4.0},{"damage":0.0,"enemies":"2 Louse","floor":4.0,"turns":4.0},{"damage":9.0,"enemies":"2 Fungi Beasts","floor":5.0,"turns":6.0},{"damage":0.0,"enemies":"Lots of Slimes","floor":9.0,"turns":3.0},{"damage":15.0,"enemies":"3 Sentries","floor":10.0,"turns":8.0},{"damage":0.0,"enemies":"Large Slime","floor":11.0,"turns":5.0},{"damage":12.0,"enemies":"Lagavulin","floor":13.0,"turns":6.0},{"damage":0.0,"enemies":"Gremlin Gang","floor":14.0,"turns":3.0},{"damage":2.0,"enemies":"3 Louse","floor":15.0,"turns":4.0},{"damage":54.0,"enemies":"downfall:Defect","floor":16.0,"turns":9.0},{"damage":0.0,"enemies":"Shell Parasite","floor":19.0,"turns":5.0},{"damage":2.0,"enemies":"Centurion and Healer","floor":21.0,"turns":11.0},{"damage":28.0,"enemies":"Gremlin Leader","floor":23.0,"turns":10.0},{"damage":0.0,"enemies":"downfall:FleeingMerchant","floor":25.0,"turns":4.0},{"damage":0.0,"enemies":"Snecko","floor":26.0,"turns":4.0},{"damage":0.0,"enemies":"downfall:FleeingMerchant","floor":27.0,"turns":4.0},{"damage":20.0,"enemies":"Snake Plant","floor":29.0,"turns":4.0},{"damage":0.0,"enemies":"Centurion and Healer","floor":31.0,"turns":5.0},{"damage":7.0,"enemies":"Chosen and Byrds","floor":32.0,"turns":6.0},{"damage":52.0,"enemies":"downfall:Ironclad","floor":33.0,"turns":5.0},{"damage":0.0,"enemies":"Orb Walker","floor":36.0,"turns":3.0},{"damage":0.0,"enemies":"downfall:FleeingMerchant","floor":37.0,"turns":4.0},{"damage":0,"enemies":"3 Shapes","floor":38,"turns":3},{"damage":16,"enemies":"3 Darklings","floor":40,"turns":4},{"damage":10,"enemies":"Writhing Mass","floor":42,"turns":4},{"damage":15,"enemies":"Giant Head","floor":43,"turns":6},{"damage":0,"enemies":"4 Shapes","floor":45,"turns":3},{"damage":0,"enemies":"Jaw Worm Horde","floor":46,"turns":3},{"damage":1,"enemies":"Writhing Mass","floor":47,"turns":3},{"damage":0,"enemies":"Maw","floor":49,"turns":4},{"damage":0,"enemies":"downfall:Watcher","floor":50,"turns":5}],"seed_played":"5080943319505013031","potions_obtained":[{"floor":4.0,"key":"Block Potion"},{"floor":10.0,"key":"GamblersBrew"},{"floor":11.0,"key":"hexamod:EctoCoolerPotion"},{"floor":14.0,"key":"LiquidMemories"},{"floor":19.0,"key":"Block Potion"},{"floor":29.0,"key":"SteroidPotion"},{"floor":29.0,"key":"AttackPotion"},{"floor":31.0,"key":"Dexterity Potion"},{"floor":33.0,"key":"SteroidPotion"},{"floor":40,"key":"GamblersBrew"},{"floor":43,"key":"GamblersBrew"},{"floor":47,"key":"PowerPotion"}],"is_trial":false,"path_per_floor":["R","M","M","M","M","?","T","?","M","E","M","R","E","M","M","B",null,"R","M","?","M","?","E","T","$","M","$","?","M","R","M","M","B",null,"R","M","$","M","?","M","T","M","E","R","M","M","M","$","M","B",null],"character_chosen":"THE_SPIRIT","items_purchased":["hexamod:FifthSeal","Vajra","Orrery","hexamod:HeatCrush+1","Strawberry","Energy Potion","Block Potion","hexamod:HeatCrush+1"],"campfire_rested":1,"item_purchase_floors":[25,25,25,27,48,48,48,48],"current_hp_per_floor":[70,70,69,70,68,73,73,55,62,54,61,61,56,63,61,7,75,75,75,75,75,75,54,54,61,68,68,68,48,48,55,85,33,85,85,85,85,85,85,69,69,59,44,69,69,69,68,75,75,75],"gold":420,"neow_bonus":"HUNDRED_GOLD","is_daily":false,"chose_seed":false,"campfire_upgraded":5,"win_rate":0.0,"timestamp":1610442196,"path_taken":["R","M","M","M","M","?","T","?","M","E","M","R","E","M","M","BOSS","R","M","?","M","?","E","T","$","M","$","?","M","R","M","M","BOSS","R","M","?","M","?","M","T","M","E","R","M","M","?","$","M","BOSS"],"items_purchased_type":["Card","Relic","Relic","Card","Relic","Potion","Potion","Card"],"build_version":"2020-12-22","purchased_purges":1,"victory":true,"max_hp_per_floor":[70,70,70,70,70,75,75,75,75,75,75,75,75,75,75,75,75,75,75,75,75,75,75,75,75,75,75,75,75,75,75,85,85,85,85,85,85,85,85,85,85,85,85,85,85,85,85,92,92,92],"relic_stats":{"counters":[32,157],"Shuriken":[10],"Dead Branch":[18],"Snecko Eye":[183,179,178,196],"Bag of Preparation":[14],"Orichalcum":[36],"obtain_stats":[{"Dead Branch":43,"Vajra":25,"hexamod:TheBrokenSeal":32,"Bag of Preparation":41,"Orichalcum":8,"hexamod:MatchstickCase":7,"Anchor":23,"HornCleat":10,"Shuriken":24,"Strawberry":48,"Snecko Eye":17,"Orrery":25,"Molten Egg 2":13,"Philosopher\u0027s Stone":34,"hexamod:SpiritBrand":0},{"Dead Branch":27,"Vajra":15,"hexamod:TheBrokenSeal":20,"Bag of Preparation":25,"Orichalcum":4,"hexamod:MatchstickCase":4,"Anchor":14,"HornCleat":6,"Shuriken":14,"Strawberry":30,"Snecko Eye":11,"Orrery":15,"Molten Egg 2":8,"Philosopher\u0027s Stone":21,"hexamod:SpiritBrand":0},{"Dead Branch":139,"Vajra":87,"hexamod:TheBrokenSeal":110,"Bag of Preparation":129,"Orichalcum":19,"hexamod:MatchstickCase":19,"Anchor":83,"HornCleat":30,"Shuriken":83,"Strawberry":148,"Snecko Eye":57,"Orrery":87,"Molten Egg 2":41,"Philosopher\u0027s Stone":115,"hexamod:SpiritBrand":0}]},"card_choices":[{"not_picked":["hexamod:InspiringFlames","hexamod:NightmareGuise"],"picked":"hexamod:CatchUp","floor":2.0},{"not_picked":["hexamod:AdvancingGuard","hexamod:GhostLash"],"picked":"hexamod:FirstSeal","floor":3.0},{"not_picked":["hexamod:GhostShield","hexamod:Rewind"],"picked":"hexamod:BurningTouch","floor":4.0},{"not_picked":["hexamod:SwordOfDarkness","hexamod:DynamicBlow"],"picked":"hexamod:SpectersWail","floor":5.0},{"not_picked":["hexamod:SuperheatedStrike","hexamod:InspiringFlames"],"picked":"hexamod:AdvancingGuard","floor":9.0},{"not_picked":["hexamod:ExtraCrispy","hexamod:InspiringFlames"],"picked":"hexamod:SoulSteal","floor":10.0},{"not_picked":["hexamod:NightmareStrike","hexamod:SwordOfDarkness"],"picked":"hexamod:FastForward","floor":11.0},{"not_picked":["hexamod:EtherealExpedition","hexamod:Firestarter+1"],"picked":"hexamod:ShieldOfDarkness","floor":13.0},{"not_picked":["hexamod:Incineration+1","hexamod:NightmareStrike+1","hexamod:FirstSeal"],"picked":"SKIP","floor":14.0},{"not_picked":["hexamod:RecurringNightmare","hexamod:BurningTouch"],"picked":"hexamod:Hexaguard","floor":15.0},{"not_picked":["hexamod:UnleashSpirits+1","hexamod:FifthSeal"],"picked":"hexamod:WildfireWeapon","floor":16.0},{"not_picked":["hexamod:InspiringFlames+1","hexamod:NightmareStrike+1"],"picked":"hexamod:GhostOfSpireFuture","floor":19.0},{"not_picked":["hexamod:NecessarySacrifice","hexamod:BurningTouch"],"picked":"hexamod:EmpoweredFlame","floor":21.0},{"not_picked":["hexamod:GiftsFromTheDead","hexamod:Incineration+1"],"picked":"hexamod:SwordOfDarkness+1","floor":23.0},{"not_picked":["hexamod:RainOfEmbers+1","hexamod:GhostOfSpirePast","hexamod:Haunt+1"],"picked":"SKIP","floor":23.0},{"not_picked":["hexamod:Haunt+1","hexamod:ThermalTransfer+1"],"picked":"hexamod:SpectersWail+1","floor":25.0},{"not_picked":["hexamod:ShieldOfDarkness+1","hexamod:Firestarter+1"],"picked":"hexamod:RadiantFlame+1","floor":25.0},{"not_picked":["hexamod:BurningTouch","hexamod:GhostLash+1"],"picked":"hexamod:InspiringFlames+1","floor":25.0},{"not_picked":["hexamod:EtherealExpedition","hexamod:NecessarySacrifice"],"picked":"hexamod:HeatMetal+1","floor":25.0},{"not_picked":["hexamod:Firestarter+1","hexamod:ShieldOfDarkness"],"picked":"hexamod:SearingWound","floor":25.0},{"not_picked":["hexamod:GhostOfSpireFuture+1","hexamod:NecessarySacrifice"],"picked":"hexamod:FastForward","floor":25.0},{"not_picked":["hexamod:FirstSeal","hexamod:SecondSeal"],"picked":"hexamod:SixthSeal","floor":26.0},{"not_picked":["hexamod:SoulSteal","hexamod:FastForward","hexamod:SpectralAdrenaline"],"picked":"SKIP","floor":26.0},{"not_picked":["hexamod:SecondSeal","hexamod:FirstSeal"],"picked":"hexamod:FourthSeal","floor":27.0},{"not_picked":["hexamod:EtherealExpedition","hexamod:PhantomFireball+1"],"picked":"hexamod:SecondSeal","floor":27.0},{"not_picked":["hexamod:Hexaguard","hexamod:PowerFromBeyond"],"picked":"hexamod:ThermalTransfer+1","floor":27.0},{"not_picked":["hexamod:BurningTouch","hexamod:ExtraCrispy+1"],"picked":"hexamod:NightmareStrike+1","floor":29.0},{"not_picked":["hexamod:DynamicBlow+1","hexamod:BurningTouch"],"picked":"hexamod:Incineration+1","floor":29.0},{"not_picked":["hexamod:FourthSeal","hexamod:ThirdSeal"],"picked":"hexamod:SixthSeal","floor":31.0},{"not_picked":["hexamod:RainOfEmbers+1","hexamod:BurningTouch"],"picked":"hexamod:ChargedBarrage","floor":31.0},{"not_picked":["hexamod:PhantomCloak","hexamod:RainOfEmbers+1","hexamod:BacktrackSmack+1"],"picked":"SKIP","floor":31.0},{"not_picked":["hexamod:FourthSeal","hexamod:SecondSeal"],"picked":"hexamod:SixthSeal","floor":32.0},{"not_picked":["hexamod:BacktrackSmack+1","hexamod:ShieldOfDarkness+1"],"picked":"hexamod:HauntingEcho+1","floor":32.0},{"not_picked":["hexamod:ParanormalForm","hexamod:FifthSeal"],"picked":"hexamod:VolcanoVisage","floor":33.0},{"not_picked":["hexamod:SpectersWail+1","hexamod:GhostShield"],"picked":"hexamod:Firestarter+1","floor":36.0},{"not_picked":["hexamod:AdvancingGuard","hexamod:RadiantFlame+1"],"picked":"hexamod:GhostflameBarrier+1","floor":37},{"not_picked":["hexamod:FourthSeal","hexamod:SoulSteal"],"picked":"hexamod:GhostflameBarrier+1","floor":38},{"not_picked":["hexamod:GhostShield","hexamod:HauntingEcho+1"],"picked":"hexamod:SpectersWail+1","floor":40},{"not_picked":["hexamod:SpectersWail+1","hexamod:FirstSeal","hexamod:CatchUp"],"picked":"SKIP","floor":42},{"not_picked":["hexamod:SearingWound","hexamod:FifthSeal"],"picked":"hexamod:EmpoweredFlame+1","floor":43},{"not_picked":["hexamod:FastForward","hexamod:SkipABeat","hexamod:ThirdSeal"],"picked":"SKIP","floor":45},{"not_picked":["hexamod:SkipABeat","hexamod:Hexaguard+1"],"picked":"hexamod:GhostLash+1","floor":46},{"not_picked":["hexamod:ThermalTransfer+1","hexamod:DynamicBlow+1"],"picked":"hexamod:HeatShield","floor":47},{"not_picked":["hexamod:AdvancingGuard","hexamod:SpectersWail+1"],"picked":"hexamod:EmpoweredFlame","floor":49}],"player_experience":860528,"relics_obtained":[{"floor":7.0,"key":"hexamod:MatchstickCase"},{"floor":10.0,"key":"HornCleat"},{"floor":13.0,"key":"Molten Egg 2"},{"floor":23.0,"key":"Anchor"},{"floor":24.0,"key":"Shuriken"},{"floor":41,"key":"Bag of Preparation"},{"floor":43,"key":"Dead Branch"}],"event_choices":[{"damage_healed":0.0,"max_hp_gain":5.0,"max_hp_loss":0.0,"gold_gain":0.0,"event_name":"Big Fish","player_choice":"Donut","floor":6.0,"gold_loss":0.0,"damage_taken":0.0},{"damage_healed":0.0,"max_hp_gain":0.0,"max_hp_loss":0.0,"gold_gain":0.0,"event_name":"betterThird:BetterScrap","player_choice":"Relic ","floor":8.0,"gold_loss":0.0,"damage_taken":18.0,"cards_obtained":["All Out Attack"]},{"damage_healed":0.0,"max_hp_gain":0.0,"max_hp_loss":0.0,"gold_gain":0.0,"event_name":"The Library","player_choice":"Read","floor":22.0,"gold_loss":0.0,"damage_taken":0.0,"cards_obtained":["hexamod:ThirdSeal"]},{"damage_healed":0,"gold_gain":0,"player_choice":"Read","damage_taken":0,"max_hp_gain":0,"max_hp_loss":0,"event_name":"The Library","floor":37,"gold_loss":0,"cards_obtained":["hexamod:GhostLash"]},{"cards_removed":["hexamod:Defend"],"damage_healed":0,"gold_gain":0,"player_choice":"Purged","damage_taken":0,"max_hp_gain":0,"max_hp_loss":0,"event_name":"Purifier","floor":39,"gold_loss":0}],"is_beta":false,"boss_relics":[{"not_picked":["Sozu","SacredBark"],"picked":"Snecko Eye"},{"not_picked":["Calling Bell","Cursed Key"],"picked":"Philosopher\u0027s Stone"}],"items_purged_floors":[48],"is_endless":false,"potions_floor_spawned":[4,10,11,14,19,29,31,33,40,43,47,49],"ascension_level":0}}