{"host":"8fuipfsvjht9cgcs","time":1610493178,"event":{"mods":["AchievementEnabler","BaseMod","Colored Map","Colored Powertips","DeckTracker","Minty Spire (QoL Compilation)","Replay The Spire","StSLib","SuperFastMode","The Gatherer"],"gold_per_floor":[116,127,52,62,77,77,103,103,127,159,159,179,179,195,249,359,359,383,408,455,246,276,276,191,191,191,231,231,269,269,308,308,433,433,467,197,227,139,210,210,281,315,315,370,370,370,405,456,456,524,524,524,129,205,239,239],"floor_reached":55,"language":"KOR","playtime":2279,"items_purged":["Defend_P","Injury","Strike_P","Defend_P","Defend_P","ReplayTheSpireMod:Doomed"],"score":949,"play_id":"529c3ca1-3f24-4e28-99b0-e50c65995c45","local_time":"20210113121258","is_ascension_mode":true,"campfire_choices":[{"data":"Eruption","floor":6.0,"key":"SMITH"},{"data":"MentalFortress","floor":8.0,"key":"SMITH"},{"data":"Fasting2","floor":13.0,"key":"SMITH"},{"data":"Scrawl","floor":23.0,"key":"SMITH"},{"data":"DeusExMachina","floor":28.0,"key":"SMITH"},{"data":"Consecrate","floor":30.0,"key":"SMITH"},{"data":"InnerPeace","floor":32.0,"key":"SMITH"},{"data":"ClearTheMind","floor":40.0,"key":"SMITH"},{"data":"Madness","floor":46.0,"key":"SMITH"},{"floor":49.0,"key":"RECALL"},{"data":"Madness","floor":52.0,"key":"SMITH"}],"circlet_count":0,"master_deck":["Strike_P","Strike_P","Defend_P","Eruption+1","Vigilance","MentalFortress+1","ClearTheMind+1","InnerPeace+1","DeusExMachina+1","Fasting2+1","Scrawl+1","EmptyFist","Consecrate+1","Tantrum+1","FlurryOfBlows+1","Crescendo+1","Madness+1","Madness+1","MentalFortress+1"],"relics":["PureWater","Replay:Bandana","Vajra","Blood Vial","Painkiller Herb","ReplayTheSpireMod:CursedCoin","ReplayFunnel","Membership Card","Blue Candle","Calipers","Cursed Key","Replay:Bottled Flurry","Strange Spoon","Ancient Tea Set","ReplayTheSpireMod:TigerMarble","DollysMirror","Strawberry","Bird Faced Urn","Shuriken"],"acts_visited":["Exordium","TheCity","TheBeyond","TheEnding"],"potions_floor_usage":[],"damage_taken":[{"damage":9.0,"enemies":"Jaw Worm","floor":1.0,"turns":6.0},{"damage":0.0,"enemies":"Cultist","floor":2.0,"turns":2.0},{"damage":0.0,"enemies":"Small Slimes","floor":4.0,"turns":3.0},{"damage":4.0,"enemies":"Exordium Wildlife","floor":5.0,"turns":4.0},{"damage":24.0,"enemies":"3 Sentries","floor":7.0,"turns":9.0},{"damage":15.0,"enemies":"Lagavulin","floor":10.0,"turns":7.0},{"damage":3.0,"enemies":"Blue Slaver","floor":12.0,"turns":3.0},{"damage":2.0,"enemies":"Looter","floor":14.0,"turns":3.0},{"damage":5.0,"enemies":"Slime Boss","floor":16.0,"turns":9.0},{"damage":14.0,"enemies":"2 Thieves","floor":18.0,"turns":4.0},{"damage":0.0,"enemies":"Chosen","floor":22.0,"turns":3.0},{"damage":9.0,"enemies":"Snake Plant","floor":27.0,"turns":3.0},{"damage":3.0,"enemies":"Cultist and Chosen","floor":29.0,"turns":3.0},{"damage":0.0,"enemies":"Chosen and Byrds","floor":31.0,"turns":1.0},{"damage":16.0,"enemies":"Champ","floor":33.0,"turns":6.0},{"damage":2.0,"enemies":"3 Shapes","floor":35.0,"turns":2.0},{"damage":0.0,"enemies":"Orb Walker","floor":37.0,"turns":1.0},{"damage":0.0,"enemies":"Maw","floor":39.0,"turns":3.0},{"damage":13.0,"enemies":"Giant Head","floor":41.0,"turns":3.0},{"damage":0.0,"enemies":"Jaw Worm Horde","floor":42.0,"turns":1.0},{"damage":0.0,"enemies":"R_Hoarder","floor":44.0,"turns":4.0},{"damage":0.0,"enemies":"4 Shapes","floor":47.0,"turns":5.0},{"damage":1.0,"enemies":"Writhing Mass","floor":48.0,"turns":2.0},{"damage":35.0,"enemies":"Time Eater","floor":50.0,"turns":7.0},{"damage":13.0,"enemies":"Shield and Spear","floor":54.0,"turns":5.0},{"damage":70,"enemies":"The Heart","floor":55,"turns":5}],"seed_played":"6460968501431496726","potions_obtained":[{"floor":2.0,"key":"GamblersBrew"},{"floor":4.0,"key":"Swift Potion"},{"floor":5.0,"key":"Energy Potion"},{"floor":10.0,"key":"CultistPotion"},{"floor":16.0,"key":"BottledMiracle"},{"floor":33.0,"key":"Swift Potion"},{"floor":39.0,"key":"SteroidPotion"}],"is_trial":false,"path_per_floor":["M","M","$","M","M","R","E","R","T","E","?","M","R","M","R_BF","B",null,"?","T","T","T","?","T","?","?","T","?","T","?","T","?","T","B",null,"?","T","?","T","?","T","E","?","T","E","?","T","?","?","T","B",null,"T","T","E","B"],"character_chosen":"WATCHER","items_purchased":["ReplayTheSpireMod:CursedCoin","Consecrate","Membership Card","Replay:Bottled Flurry","Strange Spoon","DollysMirror","Strawberry","Bird Faced Urn"],"campfire_rested":0,"item_purchase_floors":[19,19,21,36,36,53,53,53],"current_hp_per_floor":[63,63,63,63,59,59,35,35,35,20,20,19,19,19,19,16,58,46,46,46,46,48,48,48,48,48,41,41,40,40,42,42,28,61,61,61,63,63,65,65,54,56,56,58,49,49,51,52,52,19,59,59,66,61,0,0],"gold":239,"neow_bonus":"THREE_CARDS","is_daily":false,"chose_seed":false,"campfire_upgraded":10,"win_rate":0.0,"timestamp":1610493178,"path_taken":["M","M","$","M","M","R","E","R","T","E","?","M","R","M","R_BF","BOSS","?","T","?","T","?","T","?","?","T","?","T","?","T","?","T","BOSS","?","T","?","T","?","T","E","?","T","E","?","T","?","?","T","BOSS","T","T","E","BOSS"],"items_purchased_type":["Relic","Card","Relic","Relic","Relic","Relic","Relic","Relic"],"build_version":"2020-12-22","purchased_purges":6,"victory":false,"max_hp_per_floor":[72,72,72,72,72,72,72,72,72,72,72,72,72,72,72,72,72,72,72,72,72,72,72,72,72,72,72,72,72,72,72,72,72,72,72,72,72,72,72,72,72,72,72,72,72,72,72,72,72,72,72,72,79,79,79,79],"card_choices":[{"not_picked":["FollowUp","Consecrate"],"picked":"MentalFortress","floor":0.0},{"not_picked":["Protect","CutThroughFate","SandsOfTime"],"picked":"SKIP","floor":1.0},{"not_picked":["Swivel","Vengeance"],"picked":"ClearTheMind","floor":2.0},{"not_picked":["CrushJoints","Crescendo"],"picked":"InnerPeace","floor":4.0},{"not_picked":["Replay:ManipulateFuture","SashWhip","PathToVictory"],"picked":"SKIP","floor":5.0},{"not_picked":["Halt","Wallop"],"picked":"DeusExMachina","floor":7.0},{"not_picked":["FlyingSleeves","WaveOfTheHand"],"picked":"Fasting2","floor":10.0},{"not_picked":["Sanctity","ClearTheMind","Swivel"],"picked":"SKIP","floor":12.0},{"not_picked":["CutThroughFate","FlyingSleeves","TalkToTheHand"],"picked":"SKIP","floor":14.0},{"not_picked":["Brilliance","Omniscience"],"picked":"Scrawl","floor":16.0},{"not_picked":["Prostrate","InnerPeace"],"picked":"EmptyFist","floor":18.0},{"not_picked":["Crescendo+1","FlurryOfBlows"],"picked":"Tantrum+1","floor":22.0},{"not_picked":["Replay:AtTheReady","Halt","Nirvana"],"picked":"SKIP","floor":27.0},{"not_picked":["PathToVictory","InnerPeace"],"picked":"FlurryOfBlows+1","floor":29.0},{"not_picked":["Replay:Cycle","Replay:ManipulateFuture+1","FlurryOfBlows"],"picked":"SKIP","floor":31.0},{"not_picked":["Replay:BluntJabs","ClearTheMind"],"picked":"Crescendo+1","floor":35.0},{"not_picked":["Replay:AtTheReady+1","Prostrate+1","Crescendo+1"],"picked":"SKIP","floor":37.0},{"not_picked":["Nirvana+1","SignatureMove","Devotion"],"picked":"SKIP","floor":39.0},{"not_picked":["FlurryOfBlows","EmptyFist+1","Protect+1"],"picked":"SKIP","floor":41.0},{"not_picked":["FlurryOfBlows","EmptyFist+1","Protect+1"],"picked":"SKIP","floor":41.0},{"not_picked":["DeusExMachina","PathToVictory","InnerPeace"],"picked":"SKIP","floor":42.0},{"not_picked":["Crescendo","Evaluate+1","FlurryOfBlows"],"picked":"SKIP","floor":44.0},{"not_picked":["CutThroughFate","Replay:ManipulateFuture","TalkToTheHand+1"],"picked":"SKIP","floor":47.0},{"not_picked":["Prostrate","PathToVictory","ThirdEye+1"],"picked":"SKIP","floor":48.0},{"not_picked":["Pray","SashWhip","BowlingBash+1"],"picked":"SKIP","floor":54.0}],"player_experience":374834,"relics_obtained":[{"floor":7.0,"key":"Replay:Bandana"},{"floor":9.0,"key":"Vajra"},{"floor":10.0,"key":"Blood Vial"},{"floor":20.0,"key":"ReplayFunnel"},{"floor":26.0,"key":"Calipers"},{"floor":41.0,"key":"Ancient Tea Set"},{"floor":44.0,"key":"ReplayTheSpireMod:TigerMarble"},{"floor":54.0,"key":"Shuriken"}],"event_choices":[{"cards_removed":["Strike_P"],"damage_healed":0.0,"max_hp_gain":0.0,"max_hp_loss":0.0,"gold_gain":0.0,"event_name":"Purifier","player_choice":"Purged","floor":11.0,"gold_loss":0.0,"damage_taken":0.0},{"damage_healed":0.0,"max_hp_gain":0.0,"max_hp_loss":0.0,"gold_gain":0.0,"event_name":"Addict","player_choice":"Obtained Relic","floor":24.0,"gold_loss":85.0,"damage_taken":0.0,"relics_obtained":["Blue Candle"]},{"damage_healed":0.0,"max_hp_gain":0.0,"max_hp_loss":0.0,"gold_gain":0.0,"event_name":"Vampires","player_choice":"Ignored","floor":25.0,"gold_loss":0.0,"damage_taken":0.0},{"damage_healed":0.0,"max_hp_gain":0.0,"max_hp_loss":0.0,"gold_gain":0.0,"event_name":"Winding Halls","player_choice":"Embrace Madness","floor":45.0,"gold_loss":0.0,"damage_taken":9.0,"cards_obtained":["Madness","Madness"]}],"is_beta":false,"boss_relics":[{"not_picked":["Calling Bell","Velvet Choker"],"picked":"Painkiller Herb"},{"not_picked":["Astrolabe","Kintsugi"],"picked":"Cursed Key"}],"items_purged_floors":[3,19,21,36,38,53],"is_endless":false,"potions_floor_spawned":[2,4,5,10,16,22,29,33,35,39,48],"killed_by":"The Heart","ascension_level":5}}