{"host":"19t2eyow02s954g8","time":1610443689,"event":{"mods":["BaseMod","Colored Map","DeckTracker","Minty Spire (QoL Compilation)","StSLib","SuperFastMode"],"gold_per_floor":[113,129,129,204,40,75,85,85,85,29,29,29,54,54,54,130,130,145,198,208,223,36,64,64,77,124,135,164,264,264,297,297,373,373,383,1382,836,836,407,440,440,440,440,440,470,522,522,533,533,533,533,533,533,7,39,39],"floor_reached":57,"playtime":2997,"items_purged":["Strike_G","Strike_G","Normality","Normality","Strike_G"],"score":3140,"play_id":"314977b4-d642-4d7a-94d6-8b5240f35d06","local_time":"20210112182808","is_ascension_mode":true,"campfire_choices":[{"data":"Neutralize","floor":8.0,"key":"SMITH"},{"data":"Tactician","floor":11.0,"key":"SMITH"},{"data":"After Image","floor":15.0,"key":"SMITH"},{"floor":24.0,"key":"RECALL"},{"floor":32.0,"key":"DIG"},{"floor":41,"key":"DIG"},{"floor":44,"key":"DIG"},{"floor":49,"key":"DIG"},{"floor":53,"key":"DIG"}],"circlet_count":0,"master_deck":["AscendersBane","Strike_G+1","Defend_G","Defend_G","Defend_G","Defend_G","Defend_G","Survivor","Neutralize+1","Skewer+1","Tactician+1","Blade Dance+1","Acrobatics+1","Terror+1","Deadly Poison+1","Blade Dance+1","After Image+1","Adrenaline+1","Backflip+1","Concentrate+1","Leg Sweep+1","Adrenaline+1","Cloak And Dagger+1","Necronomicurse","Bouncing Flask+1","Malaise+1","Catalyst+1","Well Laid Plans","Thinking Ahead+1","Catalyst+1","Blur+1","Panacea+1","Prepared+1","Expertise+1"],"relics":["Ring of the Snake","NeowsBlessing","Toxic Egg 2","Pen Nib","Anchor","Lantern","Blue Candle","Fusion Hammer","Toy Ornithopter","Tiny Chest","Nunchaku","Centennial Puzzle","Shovel","White Beast Statue","Necronomicon","PreservedInsect","HornCleat","SlaversCollar","Snake Skull","TheAbacus","Smiling Mask","Sundial","Eternal Feather","Pantograph","Dream Catcher","Torii","Blood Vial","Kunai","Whetstone","ClockworkSouvenir","Tingsha"],"acts_visited":["Exordium","TheCity","TheBeyond","TheEnding"],"potions_floor_usage":[33,40,50,51,56,56],"damage_taken":[{"damage":0.0,"enemies":"2 Louse","floor":1.0,"turns":1.0},{"damage":0.0,"enemies":"Small Slimes","floor":2.0,"turns":1.0},{"damage":0.0,"enemies":"Lagavulin","floor":6.0,"turns":1.0},{"damage":0.0,"enemies":"Cultist","floor":7.0,"turns":2.0},{"damage":0.0,"enemies":"Gremlin Nob","floor":13.0,"turns":2.0},{"damage":9.0,"enemies":"The Guardian","floor":16.0,"turns":10.0},{"damage":0.0,"enemies":"Spheric Guardian","floor":18.0,"turns":1.0},{"damage":0.0,"enemies":"2 Thieves","floor":20.0,"turns":4.0},{"damage":0.0,"enemies":"3 Cultists","floor":21.0,"turns":4.0},{"damage":0.0,"enemies":"Gremlin Leader","floor":23.0,"turns":3.0},{"damage":11.0,"enemies":"Snake Plant","floor":25.0,"turns":3.0},{"damage":16.0,"enemies":"Cultist and Chosen","floor":27.0,"turns":6.0},{"damage":9.0,"enemies":"Slavers","floor":28.0,"turns":6.0},{"damage":0.0,"enemies":"Colosseum Slavers","floor":29.0,"turns":4.0},{"damage":0.0,"enemies":"Colosseum Nobs","floor":29.0,"turns":3.0},{"damage":0.0,"enemies":"Gremlin Leader","floor":31.0,"turns":3.0},{"damage":3,"enemies":"Automaton","floor":33,"turns":3},{"damage":0,"enemies":"Orb Walker","floor":35,"turns":1},{"damage":0,"enemies":"Giant Head","floor":40,"turns":5},{"damage":0,"enemies":"Nemesis","floor":45,"turns":5},{"damage":5,"enemies":"2 Orb Walkers","floor":46,"turns":5},{"damage":0,"enemies":"3 Darklings","floor":48,"turns":4},{"damage":7,"enemies":"Donu and Deca","floor":50,"turns":7},{"damage":25,"enemies":"Time Eater","floor":51,"turns":9},{"damage":10,"enemies":"Shield and Spear","floor":55,"turns":4},{"damage":6,"enemies":"The Heart","floor":56,"turns":5}],"seed_played":"-1835728208657137481","potions_obtained":[{"floor":2.0,"key":"FearPotion"},{"floor":7.0,"key":"Strength Potion"},{"floor":16.0,"key":"Regen Potion"},{"floor":20.0,"key":"Explosive Potion"},{"floor":21.0,"key":"Fire Potion"},{"floor":27.0,"key":"Dexterity Potion"},{"floor":28.0,"key":"DistilledChaos"},{"floor":31.0,"key":"FearPotion"},{"floor":33,"key":"Energy Potion"},{"floor":35,"key":"Fire Potion"},{"floor":40,"key":"Swift Potion"},{"floor":48,"key":"Block Potion"},{"floor":55,"key":"Block Potion"}],"is_trial":false,"path_per_floor":["M","M","?","?","$","E","M","R","T","$","R","?","E","?","R","B",null,"M","T","M","M","$","E","R","M","T","M","E","?","?","E","R","B",null,"M","?","$","T","$","E","R","?","T","R","E","?","?","M","R","B","B",null,"R","$","E","B",null],"character_chosen":"THE_SILENT","items_purchased":["Blade Dance+1","Acrobatics+1","Blade Dance+1","Concentrate+1","Catalyst+1","Snake Skull","TheAbacus","Well Laid Plans","Thinking Ahead+1","Whetstone","Expertise+1","ClockworkSouvenir","PowerPotion"],"campfire_rested":0,"item_purchase_floors":[5,5,10,22,37,37,37,39,39,54,54,54,54],"current_hp_per_floor":[59,59,54,43,43,43,43,43,43,43,43,43,43,43,43,34,58,58,58,58,63,63,66,66,55,55,39,35,54,33,33,33,35,58,58,58,58,58,58,63,63,63,63,66,66,61,51,51,66,59,43,60,66,66,56,60],"gold":39,"neow_bonus":"THREE_ENEMY_KILL","is_daily":false,"chose_seed":false,"campfire_upgraded":3,"win_rate":0.0,"timestamp":1610443688,"path_taken":["M","M","?","?","$","E","M","R","T","$","R","?","E","?","R","BOSS","M","?","?","?","$","E","R","M","T","M","E","?","?","E","R","BOSS","M","?","$","?","$","E","R","?","T","R","E","?","?","M","R","BOSS","BOSS","R","$","E","BOSS"],"items_purchased_type":["Card","Card","Card","Card","Card","Relic","Relic","Card","Card","Relic","Card","Relic","Potion"],"build_version":"2020-12-22","purchased_purges":5,"victory":true,"max_hp_per_floor":[66,66,66,66,66,66,66,66,66,66,66,66,66,66,66,66,66,66,66,66,66,66,66,66,66,66,66,66,66,66,66,66,66,66,66,66,66,66,66,66,66,66,66,66,66,66,66,66,66,66,66,66,66,66,66,66],"card_choices":[{"not_picked":["Blade Dance","Concentrate"],"picked":"Skewer","floor":1.0},{"not_picked":["Noxious Fumes","Choke"],"picked":"Tactician","floor":2.0},{"not_picked":["Infinite Blades","Acrobatics+1"],"picked":"Terror+1","floor":6.0},{"not_picked":["Acrobatics+1","PiercingWail+1"],"picked":"Deadly Poison+1","floor":7.0},{"not_picked":["Slice","Concentrate+1"],"picked":"After Image","floor":13.0},{"not_picked":["Doppelganger+1","Night Terror+1"],"picked":"Adrenaline+1","floor":16.0},{"not_picked":["Endless Agony","Quick Slash","Dodge and Roll+1"],"picked":"SKIP","floor":18.0},{"not_picked":["Accuracy","PiercingWail+1"],"picked":"Backflip+1","floor":20.0},{"not_picked":["Backflip+1","Underhanded Strike","Predator"],"picked":"SKIP","floor":21.0},{"not_picked":["Backflip+1","Masterful Stab","Bouncing Flask+1"],"picked":"SKIP","floor":23.0},{"not_picked":["Outmaneuver+1","Skewer"],"picked":"Leg Sweep+1","floor":25.0},{"not_picked":["Poisoned Stab","Dagger Throw","Choke"],"picked":"SKIP","floor":27.0},{"not_picked":["Flying Knee","Noxious Fumes"],"picked":"Adrenaline+1","floor":28.0},{"not_picked":["Sucker Punch","Dagger Spray"],"picked":"Cloak And Dagger+1","floor":29.0},{"not_picked":["Cloak And Dagger+1","Bouncing Flask+1","Dagger Throw"],"picked":"SKIP","floor":31.0},{"not_picked":["Cloak And Dagger+1","Dagger Throw"],"picked":"Bouncing Flask+1","floor":31.0},{"not_picked":["Corpse Explosion+1","Tools of the Trade"],"picked":"Malaise+1","floor":33},{"not_picked":["Escape Plan+1","Predator","Bane"],"picked":"SKIP","floor":35},{"not_picked":["Eviscerate","Flechettes"],"picked":"Catalyst+1","floor":40},{"not_picked":["Escape Plan+1","Deflect+1"],"picked":"Blur+1","floor":45},{"not_picked":["Forethought+1","HandOfGreed"],"picked":"Panacea+1","floor":47},{"not_picked":["Bane","Eviscerate"],"picked":"Prepared+1","floor":48},{"not_picked":["Eviscerate","Quick Slash","Flying Knee"],"picked":"SKIP","floor":55}],"player_experience":4251003,"relics_obtained":[{"floor":6.0,"key":"Pen Nib"},{"floor":9.0,"key":"Anchor"},{"floor":13.0,"key":"Lantern"},{"floor":19.0,"key":"Toy Ornithopter"},{"floor":23.0,"key":"Tiny Chest"},{"floor":26.0,"key":"Nunchaku"},{"floor":28.0,"key":"Centennial Puzzle"},{"floor":29.0,"key":"Shovel"},{"floor":29.0,"key":"White Beast Statue"},{"floor":30.0,"key":"Necronomicon"},{"floor":31.0,"key":"PreservedInsect"},{"floor":32.0,"key":"HornCleat"},{"floor":40,"key":"Smiling Mask"},{"floor":41,"key":"Sundial"},{"floor":43,"key":"Eternal Feather"},{"floor":44,"key":"Pantograph"},{"floor":45,"key":"Dream Catcher"},{"floor":46,"key":"Torii"},{"floor":49,"key":"Blood Vial"},{"floor":53,"key":"Kunai"},{"floor":55,"key":"Tingsha"}],"event_choices":[{"damage_healed":0.0,"max_hp_gain":0.0,"max_hp_loss":0.0,"gold_gain":0.0,"event_name":"Scrap Ooze","player_choice":"Success","floor":3.0,"gold_loss":0.0,"damage_taken":5.0,"relics_obtained":["Toxic Egg 2"]},{"damage_healed":0.0,"max_hp_gain":0.0,"max_hp_loss":0.0,"gold_gain":75.0,"event_name":"World of Goop","player_choice":"Gather Gold","floor":4.0,"gold_loss":0.0,"damage_taken":11.0},{"damage_healed":0.0,"max_hp_gain":0.0,"max_hp_loss":0.0,"gold_gain":0.0,"event_name":"Liars Game","player_choice":"Ignored","floor":12.0,"gold_loss":0.0,"damage_taken":0.0},{"damage_healed":0.0,"max_hp_gain":0.0,"max_hp_loss":0.0,"gold_gain":0.0,"event_name":"WeMeetAgain","player_choice":"Gave Potion","floor":14.0,"gold_loss":0.0,"damage_taken":0.0,"relics_obtained":["Blue Candle"]},{"damage_healed":0.0,"max_hp_gain":0.0,"max_hp_loss":0.0,"gold_gain":0.0,"event_name":"Colosseum","player_choice":"Fight","floor":29.0,"gold_loss":0.0,"damage_taken":0.0},{"damage_healed":0.0,"max_hp_gain":0.0,"max_hp_loss":0.0,"gold_gain":0.0,"event_name":"Colosseum","player_choice":"Fought Nobs","floor":29.0,"gold_loss":0.0,"damage_taken":0.0},{"damage_healed":0.0,"max_hp_gain":0.0,"max_hp_loss":0.0,"gold_gain":0.0,"event_name":"Cursed Tome","player_choice":"Obtained Book","floor":30.0,"gold_loss":0.0,"damage_taken":21.0},{"damage_healed":0,"gold_gain":999,"player_choice":"Gold","damage_taken":0,"max_hp_gain":0,"max_hp_loss":0,"event_name":"MindBloom","floor":36,"gold_loss":0,"cards_obtained":["Normality","Normality"]},{"cards_removed":["Strike_G"],"damage_healed":0,"gold_gain":0,"player_choice":"Removed Attack","damage_taken":0,"max_hp_gain":0,"max_hp_loss":0,"event_name":"Falling","floor":42,"gold_loss":0},{"damage_healed":0,"gold_gain":0,"player_choice":"Fight","damage_taken":0,"max_hp_gain":0,"max_hp_loss":0,"event_name":"Mysterious Sphere","floor":46,"gold_loss":0},{"damage_healed":0,"gold_gain":0,"player_choice":"Memory 3","damage_taken":10,"max_hp_gain":0,"max_hp_loss":0,"event_name":"SensoryStone","floor":47,"gold_loss":0}],"is_beta":false,"boss_relics":[{"not_picked":["Snecko Eye","Ring of the Serpent"],"picked":"Fusion Hammer"},{"not_picked":["Busted Crown","Runic Dome"],"picked":"SlaversCollar"}],"items_purged_floors":[5,22,37,39,54],"is_endless":false,"potions_floor_spawned":[2,7,16,20,21,27,28,29,31,33,35,40,45,46,48,55],"ascension_level":20}}