{"host":"m1hsm1cztz438mir","time":1610464976,"event":{"mods":["2.2 Compatiblity","AchievementEnabler","Act Like it!","BaseMod","Better Altar","Better Match","Better Note","Better Sensory Stone","Better Skull","Better Third Choice","Colored Map","Minty Spire (QoL Compilation)","Relic Stats","Replay The Spire","Shop Mod","StSLib"],"gold_per_floor":[119,119,129,147,72,104,104,120,173,23,55,55,33,62,62,163,163,180,150,165,178,178,204,204,235,262,262,282,301,319,351,351,451,451,466,466,181,194,213,213,238,238,238,238,288,302,331,9,9,9],"floor_reached":51,"playtime":4023,"items_purged":["Defend_P","Strike_P"],"score":873,"play_id":"f3017335-1466-4d8c-86c5-4a3fd341942f","local_time":"20210112152256","is_ascension_mode":true,"campfire_choices":[{"data":"Wallop","floor":7,"key":"SMITH"},{"data":"Tantrum","floor":12,"key":"SMITH"},{"data":"TalkToTheHand","floor":15,"key":"SMITH"},{"floor":24,"key":"REST"},{"floor":32,"key":"REST"},{"data":"Blasphemy","floor":40,"key":"SMITH"},{"data":"MentalFortress","floor":42,"key":"SMITH"},{"data":"J.A.X.","floor":44,"key":"SMITH"},{"data":"MentalFortress","floor":49,"key":"SMITH"}],"circlet_count":0,"master_deck":["Strike_P","Defend_P","Defend_P","Defend_P","Eruption","Vigilance","Crescendo","Judgement","Wallop+1","DevaForm","FlurryOfBlows","ClearTheMind","Tantrum+1","FlyingSleeves","TalkToTheHand+1","Replay:LoomingThreat","MentalFortress+1","Replay:BluntJabs","CrushJoints+1","J.A.X.+1","ClearTheMind+1","Tantrum","BowlingBash","FlyingSleeves","MentalFortress+1","JustLucky","Replay:Vibes","Replay:BluntJabs","Blasphemy+1","LikeWater","Replay:AllIn","Mayhem","Replay:BluntJabs+1","Indignation+1","Halt+1","Study","FlurryOfBlows+1","WindmillStrike"],"relics":["HolyWater","Snack Pack","Replay:Rubber Ducky","Sling","Tiny Chest","Dream Catcher","Lizard Tail","Toy Ornithopter","Regal Pillow","Shuriken","Thread and Needle","VioletLotus","Ornamental Fan","Onion Ring","Pen Nib","Garlic","Eternal Feather"],"acts_visited":["Exordium","TheCity","TheBeyond"],"potions_floor_usage":[6,14,16,23,25,29,30,31,39,39,50,50],"damage_taken":[{"damage":0,"enemies":"Small Slimes","floor":1,"turns":5},{"damage":1,"enemies":"Cultist","floor":3,"turns":3},{"damage":1,"enemies":"2 Louse","floor":4,"turns":2},{"damage":28,"enemies":"3 Sentries","floor":6,"turns":8},{"damage":1,"enemies":"Gremlin Gang","floor":8,"turns":3},{"damage":0,"enemies":"Lagavulin","floor":11,"turns":5},{"damage":3,"enemies":"Gremlin Nob","floor":14,"turns":3},{"damage":34,"enemies":"Slime Boss","floor":16,"turns":8},{"damage":0,"enemies":"3 Byrds","floor":18,"turns":4},{"damage":11,"enemies":"2 Thieves","floor":20,"turns":3},{"damage":2,"enemies":"Chosen and Byrds","floor":21,"turns":3},{"damage":37,"enemies":"Gremlin Leader","floor":23,"turns":5},{"damage":12,"enemies":"Slavers","floor":25,"turns":3},{"damage":3,"enemies":"Cultist and Chosen","floor":28,"turns":5},{"damage":3,"enemies":"Snecko","floor":29,"turns":2},{"damage":17,"enemies":"Snake Plant","floor":30,"turns":3},{"damage":36,"enemies":"Gremlin Leader","floor":31,"turns":5},{"damage":17,"enemies":"Champ","floor":33,"turns":9},{"damage":9,"enemies":"3 Darklings","floor":35,"turns":4},{"damage":13,"enemies":"Orb Walker","floor":38,"turns":3},{"damage":3,"enemies":"Writhing Mass","floor":39,"turns":4},{"damage":0,"enemies":"Giant Head","floor":41,"turns":5},{"damage":3,"enemies":"Spire Growth","floor":46,"turns":3},{"damage":46,"enemies":"Reptomancer","floor":47,"turns":6},{"damage":35,"enemies":"Time Eater","floor":50,"turns":6}],"seed_played":"3215662220782253962","potions_obtained":[{"floor":1,"key":"Block Potion"},{"floor":3,"key":"Ancient Potion"},{"floor":4,"key":"BlessingOfTheForge"},{"floor":18,"key":"DistilledChaos"},{"floor":19,"key":"BottledMiracle"},{"floor":19,"key":"Adrenaline Potion"},{"floor":23,"key":"Doom Potion"},{"floor":28,"key":"BlessingOfTheForge"},{"floor":29,"key":"Block Potion"},{"floor":30,"key":"BlessingOfTheForge"},{"floor":38,"key":"Reflective Coating"},{"floor":46,"key":"Strength Potion"},{"floor":47,"key":"Swift Potion"}],"is_trial":false,"path_per_floor":["M","?","M","M","$","E","R","M","T","$","E","R","$","E","R_BF","B",null,"M","?","M","M","?","E","R","E","T","T","M","M","M","E","R","B",null,"M","?","$","M","M","R","E","R","T","R","T","M","E","$","R","B",null],"character_chosen":"WATCHER","items_purchased":["Sling","FlyingSleeves","Mayhem","Eternal Feather","WindmillStrike"],"campfire_rested":2,"item_purchase_floors":[10,13,37,48,48],"current_hp_per_floor":[79,79,78,77,77,49,49,52,52,52,54,54,54,53,53,23,79,79,79,68,68,68,35,58,50,50,50,49,53,45,20,58,53,79,74,74,74,65,76,76,79,79,79,79,79,79,39,39,60,41],"gold":9,"neow_bonus":"TEN_PERCENT_HP_BONUS","is_daily":false,"chose_seed":false,"campfire_upgraded":7,"win_rate":0.0,"timestamp":1610464976,"path_taken":["M","?","M","M","$","E","R","M","T","?","E","R","$","E","R_BF","BOSS","M","?","M","?","?","E","R","E","T","?","M","M","?","E","R","BOSS","M","?","$","M","?","R","E","R","T","R","?","M","E","$","R","BOSS"],"items_purchased_type":["Relic","Card","Card","Relic","Card"],"build_version":"2020-12-22","purchased_purges":2,"victory":true,"max_hp_per_floor":[79,79,79,79,79,79,79,79,79,79,79,79,79,79,79,79,79,79,79,79,79,79,79,79,79,79,79,79,79,79,79,79,79,79,79,79,79,79,79,79,79,79,79,79,79,79,79,79,79,79],"relic_stats":{"Dream Catcher":2,"Lizard Tail":0,"Regal Pillow":15,"counters":[25,110],"Shuriken":[30],"Ornamental Fan":[32],"Tiny Chest":2,"Eternal Feather":21,"VioletLotus":[9],"Pen Nib":[3],"obtain_stats":[{"Regal Pillow":26,"Thread and Needle":31,"Eternal Feather":48,"Pen Nib":45,"Sling":10,"Replay:Rubber Ducky":9,"Dream Catcher":14,"Lizard Tail":23,"Shuriken":27,"Ornamental Fan":41,"HolyWater":17,"Tiny Chest":11,"Onion Ring":43,"VioletLotus":34,"Snack Pack":6,"Garlic":47,"PureWater":0,"Toy Ornithopter":25},{"Regal Pillow":13,"Thread and Needle":17,"Eternal Feather":24,"Pen Nib":22,"Sling":5,"Replay:Rubber Ducky":5,"Dream Catcher":7,"Lizard Tail":12,"Shuriken":13,"Ornamental Fan":22,"HolyWater":8,"Tiny Chest":6,"Onion Ring":22,"VioletLotus":18,"Snack Pack":4,"Garlic":24,"PureWater":0,"Toy Ornithopter":13},{"Regal Pillow":55,"Thread and Needle":70,"Eternal Feather":104,"Pen Nib":95,"Sling":21,"Replay:Rubber Ducky":21,"Dream Catcher":29,"Lizard Tail":52,"Shuriken":55,"Ornamental Fan":95,"HolyWater":37,"Tiny Chest":26,"Onion Ring":95,"VioletLotus":79,"Snack Pack":18,"Garlic":104,"PureWater":0,"Toy Ornithopter":55}],"Toy Ornithopter":35},"card_choices":[{"not_picked":["Sanctity","PathToVictory"],"picked":"Crescendo","floor":1},{"not_picked":["Crescendo","Replay:AtTheReady"],"picked":"Wallop","floor":3},{"not_picked":["Crescendo","Evaluate"],"picked":"DevaForm","floor":4},{"not_picked":["Replay:Battleflow","Evaluate"],"picked":"FlurryOfBlows","floor":6},{"not_picked":["JustLucky","Collect"],"picked":"ClearTheMind","floor":8},{"not_picked":["BowlingBash","WreathOfFlame"],"picked":"Tantrum","floor":11},{"not_picked":["Prostrate","CrushJoints"],"picked":"TalkToTheHand","floor":14},{"not_picked":["DevaForm","Omniscience"],"picked":"Replay:LoomingThreat","floor":16},{"not_picked":["CutThroughFate","SashWhip+1"],"picked":"MentalFortress","floor":18},{"not_picked":["Conclude","WheelKick"],"picked":"Replay:BluntJabs","floor":20},{"not_picked":["ThirdEye","ConjureBlade"],"picked":"CrushJoints+1","floor":21},{"not_picked":["Indignation+1","EmptyBody"],"picked":"ClearTheMind+1","floor":23},{"not_picked":["Protect","ClearTheMind"],"picked":"Tantrum","floor":24},{"not_picked":["Replay:Cycle","Replay:ManipulateFuture"],"picked":"BowlingBash","floor":25},{"not_picked":["Consecrate","Replay:Cycle"],"picked":"FlyingSleeves","floor":28},{"not_picked":["EmptyMind+1","Protect"],"picked":"MentalFortress","floor":29},{"not_picked":["CrushJoints","Crescendo"],"picked":"JustLucky","floor":30},{"not_picked":["Weave","CrushJoints"],"picked":"Replay:Vibes","floor":31},{"not_picked":["SpiritShield","Consecrate"],"picked":"Replay:BluntJabs","floor":32},{"not_picked":["DevaForm","Devotion"],"picked":"Blasphemy","floor":33},{"not_picked":["ForeignInfluence+1","ThirdEye+1"],"picked":"LikeWater","floor":35},{"not_picked":["ThirdEye","WheelKick+1"],"picked":"Replay:BluntJabs+1","floor":38},{"not_picked":["Conclude","Replay:Hum"],"picked":"Indignation+1","floor":39},{"not_picked":["Brilliance","Replay:AtTheReady"],"picked":"Halt+1","floor":41},{"not_picked":["Evaluate","Replay:BluntJabs"],"picked":"Study","floor":46},{"not_picked":["Replay:Anticipation","WheelKick+1"],"picked":"FlurryOfBlows+1","floor":47}],"player_experience":263252,"relics_obtained":[{"floor":6,"key":"Snack Pack"},{"floor":9,"key":"Replay:Rubber Ducky"},{"floor":11,"key":"Tiny Chest"},{"floor":14,"key":"Dream Catcher"},{"floor":23,"key":"Lizard Tail"},{"floor":25,"key":"Toy Ornithopter"},{"floor":26,"key":"Regal Pillow"},{"floor":27,"key":"Shuriken"},{"floor":31,"key":"Thread and Needle"},{"floor":41,"key":"Ornamental Fan"},{"floor":43,"key":"Onion Ring"},{"floor":45,"key":"Pen Nib"},{"floor":47,"key":"Garlic"}],"event_choices":[{"damage_healed":0,"gold_gain":0,"cards_transformed":["Strike_P"],"player_choice":"Transformed","damage_taken":0,"max_hp_gain":0,"max_hp_loss":0,"event_name":"Transmorgrifier","floor":2,"gold_loss":0,"cards_obtained":["Judgement"]},{"damage_healed":0,"gold_gain":0,"player_choice":"Bought 2 Potions","damage_taken":0,"max_hp_gain":0,"max_hp_loss":0,"event_name":"The Woman in Blue","floor":19,"gold_loss":0},{"damage_healed":0,"gold_gain":0,"player_choice":"Obtain J.A.X.","damage_taken":0,"max_hp_gain":0,"max_hp_loss":0,"event_name":"Drug Dealer","floor":22,"gold_loss":0,"cards_obtained":["J.A.X."]},{"damage_healed":0,"gold_gain":0,"cards_transformed":["Strike_P"],"player_choice":"Transformed","damage_taken":0,"max_hp_gain":0,"max_hp_loss":0,"event_name":"Transmorgrifier","floor":36,"gold_loss":0,"cards_obtained":["Replay:AllIn"]}],"is_beta":false,"boss_relics":[{"not_picked":["Velvet Choker","Honey Jar"],"picked":"HolyWater"},{"not_picked":["Snecko Eye","ReplayTheSpireMod:DimensionalGlitch"],"picked":"VioletLotus"}],"items_purged_floors":[5,37],"is_endless":false,"potions_floor_spawned":[1,3,4,18,23,28,29,30,38,46,47],"ascension_level":1}}