{"host":"appz8zkad29u9482","time":1610494711,"event":{"mods":["2.2 Compatiblity","Act Like it!","Aspiration","BaseMod","Beaked The Cultist","Better Altar","Better Match","Better Note","Better Skull","Better Third Choice","BetterRewards","CapriCore","Conspire","Disable Question Mark Monsters","Energized Spire","Gensokyo","GifTheSpireLib","Gold Saver","Halation","Hermit","Hubris","Infinite Spire","Jedi Mod","Marisa????????","Minty Spire (QoL Compilation)","Permanent Neow","Reimu??????","Replay The Spire","Somnambulant","Spicy Shops","StSLib","Strawberry Spire","Stuff the Spire","The Administrix","The Animator","The Cursed","The Hierophant","The Immortal","yUi"],"gold_per_floor":[112,48,59,77,77,128,128,159,159,159,194,194,40,53,53,150,150,166,186,106,141,141,172,97,97,120,137,171,22,22,22],"floor_reached":30,"language":"ENG","playtime":1544,"items_purged":["Amnesia"],"score":366,"play_id":"fe8c996e-55b6-4314-a8c2-d85cff84cd3b","local_time":"20210112133831","is_ascension_mode":true,"campfire_choices":[{"floor":7,"key":"REST"},{"data":"Noxious Fumes","floor":10,"key":"SMITH"},{"floor":15,"key":"REST"}],"circlet_count":0,"master_deck":["Strike_G+1","Strike_G","Strike_G","Strike_G+1","Strike_G+1","Defend_G","Defend_G","Defend_G+1","Defend_G","Defend_G","Survivor","Neutralize","hubris:Strike_Merchant","somnambulantmod: Defend_Somnambulant","Magnetism","Noxious Fumes+1","Deadly Poison","StuffTheSpire:Injection","strawberrySpire:Insectonator","conspire:PoisonWeapons","Bane","Noxious Fumes+1","Noxious Fumes+1","Noxious Fumes+1","Noxious Fumes+1","Escape Plan","jedi:brewingpoison","Cloak And Dagger","Bane","Bane+1","Tools of the Trade+1","Dodge and Roll","conspire:PoisonWeapons+1"],"relics":["Ring of the Snake","conspire:BottledYoYo","Nunchaku","jedi:crownofsimplicity","StuffTheSpire:CocoNut","Whetstone","ReplayTheSpireMod:Ring of Addiction","Chameleon Ring","SacredBark","ReplayTheSpireMod:Ring of Challenge","strawberrySpire:BrokenPrinter","energizedSpire:MagnifyingGlass","strawberrySpire:SilkGarment","Orichalcum","StuffTheSpire:OldFever","Potion Belt","ReplayFunnel","jedi:rubbersling"],"acts_visited":["Exordium","TheCity"],"potions_floor_usage":[6,8,14,16,19,23,28],"damage_taken":[{"damage":4,"enemies":"Jaw Worm","floor":1,"turns":5},{"damage":0,"enemies":"Cultist","floor":3,"turns":5},{"damage":16,"enemies":"2 Louse","floor":4,"turns":4},{"damage":23,"enemies":"Gremlin Nob","floor":6,"turns":4},{"damage":17,"enemies":"Lagavulin","floor":8,"turns":6},{"damage":8,"enemies":"3 Sentries","floor":11,"turns":7},{"damage":4,"enemies":"Looter","floor":14,"turns":3},{"damage":18,"enemies":"Hexaghost","floor":16,"turns":6},{"damage":2,"enemies":"Shell Parasite","floor":18,"turns":5},{"damage":7,"enemies":"Spheric Guardian","floor":19,"turns":4},{"damage":32,"enemies":"conspire:MimicChest","floor":21,"turns":5},{"damage":20,"enemies":"Slavers","floor":23,"turns":4},{"damage":6,"enemies":"conspire:HollyBat","floor":27,"turns":6},{"damage":13,"enemies":"strawberrySpire:AncientClocktower","floor":28,"turns":7},{"damage":11,"enemies":"Centurion and Healer","floor":30,"turns":1}],"seed_played":"-52345760793777361","potions_obtained":[{"floor":3,"key":"Energy Potion"},{"floor":4,"key":"DuplicationPotion"},{"floor":12,"key":"BlessingOfTheForge"},{"floor":12,"key":"Adrenaline Potion"},{"floor":12,"key":"LiquidMemories"},{"floor":21,"key":"DuplicationPotion"},{"floor":25,"key":"Poison Potion"},{"floor":25,"key":"jedi:mysterypotion"}],"is_trial":false,"path_per_floor":["M","?","M","M","?","E","R","E","T","R","E","?","$","M","R","B",null,"M","M","?","?","?","E","?","R","T","M","E","$","M"],"character_chosen":"THE_SILENT","items_purchased":["strawberrySpire:BrokenPrinter","Languid Potion"],"campfire_rested":2,"item_purchase_floors":[13,29],"current_hp_per_floor":[66,66,66,50,36,13,34,17,24,24,16,16,16,12,35,17,77,75,68,77,45,45,25,25,25,25,19,6,6,0,0],"gold":22,"neow_bonus":"RANDOM_COLORLESS_2","is_daily":false,"chose_seed":false,"campfire_upgraded":1,"win_rate":0.0,"timestamp":1610494711,"path_taken":["M","?","M","?","?","E","R","E","T","R","E","?","$","?","R","BOSS","M","M","?","?","?","E","?","R","T","M","E","?","?"],"items_purchased_type":["Relic","Potion"],"build_version":"2020-12-22","purchased_purges":1,"victory":false,"max_hp_per_floor":[70,70,70,70,70,70,70,70,77,77,77,77,77,77,77,77,77,77,77,77,77,77,75,75,75,75,73,73,73,73,73],"card_choices":[{"not_picked":["jedi:cleanse","Secret Weapon"],"picked":"Magnetism","floor":0},{"not_picked":["Slice","strawberrySpire:Pant"],"picked":"Noxious Fumes","floor":1},{"not_picked":["StuffTheSpire:ClusterCrunch","Leg Sweep"],"picked":"Deadly Poison","floor":3},{"not_picked":["Quick Slash","Setup"],"picked":"StuffTheSpire:Injection","floor":4},{"not_picked":["Outmaneuver","jedi:acidrain"],"picked":"strawberrySpire:Insectonator","floor":6},{"not_picked":["Setup","Cloak And Dagger"],"picked":"conspire:PoisonWeapons","floor":8},{"not_picked":["strawberrySpire:Grapple","Quick Slash"],"picked":"Bane","floor":11},{"not_picked":["strawberrySpire:SideSwipe","Riddle With Holes"],"picked":"Escape Plan","floor":14},{"not_picked":["jedi:studyshivs","ReplayTheSpireMod:From All Sides"],"picked":"jedi:brewingpoison","floor":16},{"not_picked":["strawberrySpire:SideSwipe","strawberrySpire:Insectonator+1"],"picked":"Cloak And Dagger","floor":18},{"not_picked":["Wraith Form v2","strawberrySpire:Insectonator"],"picked":"Bane","floor":19},{"not_picked":["strawberrySpire:SideSwipe","ReplayTheSpireMod:Shiv Toss+1"],"picked":"Bane+1","floor":23},{"not_picked":["Adrenaline+1","strawberrySpire:Lockstep+1"],"picked":"Tools of the Trade+1","floor":24},{"not_picked":["Poisoned Stab+1","strawberrySpire:Pant"],"picked":"Dodge and Roll","floor":27},{"not_picked":["Tactician+1","Poisoned Stab+1"],"picked":"conspire:PoisonWeapons+1","floor":28}],"player_experience":546055,"relics_obtained":[{"floor":6,"key":"Nunchaku"},{"floor":8,"key":"jedi:crownofsimplicity"},{"floor":9,"key":"StuffTheSpire:CocoNut"},{"floor":11,"key":"Whetstone"},{"floor":12,"key":"ReplayTheSpireMod:Ring of Addiction"},{"floor":12,"key":"Chameleon Ring"},{"floor":12,"key":"SacredBark"},{"floor":12,"key":"ReplayTheSpireMod:Ring of Challenge"},{"floor":21,"key":"Orichalcum"},{"floor":22,"key":"StuffTheSpire:OldFever"},{"floor":23,"key":"Potion Belt"},{"floor":26,"key":"ReplayFunnel"},{"floor":28,"key":"jedi:rubbersling"}],"event_choices":[{"damage_healed":0,"gold_gain":0,"player_choice":"Paid Gold","damage_taken":0,"relics_obtained":["conspire:BottledYoYo"],"max_hp_gain":0,"max_hp_loss":0,"event_name":"WeMeetAgain","floor":2,"gold_loss":64},{"damage_healed":50,"gold_gain":0,"player_choice":"Upgrade","damage_taken":14,"max_hp_gain":0,"max_hp_loss":70,"event_name":"betterThird:BetterShining","floor":5,"gold_loss":0,"cards_upgraded":["Strike_G","Defend_G"]},{"damage_healed":0,"gold_gain":0,"player_choice":"2","damage_taken":0,"max_hp_gain":0,"max_hp_loss":0,"event_name":"betterMatch:BetterMatch","floor":24,"gold_loss":0,"cards_obtained":["betterMatch:RareCard"]}],"is_beta":false,"boss_relics":[{"not_picked":["hubris:BlackHole","StuffTheSpire:RunicConfusion"],"picked":"energizedSpire:MagnifyingGlass"}],"items_purged_floors":[29],"is_endless":false,"potions_floor_spawned":[3,4,21],"killed_by":"Centurion and Healer","ascension_level":4}}