{"host":"0tiuc76yumknr6qf","time":1610482953,"event":{"mods":["BaseMod","Colored Map","Highlight Path","Minty Spire (QoL Compilation)","StSLib","The Necromancer"],"gold_per_floor":[164,164,178,178,178,178,193,207,207,225,236,161,173,184,184,281,281,271,271,288,288,288],"floor_reached":21,"playtime":475,"items_purged":["Defend_R"],"score":175,"play_id":"fdb7c9c2-cbbe-41ac-ac95-72bd21b70ad7","local_time":"20210112142233","is_ascension_mode":false,"campfire_choices":[{"data":"Bash","floor":6,"key":"SMITH"},{"floor":15,"key":"REST"}],"circlet_count":0,"master_deck":["Strike_R","Strike_R","Strike_R+1","Strike_R","Strike_R","Defend_R+1","Defend_R","Bash+1","Thunderclap","Rampage+1","Limit Break"],"relics":["Tiny House","Blue Candle","Fusion Hammer"],"acts_visited":["TheCity"],"potions_floor_usage":[11,13,14,16],"damage_taken":[{"damage":11,"enemies":"Jaw Worm","floor":1,"turns":2},{"damage":1,"enemies":"2 Louse","floor":3,"turns":3},{"damage":7,"enemies":"Small Slimes","floor":7,"turns":2},{"damage":18,"enemies":"Exordium Thugs","floor":8,"turns":4},{"damage":16,"enemies":"Large Slime","floor":10,"turns":4},{"damage":10,"enemies":"Looter","floor":11,"turns":2},{"damage":5,"enemies":"Exordium Wildlife","floor":13,"turns":3},{"damage":0,"enemies":"Red Slaver","floor":14,"turns":1},{"damage":41,"enemies":"Slime Boss","floor":16,"turns":7},{"damage":25,"enemies":"2 Thieves","floor":18,"turns":4},{"damage":32,"enemies":"3 Byrds","floor":20,"turns":5},{"damage":27,"enemies":"Snake Plant","floor":21,"turns":3}],"seed_played":"4263135824459476017","potions_obtained":[{"floor":0,"key":"ColorlessPotion"},{"floor":7,"key":"Strength Potion"},{"floor":8,"key":"LiquidMemories"},{"floor":14,"key":"Regen Potion"},{"floor":20,"key":"GamblersBrew"}],"is_trial":false,"path_per_floor":["M","?","M","?","?","R","M","M","T","M","M","$","M","M","R","B",null,"M","?","M","M"],"character_chosen":"IRONCLAD","items_purchased":[],"campfire_rested":1,"item_purchase_floors":[],"current_hp_per_floor":[74,57,56,61,61,61,54,36,36,20,10,10,5,5,32,6,90,65,59,27,0,0],"gold":288,"neow_bonus":"BOSS_RELIC","is_daily":false,"chose_seed":false,"campfire_upgraded":1,"win_rate":0.0,"timestamp":1610482953,"path_taken":["M","?","M","?","?","R","?","M","T","M","M","$","M","M","R","BOSS","M","?","M","?"],"items_purchased_type":[],"build_version":"2020-12-22","purchased_purges":1,"victory":false,"max_hp_per_floor":[85,85,85,90,90,90,90,90,90,90,90,90,90,90,90,90,90,90,90,90,90,90],"card_choices":[{"not_picked":["Bloodletting","Sword Boomerang"],"picked":"Thunderclap","floor":0},{"not_picked":["Headbutt","Sever Soul"],"picked":"Rampage","floor":1},{"not_picked":["Heavy Blade","Pommel Strike","Thunderclap"],"picked":"SKIP","floor":3},{"not_picked":["Twin Strike","Warcry","Armaments"],"picked":"SKIP","floor":7},{"not_picked":["Iron Wave","Bloodletting","Disarm"],"picked":"SKIP","floor":8},{"not_picked":["Perfected Strike","Pummel","Armaments"],"picked":"SKIP","floor":10},{"not_picked":["Dual Wield","Twin Strike","Ghostly Armor"],"picked":"SKIP","floor":11},{"not_picked":["Shrug It Off","Anger","Pummel"],"picked":"SKIP","floor":13},{"not_picked":["Warcry","Body Slam","Headbutt"],"picked":"SKIP","floor":14},{"not_picked":["Juggernaut","Immolate"],"picked":"Limit Break","floor":16},{"not_picked":["Thunderclap","Burning Pact+1","Ghostly Armor"],"picked":"SKIP","floor":18},{"not_picked":["Metallicize","Shrug It Off","Wild Strike"],"picked":"SKIP","floor":20}],"player_experience":1988445,"relics_obtained":[{"floor":9,"key":"Blue Candle"}],"event_choices":[{"damage_healed":0,"gold_gain":0,"player_choice":"Entered Light","damage_taken":17,"max_hp_gain":0,"max_hp_loss":0,"event_name":"Shining Light","floor":2,"gold_loss":0,"cards_upgraded":["Defend_R","Rampage"]},{"damage_healed":0,"gold_gain":0,"player_choice":"Donut","damage_taken":0,"max_hp_gain":5,"max_hp_loss":0,"event_name":"Big Fish","floor":4,"gold_loss":0},{"cards_removed":["Defend_R"],"damage_healed":0,"gold_gain":0,"player_choice":"Forget","damage_taken":0,"max_hp_gain":0,"max_hp_loss":0,"event_name":"Living Wall","floor":5,"gold_loss":0},{"damage_healed":0,"gold_gain":0,"player_choice":"","damage_taken":6,"max_hp_gain":0,"max_hp_loss":0,"event_name":"Knowing Skull","floor":19,"potions_obtained":[],"gold_loss":0,"cards_obtained":[]}],"is_beta":false,"boss_relics":[{"not_picked":["Philosopher\u0027s Stone","SacredBark"],"picked":"Fusion Hammer"}],"items_purged_floors":[12],"is_endless":false,"potions_floor_spawned":[7,8,10,14,20],"killed_by":"Snake Plant","ascension_level":0}}