{"host":"c59jaj2b7ki1imdm","time":1610417286,"event":{"mods":["AchievementEnabler","BaseMod","Hermit","Hubris","Minty Spire (QoL Compilation)","StSLib","The Construct","The Hierophant"],"gold_per_floor":[117,196,212,232,252,280,297,297,297,314,314,324,324,37,37,138,138,149,3,3,21,41,61,80,80,80,92,92,92,38,38,38,141,141,158,171,182,232,232,232],"floor_reached":39,"playtime":4181,"items_purged":[],"score":412,"play_id":"394dcf5b-0632-4147-b2b0-14d1f4671180","local_time":"20210112030806","is_ascension_mode":false,"campfire_choices":[{"floor":8,"key":"REST"},{"floor":13,"key":"REST"},{"floor":15,"key":"REST"},{"floor":25,"key":"REST"},{"floor":28,"key":"REST"},{"data":"Meteor Strike","floor":32,"key":"SMITH"}],"circlet_count":0,"master_deck":["Zap","Dualcast","Consume","Fusion","Steam","Genetic Algorithm","Reprogram","Storm","Streamline","FTL","Storm","Conserve Battery","Echo Form","Glacier","Blizzard","Force Field","Reboot","Hello World","hubris:Prefetch","Turbo","Meteor Strike+1","Barrage","Ball Lightning","Rainbow","Chill","hubris:Ukulele","Sweeping Beam+1","Redo","Barrage","Reboot","Barrage+1","Skim+1","Streamline+1","Barrage+1"],"relics":["Cracked Core","Nunchaku","Mummified Hand","Pear","Orichalcum","HornCleat","Pandora\u0027s Box","Lantern","MutagenicStrength","Pantograph","Philosopher\u0027s Stone","hubris:64BitClover"],"acts_visited":["Exordium","TheCity","TheBeyond"],"potions_floor_usage":[16,16,16,16,16,21,22,33,33,36],"damage_taken":[{"damage":1,"enemies":"Cultist","floor":1,"turns":4},{"damage":0,"enemies":"Small Slimes","floor":3,"turns":3},{"damage":11,"enemies":"Jaw Worm","floor":4,"turns":4},{"damage":10,"enemies":"Looter","floor":5,"turns":3},{"damage":34,"enemies":"Lagavulin","floor":6,"turns":8},{"damage":3,"enemies":"Blue Slaver","floor":7,"turns":5},{"damage":7,"enemies":"3 Louse","floor":10,"turns":4},{"damage":11,"enemies":"Lots of Slimes","floor":12,"turns":4},{"damage":35,"enemies":"The Guardian","floor":16,"turns":10},{"damage":12,"enemies":"Spheric Guardian","floor":18,"turns":9},{"damage":18,"enemies":"2 Thieves","floor":21,"turns":4},{"damage":26,"enemies":"Shelled Parasite and Fungi","floor":22,"turns":10},{"damage":8,"enemies":"Centurion and Healer","floor":23,"turns":8},{"damage":0,"enemies":"Snecko","floor":24,"turns":6},{"damage":5,"enemies":"Chosen and Byrds","floor":27,"turns":4},{"damage":74,"enemies":"Automaton","floor":33,"turns":12},{"damage":10,"enemies":"Orb Walker","floor":35,"turns":3},{"damage":26,"enemies":"3 Darklings","floor":36,"turns":4},{"damage":45,"enemies":"Spire Growth","floor":37,"turns":5},{"damage":0,"enemies":"Mind Bloom Boss Battle","floor":38,"turns":5},{"damage":31,"enemies":"Maw","floor":39,"turns":6}],"seed_played":"5398491497336944337","potions_obtained":[{"floor":1,"key":"EntropicBrew"},{"floor":5,"key":"Strength Potion"},{"floor":10,"key":"PotionOfCapacity"},{"floor":12,"key":"Weak Potion"},{"floor":18,"key":"Fire Potion"},{"floor":23,"key":"GamblersBrew"},{"floor":24,"key":"EssenceOfSteel"},{"floor":33,"key":"SpeedPotion"},{"floor":35,"key":"PowerPotion"}],"is_trial":false,"path_per_floor":["M","T","M","M","M","E","M","R","T","M","?","M","R","$","R","B",null,"M","$","?","M","M","M","M","R","T","M","R","?","$","?","R","B",null,"M","M","M","?","M"],"character_chosen":"DEFECT","items_purchased":["HornCleat","Conserve Battery","Lantern","Redo"],"campfire_rested":5,"item_purchase_floors":[14,14,19,30],"current_hp_per_floor":[74,74,74,63,53,29,26,51,51,44,44,33,58,58,83,48,85,73,73,73,55,29,21,21,46,46,41,66,66,66,66,66,11,85,75,49,4,29,0,0],"gold":232,"neow_bonus":"RANDOM_COMMON_RELIC","is_daily":false,"chose_seed":false,"campfire_upgraded":1,"win_rate":0.0,"timestamp":1610417286,"path_taken":["M","?","M","M","M","E","M","R","T","M","?","M","R","$","R","BOSS","M","?","?","M","M","M","M","R","T","M","R","?","?","?","R","BOSS","M","?","?","?","M"],"items_purchased_type":["Relic","Card","Relic","Card"],"build_version":"2020-12-22","purchased_purges":0,"victory":false,"max_hp_per_floor":[75,75,75,75,75,85,85,85,85,85,85,85,85,85,85,85,85,85,85,85,85,85,85,85,85,85,85,85,85,85,85,85,85,85,85,85,85,85,85,85],"card_choices":[{"not_picked":["hubris:Ukulele","Melter"],"picked":"Consume","floor":1},{"not_picked":["Gash","Stack"],"picked":"Fusion","floor":3},{"not_picked":["Turbo","Compile Driver"],"picked":"Steam","floor":4},{"not_picked":["Force Field","BootSequence"],"picked":"Genetic Algorithm","floor":5},{"not_picked":["Turbo","Leap"],"picked":"Reprogram","floor":6},{"not_picked":["Turbo","Hologram"],"picked":"Storm","floor":7},{"not_picked":["Coolheaded","Beam Cell"],"picked":"Streamline","floor":10},{"not_picked":["Static Discharge","Ball Lightning"],"picked":"Storm","floor":12},{"not_picked":["All For One","Reboot"],"picked":"Echo Form","floor":16},{"not_picked":["Sweeping Beam","Rebound+1"],"picked":"Barrage","floor":18},{"not_picked":["Sweeping Beam","Leap"],"picked":"Ball Lightning","floor":21},{"not_picked":["Steam","Hologram"],"picked":"Rainbow","floor":22},{"not_picked":["Steam","Hologram"],"picked":"Chill","floor":23},{"not_picked":["Beam Cell","Turbo+1"],"picked":"hubris:Ukulele","floor":24},{"not_picked":["Coolheaded","Heatsinks"],"picked":"Sweeping Beam+1","floor":27},{"not_picked":["Fission","Echo Form"],"picked":"Reboot","floor":33},{"not_picked":["Compile Driver+1","Sweeping Beam+1"],"picked":"Barrage+1","floor":35},{"not_picked":["Turbo+1","Hologram+1"],"picked":"Skim+1","floor":36},{"not_picked":["Coolheaded","Stack+1"],"picked":"Streamline+1","floor":37},{"not_picked":["Glacier","Rebound+1"],"picked":"Barrage+1","floor":38}],"player_experience":128693,"relics_obtained":[{"floor":2,"key":"Mummified Hand"},{"floor":6,"key":"Pear"},{"floor":9,"key":"Orichalcum"},{"floor":26,"key":"Pantograph"},{"floor":38,"key":"hubris:64BitClover"}],"event_choices":[{"damage_healed":0,"gold_gain":0,"player_choice":"1 cards matched","damage_taken":0,"max_hp_gain":0,"max_hp_loss":0,"event_name":"Match and Keep!","floor":11,"gold_loss":0,"cards_obtained":["FTL"]},{"damage_healed":0,"gold_gain":0,"player_choice":"Inject Mutagens","damage_taken":0,"relics_obtained":["MutagenicStrength"],"max_hp_gain":0,"max_hp_loss":0,"event_name":"Drug Dealer","floor":20,"gold_loss":0},{"damage_healed":0,"gold_gain":0,"player_choice":"1 cards matched","damage_taken":0,"max_hp_gain":0,"max_hp_loss":0,"event_name":"Match and Keep!","floor":31,"gold_loss":0,"cards_obtained":["Barrage"]},{"damage_healed":0,"gold_gain":0,"player_choice":"Fight","damage_taken":0,"max_hp_gain":0,"max_hp_loss":0,"event_name":"MindBloom","floor":38,"gold_loss":0}],"is_beta":false,"boss_relics":[{"not_picked":["Black Star","Cursed Key"],"picked":"Pandora\u0027s Box"},{"not_picked":["Empty Cage","Velvet Choker"],"picked":"Philosopher\u0027s Stone"}],"items_purged_floors":[],"is_endless":false,"potions_floor_spawned":[1,5,10,12,18,23,24,33,35],"killed_by":"Maw","ascension_level":0}}