{"host":"8kweeulvvasqx820","time":1610420972,"event":{"mods":["Aspiration","BaseMod","Better Altar","Better Match","Better Note","Better Sensory Stone","Better Skull","Better Third Choice","BetterRewards","Colored Map","Conspire","Displayed Cursed Tome","Downfall","Hubris","Infinite Spire","Jorbs\u0027s Wanderer Trilogy","Minty Spire (QoL Compilation)","Relic Stats","Replay The Spire","Spicy Shops","StSLib","SuperFastMode","Swap Starting Deck Mod","The Construct","The Marked","The Servant 0.9.4","everything is the same but u backflip on backflip","slay the spire mod where everything is the same but ironclad has a cowboy hat"],"gold_per_floor":[113,113,133,149,165,193,193,215,240,190,222,271,299,326,326,442,442,427,427,427,1,1,1,1,1,1,1,1,1,1,1,1,1,1,1,1,1,1,1,1,1,1,1,1,1,1,1,1,1,1,1],"floor_reached":50,"playtime":3481,"items_purged":["theMarked:Strike","theMarked:WastefulAttack"],"score":798,"play_id":"fa018c1c-2c32-432f-9f40-0e8ffe887cd6","local_time":"20210111220932","is_ascension_mode":false,"campfire_choices":[{"data":"theMarked:ElementalBlade","floor":7.0,"key":"SMITH"},{"floor":15.0,"key":"REST"},{"data":"theMarked:SoldierOfQuellstein","floor":23,"key":"SMITH"},{"floor":28,"key":"REST"},{"floor":32,"key":"REST"},{"floor":42,"key":"REST"},{"floor":44,"key":"REST"},{"data":"theMarked:Generate","floor":46,"key":"SMITH"},{"floor":49,"key":"REST"}],"circlet_count":0,"master_deck":["theMarked:Strike","theMarked:Defend","theMarked:Defend","theMarked:Defend","theMarked:Defend","theMarked:SoldierOfQuellstein+1","theMarked:WardOff+1","theMarked:Electrocute+1","theMarked:Electrocute","Replay:SS_fish_3+1","theMarked:LightningStrikesTwice","theMarked:ElementalBlade+1","theMarked:Aftermath+1","theMarked:ReduceFriction","theMarked:Parry","theMarked:Static+1","theMarked:EmpowerWeapon","theMarked:StartUp","theMarked:TurnInvisible+1","theMarked:AttractMetal","theMarked:Polarize","theMarked:Static+1","theMarked:ComboAttacks+1","theMarked:Generate+1","theMarked:BindingBlade","theMarked:KeepCalmAndFightOn+1","theMarked:ReduceFriction+1","theMarked:SuspiciousRaven+1","theMarked:RogueSparks+1","theMarked:BanishingWave+1","theMarked:ResourceFulStrike","theMarked:Generate+1"],"relics":["theMarked:ArtifactOfAir","PreservedInsect","BargainBundle","hubris:Towel","Bronze Scales","Odd Mushroom","Gremlin Food","hubris:OldNail","infinitespire:CheckeredPen","Ectoplasm","White Beast Statue","Matryoshka","Regal Pillow","hubris:PeanutButter","infinitespire:Satchel","Astrolabe","hubris:HollowSoul","Gambling Chip","TungstenRod","aspiration:HiddenCompartment","Bottled Tornado","Gremlin Horn"],"acts_visited":["Exordium","TheCity","TheBeyond"],"potions_floor_usage":[24,27,31,33,33,38,39,39,39,41,47,50,50],"damage_taken":[{"damage":0.0,"enemies":"conspire:RoseBush","floor":1.0,"turns":2.0},{"damage":7.0,"enemies":"2 Louse","floor":3.0,"turns":2.0},{"damage":1.0,"enemies":"Jaw Worm","floor":4.0,"turns":3.0},{"damage":0.0,"enemies":"Large Slime","floor":5.0,"turns":2.0},{"damage":14.0,"enemies":"Gremlin Nob","floor":6.0,"turns":3.0},{"damage":26.0,"enemies":"The Mushroom Lair","floor":8.0,"turns":4.0},{"damage":1.0,"enemies":"3 Louse","floor":11.0,"turns":4.0},{"damage":18.0,"enemies":"Lagavulin","floor":12.0,"turns":3.0},{"damage":0.0,"enemies":"Blue Slaver","floor":13.0,"turns":3.0},{"damage":0.0,"enemies":"Gremlin Nob","floor":14.0,"turns":2.0},{"damage":0.0,"enemies":"Slime Boss","floor":16.0,"turns":6.0},{"damage":10.0,"enemies":"2 Thieves","floor":18.0,"turns":2.0},{"damage":19.0,"enemies":"conspire:FuzzyDice","floor":20.0,"turns":5.0},{"damage":9,"enemies":"conspire:HollyBat","floor":24,"turns":6},{"damage":17,"enemies":"Slavers","floor":25,"turns":4},{"damage":4,"enemies":"Centurion and Healer","floor":27,"turns":4},{"damage":2,"enemies":"Chosen and Byrds","floor":29,"turns":3},{"damage":0,"enemies":"Snecko","floor":30,"turns":3},{"damage":0,"enemies":"Centurion and Healer","floor":31,"turns":3},{"damage":20,"enemies":"Champ","floor":33,"turns":8},{"damage":2,"enemies":"3 Shapes","floor":35,"turns":4},{"damage":0,"enemies":"Orb Walker","floor":37,"turns":3},{"damage":33,"enemies":"Transient","floor":38,"turns":5},{"damage":3,"enemies":"3 Darklings","floor":39,"turns":4},{"damage":12,"enemies":"Giant Head","floor":40,"turns":6},{"damage":0,"enemies":"Sphere and 2 Shapes","floor":41,"turns":2},{"damage":0,"enemies":"Transient","floor":45,"turns":5},{"damage":25,"enemies":"Nightmare","floor":47,"turns":4},{"damage":18,"enemies":"conspire:OrnateMirror","floor":50,"turns":2}],"seed_played":"5482867020761350721","potions_obtained":[{"floor":1.0,"key":"Adrenaline Potion"},{"floor":4.0,"key":"LiquidMemories"},{"floor":5.0,"key":"construct:ShiftPotion"},{"floor":11.0,"key":"Fire Potion"},{"floor":16.0,"key":"Energy Potion"},{"floor":24,"key":"SkillPotion"},{"floor":25,"key":"champ:CounterPotion"},{"floor":27,"key":"SteroidPotion"},{"floor":29,"key":"infinitespire:BlackPotion"},{"floor":31,"key":"Milkshake"},{"floor":33,"key":"Swift Potion"},{"floor":35,"key":"hexamod:EctoCoolerPotion"},{"floor":37,"key":"Languid Potion"},{"floor":38,"key":"construct:ShiftPotion"},{"floor":39,"key":"Explosive Potion"},{"floor":40,"key":"LifebloodPotion"},{"floor":41,"key":"Ancient Potion"},{"floor":45,"key":"DuplicationPotion"},{"floor":47,"key":"hexamod:EctoCoolerPotion"}],"is_trial":false,"path_per_floor":["M","?","M","M","M","E","R","?","T","?","M","E","M","E","R","B",null,"M","?","M","$","?","R","M","E","T","M","R","M","M","M","R","B",null,"M","AVR","M","M","M","E","M","R","T","R","M","R","NM","NS","R","B"],"character_chosen":"THE_DEFAULT","items_purchased":["PreservedInsect","BargainBundle","SpeedPotion","FearPotion","Weak Potion","theMarked:WardOff","theMarked:Electrocute","Replay:SS_fish_3","theMarked:LightningStrikesTwice","White Beast Statue","Matryoshka","ColorlessPotion"],"campfire_rested":6,"item_purchase_floors":[0,0,0,0,0,0,0,0,0,21,21,21],"current_hp_per_floor":[70,70,63,62,62,48,48,22,22,22,21,3,3,3,24,24,70,60,60,41,41,41,41,32,15,15,11,47,45,45,45,70,50,70,68,68,68,35,35,23,23,59,59,70,70,70,45,45,70,0,0],"gold":1,"neow_bonus":"","is_daily":false,"chose_seed":false,"campfire_upgraded":3,"win_rate":0.0,"timestamp":1610420972,"path_taken":["M","?","M","M","M","E","R","?","T","?","?","E","M","E","R","BOSS","M","?","M","$","?","R","M","E","T","M","R","M","?","M","R","BOSS","M","AVR","M","M","M","E","M","R","T","R","M","R","NM","NS","R","BOSS"],"items_purchased_type":["Relic","Relic","Potion","Potion","Potion","Card","Card","Card","Card","Relic","Relic","Potion"],"build_version":"2020-12-22","purchased_purges":2,"victory":false,"max_hp_per_floor":[70,70,70,70,70,70,70,70,70,70,70,70,70,70,70,70,70,70,70,70,70,70,70,70,70,70,70,70,70,70,70,70,70,70,70,70,70,70,70,70,70,70,70,70,70,70,70,70,70,70,70],"relic_stats":{"Regal Pillow":38,"Gremlin Horn":[3,3],"counters":[158,571],"Bronze Scales":[244],"Astrolabe":["theMarked:KeepCalmAndFightOn","theMarked:ReduceFriction","theMarked:SuspiciousRaven"],"Gambling Chip":[16],"PreservedInsect":311,"Ectoplasm":539,"obtain_stats":[{"construct:FoamFinger":4,"infinitespire:Cubic Diamond":63,"aspiration:PoetsPen_weak":189,"Whetstone":10,"construct:LongRangeLance":59,"Bottled Tornado":43,"aspiration:RitualStick":80,"Replay:Wanted Poster":105,"hubris:DeckOfHolding":26,"Replay:Bottled Flurry":43,"Replay:Wax Seal":74,"construct:MasterCore":9,"hubris:TinFlute":208,"hubris:MobiusCoin":39,"theCatGirl:TrainedRelic":0,"Pear":209,"ReplayTheSpireMod:Ring of Addiction":94,"aspiration:FrozenJewel":208,"ReplayTheSpireMod:Ring of Collecting":39,"MutagenicStrength":173,"conspire:BottledYoYo":90,"construct:MegaBattery":94,"hubris:TenFootPole":203,"Kintsugi":87,"infinitespire:Cupcake":85,"Lantern":0,"Regal Pillow":25,"Blue Doll":9,"Bag of Preparation":195,"hubris:EmptyBottle":94,"Cursed Key":102,"Replay:Rubber Ducky":19,"hubris:Backtick":47,"Matryoshka":21,"Replay:Lucky Slots":11,"hubris:CuriousFeather":179,"WingedGreaves":201,"Ring of Panic":77,"aspiration:FutureDiary":136,"Potion Belt":94,"aspiration:VileToxins":159,"construct:PurpleEmber":193,"construct:WeddingRing":153,"Golden Idol":39,"Circlet":156,"PreservedInsect":158,"Ring of Greed":39,"infinitespire:CheckeredPen":14,"hubris:Towel":45,"theMarked:ArtifactOfAir":0,"Busted Crown":170,"Ring of Misfortune":60,"Ectoplasm":17,"Bottled Lightning":112,"conspire:DeflatedDodgeball":133,"ReplayTheSpireMod:Lightbulb":99,"hubris:BottledRain":29,"conspire:RoyalGoblet":34,"Gremlin Horn":47,"Vajra":166,"conspire:SeveredTorchhead":17,"Centennial Puzzle":125,"HornCleat":22,"Strawberry":59,"Happy Flower":12,"Ring of Hypnosis":43,"hubris:DuctTape":47,"Astrolabe":51,"Oddly Smooth Stone":130,"hubris:HollowSoul":206,"Letter Opener":7,"War Paint":43,"aspiration:HiddenCompartment":25,"Bronze Scales":6,"Onion Ring":77,"Simple Rune":142,"hubris:PeanutButter":24,"infinitespire:EmpoweringShard":14,"construct:BoolHorns":0,"hubris:SlimyHat":98,"ReplayTheSpireMod:EnergyBall":47,"Nunchaku":72,"hubris:Icosahedron":38,"Mummified Hand":9,"hubris:Stopwatch":34,"Gambling Chip":36,"Replay:Drink Me":132,"Gremlin Food":9,"hubris:DisguiseKit":11,"BargainBundle":0,"infinitespire:CursedDice":164,"aspiration:RunicSpoon":17,"Guide Book":41,"Quantum Egg":146,"infinitespire:FocusingShard":60,"Replay:WaspNest":73,"Odd Mushroom":55,"Orichalcum":75,"Medical Kit":56,"White Beast Statue":161,"construct:Cogwheel":46,"aspiration:WatcherSkillbook":68,"infinitespire:Satchel":182,"PureWater":63,"hubris:OldNail":0,"hubris:Potato":0,"TungstenRod":40},{"construct:FoamFinger":8,"infinitespire:Cubic Diamond":32,"aspiration:PoetsPen_weak":93,"Whetstone":10,"construct:LongRangeLance":31,"Bottled Tornado":155,"aspiration:RitualStick":40,"Replay:Wanted Poster":51,"hubris:DeckOfHolding":19,"Replay:Bottled Flurry":125,"Replay:Wax Seal":38,"construct:MasterCore":9,"hubris:TinFlute":103,"hubris:MobiusCoin":24,"theCatGirl:TrainedRelic":0,"Pear":104,"ReplayTheSpireMod:Ring of Addiction":47,"aspiration:FrozenJewel":103,"ReplayTheSpireMod:Ring of Collecting":24,"MutagenicStrength":87,"conspire:BottledYoYo":45,"construct:MegaBattery":47,"hubris:TenFootPole":102,"Kintsugi":43,"infinitespire:Cupcake":42,"Lantern":105,"Regal Pillow":144,"Blue Doll":4,"Bag of Preparation":98,"hubris:EmptyBottle":47,"Cursed Key":50,"Replay:Rubber Ducky":15,"hubris:Backtick":24,"Matryoshka":142,"Replay:Lucky Slots":4,"hubris:CuriousFeather":90,"WingedGreaves":101,"Ring of Panic":38,"aspiration:FutureDiary":66,"Potion Belt":47,"aspiration:VileToxins":80,"construct:PurpleEmber":96,"construct:WeddingRing":76,"Golden Idol":24,"Circlet":78,"PreservedInsect":79,"Ring of Greed":24,"infinitespire:CheckeredPen":139,"hubris:Towel":24,"theMarked:ArtifactOfAir":0,"Busted Crown":86,"Ring of Misfortune":31,"Ectoplasm":140,"Bottled Lightning":54,"conspire:DeflatedDodgeball":65,"ReplayTheSpireMod:Lightbulb":49,"hubris:BottledRain":20,"conspire:RoyalGoblet":23,"Gremlin Horn":157,"Vajra":84,"conspire:SeveredTorchhead":112,"Centennial Puzzle":61,"HornCleat":17,"Strawberry":31,"Happy Flower":12,"Ring of Hypnosis":24,"hubris:DuctTape":24,"Astrolabe":26,"Oddly Smooth Stone":64,"hubris:HollowSoul":103,"Letter Opener":4,"War Paint":24,"aspiration:HiddenCompartment":19,"Bronze Scales":134,"Onion Ring":38,"Simple Rune":70,"hubris:PeanutButter":117,"infinitespire:EmpoweringShard":13,"construct:BoolHorns":6,"hubris:SlimyHat":48,"ReplayTheSpireMod:EnergyBall":24,"Nunchaku":37,"hubris:Icosahedron":24,"Mummified Hand":108,"hubris:Stopwatch":121,"Gambling Chip":150,"Replay:Drink Me":64,"Gremlin Food":135,"hubris:DisguiseKit":109,"BargainBundle":129,"infinitespire:CursedDice":83,"aspiration:RunicSpoon":14,"Guide Book":24,"Quantum Egg":72,"infinitespire:FocusingShard":31,"Replay:WaspNest":37,"Odd Mushroom":29,"Orichalcum":38,"Medical Kit":29,"White Beast Statue":81,"construct:Cogwheel":24,"aspiration:WatcherSkillbook":34,"infinitespire:Satchel":90,"PureWater":32,"hubris:OldNail":6,"hubris:Potato":105,"TungstenRod":154},{"construct:FoamFinger":49,"infinitespire:Cubic Diamond":175,"aspiration:PoetsPen_weak":321,"Whetstone":56,"construct:LongRangeLance":173,"Bottled Tornado":555,"aspiration:RitualStick":198,"Replay:Wanted Poster":239,"hubris:DeckOfHolding":134,"Replay:Bottled Flurry":436,"Replay:Wax Seal":193,"construct:MasterCore":52,"hubris:TinFlute":338,"hubris:MobiusCoin":157,"theCatGirl:TrainedRelic":0,"Pear":340,"ReplayTheSpireMod:Ring of Addiction":221,"aspiration:FrozenJewel":338,"ReplayTheSpireMod:Ring of Collecting":157,"MutagenicStrength":312,"conspire:BottledYoYo":215,"construct:MegaBattery":221,"hubris:TenFootPole":335,"Kintsugi":209,"infinitespire:Cupcake":207,"Lantern":343,"Regal Pillow":507,"Blue Doll":20,"Bag of Preparation":328,"hubris:EmptyBottle":221,"Cursed Key":237,"Replay:Rubber Ducky":98,"hubris:Backtick":157,"Matryoshka":497,"Replay:Lucky Slots":20,"hubris:CuriousFeather":316,"WingedGreaves":333,"Ring of Panic":193,"aspiration:FutureDiary":270,"Potion Belt":221,"aspiration:VileToxins":298,"construct:PurpleEmber":325,"construct:WeddingRing":291,"Golden Idol":157,"Circlet":293,"PreservedInsect":294,"Ring of Greed":157,"infinitespire:CheckeredPen":484,"hubris:Towel":157,"theMarked:ArtifactOfAir":0,"Busted Crown":310,"Ring of Misfortune":173,"Ectoplasm":490,"Bottled Lightning":245,"conspire:DeflatedDodgeball":269,"ReplayTheSpireMod:Lightbulb":230,"hubris:BottledRain":142,"conspire:RoyalGoblet":153,"Gremlin Horn":564,"Vajra":305,"conspire:SeveredTorchhead":372,"Centennial Puzzle":257,"HornCleat":107,"Strawberry":173,"Happy Flower":64,"Ring of Hypnosis":157,"hubris:DuctTape":157,"Astrolabe":161,"Oddly Smooth Stone":267,"hubris:HollowSoul":338,"Letter Opener":20,"War Paint":157,"aspiration:HiddenCompartment":134,"Bronze Scales":468,"Onion Ring":193,"Simple Rune":279,"hubris:PeanutButter":395,"infinitespire:EmpoweringShard":72,"construct:BoolHorns":35,"hubris:SlimyHat":226,"ReplayTheSpireMod:EnergyBall":157,"Nunchaku":192,"hubris:Icosahedron":157,"Mummified Hand":353,"hubris:Stopwatch":418,"Gambling Chip":532,"Replay:Drink Me":267,"Gremlin Food":472,"hubris:DisguiseKit":356,"BargainBundle":456,"infinitespire:CursedDice":302,"aspiration:RunicSpoon":82,"Guide Book":157,"Quantum Egg":282,"infinitespire:FocusingShard":173,"Replay:WaspNest":192,"Odd Mushroom":167,"Orichalcum":193,"Medical Kit":167,"White Beast Statue":300,"construct:Cogwheel":157,"aspiration:WatcherSkillbook":184,"infinitespire:Satchel":316,"PureWater":175,"hubris:OldNail":35,"hubris:Potato":343,"TungstenRod":553}],"TungstenRod":19},"card_choices":[{"not_picked":["theMarked:TwofoldDefense","theMarked:ElectricStrings"],"picked":"theMarked:ElementalBlade","floor":1.0},{"not_picked":["theMarked:BanishingStrike","theMarked:Static"],"picked":"theMarked:Aftermath","floor":3.0},{"not_picked":["theMarked:ElectricStrings","theMarked:HeightenedSenses","theMarked:WastefulDefense"],"picked":"SKIP","floor":4.0},{"not_picked":["theMarked:WastefulDefense","theMarked:Improvise"],"picked":"theMarked:WastefulAttack","floor":5.0},{"not_picked":["theMarked:Improvise","theMarked:MagicAdept"],"picked":"theMarked:ReduceFriction","floor":6.0},{"not_picked":["theMarked:Frustration","theMarked:WastefulDefense"],"picked":"theMarked:Parry","floor":8.0},{"not_picked":["theMarked:TwofoldDefense","theMarked:ChainLightning"],"picked":"theMarked:Static","floor":11.0},{"not_picked":["theMarked:BanishingStrike","theMarked:Frustration"],"picked":"theMarked:EmpowerWeapon","floor":12.0},{"not_picked":["theMarked:Vacuum","theMarked:BanishingStrike","theMarked:Frustration"],"picked":"SKIP","floor":13.0},{"not_picked":["theMarked:Aftermath","theMarked:ComboAttacks"],"picked":"theMarked:StartUp","floor":14.0},{"not_picked":["theMarked:ThrowWeapon","theMarked:SoldierForm"],"picked":"theMarked:TurnInvisible","floor":16.0},{"not_picked":["theMarked:ResourceFulStrike+1","theMarked:SwordAndMagic"],"picked":"theMarked:AttractMetal","floor":18.0},{"not_picked":["theMarked:Opportunist","theMarked:AttractMetal"],"picked":"theMarked:Polarize","floor":20.0},{"not_picked":["theMarked:TakeCover","theMarked:ResourceFulStrike","theMarked:WastefulAttack"],"picked":"SKIP","floor":24},{"not_picked":["theMarked:DeterminationOfTheMarked","theMarked:WardOff"],"picked":"theMarked:Static+1","floor":25},{"not_picked":["theMarked:SwordAndMagic","theMarked:Convert","theMarked:Aftermath+1"],"picked":"SKIP","floor":27},{"not_picked":["theMarked:TwofoldDefense+1","theMarked:Seal"],"picked":"theMarked:ComboAttacks+1","floor":29},{"not_picked":["theMarked:TwofoldDefense+1","theMarked:Parkour","theMarked:Improvise"],"picked":"SKIP","floor":30},{"not_picked":["theMarked:Opportunist","theMarked:SwordAndMagic"],"picked":"theMarked:Generate","floor":31},{"not_picked":["theMarked:Vacuum","theMarked:DispelDoubt"],"picked":"theMarked:BindingBlade","floor":33},{"not_picked":["theMarked:ChainLightning+1","theMarked:EmpowerWeapon+1","theMarked:ShockingTouch"],"picked":"SKIP","floor":35},{"not_picked":["theMarked:ComboAttacks+1","theMarked:TwofoldDefense"],"picked":"theMarked:RogueSparks+1","floor":37},{"not_picked":["theMarked:WardOff","theMarked:ChainLightning"],"picked":"theMarked:BanishingWave+1","floor":38},{"not_picked":["theMarked:ChainLightning","theMarked:BanishingStrike+1"],"picked":"theMarked:ResourceFulStrike","floor":39},{"not_picked":["theMarked:Improvise","theMarked:DeterminationOfTheMarked"],"picked":"theMarked:Generate","floor":40},{"not_picked":["theMarked:Standoff+1","theMarked:WastefulAttack+1","theMarked:BanishingStrike"],"picked":"SKIP","floor":41},{"not_picked":["theMarked:SwordAndMagic+1","theMarked:ElementalBlade","theMarked:Improvise"],"picked":"SKIP","floor":45},{"not_picked":["theMarked:WastefulAttack","theMarked:KeepCalmAndFightOn","theMarked:Parry+1"],"picked":"SKIP","floor":47}],"player_experience":72882,"relics_obtained":[{"floor":6.0,"key":"Bronze Scales"},{"floor":8.0,"key":"Odd Mushroom"},{"floor":9.0,"key":"Gremlin Food"},{"floor":12.0,"key":"hubris:OldNail"},{"floor":14.0,"key":"infinitespire:CheckeredPen"},{"floor":25,"key":"Regal Pillow"},{"floor":26,"key":"hubris:PeanutButter"},{"floor":26,"key":"infinitespire:Satchel"},{"floor":40,"key":"TungstenRod"},{"floor":43,"key":"aspiration:HiddenCompartment"},{"floor":43,"key":"Bottled Tornado"},{"floor":47,"key":"Gremlin Horn"}],"event_choices":[{"damage_healed":0.0,"max_hp_gain":0.0,"max_hp_loss":0.0,"gold_gain":0.0,"event_name":"Mushrooms","player_choice":"Fought Mushrooms","floor":8.0,"gold_loss":0.0,"damage_taken":0.0},{"damage_healed":0.0,"max_hp_gain":0.0,"max_hp_loss":0.0,"gold_gain":0.0,"event_name":"conspire:Investor","player_choice":"Invest 1","floor":10.0,"gold_loss":0.0,"damage_taken":0.0},{"damage_healed":0.0,"max_hp_gain":0.0,"max_hp_loss":0.0,"gold_gain":100.0,"event_name":"Golden Shrine","player_choice":"Pray","floor":19.0,"gold_loss":0.0,"damage_taken":0.0},{"cards_removed":["conspire:SpireCoStock"],"damage_healed":0,"gold_gain":0,"player_choice":"Card Removal","damage_taken":0,"max_hp_gain":0,"max_hp_loss":0,"event_name":"Wheel of Change","floor":22,"gold_loss":0}],"is_beta":false,"boss_relics":[{"not_picked":["Sozu","aspiration:FutureDiary"],"picked":"Ectoplasm"},{"not_picked":["conspire:SlowCooker","Velvet Choker"],"picked":"Astrolabe"}],"items_purged_floors":[0,36],"is_endless":true,"potions_floor_spawned":[1,4,5,11,16,24,25,27,29,30,31,33,35,37,38,39,40,41,45,47],"killed_by":"conspire:OrnateMirror","ascension_level":0}}