{"host":"tom9euzqew4po1rs","time":1610425330,"event":{"mods":["BaseMod","Minty Spire (QoL Compilation)","Quick Restart","Rare Cards Sparkle","Replay The Spire","StSLib","The Cursed"],"gold_per_floor":[118,132,148,34,209,209,209,209,209,209,209,229,3,17,44,61,61,160,160,171,183,7,22,22,22,42,42,42,55,55,105,230,230,230],"floor_reached":33,"playtime":2000,"items_purged":[],"score":297,"play_id":"91f78ad0-c221-410c-b277-c8de49171ce4","local_time":"20210111232210","is_ascension_mode":false,"campfire_choices":[{"floor":6,"key":"RECALL"},{"data":"TheCursedMod:CircleOfFlame","floor":10,"key":"SMITH"},{"floor":17,"key":"DIG"},{"data":"TheCursedMod:EmpowerCircles","floor":25,"key":"SMITH"},{"floor":27,"key":"REST"}],"circlet_count":0,"master_deck":["TheCursedMod:Strike_TheCursed","TheCursedMod:Strike_TheCursed","TheCursedMod:Strike_TheCursed","TheCursedMod:Strike_TheCursed","TheCursedMod:Defend_TheCursed","TheCursedMod:Defend_TheCursed","TheCursedMod:Defend_TheCursed","TheCursedMod:Defend_TheCursed","TheCursedMod:CursedWand","TheCursedMod:CleanUpWorkshop","TheCursedMod:Dregs","TheCursedMod:CursedShiv","TheCursedMod:ManaBullet","TheCursedMod:CircleOfFlame+1","TheCursedMod:SpitefulPlan","TheCursedMod:RapidMovement","Pain","TheCursedMod:AntiAging","TheCursedMod:Stretching","TheCursedMod:SoulReap","TheCursedMod:SpitefulPray","TheCursedMod:CollectTribute","TheCursedMod:CircleOfWindfury","TheCursedMod:FleshFromBone+1","TheCursedMod:EmpowerCircles","TheCursedMod:EmpowerCircles+1","TheCursedMod:CursedBlade","TheCursedMod:CircleOfCorruption","Wraith Form v2","TheCursedMod:WearCloak+1","TheCursedMod:CollectTribute","Delirium","Regret","TheCursedMod:Stretching+1"],"relics":["TheCursedMod:BlackMagic101","WarpedTongs","Pantograph","Membership Card","Regal Pillow","WingedGreaves","Bronze Scales","SacredBark","Question Card","Gremlin Horn","Shuriken","Ring of Fury","Ring of Greed","Golden Egg","Golden Idol","Durian","White Beast Statue"],"acts_visited":["Exordium","TheCity"],"potions_floor_usage":[12,15,16,20,23,29,32,32],"damage_taken":[{"damage":1,"enemies":"2 Louse","floor":1,"turns":2},{"damage":0,"enemies":"Cultist","floor":2,"turns":3},{"damage":0,"enemies":"Jaw Worm","floor":3,"turns":3},{"damage":1,"enemies":"Lots of Slimes","floor":12,"turns":2},{"damage":4,"enemies":"Exordium Thugs","floor":14,"turns":4},{"damage":33,"enemies":"3 Sentries","floor":15,"turns":10},{"damage":10,"enemies":"Large Slime","floor":16,"turns":6},{"damage":44,"enemies":"Slime Boss","floor":18,"turns":12},{"damage":6,"enemies":"Shell Parasite","floor":20,"turns":4},{"damage":24,"enemies":"Chosen","floor":21,"turns":5},{"damage":20,"enemies":"Snecko","floor":23,"turns":6},{"damage":46,"enemies":"3 Cultists","floor":26,"turns":7},{"damage":13,"enemies":"Snake Plant","floor":29,"turns":4},{"damage":19,"enemies":"Colosseum Slavers","floor":32,"turns":4},{"damage":42,"enemies":"Colosseum Nobs","floor":32,"turns":7},{"damage":20,"enemies":"Snecko","floor":33,"turns":5}],"seed_played":"2696045611125418354","potions_obtained":[{"floor":2,"key":"DistilledChaos"},{"floor":3,"key":"Adrenaline Potion"},{"floor":15,"key":"DistilledChaos"},{"floor":18,"key":"Strength Potion"},{"floor":21,"key":"DuplicationPotion"},{"floor":23,"key":"FearPotion"},{"floor":26,"key":"SteroidPotion"},{"floor":29,"key":"EssenceOfSteel"}],"is_trial":false,"path_per_floor":["M","M","M","$","?","R","?","PTL","PTL","R","T","M","$","M","E","M","R","B",null,"M","M","$","M","?","R","M","R","T","M","T","?","?","M"],"character_chosen":"THE_CURSED","items_purchased":["TheCursedMod:SpitefulPlan","TheCursedMod:RapidMovement","Membership Card","Regal Pillow","Question Card","TheCursedMod:EmpowerCircles","TheCursedMod:CursedBlade"],"campfire_rested":1,"item_purchase_floors":[4,4,13,13,22,22,22],"current_hp_per_floor":[81,81,81,81,81,81,81,81,81,81,81,80,80,76,45,42,42,31,89,91,74,74,61,61,61,22,66,66,53,53,53,8,0,0],"gold":230,"neow_bonus":"TEN_PERCENT_HP_BONUS","is_daily":false,"chose_seed":false,"campfire_upgraded":2,"win_rate":0.0,"timestamp":1610425330,"path_taken":["M","M","M","$","?","R","?","PTL","PTL","R","T","M","$","M","E","M","R","BOSS","M","?","$","M","?","R","?","R","T","M","?","?","?","M"],"items_purchased_type":["Card","Card","Relic","Relic","Relic","Card","Card"],"build_version":"2020-12-22","purchased_purges":0,"victory":false,"max_hp_per_floor":[82,82,82,82,82,82,82,82,82,82,82,82,82,82,84,86,86,89,89,91,93,93,95,95,95,97,97,97,97,97,97,106,108,108],"card_choices":[{"not_picked":["TheCursedMod:Obscuration","TheCursedMod:SurpriseAttack"],"picked":"TheCursedMod:CursedShiv","floor":1},{"not_picked":["TheCursedMod:WearCloak","TheCursedMod:SpitefulStrike"],"picked":"TheCursedMod:ManaBullet","floor":2},{"not_picked":["TheCursedMod:WearCloak","TheCursedMod:RavingStaff"],"picked":"TheCursedMod:CircleOfFlame","floor":3},{"not_picked":["TheCursedMod:SurpriseAttack","TheCursedMod:FleshFromBone"],"picked":"TheCursedMod:AntiAging","floor":12},{"not_picked":["TheCursedMod:FuryStrike","TheCursedMod:CursedMace"],"picked":"TheCursedMod:Stretching","floor":14},{"not_picked":["TheCursedMod:Obscuration","TheCursedMod:SpitefulStrike"],"picked":"TheCursedMod:SoulReap","floor":15},{"not_picked":["TheCursedMod:CursedBlade","TheCursedMod:CursedMace"],"picked":"TheCursedMod:SpitefulPray","floor":16},{"not_picked":["TheCursedMod:ParallelWorld","TheCursedMod:NeowsMight"],"picked":"TheCursedMod:CollectTribute","floor":18},{"not_picked":["TheCursedMod:SoulReap","TheCursedMod:RapidMovement+1"],"picked":"TheCursedMod:CircleOfWindfury","floor":20},{"not_picked":["TheCursedMod:Wield","TheCursedMod:WearCloak"],"picked":"TheCursedMod:FleshFromBone+1","floor":21},{"not_picked":["TheCursedMod:Obscuration","TheCursedMod:CursedMace","TheCursedMod:FleshFromBone"],"picked":"TheCursedMod:CircleOfCorruption","floor":23},{"not_picked":["TheCursedMod:CursedStaff","TheCursedMod:SpitefulStrike+1","TheCursedMod:Wield+1"],"picked":"TheCursedMod:WearCloak+1","floor":26},{"not_picked":["TheCursedMod:CircleOfFlame","TheCursedMod:CursedShiv","TheCursedMod:SpitefulPlan"],"picked":"TheCursedMod:CollectTribute","floor":29},{"not_picked":["TheCursedMod:Obscuration","TheCursedMod:BlessingInDisguise","TheCursedMod:CursedAmulet"],"picked":"TheCursedMod:Stretching+1","floor":32}],"player_experience":96786,"relics_obtained":[{"floor":11,"key":"Pantograph"},{"floor":15,"key":"WingedGreaves"},{"floor":17,"key":"Bronze Scales"},{"floor":28,"key":"Gremlin Horn"},{"floor":30,"key":"Shuriken"},{"floor":31,"key":"Ring of Fury"},{"floor":31,"key":"Ring of Greed"},{"floor":31,"key":"Golden Egg"},{"floor":31,"key":"Golden Idol"},{"floor":32,"key":"Durian"},{"floor":32,"key":"White Beast Statue"}],"event_choices":[{"damage_healed":0,"gold_gain":175,"player_choice":"AGREE","damage_taken":0,"max_hp_gain":0,"max_hp_loss":0,"event_name":"Liars Game","floor":5,"gold_loss":0,"cards_obtained":["Doubt"]},{"damage_healed":0,"gold_gain":0,"player_choice":"Rummage","damage_taken":0,"relics_obtained":["WarpedTongs"],"max_hp_gain":0,"max_hp_loss":0,"event_name":"Accursed Blacksmith","floor":7,"gold_loss":0,"cards_obtained":["Pain"]},{"cards_removed":["Doubt"],"damage_healed":0,"gold_gain":0,"player_choice":"Took Card","damage_taken":0,"max_hp_gain":0,"max_hp_loss":0,"event_name":"NoteForYourself","floor":24,"gold_loss":0,"cards_obtained":["Wraith Form v2"]},{"damage_healed":0,"gold_gain":0,"player_choice":"Fight","damage_taken":0,"max_hp_gain":0,"max_hp_loss":0,"event_name":"Colosseum","floor":32,"gold_loss":0},{"damage_healed":0,"gold_gain":0,"player_choice":"Fought Nobs","damage_taken":0,"max_hp_gain":0,"max_hp_loss":0,"event_name":"Colosseum","floor":32,"gold_loss":0}],"is_beta":false,"boss_relics":[{"not_picked":["Ectoplasm","Velvet Choker"],"picked":"SacredBark"}],"items_purged_floors":[],"is_endless":false,"potions_floor_spawned":[2,3,15,18,21,23,26,29],"killed_by":"Snecko","ascension_level":0}}