{"host":"sf9jac3ppl7h88gj","time":1610473672,"event":{"mods":["AchievementEnabler","Ascension Unlocker","BaseMod","Colored Map","Custom Start","Force Act Four","Minty Spire (QoL Compilation)","StSLib"],"gold_per_floor":[164,13,33,33,5,5,16,16,42,81,96,121,121,43,43,43,43],"floor_reached":16,"playtime":951,"items_purged":["Strike_G"],"score":200,"play_id":"c1a1627d-481a-4aa2-b043-b4859a008ee6","local_time":"20210112124752","is_ascension_mode":true,"campfire_choices":[{"floor":6,"key":"REST"},{"floor":13,"key":"REST"},{"floor":15,"key":"REST"}],"circlet_count":0,"master_deck":["AscendersBane","Strike_G","Strike_G","Strike_G","Strike_G","Defend_G+1","Defend_G","Defend_G","Defend_G+1","Defend_G","Survivor+1","Neutralize","Riddle With Holes","Slice","All Out Attack","Terror","Acrobatics","Finisher","Injury","Blade Dance","Cloak And Dagger","Endless Agony","After Image"],"relics":["Tiny House","Golden Idol","Darkstone Periapt"],"acts_visited":["Exordium"],"potions_floor_usage":[3,10,11,12],"damage_taken":[{"damage":1,"enemies":"Cultist","floor":1,"turns":4},{"damage":1,"enemies":"Jaw Worm","floor":3,"turns":3},{"damage":0,"enemies":"Small Slimes","floor":7,"turns":2},{"damage":39,"enemies":"3 Sentries","floor":10,"turns":9},{"damage":9,"enemies":"Looter","floor":11,"turns":3},{"damage":0,"enemies":"Gremlin Gang","floor":12,"turns":1},{"damage":73,"enemies":"The Guardian","floor":16,"turns":12}],"seed_played":"-4810901090010966113","potions_obtained":[{"floor":0,"key":"EssenceOfSteel"},{"floor":1,"key":"PowerPotion"},{"floor":10,"key":"Strength Potion"},{"floor":11,"key":"SkillPotion"}],"is_trial":false,"path_per_floor":["M","$","M","?","$","R","M","?","T","E","M","M","R","$","R","B"],"character_chosen":"THE_SILENT","items_purchased":["All Out Attack","Acrobatics","After Image"],"campfire_rested":3,"item_purchase_floors":[2,5,14],"current_hp_per_floor":[63,63,62,41,41,62,62,62,62,23,14,14,35,35,56,0,0],"gold":43,"neow_bonus":"BOSS_RELIC","is_daily":false,"chose_seed":false,"campfire_upgraded":0,"win_rate":0.0,"timestamp":1610473672,"path_taken":["M","?","M","?","$","R","M","?","T","E","M","M","R","$","R","BOSS"],"items_purchased_type":["Card","Card","Card"],"build_version":"2020-12-22","purchased_purges":1,"victory":false,"max_hp_per_floor":[71,71,71,71,71,71,71,71,71,71,71,71,71,71,71,71,71],"card_choices":[{"not_picked":["Slice","Dagger Throw"],"picked":"Riddle With Holes","floor":0},{"not_picked":["Flechettes","Riddle With Holes"],"picked":"Slice","floor":1},{"not_picked":["Quick Slash","Cloak And Dagger"],"picked":"Terror","floor":3},{"not_picked":["Flechettes","Deadly Poison"],"picked":"Finisher","floor":7},{"not_picked":["Choke","Poisoned Stab"],"picked":"Blade Dance","floor":10},{"not_picked":["Deflect","Catalyst"],"picked":"Cloak And Dagger","floor":11},{"not_picked":["Storm of Steel","Blade Dance"],"picked":"Endless Agony","floor":12}],"player_experience":1104198,"relics_obtained":[{"floor":10,"key":"Darkstone Periapt"}],"event_choices":[{"damage_healed":0,"gold_gain":0,"player_choice":"Entered Light","damage_taken":21,"max_hp_gain":0,"max_hp_loss":0,"event_name":"Shining Light","floor":4,"gold_loss":0,"cards_upgraded":["Survivor","Defend_G"]},{"damage_healed":0,"gold_gain":0,"player_choice":"Take Wound","damage_taken":0,"relics_obtained":["Golden Idol"],"max_hp_gain":0,"max_hp_loss":0,"event_name":"Golden Idol","floor":8,"gold_loss":0,"cards_obtained":["Injury"]}],"is_beta":false,"boss_relics":[],"items_purged_floors":[2],"is_endless":false,"potions_floor_spawned":[1,10,11],"killed_by":"The Guardian","ascension_level":20}}