{"host":"95i1gxnztdrdyvhi","time":1610489612,"event":{"mods":["AchievementEnabler","Act Like it!","BaseMod","Minty Spire (QoL Compilation)","Quick Restart","StSLib","Yakumo Yukari mod"],"gold_per_floor":[136,151,151,175,175,175,175],"floor_reached":6,"language":"ENG","playtime":125,"items_purged":[],"score":36,"play_id":"cdebb2f3-9046-4e03-a9be-d1c35c90a2f2","local_time":"20210112221332","is_ascension_mode":false,"campfire_choices":[],"circlet_count":0,"master_deck":["AT_purpleEX","AT_purpleEX","AT_purpleEX","AT_purpleEX","Defend_purpleEX","Defend_purpleEX","Defend_purpleEX","Defend_purpleEX","Observe_purple_1","Observe_purple_2","Boundary_DreamRealityDamnation_purple","PositiveMatter_Antimatter_Universe_purple"],"relics":["Boundary_crack","Memoryfragments_purpleEX","NeowsBlessing","Golden Idol"],"acts_visited":["Exordium"],"potions_floor_usage":[],"damage_taken":[{"damage":0,"enemies":"Jaw Worm","floor":1,"turns":1},{"damage":0,"enemies":"2 Louse","floor":2,"turns":1},{"damage":0,"enemies":"Small Slimes","floor":4,"turns":1},{"damage":15,"enemies":"Gremlin Nob","floor":6,"turns":3}],"seed_played":"1252119575797309910","potions_obtained":[{"floor":1,"key":"Strength Potion"},{"floor":2,"key":"SpeedPotion"}],"is_trial":false,"path_per_floor":["M","M","?","M","?","E"],"character_chosen":"Youkari","items_purchased":[],"campfire_rested":0,"item_purchase_floors":[],"current_hp_per_floor":[70,70,53,53,53,38,38],"gold":175,"neow_bonus":"THREE_ENEMY_KILL","is_daily":false,"chose_seed":false,"campfire_upgraded":0,"win_rate":0.0,"timestamp":1610489612,"path_taken":["M","M","?","M","?","E"],"items_purchased_type":[],"build_version":"2020-12-22","purchased_purges":0,"victory":false,"max_hp_per_floor":[70,70,70,70,70,70,70],"card_choices":[{"not_picked":["Nest_LightFlightworm_purple","AdvanceAttack_purple"],"picked":"Boundary_DreamRealityDamnation_purple","floor":1},{"not_picked":["RealityDreamConfluencek_purple","Bait_Toxicbait_purple","Umbrella_purple"],"picked":"SKIP","floor":2},{"not_picked":["RealityDreamConfluencek_purple","Bait_Toxicbait_purple","Umbrella_purple"],"picked":"SKIP","floor":2},{"not_picked":["ExistenceContinue_purple","Worldmountain_purple"],"picked":"PositiveMatter_Antimatter_Universe_purple","floor":4}],"player_experience":636783,"relics_obtained":[],"event_choices":[{"damage_healed":0,"gold_gain":0,"player_choice":"Take Damage","damage_taken":17,"relics_obtained":["Golden Idol"],"max_hp_gain":0,"max_hp_loss":0,"event_name":"Golden Idol","floor":3,"gold_loss":0},{"damage_healed":0,"gold_gain":0,"player_choice":"Ignored","damage_taken":0,"max_hp_gain":0,"max_hp_loss":0,"event_name":"Liars Game","floor":5,"gold_loss":0}],"is_beta":false,"boss_relics":[],"items_purged_floors":[],"is_endless":false,"potions_floor_spawned":[1,2],"killed_by":"Gremlin Nob","ascension_level":0}}