{"host":"9jj9tzo2iym4bpat","time":1610486359,"event":{"mods":["Act Like it!","BaseMod","CapriCore","Gensokyo","Luminous","Marisa????????","Minty Spire (QoL Compilation)","Permanent Neow","StSLib","Td1madao Mod","The Animator","The Immortal","The Marked","The Servant 0.9.4"],"gold_per_floor":[211,221,221,5,5,5,37,37,62,91,9,9,29,48,48,148,148,165,165,29,49,139,139,139,139],"floor_reached":24,"language":"ENG","playtime":718,"items_purged":[],"score":232,"play_id":"e0570ccc-3231-464a-9175-4d39d6ea86ee","local_time":"20210112151919","is_ascension_mode":true,"campfire_choices":[{"data":"Flex","floor":8,"key":"SMITH"},{"data":"Inflame","floor":12,"key":"SMITH"},{"floor":15,"key":"REST"},{"floor":23,"key":"REST"}],"circlet_count":0,"master_deck":["Strike_R","Strike_R","Defend_R+1","Defend_R","Defend_R","Bash","Shrug It Off+1","Rampage","Flex+1","Cleave","Wild Strike","Twin Strike","Inflame+1","Cleave+1","Heavy Blade","Offering","Pommel Strike+1","Dual Wield+1","Pummel+1","Pommel Strike","Immolate","Headbutt"],"relics":["Burning Blood","War Paint","Lizard Tail","Art of War","Boot","Astrolabe"],"acts_visited":["Exordium","TheCity"],"potions_floor_usage":[16,24],"damage_taken":[{"damage":6,"enemies":"Cultist","floor":1,"turns":3},{"damage":3,"enemies":"Jaw Worm","floor":2,"turns":7},{"damage":12,"enemies":"Gremlin Nob","floor":7,"turns":4},{"damage":21,"enemies":"3 Sentries","floor":10,"turns":8},{"damage":3,"enemies":"2 Louse","floor":13,"turns":2},{"damage":10,"enemies":"Gremlin Gang","floor":14,"turns":4},{"damage":14,"enemies":"Slime Boss","floor":16,"turns":6},{"damage":31,"enemies":"2 Thieves","floor":18,"turns":4},{"damage":25,"enemies":"Spheric Guardian","floor":21,"turns":4},{"damage":89,"enemies":"Book of Stabbing","floor":24,"turns":5}],"seed_played":"-2456205008809522682","potions_obtained":[{"floor":1,"key":"LiquidMemories"},{"floor":10,"key":"Block Potion"},{"floor":13,"key":"AttackPotion"}],"is_trial":false,"path_per_floor":["M","M","?","$","$","?","E","R","T","E","$","R","M","M","R","B",null,"M","?","$","M","?","R","E"],"character_chosen":"IRONCLAD","items_purchased":["Flex","Cleave","War Paint","Inflame","Immolate"],"campfire_rested":2,"item_purchase_floors":[4,4,4,11,20],"current_hp_per_floor":[80,80,80,80,80,80,74,74,74,59,59,59,62,58,80,72,80,55,55,55,36,24,48,0,0],"gold":139,"neow_bonus":"HUNDRED_GOLD","is_daily":false,"chose_seed":false,"campfire_upgraded":2,"win_rate":0.0,"timestamp":1610486359,"path_taken":["M","?","?","?","$","?","E","R","T","E","$","R","?","M","R","BOSS","M","?","?","M","?","R","E"],"items_purchased_type":["Card","Card","Relic","Card","Card"],"build_version":"2020-12-22","purchased_purges":0,"victory":false,"max_hp_per_floor":[80,80,80,80,80,80,80,80,80,80,80,80,80,80,80,80,80,80,80,80,80,80,80,80,80],"card_choices":[{"not_picked":["Ghostly Armor","Bloodletting"],"picked":"Shrug It Off","floor":1},{"not_picked":["Iron Wave","Thunderclap"],"picked":"Rampage","floor":2},{"not_picked":["Heavy Blade","Battle Trance"],"picked":"Wild Strike","floor":7},{"not_picked":["Flex","Ghostly Armor"],"picked":"Twin Strike","floor":10},{"not_picked":["Iron Wave","Sever Soul"],"picked":"Cleave","floor":13},{"not_picked":["Exhume","Evolve"],"picked":"Heavy Blade","floor":14},{"not_picked":["Berserk","Corruption"],"picked":"Offering","floor":16},{"not_picked":["Dual Wield","Armaments"],"picked":"Pommel Strike","floor":18},{"not_picked":["Bloodletting","Shrug It Off+1"],"picked":"Headbutt","floor":21}],"player_experience":224993,"relics_obtained":[{"floor":7,"key":"Lizard Tail"},{"floor":9,"key":"Art of War"},{"floor":10,"key":"Boot"}],"event_choices":[{"damage_healed":0,"gold_gain":0,"player_choice":"Bought 0 Potions","damage_taken":0,"max_hp_gain":0,"max_hp_loss":0,"event_name":"The Woman in Blue","floor":3,"gold_loss":0},{"cards_removed":["Strike_R"],"damage_healed":0,"gold_gain":0,"player_choice":"Offered Basic","damage_taken":0,"max_hp_gain":0,"max_hp_loss":0,"event_name":"Bonfire Elementals","floor":6,"gold_loss":0},{"damage_healed":0,"gold_gain":0,"player_choice":"Upgraded","damage_taken":0,"max_hp_gain":0,"max_hp_loss":0,"event_name":"Upgrade Shrine","floor":19,"gold_loss":0,"cards_upgraded":["Cleave"]},{"damage_healed":0,"gold_gain":90,"player_choice":"GOLD ","damage_taken":12,"max_hp_gain":0,"max_hp_loss":0,"event_name":"Knowing Skull","floor":22,"potions_obtained":[],"gold_loss":0,"cards_obtained":[]}],"is_beta":false,"boss_relics":[{"not_picked":["Empty Cage","Cursed Key"],"picked":"Astrolabe"}],"items_purged_floors":[],"is_endless":false,"potions_floor_spawned":[1,10,13,14],"killed_by":"Book of Stabbing","ascension_level":3}}