{"host":"y3iy5gb13b300rns","time":1610432960,"event":{"mods":["BaseMod","Bestiary","Curses Come First","Minty Spire (QoL Compilation)","Replay The Spire","StSLib","The Runesmith"],"gold_per_floor":[12,87,97,97,9,9,22,22,49,68,68,85,85,85,85],"floor_reached":14,"playtime":483,"items_purged":[],"score":80,"play_id":"00a2d1eb-9022-46f5-a9bf-a09da9de52cf","local_time":"20210112002920","is_ascension_mode":false,"campfire_choices":[{"floor":6,"key":"REST"},{"floor":8,"key":"REST"},{"floor":11,"key":"REST"},{"data":"ConjureBlade","floor":13,"key":"SMITH"}],"circlet_count":0,"master_deck":["Strike_P","Strike_P","Strike_P","Strike_P","Defend_P","Defend_P","Defend_P","Eruption","Vigilance","ConjureBlade+1","LikeWater","MentalFortress","Replay:BluntJabs+1","DeceiveReality","Worship","Consecrate"],"relics":["PureWater","Vajra"],"acts_visited":["Exordium"],"potions_floor_usage":[3,7,14],"damage_taken":[{"damage":9,"enemies":"Small Slimes","floor":1,"turns":3},{"damage":11,"enemies":"Jaw Worm","floor":3,"turns":2},{"damage":6,"enemies":"Cultist","floor":7,"turns":3},{"damage":21,"enemies":"Exordium Wildlife","floor":10,"turns":5},{"damage":13,"enemies":"2 Fungi Beasts","floor":12,"turns":4},{"damage":69,"enemies":"3 Sentries","floor":14,"turns":4}],"seed_played":"-637736363484382213","potions_obtained":[{"floor":1,"key":"BottledMiracle"},{"floor":3,"key":"Swift Potion"}],"is_trial":false,"path_per_floor":["M","?","M","?","$","R","M","R","T","M","R","M","R","E"],"character_chosen":"WATCHER","items_purchased":["AttackPotion","Replay:BluntJabs+1"],"campfire_rested":3,"item_purchase_floors":[5,5],"current_hp_per_floor":[63,52,41,34,34,55,49,70,70,49,70,57,57,0,0],"gold":85,"neow_bonus":"THREE_RARE_CARDS","is_daily":false,"chose_seed":false,"campfire_upgraded":1,"win_rate":0.0,"timestamp":1610432960,"path_taken":["M","?","M","?","?","R","?","R","T","M","R","M","R","E"],"items_purchased_type":["Potion","Card"],"build_version":"2020-12-22","purchased_purges":0,"victory":false,"max_hp_per_floor":[72,72,72,72,72,72,72,72,72,72,72,72,72,72,72],"card_choices":[{"not_picked":["Scrawl","Establishment"],"picked":"ConjureBlade","floor":0},{"not_picked":["SignatureMove","CutThroughFate"],"picked":"LikeWater","floor":1},{"not_picked":["SignatureMove","TalkToTheHand"],"picked":"MentalFortress","floor":3},{"not_picked":["ThirdEye","BowlingBash"],"picked":"DeceiveReality","floor":7},{"not_picked":["FlurryOfBlows","Evaluate"],"picked":"Worship","floor":10},{"not_picked":["Prostrate","CutThroughFate"],"picked":"Consecrate","floor":12}],"player_experience":412597,"relics_obtained":[{"floor":9,"key":"Vajra"}],"event_choices":[{"damage_healed":0,"gold_gain":75,"player_choice":"Gather Gold","damage_taken":11,"max_hp_gain":0,"max_hp_loss":0,"event_name":"World of Goop","floor":2,"gold_loss":0},{"cards_removed":["Defend_P"],"damage_healed":0,"gold_gain":0,"player_choice":"Card Removal","damage_taken":7,"max_hp_gain":0,"max_hp_loss":0,"event_name":"Golden Wing","floor":4,"gold_loss":0}],"is_beta":false,"boss_relics":[],"items_purged_floors":[],"is_endless":false,"potions_floor_spawned":[1,3],"killed_by":"3 Sentries","ascension_level":0}}