{"host":"3b223bp2x3j4rfep","time":1610436889,"event":{"mods":["BaseMod","Colored Map","Colored Powertips","Highlight Path","Minty Spire (QoL Compilation)","Quick Restart","StSLib"],"gold_per_floor":[119,139,159,172,189,219,236,262,340,355,410,421,421,421,421,523,523,539,539,479,499,499,499,513,513,565,16,30,30,64,83,83,184,184,198,198,216,216,216,249,81,112,112,34,60,60,77,96,96,96],"floor_reached":51,"playtime":3630,"items_purged":["Defend_R"],"score":805,"play_id":"a1913287-ae16-4cfe-9024-93eaa422b8e3","local_time":"20210112153449","is_ascension_mode":true,"campfire_choices":[{"floor":15.0,"key":"REST"},{"data":"Double Tap","floor":23.0,"key":"SMITH"},{"data":"Metallicize","floor":25.0,"key":"SMITH"},{"data":"Metallicize","floor":32.0,"key":"SMITH"},{"data":"Demon Form","floor":46.0,"key":"SMITH"},{"data":"Armaments","floor":49,"key":"SMITH"}],"circlet_count":0,"master_deck":["Strike_R+1","Strike_R+1","Strike_R","Defend_R","Defend_R","Bash","Sentinel","Metallicize+1","Double Tap+1","Blood for Blood","Blood for Blood","Combust","Limit Break","Fiend Fire","Blood for Blood+1","Shrug It Off","Reaper+1","Entrench+1","Battle Trance","Flex","Thunderclap+1","Metallicize+1","Metallicize+1","PanicButton","Corruption","Combust","Immolate+1","Fire Breathing+1","Metamorphosis","Purity","Exhume","Combust","Demon Form+1","Armaments+1","Metallicize"],"relics":["Burning Blood","NeowsBlessing","Vajra","HornCleat","Molten Egg 2","Whetstone","SacredBark","Magic Flower","Regal Pillow","Calipers","Nunchaku","Runic Pyramid","Incense Burner","Pen Nib","TungstenRod","FossilizedHelix"],"acts_visited":["Exordium","TheCity","TheBeyond"],"potions_floor_usage":[50,50],"damage_taken":[{"damage":0.0,"enemies":"Cultist","floor":1.0,"turns":1.0},{"damage":0.0,"enemies":"Small Slimes","floor":2.0,"turns":1.0},{"damage":0.0,"enemies":"2 Louse","floor":3.0,"turns":1.0},{"damage":11.0,"enemies":"2 Fungi Beasts","floor":4.0,"turns":4.0},{"damage":16.0,"enemies":"Lots of Slimes","floor":5.0,"turns":5.0},{"damage":24.0,"enemies":"Gremlin Nob","floor":6.0,"turns":4.0},{"damage":16.0,"enemies":"Exordium Thugs","floor":7.0,"turns":4.0},{"damage":20.0,"enemies":"3 Sentries","floor":8.0,"turns":7.0},{"damage":20.0,"enemies":"Gremlin Gang","floor":10.0,"turns":3.0},{"damage":5.0,"enemies":"Looter","floor":12.0,"turns":2.0},{"damage":28.0,"enemies":"The Guardian","floor":16.0,"turns":9.0},{"damage":13.0,"enemies":"Chosen","floor":18.0,"turns":4.0},{"damage":40.0,"enemies":"3 Byrds","floor":21.0,"turns":5.0},{"damage":29.0,"enemies":"Snake Plant","floor":24.0,"turns":6.0},{"damage":13.0,"enemies":"Chosen and Byrds","floor":28.0,"turns":7.0},{"damage":13.0,"enemies":"Book of Stabbing","floor":30.0,"turns":5.0},{"damage":22.0,"enemies":"Centurion and Healer","floor":31.0,"turns":6.0},{"damage":58.0,"enemies":"Automaton","floor":33.0,"turns":9.0},{"damage":10.0,"enemies":"Orb Walker","floor":35.0,"turns":3.0},{"damage":4.0,"enemies":"3 Shapes","floor":37.0,"turns":4.0},{"damage":36.0,"enemies":"Giant Head","floor":40.0,"turns":7.0},{"damage":18.0,"enemies":"Reptomancer","floor":42.0,"turns":3.0},{"damage":19.0,"enemies":"Nemesis","floor":45.0,"turns":5.0},{"damage":13.0,"enemies":"Jaw Worm Horde","floor":47.0,"turns":5.0},{"damage":1,"enemies":"Spire Growth","floor":48,"turns":3},{"damage":77,"enemies":"Donu and Deca","floor":50,"turns":9}],"seed_played":"1727113912790575327","potions_obtained":[{"floor":5.0,"key":"BlessingOfTheForge"},{"floor":6.0,"key":"HeartOfIron"},{"floor":8.0,"key":"LiquidMemories"},{"floor":12.0,"key":"GamblersBrew"},{"floor":16.0,"key":"EssenceOfSteel"},{"floor":21.0,"key":"ColorlessPotion"},{"floor":24.0,"key":"GamblersBrew"},{"floor":28.0,"key":"Fire Potion"},{"floor":33.0,"key":"ColorlessPotion"},{"floor":42.0,"key":"Explosive Potion"},{"floor":45.0,"key":"Swift Potion"},{"floor":47.0,"key":"DistilledChaos"}],"is_trial":false,"path_per_floor":["M","M","M","M","M","E","M","E","T","M","T","M","?","?","R","B",null,"M","?","?","M","T","R","M","R","T","$","M","?","E","M","R","B",null,"M","?","M","?","?","E","$","E","T","$","E","R","M","M","R","B",null],"character_chosen":"IRONCLAD","items_purchased":["Metallicize","Calipers","PanicButton","Purity","Exhume","Combust"],"campfire_rested":1,"item_purchase_floors":[27,27,27,41,41,44],"current_hp_per_floor":[80,80,80,75,65,47,37,23,23,9,9,10,10,10,34,12,80,79,79,79,55,55,55,47,47,47,47,57,42,38,43,43,21,85,84,84,85,85,85,58,58,49,49,49,53,53,82,85,85,53],"gold":96,"neow_bonus":"THREE_ENEMY_KILL","is_daily":false,"chose_seed":false,"campfire_upgraded":5,"win_rate":0.0,"timestamp":1610436889,"path_taken":["M","M","M","M","M","E","M","E","T","M","?","?","?","?","R","BOSS","M","?","?","?","?","R","M","R","T","$","?","?","E","M","R","BOSS","M","?","M","?","?","E","$","E","T","?","E","R","M","M","R","BOSS"],"items_purchased_type":["Card","Relic","Card","Card","Card","Card"],"build_version":"2020-12-22","purchased_purges":1,"victory":true,"max_hp_per_floor":[80,80,80,80,80,80,80,80,80,80,80,80,80,80,80,80,80,80,80,80,80,80,80,80,80,80,80,80,85,85,85,85,85,85,85,85,85,85,85,85,85,85,85,85,85,85,85,85,85,85],"card_choices":[{"not_picked":["True Grit","Heavy Blade"],"picked":"Sentinel","floor":1.0},{"not_picked":["Spot Weakness","Armaments"],"picked":"Metallicize","floor":2.0},{"not_picked":["Armaments","Rampage"],"picked":"Double Tap","floor":3.0},{"not_picked":["Sever Soul","Twin Strike"],"picked":"Blood for Blood","floor":4.0},{"not_picked":["Shrug It Off","Pommel Strike"],"picked":"Blood for Blood","floor":5.0},{"not_picked":["Perfected Strike","Wild Strike"],"picked":"Combust","floor":6.0},{"not_picked":["Flex","Cleave"],"picked":"Limit Break","floor":7.0},{"not_picked":["Shockwave","Clothesline"],"picked":"Fiend Fire","floor":8.0},{"not_picked":["Twin Strike+1","Thunderclap+1"],"picked":"Blood for Blood+1","floor":10.0},{"not_picked":["Clothesline+1","Clash+1"],"picked":"Shrug It Off","floor":12.0},{"not_picked":["Feed+1","Berserk"],"picked":"Reaper+1","floor":16.0},{"not_picked":["Shockwave","Warcry+1"],"picked":"Entrench+1","floor":18.0},{"not_picked":["Thunderclap+1","Shrug It Off","Uppercut+1"],"picked":"SKIP","floor":21.0},{"not_picked":["Bloodletting","Second Wind"],"picked":"Metallicize","floor":24.0},{"not_picked":["Cleave+1","Heavy Blade+1","Warcry"],"picked":"SKIP","floor":28.0},{"not_picked":["Warcry","Feed+1"],"picked":"Corruption","floor":30.0},{"not_picked":["Sentinel","Flex"],"picked":"Combust","floor":31.0},{"not_picked":["Berserk","Offering"],"picked":"Immolate+1","floor":33.0},{"not_picked":["Whirlwind+1","Perfected Strike+1"],"picked":"Fire Breathing+1","floor":35.0},{"not_picked":["Mayhem","Swift Strike+1"],"picked":"Metamorphosis","floor":36.0},{"not_picked":["Pummel+1","Anger+1","Clothesline+1"],"picked":"SKIP","floor":37.0},{"not_picked":["Body Slam+1","Shrug It Off","Battle Trance"],"picked":"SKIP","floor":40.0},{"not_picked":["Sword Boomerang+1","Heavy Blade+1","Pommel Strike+1"],"picked":"SKIP","floor":42.0},{"not_picked":["Evolve+1","Sentinel"],"picked":"Demon Form","floor":45.0},{"not_picked":["Havoc+1","Inflame"],"picked":"Armaments","floor":47.0},{"not_picked":["Iron Wave+1","True Grit+1"],"picked":"Metallicize","floor":48}],"player_experience":72852,"relics_obtained":[{"floor":6.0,"key":"Vajra"},{"floor":8.0,"key":"HornCleat"},{"floor":9.0,"key":"Molten Egg 2"},{"floor":11.0,"key":"Whetstone"},{"floor":22.0,"key":"Magic Flower"},{"floor":26.0,"key":"Regal Pillow"},{"floor":30.0,"key":"Nunchaku"},{"floor":40.0,"key":"Incense Burner"},{"floor":42.0,"key":"Pen Nib"},{"floor":43.0,"key":"TungstenRod"},{"floor":45.0,"key":"FossilizedHelix"}],"event_choices":[{"damage_healed":0.0,"max_hp_gain":0.0,"max_hp_loss":0.0,"gold_gain":0.0,"event_name":"Living Wall","player_choice":"Grow","floor":13.0,"gold_loss":0.0,"damage_taken":0.0,"cards_upgraded":["Metallicize"]},{"damage_healed":0.0,"max_hp_gain":0.0,"max_hp_loss":0.0,"gold_gain":0.0,"event_name":"Scrap Ooze","player_choice":"Fled","floor":14.0,"gold_loss":0.0,"damage_taken":0.0},{"damage_healed":0.0,"max_hp_gain":0.0,"max_hp_loss":0.0,"gold_gain":0.0,"event_name":"The Library","player_choice":"Read","floor":19.0,"gold_loss":0.0,"damage_taken":0.0,"cards_obtained":["Battle Trance"]},{"damage_healed":0.0,"max_hp_gain":0.0,"max_hp_loss":0.0,"gold_gain":0.0,"cards_transformed":["Strike_R","Strike_R"],"event_name":"Designer","player_choice":"Transformed Cards","floor":20.0,"gold_loss":60.0,"damage_taken":0.0,"cards_obtained":["Flex","Thunderclap"]},{"damage_healed":0.0,"max_hp_gain":5.0,"max_hp_loss":0.0,"gold_gain":0.0,"event_name":"Forgotten Altar","player_choice":"Shed Blood","floor":29.0,"gold_loss":0.0,"damage_taken":20.0},{"damage_healed":0.0,"max_hp_gain":0.0,"max_hp_loss":0.0,"gold_gain":0.0,"event_name":"SensoryStone","player_choice":"Memory 1","floor":36.0,"gold_loss":0.0,"damage_taken":0.0},{"damage_healed":0.0,"max_hp_gain":0.0,"max_hp_loss":0.0,"gold_gain":0.0,"event_name":"Mysterious Sphere","player_choice":"Ignored","floor":38.0,"gold_loss":0.0,"damage_taken":0.0},{"cards_removed":["Defend_R"],"damage_healed":0.0,"max_hp_gain":0.0,"max_hp_loss":0.0,"gold_gain":0.0,"event_name":"Falling","player_choice":"Removed Skill","floor":39.0,"gold_loss":0.0,"damage_taken":0.0}],"is_beta":false,"boss_relics":[{"not_picked":["Ectoplasm","Runic Dome"],"picked":"SacredBark"},{"not_picked":["Black Star","Calling Bell"],"picked":"Runic Pyramid"}],"items_purged_floors":[27],"is_endless":false,"potions_floor_spawned":[5,6,8,12,16,21,24,28,33,42,45,47],"ascension_level":1}}