{"host":"zjc1tzo4ovig5lll","time":1610472863,"event":{"mods":["AchievementEnabler","Aspiration","BaseMod","Beaked The Cultist","Better Altar","Better Match","Better Note","Better Sensory Stone","Colored Map","Colored Powertips","Conspire","Energized Spire","Friendly Minions","GifTheSpireLib","Halation","Hermit","Hubris","Minty Spire (QoL Compilation)","Rare Cards Sparkle","Replay The Spire","StSLib","The Blue Laboratory","The Bug Knight","The Construct","The Jungle","everything is the same but u backflip on backflip","vexMod"],"gold_per_floor":[117,131,131,131,306,306,338,338,338,358,375,385,400,430,430,526,526,542,542,542],"floor_reached":19,"playtime":684,"items_purged":[],"score":235,"play_id":"c3b5d93d-7f53-44d2-820d-f69ee6285004","local_time":"20210112193423","is_ascension_mode":true,"campfire_choices":[{"floor":6,"key":"RECALL"},{"data":"conspire:Charge","floor":8,"key":"SMITH"},{"floor":15,"key":"REST"}],"circlet_count":0,"master_deck":["Strike_R","Strike_R","Strike_R","Strike_R","Defend_R","Defend_R","Defend_R","Poisoned Stab","Slice+1","Toxin Wave","Doubt","conspire:Charge+1","Evolve","Fire Breathing","Juggernaut","hubris:ReadiedAction+1"],"relics":["Burning Blood","NeowsBlessing","conspire:DecoderRing","hubris:PeanutButter","vexMod:CursedCompass"],"acts_visited":["Exordium","Exordium"],"potions_floor_usage":[],"damage_taken":[{"damage":0,"enemies":"conspire:RoseBush","floor":1,"turns":1},{"damage":0,"enemies":"Small Slimes","floor":2,"turns":1},{"damage":0,"enemies":"Replay:BlueRogue","floor":7,"turns":1},{"damage":12,"enemies":"Jaw Worm","floor":10,"turns":2},{"damage":11,"enemies":"2 Fungi Beasts","floor":11,"turns":3},{"damage":31,"enemies":"Exordium Thugs","floor":12,"turns":5},{"damage":17,"enemies":"Looter","floor":13,"turns":3},{"damage":25,"enemies":"Gremlin Nob","floor":14,"turns":4},{"damage":30,"enemies":"Fading Forest","floor":16,"turns":11},{"damage":32,"enemies":"theJungle:MUSHROOMGANG","floor":18,"turns":5},{"damage":24,"enemies":"Shell Parasite","floor":19,"turns":4}],"seed_played":"-8599198801446403656","potions_obtained":[{"floor":12,"key":"Explosive Potion"}],"is_trial":false,"path_per_floor":["M","M","?","?","?","R","E","R","T","M","M","M","M","E","R","B",null,"M","M"],"character_chosen":"IRONCLAD","items_purchased":[],"campfire_rested":1,"item_purchase_floors":[],"current_hp_per_floor":[80,80,80,80,80,80,80,80,80,74,69,44,33,14,38,36,80,54,30,30],"gold":542,"neow_bonus":"THREE_ENEMY_KILL","is_daily":false,"chose_seed":false,"campfire_upgraded":1,"win_rate":0.0,"timestamp":1610472863,"path_taken":["M","M","?","?","?","R","E","R","T","?","M","M","M","E","R","BOSS","M","M"],"items_purchased_type":[],"build_version":"2020-12-22","purchased_purges":0,"victory":false,"max_hp_per_floor":[80,80,80,80,80,80,80,80,80,80,80,80,80,80,80,80,80,80,80,80],"card_choices":[{"not_picked":["True Grit","Havoc","Warcry"],"picked":"SKIP","floor":1},{"not_picked":["Searing Blow","Dark Embrace","ReplayTheSpireMod:Strike From Hell"],"picked":"SKIP","floor":2},{"not_picked":["Blood for Blood","Combust"],"picked":"conspire:Charge","floor":7},{"not_picked":["hubris:CleavingFinish","True Grit"],"picked":"Evolve","floor":10},{"not_picked":["Havoc","Heavy Blade","Twin Strike"],"picked":"SKIP","floor":11},{"not_picked":["True Grit","ReplayTheSpireMod:LeadingStrike"],"picked":"Fire Breathing","floor":12},{"not_picked":["Headbutt","Flex","Twin Strike"],"picked":"SKIP","floor":13},{"not_picked":["Seeing Red","Sword Boomerang","Bloodletting"],"picked":"SKIP","floor":14},{"not_picked":["conspire:Purge","Double Tap"],"picked":"Juggernaut","floor":16},{"not_picked":["Run Through","Pummel"],"picked":"hubris:ReadiedAction+1","floor":18}],"player_experience":656461,"relics_obtained":[{"floor":7,"key":"conspire:DecoderRing"},{"floor":14,"key":"hubris:PeanutButter"}],"event_choices":[{"damage_healed":0,"gold_gain":0,"player_choice":"Grow","damage_taken":0,"max_hp_gain":0,"max_hp_loss":0,"event_name":"Living Wall","floor":4,"gold_loss":0,"cards_upgraded":["Slice"]},{"damage_healed":0,"gold_gain":175,"player_choice":"AGREE","damage_taken":0,"max_hp_gain":0,"max_hp_loss":0,"event_name":"Liars Game","floor":5,"gold_loss":0,"cards_obtained":["Doubt"]}],"is_beta":false,"boss_relics":[{"not_picked":["halation:SmartPhone","hubris:CrackedHourglass"],"picked":"vexMod:CursedCompass"}],"items_purged_floors":[],"is_endless":false,"potions_floor_spawned":[2,12,13,14,16],"killed_by":"Shell Parasite","ascension_level":3}}