{"host":"dhr6iszse2qz12e2","time":1610456206,"event":{"mods":["100% Spire Juice","2.2 Compatiblity","A Magickal Journey","Act Like it!","BaseMod","Bestiary","Better Note","BetterRewards","Colored Map","Downfall","Gensokyo","Hermit","Hubris","Infinite Spire","Marisa????????","Minty Spire (QoL Compilation)","Permanent Neow","Quick Restart","Reimu??????","Replay The Spire","Shop Mod","StSLib","Td1madao Mod","The Administrix","The Animator","The Bug Knight","The Cursed","The Gatherer","The Hierophant","The IronCluck","The Jungle","The Servant 0.9.4","everything is the same but u backflip on backflip","slay the spire mod where everything is the same but ironclad has a cowboy hat","??????REMEMod"],"gold_per_floor":[113,113,63,6,24,24,42,68,94,94,105,116,18,51,51,51,51,51],"floor_reached":16,"playtime":836,"items_purged":[],"score":110,"play_id":"34654038-7e42-493e-b79b-8a938451abd5","local_time":"20210112145646","is_ascension_mode":false,"metric_token":2257,"campfire_choices":[{"data":"Gatherer:QuickSynthesis","floor":6,"key":"SMITH"},{"data":"Gatherer:GrowBook","floor":10,"key":"SMITH"}],"circlet_count":0,"master_deck":["Gatherer:Strike_Gatherer","Gatherer:Strike_Gatherer","Gatherer:Strike_Gatherer","Gatherer:Strike_Gatherer","Gatherer:Defend_Gatherer","Gatherer:Defend_Gatherer","Gatherer:Defend_Gatherer","Gatherer:Defend_Gatherer","Gatherer:Defend_Gatherer","Gatherer:Centralize","Gatherer:FlowerWhip","Gatherer:SealedBomb","Gatherer:QuickSynthesis+1","Gatherer:EnergyBasket","Gatherer:Duplicator","SashWhip+1"],"relics":["Gatherer:AlchemyBag","REME_ComplimentaryCards","Potion Belt","Dream Catcher","hubris:DisguiseKit","Bronze Scales","Durian"],"acts_visited":["Exordium"],"potions_floor_usage":[8,14,14],"damage_taken":[{"damage":1,"enemies":"Cultist","floor":1,"turns":5},{"damage":1,"enemies":"2 Louse","floor":5,"turns":2},{"damage":4,"enemies":"Jaw Worm","floor":7,"turns":5},{"damage":38,"enemies":"3 Sentries","floor":8,"turns":6},{"damage":0,"enemies":"3 Louse","floor":11,"turns":2},{"damage":9,"enemies":"Large Slime","floor":12,"turns":5},{"damage":18,"enemies":"Lagavulin","floor":14,"turns":4},{"damage":0,"enemies":"Fading Forest","floor":16,"turns":4}],"seed_played":"4459955563551430932","potions_obtained":[{"floor":1,"key":"Fruit Juice"},{"floor":11,"key":"Slimebound:ThreeZeroPotion"},{"floor":12,"key":"Weak Potion"},{"floor":15,"key":"DuplicationPotion"},{"floor":15,"key":"Regen Potion"}],"is_trial":false,"path_per_floor":["M","T","?","?","M","R","M","E","T","R","M","M","$","E","R_BF","B"],"character_chosen":"THE_GATHERER","items_purchased":["Block Potion","Poison Potion"],"campfire_rested":0,"item_purchase_floors":[13,13],"current_hp_per_floor":[71,71,71,71,70,70,66,33,33,33,33,24,24,11,11,11,11,11],"gold":51,"neow_bonus":"RANDOM_COMMON_RELIC","is_daily":false,"chose_seed":false,"campfire_upgraded":2,"win_rate":0.0,"timestamp":1610456206,"path_taken":["M","?","?","?","?","R","M","E","T","R","M","M","?","E","R_BF","BOSS"],"items_purchased_type":["Potion","Potion"],"build_version":"2020-12-22","purchased_purges":0,"victory":false,"max_hp_per_floor":[72,72,72,72,72,72,72,77,77,77,77,77,77,82,82,82,82,82],"card_choices":[{"not_picked":["Gatherer:FragileHammer","Gatherer:BambuSword"],"picked":"Gatherer:SealedBomb","floor":1},{"not_picked":["Gatherer:AromaProtection","Gatherer:TreeGrowth"],"picked":"Gatherer:QuickSynthesis","floor":5},{"not_picked":["Gatherer:Misfortune","Gatherer:AcidicSpray"],"picked":"Gatherer:EnergyBasket","floor":7},{"not_picked":["Gatherer:FlowerFalling","Gatherer:Snatch"],"picked":"Gatherer:GrowBook","floor":8},{"not_picked":["Gatherer:TacticalStrike","Gatherer:EchoOfNature","DarkMatter"],"picked":"Gatherer:Duplicator","floor":11},{"not_picked":["Gatherer:CollectorsShot","Gatherer:Convert","Gatherer:CarefulStrike","Occultation"],"picked":"SKIP","floor":12},{"not_picked":["Gatherer:Transmute","Gatherer:OddSpoils","Gatherer:FruitForce","OpenUniverse"],"picked":"SKIP","floor":14}],"player_experience":452598,"relics_obtained":[{"floor":8,"key":"hubris:DisguiseKit"},{"floor":9,"key":"Bronze Scales"},{"floor":14,"key":"Durian"}],"event_choices":[{"cards_removed":["Gatherer:Strike_Gatherer"],"damage_healed":0,"gold_gain":0,"player_choice":"Card Removal","damage_taken":0,"max_hp_gain":0,"max_hp_loss":0,"event_name":"The Cleric","floor":3,"gold_loss":50},{"damage_healed":0,"gold_gain":0,"player_choice":"Paid Gold","damage_taken":0,"relics_obtained":["Dream Catcher"],"max_hp_gain":0,"max_hp_loss":0,"event_name":"WeMeetAgain","floor":4,"gold_loss":57}],"is_beta":false,"boss_relics":[],"items_purged_floors":[],"is_endless":false,"potions_floor_spawned":[1,11,12],"killed_by":"Fading Forest","ascension_level":0}}