{"host":"t7mx8yfj1no5p62f","time":1610430155,"event":{"mods":["BaseMod","Bestiary","Colored Map","Colored Powertips","Minty Spire (QoL Compilation)","Relic Stats","StSLib"],"gold_per_floor":[111,129,148,168,188,188,218,234,234,27,58,76,76,88,88,164,164,178,190,105,116,131,131,21,21,21,51,51,26,42,42,42,118,118,138,138,192,192,1191,1191,1211,1245,1269,1269,1269],"floor_reached":44,"playtime":1541,"items_purged":[],"score":1040,"play_id":"8d3ade07-fc62-408c-9c63-8c51f3f15de0","local_time":"20210112004235","is_ascension_mode":true,"campfire_choices":[{"floor":6,"key":"REST"},{"data":"Predator","floor":13,"key":"SMITH"},{"data":"Deadly Poison","floor":15,"key":"SMITH"},{"data":"Bouncing Flask","floor":23,"key":"SMITH"},{"data":"Deadly Poison","floor":25,"key":"SMITH"},{"data":"Catalyst","floor":28,"key":"SMITH"},{"data":"Well Laid Plans","floor":32,"key":"SMITH"},{"data":"Apotheosis","floor":40,"key":"SMITH"}],"circlet_count":0,"master_deck":["AscendersBane","Strike_G","Strike_G","Strike_G","Strike_G","Defend_G","Defend_G","Defend_G","Defend_G","Defend_G","Survivor","Neutralize","Deadly Poison+1","Poisoned Stab","Predator+1","Footwork","Dash+1","Backstab","Deadly Poison+1","Blur","Acrobatics","Backflip","Blade Dance","PiercingWail","Bouncing Flask+1","Catalyst+1","Dodge and Roll","Well Laid Plans+1","Corpse Explosion","Apotheosis+1","Master of Strategy","PanicButton","Backflip","Catalyst","Malaise","Injury"],"relics":["Ring of the Snake","Regal Pillow","WingedGreaves","HornCleat","Bag of Marbles","Centennial Puzzle","Coffee Dripper","Question Card","Bottled Lightning","Omamori","Cursed Key","Unceasing Top","Molten Egg 2"],"acts_visited":["Exordium","TheCity","TheBeyond"],"potions_floor_usage":[4,7,22,22,27,37,42],"damage_taken":[{"damage":7.0,"enemies":"Cultist","floor":1.0,"turns":6.0},{"damage":0.0,"enemies":"Jaw Worm","floor":2.0,"turns":5.0},{"damage":3,"enemies":"2 Louse","floor":3,"turns":3},{"damage":12,"enemies":"Gremlin Gang","floor":4,"turns":5},{"damage":18,"enemies":"3 Louse","floor":5,"turns":4},{"damage":3,"enemies":"3 Sentries","floor":7,"turns":9},{"damage":0,"enemies":"Blue Slaver","floor":8,"turns":3},{"damage":8,"enemies":"Lagavulin","floor":11,"turns":5},{"damage":0,"enemies":"Looter","floor":12,"turns":1},{"damage":0,"enemies":"Large Slime","floor":14,"turns":3},{"damage":7,"enemies":"The Guardian","floor":16,"turns":13},{"damage":0,"enemies":"Shell Parasite","floor":18,"turns":5},{"damage":0,"enemies":"Chosen","floor":19,"turns":5},{"damage":15,"enemies":"Sentry and Sphere","floor":21,"turns":6},{"damage":18,"enemies":"3 Cultists","floor":22,"turns":6},{"damage":13,"enemies":"Book of Stabbing","floor":27,"turns":5},{"damage":0,"enemies":"Snecko","floor":30,"turns":4},{"damage":12,"enemies":"Champ","floor":33,"turns":10},{"damage":3,"enemies":"3 Shapes","floor":35,"turns":4},{"damage":18,"enemies":"2 Orb Walkers","floor":37,"turns":3},{"damage":0,"enemies":"Orb Walker","floor":41,"turns":3},{"damage":18,"enemies":"Giant Head","floor":42,"turns":5},{"damage":18,"enemies":"Reptomancer","floor":44,"turns":3}],"seed_played":"-3419066400350863728","potions_obtained":[{"floor":1.0,"key":"LiquidBronze"},{"floor":3,"key":"Swift Potion"},{"floor":5,"key":"AttackPotion"},{"floor":7,"key":"LiquidMemories"},{"floor":22,"key":"Explosive Potion"},{"floor":35,"key":"PowerPotion"},{"floor":37,"key":"Ancient Potion"},{"floor":41,"key":"Fire Potion"}],"is_trial":false,"path_per_floor":["M","M","M","M","M","R","E","M","T","$","E","M","R","M","R","B",null,"M","M","?","M","M","R","?","R","T","E","R","$","M","?","R","B",null,"M","?","?","?","?","R","M","E","T","E"],"character_chosen":"THE_SILENT","items_purchased":["Blur","Bag of Marbles","Dodge and Roll"],"campfire_rested":1,"item_purchase_floors":[10,10,29],"current_hp_per_floor":[52,52,49,37,19,53,50,50,50,50,42,42,42,42,42,35,58,58,58,58,43,25,25,25,25,25,12,12,12,12,25,25,13,53,50,40,22,22,22,22,22,4,4,0,0],"gold":1269,"neow_bonus":"RANDOM_COMMON_RELIC","is_daily":false,"chose_seed":false,"campfire_upgraded":7,"win_rate":0.0,"timestamp":1610430155,"path_taken":["M","?","M","M","M","R","E","?","T","$","E","M","R","M","R","BOSS","M","M","?","M","M","R","?","R","T","E","R","$","?","?","R","BOSS","M","?","?","?","?","R","M","E","T","E"],"items_purchased_type":["Card","Relic","Card"],"build_version":"2020-12-22","purchased_purges":0,"victory":false,"max_hp_per_floor":[66,66,66,66,66,66,66,66,66,66,66,66,66,66,66,66,66,66,66,66,66,66,66,66,66,66,66,66,66,66,66,66,66,66,66,66,66,63,63,63,63,63,63,63,63],"relic_stats":{"Regal Pillow":15,"Centennial Puzzle":[24],"counters":[23,116],"Question Card":12,"Cursed Key":1,"obtain_stats":[{"Regal Pillow":0,"Omamori":27,"Question Card":20,"Cursed Key":34,"Centennial Puzzle":11,"HornCleat":9,"Molten Egg 2":42,"WingedGreaves":7,"Bag of Marbles":10,"Coffee Dripper":17,"Bottled Lightning":26,"Unceasing Top":37,"Ring of the Snake":0},{"Regal Pillow":0,"Omamori":16,"Question Card":13,"Cursed Key":18,"Centennial Puzzle":8,"HornCleat":7,"Molten Egg 2":22,"WingedGreaves":6,"Bag of Marbles":7,"Coffee Dripper":11,"Bottled Lightning":15,"Unceasing Top":20,"Ring of the Snake":0},{"Regal Pillow":0,"Omamori":84,"Question Card":67,"Cursed Key":98,"Centennial Puzzle":40,"HornCleat":35,"Molten Egg 2":113,"WingedGreaves":32,"Bag of Marbles":35,"Coffee Dripper":57,"Bottled Lightning":79,"Unceasing Top":105,"Ring of the Snake":0}],"Unceasing Top":[2],"Ring of the Snake":[46]},"card_choices":[{"not_picked":["Setup","Underhanded Strike"],"picked":"Deadly Poison","floor":1.0},{"not_picked":["PiercingWail","Flechettes"],"picked":"Poisoned Stab","floor":2},{"not_picked":["Caltrops","Cloak And Dagger"],"picked":"Predator","floor":3},{"not_picked":["Backflip","Setup"],"picked":"Footwork","floor":4},{"not_picked":["Deflect","Leg Sweep"],"picked":"Dash","floor":5},{"not_picked":["All Out Attack","Endless Agony"],"picked":"Backstab","floor":7},{"not_picked":["Underhanded Strike","Dagger Throw"],"picked":"Deadly Poison","floor":8},{"not_picked":["Night Terror","Reflex","Accuracy"],"picked":"SKIP","floor":11},{"not_picked":["Dagger Throw","Poisoned Stab"],"picked":"Acrobatics","floor":12},{"not_picked":["Dagger Spray","Quick Slash"],"picked":"Backflip","floor":14},{"not_picked":["Dagger Throw","Deflect"],"picked":"Blade Dance","floor":18},{"not_picked":["Reflex","Bane","Prepared"],"picked":"SKIP","floor":19},{"not_picked":["Acrobatics","Outmaneuver","Masterful Stab"],"picked":"PiercingWail","floor":21},{"not_picked":["Bane","Dash","Slice"],"picked":"Bouncing Flask","floor":22},{"not_picked":["Sucker Punch+1","Caltrops","Acrobatics"],"picked":"Catalyst","floor":27},{"not_picked":["Dagger Spray","Prepared","Adrenaline"],"picked":"Well Laid Plans","floor":30},{"not_picked":["Malaise","A Thousand Cuts","Envenom"],"picked":"Corpse Explosion","floor":33},{"not_picked":["Infinite Blades+1","Eviscerate+1","Dash+1","Acrobatics"],"picked":"SKIP","floor":35},{"not_picked":["Good Instincts","Trip","Swift Strike"],"picked":"Apotheosis","floor":36},{"not_picked":["Panacea","Bandage Up","Trip"],"picked":"Master of Strategy","floor":36},{"not_picked":["Transmutation","Swift Strike","Metamorphosis"],"picked":"PanicButton","floor":36},{"not_picked":["Flying Knee","Outmaneuver+1","Skewer"],"picked":"Backflip","floor":37},{"not_picked":["Backflip","Cloak And Dagger","Dodge and Roll"],"picked":"Catalyst","floor":41},{"not_picked":["Bane+1","Envenom","Poisoned Stab+1"],"picked":"Malaise","floor":42}],"player_experience":1734235,"relics_obtained":[{"floor":7,"key":"WingedGreaves"},{"floor":9,"key":"HornCleat"},{"floor":11,"key":"Centennial Puzzle"},{"floor":26,"key":"Bottled Lightning"},{"floor":27,"key":"Omamori"},{"floor":37,"key":"Unceasing Top"},{"floor":42,"key":"Molten Egg 2"}],"event_choices":[{"damage_healed":0,"gold_gain":0,"player_choice":"Obtained Relic","damage_taken":0,"relics_obtained":["Question Card"],"max_hp_gain":0,"max_hp_loss":0,"event_name":"Addict","floor":20,"gold_loss":85},{"cards_removed":["Strike_G"],"damage_healed":0,"gold_gain":0,"player_choice":"Upgrade and Remove","damage_taken":0,"max_hp_gain":0,"max_hp_loss":0,"event_name":"Designer","floor":24,"gold_loss":110,"cards_upgraded":["Dash"]},{"damage_healed":13,"gold_gain":0,"player_choice":"Heal","damage_taken":0,"max_hp_gain":0,"max_hp_loss":0,"event_name":"The Library","floor":31,"gold_loss":0},{"damage_healed":0,"gold_gain":0,"player_choice":"Memory 3","damage_taken":10,"max_hp_gain":0,"max_hp_loss":0,"event_name":"SensoryStone","floor":36,"gold_loss":0},{"damage_healed":0,"gold_gain":0,"player_choice":"Fight","damage_taken":0,"max_hp_gain":0,"max_hp_loss":0,"event_name":"Mysterious Sphere","floor":37,"gold_loss":0},{"damage_healed":0,"gold_gain":0,"player_choice":"Max HP","damage_taken":0,"max_hp_gain":0,"max_hp_loss":3,"event_name":"Winding Halls","floor":38,"gold_loss":0},{"damage_healed":0,"gold_gain":999,"player_choice":"Gold","damage_taken":0,"max_hp_gain":0,"max_hp_loss":0,"event_name":"MindBloom","floor":39,"gold_loss":0,"cards_obtained":["Normality","Normality"]}],"is_beta":false,"boss_relics":[{"not_picked":["Philosopher\u0027s Stone","WristBlade"],"picked":"Coffee Dripper"},{"not_picked":["Snecko Eye","Busted Crown"],"picked":"Cursed Key"}],"items_purged_floors":[],"is_endless":false,"potions_floor_spawned":[1,3,5,7,12,16,19,21,22,35,37,41],"killed_by":"Reptomancer","ascension_level":20}}