{"host":"ojme7g6xlqwffsso","time":1610461644,"event":{"mods":["Act Like it!","BaseMod","Downfall","Hermit","Infinite Spire","MarisaÅiñ∂âJÅ@ñÇóùçπÅj","Minty Spire (QoL Compilation)","Replay The Spire","Shop Mod","StSLib","The Alterego","The Cursed","The Hierophant","Yuri Mod"],"gold_per_floor":[210,210,226,206,224,264,264,280,280,280,280,30,30,48,48,48,48],"floor_reached":16,"playtime":508,"items_purged":[],"score":105,"play_id":"aa9dfa2b-24d3-4033-9ac2-16c4ab281c98","local_time":"20210112232724","is_ascension_mode":true,"campfire_choices":[{"data":"yuri:Oolong","floor":7,"key":"SMITH"},{"data":"yuri:DeepBreathing","floor":10,"key":"SMITH"},{"data":"yuri:Skip","floor":13,"key":"SMITH"},{"floor":15,"key":"DIG"}],"circlet_count":0,"master_deck":["yuri:yuriStrike","yuri:yuriStrike","yuri:yuriStrike+1","yuri:yuriStrike","yuri:yuriStrike","yuri:yuriDefend","yuri:yuriDefend","yuri:yuriDefend","yuri:yuriDefend","yuri:yuriDefend+1","yuri:Oolong+1","yuri:yuriStab","yuri:yuriQuickStrike","yuri:Spin","yuri:DejaVu","yuri:ReactiveMadness","yuri:DeepBreathing+1","yuri:SturdyUniform","yuri:Skip","yuri:Skip+1","yuri:yuriQuickStrike"],"relics":["yuri:yuriKnife","Golden Idol","Nunchaku","infinitespire:ShieldingShard","MerchantsRug","Chameleon Ring"],"acts_visited":["Exordium"],"potions_floor_usage":[6,6,16],"damage_taken":[{"damage":2,"enemies":"Jaw Worm","floor":1,"turns":4},{"damage":0,"enemies":"Cultist","floor":3,"turns":4},{"damage":0,"enemies":"Small Slimes","floor":5,"turns":3},{"damage":30,"enemies":"Lagavulin","floor":6,"turns":7},{"damage":5,"enemies":"Exordium Wildlife","floor":8,"turns":3},{"damage":3,"enemies":"Looter","floor":14,"turns":2},{"damage":39,"enemies":"The Guardian","floor":16,"turns":12}],"seed_played":"1960672938245695115","potions_obtained":[{"floor":1,"key":"SkillPotion"},{"floor":4,"key":"SneckoOil"},{"floor":5,"key":"LiquidBronze"},{"floor":8,"key":"Swift Potion"}],"is_trial":false,"path_per_floor":["M","?","M","?","M","E","R","M","T","R","?","$","R","M","R","B"],"character_chosen":"YURI","items_purchased":["yuri:SturdyUniform","MerchantsRug","yuri:Skip"],"campfire_rested":0,"item_purchase_floors":[12,12,12],"current_hp_per_floor":[78,58,62,62,66,40,40,42,42,42,26,26,26,30,30,0,0],"gold":48,"neow_bonus":"HUNDRED_GOLD","is_daily":false,"chose_seed":false,"campfire_upgraded":3,"win_rate":0.0,"timestamp":1610461644,"path_taken":["M","?","M","?","?","E","R","M","T","R","?","$","R","M","R","BOSS"],"items_purchased_type":["Card","Relic","Card"],"build_version":"2020-12-22","purchased_purges":0,"victory":false,"max_hp_per_floor":[80,80,80,80,80,80,80,80,80,80,80,80,80,80,80,80,80],"card_choices":[{"not_picked":["yuri:CalmingAura","yuri:InsanityDefense"],"picked":"yuri:yuriQuickStrike","floor":1},{"not_picked":["yuri:Virus","yuri:ThrowingKnives"],"picked":"yuri:Spin","floor":3},{"not_picked":["yuri:TeaSet","yuri:BrokenCode"],"picked":"yuri:DejaVu","floor":5},{"not_picked":["yuri:ThrowingKnives","yuri:DebugCard"],"picked":"yuri:ReactiveMadness","floor":6},{"not_picked":["yuri:ReactiveMadness","yuri:Stalk"],"picked":"yuri:DeepBreathing","floor":8},{"not_picked":["yuri:Stalk","yuri:RecklessStrike"],"picked":"yuri:yuriQuickStrike","floor":14}],"player_experience":926139,"relics_obtained":[{"floor":6,"key":"Nunchaku"},{"floor":9,"key":"infinitespire:ShieldingShard"},{"floor":15,"key":"Chameleon Ring"}],"event_choices":[{"damage_healed":0,"gold_gain":0,"player_choice":"Take Damage","damage_taken":20,"relics_obtained":["Golden Idol"],"max_hp_gain":0,"max_hp_loss":0,"event_name":"Golden Idol","floor":2,"gold_loss":0},{"damage_healed":0,"gold_gain":0,"player_choice":"Bought 1 Potion","damage_taken":0,"max_hp_gain":0,"max_hp_loss":0,"event_name":"The Woman in Blue","floor":4,"gold_loss":0},{"damage_healed":0,"gold_gain":0,"player_choice":"Entered Light","damage_taken":16,"max_hp_gain":0,"max_hp_loss":0,"event_name":"Shining Light","floor":11,"gold_loss":0,"cards_upgraded":["yuri:yuriDefend","yuri:yuriStrike"]}],"is_beta":false,"boss_relics":[],"items_purged_floors":[],"is_endless":false,"potions_floor_spawned":[1,5,8],"killed_by":"The Guardian","ascension_level":1}}