{"host":"oehe2dxjvdgux73m","time":1610451117,"event":{"mods":["AchievementEnabler","BaseMod","Colored Map","Colored Powertips","DeckTracker","Keyboard Shortcuts","Minty Spire (QoL Compilation)","Permanent Neow","Quick Restart","StSLib","SuperFastMode"],"gold_per_floor":[109,109,129,146,166,193,193,118,142,159,194,222,234,234],"floor_reached":13,"playtime":376,"items_purged":["Strike_R"],"score":126,"play_id":"30c561b6-15ad-47e7-b328-746ba1a5af10","local_time":"20210112203157","is_ascension_mode":true,"campfire_choices":[{"data":"Carnage","floor":7.0,"key":"SMITH"}],"circlet_count":0,"master_deck":["Strike_R","Strike_R","Strike_R","Strike_R","Defend_R","Defend_R","Defend_R","Defend_R","Bash","Carnage","Fire Breathing","Carnage+1","Dark Embrace","Burning Pact"],"relics":["Burning Blood","Omamori","Bag of Preparation","MawBank"],"acts_visited":["Exordium"],"potions_floor_usage":[13,13],"damage_taken":[{"damage":2.0,"enemies":"2 Louse","floor":1.0,"turns":3.0},{"damage":5.0,"enemies":"Small Slimes","floor":3.0,"turns":4.0},{"damage":1.0,"enemies":"Cultist","floor":4.0,"turns":3.0},{"damage":16.0,"enemies":"Blue Slaver","floor":5.0,"turns":4.0},{"damage":30.0,"enemies":"3 Sentries","floor":6.0,"turns":8.0},{"damage":8.0,"enemies":"Lots of Slimes","floor":10.0,"turns":5.0},{"damage":40.0,"enemies":"Lagavulin","floor":11.0,"turns":4.0},{"damage":8.0,"enemies":"Exordium Wildlife","floor":12.0,"turns":5.0},{"damage":5,"enemies":"Gremlin Nob","floor":13,"turns":3}],"seed_played":"-1619473096091815912","potions_obtained":[{"floor":4.0,"key":"SkillPotion"},{"floor":5.0,"key":"BlessingOfTheForge"},{"floor":6.0,"key":"SteroidPotion"},{"floor":11.0,"key":"Block Potion"},{"floor":12.0,"key":"BlessingOfTheForge"}],"is_trial":false,"path_per_floor":["M","?","M","M","M","E","R","$","T","M","E","M","E"],"character_chosen":"IRONCLAD","items_purchased":[],"campfire_rested":0,"item_purchase_floors":[],"current_hp_per_floor":[76,76,77,80,70,46,46,46,46,44,10,8,3,3],"gold":234,"neow_bonus":"THREE_CARDS","is_daily":false,"chose_seed":false,"campfire_upgraded":1,"win_rate":0.0,"timestamp":1610451117,"path_taken":["M","?","M","M","M","E","R","$","T","M","E","M","E"],"items_purchased_type":[],"build_version":"2020-12-22","purchased_purges":1,"victory":false,"max_hp_per_floor":[80,80,80,80,80,80,80,80,80,80,80,80,80,80],"card_choices":[{"not_picked":["Pommel Strike","Flex"],"picked":"Carnage","floor":0.0},{"not_picked":["Perfected Strike","Wild Strike"],"picked":"Fire Breathing","floor":1.0},{"not_picked":["Sever Soul","Dropkick","Twin Strike"],"picked":"SKIP","floor":3.0},{"not_picked":["Intimidate","Spot Weakness"],"picked":"Carnage","floor":4.0},{"not_picked":["Rage","Perfected Strike","Flex"],"picked":"SKIP","floor":5.0},{"not_picked":["Twin Strike","Ghostly Armor","Anger"],"picked":"SKIP","floor":6.0},{"not_picked":["Bloodletting","Spot Weakness","Rage"],"picked":"SKIP","floor":10.0},{"not_picked":["Exhume","Uppercut"],"picked":"Dark Embrace","floor":11.0},{"not_picked":["Warcry","Anger"],"picked":"Burning Pact","floor":12.0}],"player_experience":132669,"relics_obtained":[{"floor":6.0,"key":"Omamori"},{"floor":9.0,"key":"Bag of Preparation"},{"floor":11.0,"key":"MawBank"}],"event_choices":[{"damage_healed":0.0,"max_hp_gain":0.0,"max_hp_loss":0.0,"gold_gain":0.0,"event_name":"Liars Game","player_choice":"Ignored","floor":2.0,"gold_loss":0.0,"damage_taken":0.0}],"is_beta":false,"boss_relics":[],"items_purged_floors":[8],"is_endless":false,"potions_floor_spawned":[4,5,6,11,12],"killed_by":"Gremlin Nob","ascension_level":6}}