{"host":"290egjt91b2tngam","time":1610456954,"event":{"mods":["BaseMod","Colored Map","Colored Powertips","Downfall","Hubris","Infinite Spire","Marisa????????","Minty Spire (QoL Compilation)","Replay The Spire","StSLib","The Bug Knight","The Cursed","The Servant 0.9.4"],"gold_per_floor":[110,130,130,130,130,157,175,203,203,228,228,238,238,238,238,342,342,355,355,355,368,387,421,421,454,534,534,162,162,190,190,190,304,304,343,343,343,343,383,383,440,440,440,440,198,222,267,300,300,418,418,450,486,521,521,521,521,563,622,622,662,718,762,814,891,891,1040,1040,1040],"floor_reached":68,"playtime":3449,"items_purged":["hubris:Gluttony"],"score":1782,"play_id":"6f9828b6-9e17-41e6-a875-af5bad5bbaef","local_time":"20210112200914","is_ascension_mode":true,"campfire_choices":[{"floor":11.0,"key":"REST"},{"floor":15.0,"key":"REST"},{"floor":24.0,"key":"REST"},{"floor":27.0,"key":"REST"},{"floor":29.0,"key":"REST"},{"data":"hubris:InfiniteBlow+1","floor":32.0,"key":"SMITH"},{"floor":40.0,"key":"REST"},{"floor":42.0,"key":"REST"},{"floor":57,"key":"REST"},{"data":"hubris:InfiniteBlow+8","floor":66,"key":"SMITH"}],"circlet_count":0,"master_deck":["TheCursedMod:Strike_TheCursed","TheCursedMod:Strike_TheCursed+1","TheCursedMod:Strike_TheCursed","TheCursedMod:Strike_TheCursed+1","TheCursedMod:Defend_TheCursed","TheCursedMod:Defend_TheCursed+1","TheCursedMod:Defend_TheCursed","TheCursedMod:Defend_TheCursed","TheCursedMod:CursedWand+1","TheCursedMod:CleanUpWorkshop","TheCursedMod:Dregs","TheCursedMod:SpitefulStrike","TheCursedMod:HellfireBreathing+1","hubris:InfiniteBlow+9","TheCursedMod:CircleOfAbyss+1","TheCursedMod:CursedBlade+1","TheCursedMod:CircleOfFlame","TheCursedMod:CursedBlade+1","TheCursedMod:PrepareRite+1","TheCursedMod:DemonSword+1","infinitespire:Punishment+1","TheCursedMod:CursedStaff+1","TheCursedMod:CursedMace+1","TheCursedMod:CircleOfAmplification+1","TheCursedMod:LuckyCharm","TheCursedMod:Evocation+1","infinitespire:Punishment+1","TheCursedMod:AntiAging+1","TheCursedMod:SpitefulPray+1","TheCursedMod:CircleOfFocus+1","Parasite","TheCursedMod:ManaCirculation","TheCursedMod:SmokeScreen+1","TheCursedMod:SurpriseAttack+1","TheCursedMod:BloodBarrier+1","TheCursedMod:DemonicPact"],"relics":["TheCursedMod:BlackMagic101","Lizard Tail","HollowMod:PaleOreRelic","hubris:BottledRain","Unceasing Top","Gremlin Food","Molten Egg 2","Dead Branch","Calipers","SlaversCollar","MutagenicStrength","infinitespire:FocusingShard","Art of War","hubris:CrystalStatue","hubris:CuriousFeather","Replay:Wax Seal","infinitespire:EvilPickle","TheCursedMod:FourLeafCloverCharm","hubris:Backtick","Medical Kit","Replay:Bottled Flurry","Bottled Tornado","Toxic Egg 2","infinitespire:ShieldingShard","Black Star","Blue Doll","TheCursedMod:BloodyHarpoon","infinitespire:CursedDice","Replay:Accelerometer","ReplayTheSpireMod:Shallot","hubris:MysteriousPyramids","Eternal Feather","StoneCalendar"],"acts_visited":["Exordium","TheCity","TheBeyond","Exordium","TheCity"],"potions_floor_usage":[48],"damage_taken":[{"damage":9.0,"enemies":"Jaw Worm","floor":1.0,"turns":6.0},{"damage":0.0,"enemies":"2 Louse","floor":2.0,"turns":3.0},{"damage":20.0,"enemies":"Lagavulin","floor":6.0,"turns":6.0},{"damage":0.0,"enemies":"Small Slimes","floor":7.0,"turns":3.0},{"damage":12.0,"enemies":"3 Sentries","floor":8.0,"turns":5.0},{"damage":15.0,"enemies":"Gremlin Nob","floor":10.0,"turns":4.0},{"damage":0.0,"enemies":"3 Louse","floor":12.0,"turns":1.0},{"damage":19.0,"enemies":"Hexaghost","floor":16.0,"turns":9.0},{"damage":0.0,"enemies":"Chosen","floor":18.0,"turns":3.0},{"damage":1.0,"enemies":"3 Cultists","floor":21.0,"turns":3.0},{"damage":0.0,"enemies":"Snake Plant","floor":22.0,"turns":2.0},{"damage":31.0,"enemies":"Slavers","floor":23.0,"turns":3.0},{"damage":0.0,"enemies":"HollowMod:Nosk","floor":25.0,"turns":3.0},{"damage":0.0,"enemies":"Slavers","floor":30.0,"turns":2.0},{"damage":38.0,"enemies":"Pondfish","floor":33.0,"turns":6.0},{"damage":6.0,"enemies":"Orb Walker","floor":35.0,"turns":2.0},{"damage":10.0,"enemies":"3 Darklings","floor":39.0,"turns":4.0},{"damage":42.0,"enemies":"Nightmare","floor":41.0,"turns":6.0},{"damage":0.0,"enemies":"Writhing Mass","floor":46.0,"turns":2.0},{"damage":6.0,"enemies":"HollowMod:StalkingDevout","floor":47.0,"turns":4.0},{"damage":10,"enemies":"Transient","floor":48,"turns":5},{"damage":76,"enemies":"Donu and Deca","floor":50,"turns":7},{"damage":18,"enemies":"Jaw Worm","floor":52,"turns":2},{"damage":0,"enemies":"2 Louse","floor":53,"turns":2},{"damage":0,"enemies":"Small Slimes","floor":54,"turns":2},{"damage":0,"enemies":"Looter","floor":58,"turns":1},{"damage":0,"enemies":"Lagavulin","floor":59,"turns":2},{"damage":20,"enemies":"Blue Slaver","floor":61,"turns":3},{"damage":0,"enemies":"Replay:BlueRogue","floor":62,"turns":3},{"damage":17,"enemies":"Exordium Wildlife","floor":63,"turns":3},{"damage":0,"enemies":"Large Slime","floor":64,"turns":3},{"damage":0,"enemies":"Gremlin Nob","floor":65,"turns":2},{"damage":0,"enemies":"Slime Boss","floor":67,"turns":1}],"seed_played":"-353056142365657327","potions_obtained":[{"floor":6.0,"key":"DuplicationPotion"},{"floor":7.0,"key":"LifebloodPotion"},{"floor":10.0,"key":"AttackPotion"},{"floor":18.0,"key":"Regen Potion"},{"floor":23.0,"key":"champ:CounterPotion"},{"floor":39.0,"key":"SteroidPotion"},{"floor":47,"key":"GamblersBrew"},{"floor":50,"key":"SmokeBomb"},{"floor":52,"key":"FearPotion"}],"is_trial":false,"path_per_floor":["M","M","?","?","?","E","M","E","T","E","R","M","T","?","R","B",null,"M","AVR","?","M","M","E","R","E","T","R","$","R","E","?","R","B",null,"M","AVR","?","$","M","R","NM","R","T","?","$","M","E","M","R_BF","B",null,"M","M","M","?","?","R","M","E","T","M","E","M","M","E","R","B",null],"character_chosen":"THE_CURSED","items_purchased":["hubris:CuriousFeather","TheCursedMod:LuckyCharm","Toxic Egg 2"],"campfire_rested":8,"item_purchase_floors":[28,28,45],"current_hp_per_floor":[66,66,66,63,63,43,43,31,31,16,38,38,38,23,45,26,75,75,75,75,74,74,43,65,65,65,75,75,75,75,75,75,37,75,71,71,71,71,64,80,40,64,64,64,64,66,74,64,64,44,89,71,71,74,71,71,92,92,92,92,72,75,61,64,64,85,85,101,101],"gold":1040,"neow_bonus":"ONE_RARE_RELIC","is_daily":false,"chose_seed":false,"campfire_upgraded":2,"win_rate":0.0,"timestamp":1610456954,"path_taken":["M","M","?","?","?","E","M","E","T","E","R","M","?","?","R","BOSS","M","AVR","?","M","M","E","R","E","T","R","$","R","E","?","R","BOSS","M","AVR","?","$","M","R","NM","R","T","?","?","M","E","M","R_BF","BOSS","M","M","M","?","?","R","M","E","T","?","E","M","M","E","R","BOSS"],"items_purchased_type":["Relic","Card","Relic"],"build_version":"2020-12-22","purchased_purges":1,"victory":false,"max_hp_per_floor":[75,75,75,75,75,75,75,75,75,75,75,75,75,75,75,75,75,75,75,75,75,75,75,75,75,75,75,75,75,75,75,75,75,75,77,77,77,77,80,80,82,82,82,82,82,84,86,86,86,89,89,89,89,92,92,92,92,92,92,92,92,95,98,101,101,101,101,101,101],"card_choices":[{"not_picked":["TheCursedMod:Stretching","TheCursedMod:Grudge"],"picked":"TheCursedMod:SpitefulStrike","floor":1.0},{"not_picked":["TheCursedMod:Torture","TheCursedMod:Grudge"],"picked":"TheCursedMod:HellfireBreathing","floor":2.0},{"not_picked":["infinitespire:Oblivion","infinitespire:Gouge"],"picked":"hubris:InfiniteBlow+1","floor":5.0},{"not_picked":["TheCursedMod:CircleOfFocus","TheCursedMod:SaltUponWound"],"picked":"TheCursedMod:CircleOfAbyss","floor":6.0},{"not_picked":["TheCursedMod:CursedBoomerang","TheCursedMod:AshesToAshes"],"picked":"TheCursedMod:CursedBlade","floor":7.0},{"not_picked":["TheCursedMod:CursedBlade","TheCursedMod:BlessingInDisguise"],"picked":"TheCursedMod:CircleOfFlame","floor":8.0},{"not_picked":["TheCursedMod:DoubleShield","TheCursedMod:SmokeScreen"],"picked":"TheCursedMod:CursedBlade+1","floor":10.0},{"not_picked":["TheCursedMod:TacticalStrike+1","TheCursedMod:CursedShiv+1"],"picked":"TheCursedMod:PrepareRite","floor":12.0},{"not_picked":["TheCursedMod:AntiAging","TheCursedMod:Neurasthenia"],"picked":"TheCursedMod:DemonSword+1","floor":16.0},{"not_picked":["TheCursedMod:WearCloak+1","TheCursedMod:SurpriseAttack+1","TheCursedMod:Wield+1"],"picked":"SKIP","floor":18.0},{"not_picked":["TheCursedMod:FleshFromBone+1","TheCursedMod:CursedSpellbook"],"picked":"TheCursedMod:CursedStaff+1","floor":21.0},{"not_picked":["TheCursedMod:RavingStaff+1","TheCursedMod:EmpowerCircles"],"picked":"TheCursedMod:CursedMace+1","floor":22.0},{"not_picked":["TheCursedMod:DoubleShield","TheCursedMod:Stretching"],"picked":"TheCursedMod:CircleOfAmplification+1","floor":23.0},{"not_picked":["TheCursedMod:CursedArmor","TheCursedMod:TacticalStrike+1","TheCursedMod:VitalStrike+1"],"picked":"SKIP","floor":25.0},{"not_picked":["TheCursedMod:CircleOfWindfury","TheCursedMod:CursedSpellbook"],"picked":"TheCursedMod:Evocation+1","floor":30.0},{"not_picked":["TheCursedMod:DemonSword+1","TheCursedMod:StunningStrike+1"],"picked":"TheCursedMod:AntiAging","floor":33.0},{"not_picked":["TheCursedMod:VitalStrike+1","TheCursedMod:Torture+1","TheCursedMod:Obscuration"],"picked":"SKIP","floor":35.0},{"not_picked":["TheCursedMod:FuryStrike+1","TheCursedMod:Torture+1"],"picked":"TheCursedMod:SpitefulPray+1","floor":39.0},{"not_picked":["TheCursedMod:FuryStrike+1","TheCursedMod:CursedSpellbook","TheCursedMod:ManaBullet+1"],"picked":"SKIP","floor":41.0},{"not_picked":["TheCursedMod:FuryStrike+1","TheCursedMod:CursedSpellbook","TheCursedMod:ManaBullet+1"],"picked":"SKIP","floor":41.0},{"not_picked":["TheCursedMod:CircleOfWindfury+1","TheCursedMod:CursedShiv+1","TheCursedMod:HellsGateOpen"],"picked":"SKIP","floor":46.0},{"not_picked":["TheCursedMod:SpitefulPlan","TheCursedMod:ReleasedStrength+1"],"picked":"TheCursedMod:CircleOfFocus+1","floor":47},{"not_picked":["TheCursedMod:ReleasedStrength+1","TheCursedMod:VitalStrike+1","TheCursedMod:Hemoplague"],"picked":"SKIP","floor":48},{"not_picked":["TheCursedMod:AntiAging+1","TheCursedMod:CircleOfAbyss+1"],"picked":"TheCursedMod:ManaCirculation","floor":50},{"not_picked":["TheCursedMod:Stretching+1","TheCursedMod:CursedMace+1"],"picked":"TheCursedMod:SmokeScreen+1","floor":52},{"not_picked":["TheCursedMod:TacticalStrike+1","TheCursedMod:VitalStrike+1"],"picked":"TheCursedMod:SurpriseAttack+1","floor":53},{"not_picked":["TheCursedMod:WearCloak+1","TheCursedMod:RavingStaff+1","TheCursedMod:SpitefulStrike+1"],"picked":"SKIP","floor":54},{"not_picked":["TheCursedMod:WearCloak+1","TheCursedMod:Stigma+1","TheCursedMod:CursedMace+1"],"picked":"SKIP","floor":58},{"not_picked":["TheCursedMod:FleshFromBone+1","TheCursedMod:TacticalStrike+1","TheCursedMod:CursedMace+1"],"picked":"SKIP","floor":59},{"not_picked":["TheCursedMod:Stretching+1","TheCursedMod:FuryStrike+1","TheCursedMod:FleshFromBone+1"],"picked":"SKIP","floor":61},{"not_picked":["TheCursedMod:StingEye+1","TheCursedMod:Obscuration+1","TheCursedMod:CursedArmor+1"],"picked":"SKIP","floor":62},{"not_picked":["TheCursedMod:CursedMace+1","TheCursedMod:CircleOfCorruption+1","TheCursedMod:CursedAmulet+1"],"picked":"SKIP","floor":63},{"not_picked":["TheCursedMod:CursedBlade+1","TheCursedMod:CursedAmulet+1","TheCursedMod:FuryStrike+1"],"picked":"SKIP","floor":64},{"not_picked":["TheCursedMod:DoubleShield+1","TheCursedMod:Stigma+1"],"picked":"TheCursedMod:BloodBarrier+1","floor":65},{"not_picked":["TheCursedMod:ParallelWorld+1","TheCursedMod:DemonSword+1"],"picked":"TheCursedMod:DemonicPact","floor":67}],"player_experience":710882,"relics_obtained":[{"floor":3.0,"key":"HollowMod:PaleOreRelic"},{"floor":6.0,"key":"Unceasing Top"},{"floor":8.0,"key":"Gremlin Food"},{"floor":9.0,"key":"Molten Egg 2"},{"floor":10.0,"key":"Dead Branch"},{"floor":13.0,"key":"Calipers"},{"floor":23.0,"key":"infinitespire:FocusingShard"},{"floor":25.0,"key":"Art of War"},{"floor":26.0,"key":"hubris:CrystalStatue"},{"floor":30.0,"key":"Replay:Wax Seal"},{"floor":41.0,"key":"Replay:Bottled Flurry"},{"floor":43.0,"key":"Bottled Tornado"},{"floor":47,"key":"infinitespire:ShieldingShard"},{"floor":59,"key":"TheCursedMod:BloodyHarpoon"},{"floor":59,"key":"infinitespire:CursedDice"},{"floor":60,"key":"Replay:Accelerometer"},{"floor":62,"key":"ReplayTheSpireMod:Shallot"},{"floor":62,"key":"hubris:MysteriousPyramids"},{"floor":65,"key":"Eternal Feather"},{"floor":65,"key":"StoneCalendar"}],"event_choices":[{"damage_healed":0.0,"max_hp_gain":0.0,"max_hp_loss":0.0,"gold_gain":0.0,"event_name":"Scrap Ooze","player_choice":"Success","floor":4.0,"gold_loss":0.0,"damage_taken":3.0,"relics_obtained":["hubris:BottledRain"]},{"damage_healed":0.0,"max_hp_gain":0.0,"max_hp_loss":0.0,"gold_gain":0.0,"event_name":"Shining Light","player_choice":"Entered Light","floor":14.0,"gold_loss":0.0,"damage_taken":15.0,"cards_upgraded":["TheCursedMod:Strike_TheCursed","TheCursedMod:HellfireBreathing"]},{"damage_healed":0.0,"max_hp_gain":0.0,"max_hp_loss":0.0,"gold_gain":0.0,"event_name":"Drug Dealer","player_choice":"Inject Mutagens","floor":20.0,"gold_loss":0.0,"damage_taken":0.0,"relics_obtained":["MutagenicStrength"]},{"damage_healed":0.0,"max_hp_gain":0.0,"max_hp_loss":0.0,"gold_gain":0.0,"event_name":"Duplicator","player_choice":"Copied","floor":31.0,"gold_loss":0.0,"damage_taken":0.0,"cards_obtained":["infinitespire:Punishment"]},{"damage_healed":0,"gold_gain":0,"player_choice":"Success","damage_taken":3,"relics_obtained":["Blue Doll"],"max_hp_gain":0,"max_hp_loss":0,"event_name":"Scrap Ooze","floor":55,"gold_loss":0},{"cards_removed":["Doubt"],"damage_healed":0,"gold_gain":0,"player_choice":"Purged","damage_taken":0,"max_hp_gain":0,"max_hp_loss":0,"event_name":"Purifier","floor":56,"gold_loss":0}],"is_beta":false,"boss_relics":[{"not_picked":["ChewingGum","hubris:VirtuousBlindfold"],"picked":"SlaversCollar"},{"not_picked":["Replay:Grab Bag","Velvet Choker"],"picked":"TheCursedMod:FourLeafCloverCharm"},{"not_picked":["Abe\u0027s Treasure","TheCursedMod:BlackMagicAdvanced"],"picked":"Black Star"},{"not_picked":[]}],"items_purged_floors":[19],"is_endless":true,"potions_floor_spawned":[6,7,10,18,23,25,39,47,50,52,58,59,61,67],"ascension_level":2}}