{"host":"f0gpob8hq9vgebej","time":1610419903,"event":{"mods":["AchievementEnabler","BaseMod","Minty Spire (QoL Compilation)","Quick Restart","SuperFastMode"],"gold_per_floor":[117,134,147,160,4,4,20,51,77,77,90,108,118,118,118,217,217,235,249,348,348,348],"floor_reached":21,"playtime":436,"items_purged":["Strike_B"],"score":194,"play_id":"4440a0f7-5e7a-4a24-81f0-50aa3a12f70e","local_time":"20210112115143","is_ascension_mode":true,"campfire_choices":[{"data":"Zap","floor":6.0,"key":"SMITH"},{"data":"Redo","floor":10,"key":"SMITH"},{"floor":15,"key":"REST"}],"circlet_count":0,"master_deck":["Strike_B","Strike_B","Strike_B","Defend_B","Defend_B","Defend_B","Defend_B","Zap+1","Dualcast","Redo+1","Heatsinks","Chill","Capacitor","Defragment","Defragment","Blizzard","Biased Cognition","Storm","Redo+1"],"relics":["Cracked Core","NeowsBlessing","Gremlin Horn","Juzu Bracelet"],"acts_visited":["Exordium","TheCity"],"potions_floor_usage":[8,16,16],"damage_taken":[{"damage":0.0,"enemies":"Cultist","floor":1.0,"turns":1.0},{"damage":0.0,"enemies":"2 Louse","floor":2.0,"turns":1.0},{"damage":0.0,"enemies":"Jaw Worm","floor":3.0,"turns":1.0},{"damage":12.0,"enemies":"Exordium Thugs","floor":4.0,"turns":4.0},{"damage":9,"enemies":"2 Fungi Beasts","floor":7,"turns":5},{"damage":30,"enemies":"Gremlin Nob","floor":8,"turns":4},{"damage":9,"enemies":"3 Louse","floor":11,"turns":4},{"damage":6,"enemies":"Large Slime","floor":12,"turns":6},{"damage":2,"enemies":"Looter","floor":13,"turns":4},{"damage":22,"enemies":"The Guardian","floor":16,"turns":10},{"damage":10,"enemies":"Spheric Guardian","floor":18,"turns":3},{"damage":29,"enemies":"3 Byrds","floor":19,"turns":5},{"damage":43,"enemies":"Centurion and Healer","floor":21,"turns":7}],"seed_played":"-8998902814219789595","potions_obtained":[{"floor":7,"key":"EntropicBrew"},{"floor":8,"key":"FocusPotion"},{"floor":12,"key":"Energy Potion"},{"floor":16,"key":"LiquidBronze"}],"is_trial":false,"path_per_floor":["M","M","M","M","$","R","M","E","T","R","M","M","M","?","R","B",null,"M","M","?","M"],"character_chosen":"DEFECT","items_purchased":["Capacitor"],"campfire_rested":1,"item_purchase_floors":[5],"current_hp_per_floor":[75,75,75,63,63,63,54,24,24,24,15,9,7,7,29,7,75,65,36,36,0,0],"gold":348,"neow_bonus":"THREE_ENEMY_KILL","is_daily":false,"chose_seed":false,"campfire_upgraded":2,"win_rate":0.0,"timestamp":1610419903,"path_taken":["M","M","M","M","$","R","M","E","T","R","M","M","M","?","R","BOSS","M","M","?","M"],"items_purchased_type":["Card"],"build_version":"2020-12-22","purchased_purges":1,"victory":false,"max_hp_per_floor":[75,75,75,75,75,75,75,75,75,75,75,75,75,75,75,75,75,75,75,75,75,75],"card_choices":[{"not_picked":["Gash","Lockon"],"picked":"Redo","floor":1.0},{"not_picked":["Steam","FTL","Chill"],"picked":"SKIP","floor":2.0},{"not_picked":["Conserve Battery","Stack"],"picked":"Heatsinks","floor":3.0},{"not_picked":["Cold Snap","Streamline"],"picked":"Chill","floor":4.0},{"not_picked":["Hello World","Coolheaded","Barrage"],"picked":"SKIP","floor":7},{"not_picked":["Reprogram","Recycle","Fusion"],"picked":"SKIP","floor":8},{"not_picked":["Hello World","FTL"],"picked":"Defragment","floor":11},{"not_picked":["Reboot","Compile Driver"],"picked":"Defragment","floor":12},{"not_picked":["Sweeping Beam","Steam"],"picked":"Blizzard","floor":13},{"not_picked":["Machine Learning","Core Surge"],"picked":"Biased Cognition","floor":16},{"not_picked":["Compile Driver","Recycle"],"picked":"Storm","floor":18},{"not_picked":["Reprogram","Hologram"],"picked":"Redo+1","floor":19}],"player_experience":130234,"relics_obtained":[{"floor":8,"key":"Gremlin Horn"},{"floor":9,"key":"Juzu Bracelet"}],"event_choices":[{"damage_healed":0,"gold_gain":0,"player_choice":"Ignored","damage_taken":0,"max_hp_gain":0,"max_hp_loss":0,"event_name":"Golden Idol","floor":14,"gold_loss":0},{"damage_healed":0,"gold_gain":99,"player_choice":"Stole From Cult","damage_taken":0,"max_hp_gain":0,"max_hp_loss":0,"event_name":"Nest","floor":20,"gold_loss":0}],"is_beta":false,"boss_relics":[{"not_picked":["Velvet Choker","FrozenCore","Busted Crown"]}],"items_purged_floors":[5],"is_endless":false,"potions_floor_spawned":[7,8,12,16],"killed_by":"Centurion and Healer","ascension_level":1}}