{"host":"k7udt7atmcuzf6l0","time":1610428528,"event":{"mods":["AchievementEnabler","BaseMod","Colored Map","Colored Powertips","Highlight Path","Minty Spire (QoL Compilation)","Quick Restart","Rare Cards Sparkle","StSLib","UnlockEverythingMod"],"gold_per_floor":[113,131,144,8,21,21,44,44,44,58,333,361,361,394,394,394,394],"floor_reached":16,"playtime":336,"items_purged":[],"score":138,"play_id":"c12c8e4a-4225-4a91-8fac-ab0ea62373de","local_time":"20210112131528","is_ascension_mode":true,"campfire_choices":[{"data":"Flex","floor":6,"key":"SMITH"},{"data":"Double Tap","floor":8,"key":"SMITH"},{"data":"Berserk","floor":13,"key":"SMITH"},{"data":"Seeing Red","floor":15,"key":"SMITH"}],"circlet_count":0,"master_deck":["Strike_R","Strike_R","Strike_R","Strike_R","Strike_R","Defend_R","Defend_R","Defend_R","Defend_R","Bash","Flex+1","Shrug It Off","Whirlwind","Double Tap+1","Twin Strike","Pommel Strike","Sword Boomerang","Clash","Regret","Berserk+1","Seeing Red+1"],"relics":["Burning Blood","NeowsBlessing","Odd Mushroom","Prayer Wheel","Sundial","Pen Nib"],"acts_visited":["Exordium"],"potions_floor_usage":[5,12,14],"damage_taken":[{"damage":0,"enemies":"Jaw Worm","floor":1,"turns":1},{"damage":0,"enemies":"2 Louse","floor":2,"turns":1},{"damage":0,"enemies":"Cultist","floor":3,"turns":2},{"damage":11,"enemies":"3 Louse","floor":5,"turns":3},{"damage":43,"enemies":"The Mushroom Lair","floor":7,"turns":4},{"damage":13,"enemies":"Blue Slaver","floor":10,"turns":2},{"damage":25,"enemies":"Lagavulin","floor":12,"turns":4},{"damage":18,"enemies":"3 Sentries","floor":14,"turns":6},{"damage":36,"enemies":"The Guardian","floor":16,"turns":3}],"seed_played":"29485067442282601","potions_obtained":[{"floor":1,"key":"Block Potion"},{"floor":7,"key":"FearPotion"},{"floor":10,"key":"FairyPotion"},{"floor":12,"key":"Swift Potion"}],"is_trial":false,"path_per_floor":["M","M","M","$","M","R","?","R","T","M","?","E","R","E","R","B"],"character_chosen":"IRONCLAD","items_purchased":["Double Tap"],"campfire_rested":0,"item_purchase_floors":[4],"current_hp_per_floor":[80,80,80,80,75,75,38,38,38,31,31,12,12,28,28,0,0],"gold":394,"neow_bonus":"THREE_ENEMY_KILL","is_daily":false,"chose_seed":false,"campfire_upgraded":4,"win_rate":0.0,"timestamp":1610428528,"path_taken":["M","M","M","$","M","R","?","R","T","M","?","E","R","E","R","BOSS"],"items_purchased_type":["Card"],"build_version":"2020-12-22","purchased_purges":0,"victory":false,"max_hp_per_floor":[80,80,80,80,80,80,80,80,80,80,80,80,80,80,80,80,80],"card_choices":[{"not_picked":["Havoc","Headbutt"],"picked":"Flex","floor":1},{"not_picked":["Clothesline","True Grit"],"picked":"Shrug It Off","floor":2},{"not_picked":["Clash","Heavy Blade"],"picked":"Whirlwind","floor":3},{"not_picked":["Armaments","Reckless Charge"],"picked":"Twin Strike","floor":5},{"not_picked":["Ghostly Armor","Fire Breathing"],"picked":"Pommel Strike","floor":7},{"not_picked":["Heavy Blade","Wild Strike"],"picked":"Sword Boomerang","floor":10},{"not_picked":["Evolve","Iron Wave"],"picked":"Clash","floor":10},{"not_picked":["Sever Soul","Thunderclap"],"picked":"Berserk","floor":12},{"not_picked":["Wild Strike","Warcry"],"picked":"Seeing Red","floor":14}],"player_experience":63004,"relics_obtained":[{"floor":7,"key":"Odd Mushroom"},{"floor":9,"key":"Prayer Wheel"},{"floor":12,"key":"Sundial"},{"floor":14,"key":"Pen Nib"}],"event_choices":[{"damage_healed":0,"gold_gain":0,"player_choice":"Fought Mushrooms","damage_taken":0,"max_hp_gain":0,"max_hp_loss":0,"event_name":"Mushrooms","floor":7,"gold_loss":0},{"damage_healed":0,"gold_gain":275,"player_choice":"Desecrate","damage_taken":0,"max_hp_gain":0,"max_hp_loss":0,"event_name":"Golden Shrine","floor":11,"gold_loss":0,"cards_obtained":["Regret"]}],"is_beta":false,"boss_relics":[],"items_purged_floors":[],"is_endless":false,"potions_floor_spawned":[1,7,10,12],"killed_by":"The Guardian","ascension_level":5}}