{"host":"c59jaj2b7ki1imdm","time":1610410956,"event":{"mods":["AchievementEnabler","BaseMod","Hermit","Hubris","Minty Spire (QoL Compilation)","StSLib","The Construct","The Hierophant"],"gold_per_floor":[113,113,188,188,363,363,379,379,459,484,504,109,132,166,166,290,290,313,326,326,326,346,346,361,361,388,411,110,110,124,10,10,10,10],"floor_reached":33,"playtime":2157,"items_purged":[],"score":272,"play_id":"2161ba2b-e0d7-4f67-bcf8-e173fb8098f9","local_time":"20210112012236","is_ascension_mode":false,"campfire_choices":[{"floor":6,"key":"REST"},{"data":"Vigilance","floor":8,"key":"SMITH"},{"data":"WindmillStrike","floor":15,"key":"SMITH"},{"floor":23,"key":"REST"},{"floor":25,"key":"REST"},{"floor":29,"key":"REST"},{"floor":32,"key":"REST"}],"circlet_count":0,"master_deck":["Strike_P","Strike_P","Strike_P","Strike_P","Defend_P","Defend_P","Defend_P","Defend_P","Eruption+1","Vigilance+1","Parasite","SignatureMove+1","Injury","Doubt","EmptyFist","Tantrum","Tantrum","Indignation+1","FollowUp","WindmillStrike+1","LessonLearned","Swivel+1","Halt+1","WaveOfTheHand+1","DeceiveReality+1","Collect+1","Chrysalis+1","Sanctity+1"],"relics":["PureWater","Golden Idol","hubris:CrystalStatue","Membership Card","Toxic Egg 2","Lantern","Incense Burner","VioletLotus","hubris:Icosahedron","Art of War","construct:FoamFinger","Bronze Scales","hubris:HerbalPaste"],"acts_visited":["Exordium","TheCity"],"potions_floor_usage":[14,16,22,24,27,33,33],"damage_taken":[{"damage":0,"enemies":"2 Louse","floor":1,"turns":4},{"damage":0,"enemies":"Small Slimes","floor":7,"turns":3},{"damage":0,"enemies":"Jaw Worm","floor":10,"turns":3},{"damage":9,"enemies":"Large Slime","floor":11,"turns":3},{"damage":0,"enemies":"Red Slaver","floor":13,"turns":1},{"damage":0,"enemies":"Gremlin Nob","floor":14,"turns":3},{"damage":47,"enemies":"Hexaghost","floor":16,"turns":5},{"damage":2,"enemies":"Chosen","floor":18,"turns":2},{"damage":29,"enemies":"Spheric Guardian","floor":19,"turns":4},{"damage":12,"enemies":"Centurion and Healer","floor":22,"turns":5},{"damage":0,"enemies":"Shelled Parasite and Fungi","floor":24,"turns":2},{"damage":45,"enemies":"Snecko","floor":27,"turns":6},{"damage":11,"enemies":"Snake Plant","floor":30,"turns":3},{"damage":89,"enemies":"Champ","floor":33,"turns":10}],"seed_played":"-413969948120060966","potions_obtained":[{"floor":1,"key":"Energy Potion"},{"floor":13,"key":"Block Potion"},{"floor":16,"key":"Energy Potion"},{"floor":18,"key":"Energy Potion"},{"floor":22,"key":"DistilledChaos"},{"floor":24,"key":"Strength Potion"}],"is_trial":false,"path_per_floor":["M","?","?","?","?","R","M","R","T","M","M","$","M","E","R","B",null,"M","M","?","?","M","R","M","R","T","M","$","R","M","$","R","B"],"character_chosen":"WATCHER","items_purchased":["Membership Card","Toxic Egg 2","Lantern","Indignation+1","construct:FoamFinger","Bronze Scales","Chrysalis+1","hubris:HerbalPaste","EssenceOfSteel"],"campfire_rested":5,"item_purchase_floors":[12,12,12,12,28,28,28,31,31],"current_hp_per_floor":[86,86,75,58,58,83,83,83,83,83,74,74,74,74,74,27,86,84,55,55,55,43,68,68,86,86,41,41,66,55,55,80,0,0],"gold":10,"neow_bonus":"TWENTY_PERCENT_HP_BONUS","is_daily":false,"chose_seed":false,"campfire_upgraded":2,"win_rate":0.0,"timestamp":1610410956,"path_taken":["M","?","?","?","?","R","M","R","T","M","M","$","M","E","R","BOSS","M","M","?","?","M","R","M","R","T","M","$","R","?","$","R","BOSS"],"items_purchased_type":["Relic","Relic","Relic","Card","Relic","Relic","Card","Relic","Potion"],"build_version":"2020-12-22","purchased_purges":0,"victory":false,"max_hp_per_floor":[86,86,86,86,86,86,86,86,86,86,86,86,86,86,86,86,86,86,86,86,86,86,86,86,86,86,86,86,86,86,86,86,86,86],"card_choices":[{"not_picked":["WaveOfTheHand","FollowUp"],"picked":"SignatureMove","floor":1},{"not_picked":["BowlingBash","JustLucky"],"picked":"EmptyFist","floor":7},{"not_picked":["Collect","Prostrate"],"picked":"Tantrum","floor":10},{"not_picked":["EmptyFist","FlurryOfBlows"],"picked":"Tantrum","floor":11},{"not_picked":["Indignation+1","JustLucky"],"picked":"FollowUp","floor":13},{"not_picked":["ThirdEye+1","ConjureBlade+1"],"picked":"WindmillStrike","floor":14},{"not_picked":["Scrawl+1","Omniscience+1"],"picked":"LessonLearned","floor":16},{"not_picked":["PathToVictory+1","Indignation+1"],"picked":"Swivel+1","floor":18},{"not_picked":["JustLucky","CutThroughFate"],"picked":"Halt+1","floor":19},{"not_picked":["FollowUp","SashWhip"],"picked":"WaveOfTheHand+1","floor":22},{"not_picked":["Collect+1","Wallop"],"picked":"DeceiveReality+1","floor":24},{"not_picked":["ClearTheMind+1","Study"],"picked":"Collect+1","floor":27},{"not_picked":["Consecrate","PathToVictory+1"],"picked":"Sanctity+1","floor":30}],"player_experience":124606,"relics_obtained":[{"floor":9,"key":"hubris:CrystalStatue"},{"floor":14,"key":"Incense Burner"},{"floor":26,"key":"Art of War"}],"event_choices":[{"damage_healed":0,"gold_gain":0,"player_choice":"Take Wound","damage_taken":0,"relics_obtained":["Golden Idol"],"max_hp_gain":0,"max_hp_loss":0,"event_name":"Golden Idol","floor":2,"gold_loss":0,"cards_obtained":["Injury"]},{"damage_healed":0,"gold_gain":75,"player_choice":"Gather Gold","damage_taken":11,"max_hp_gain":0,"max_hp_loss":0,"event_name":"World of Goop","floor":3,"gold_loss":0},{"damage_healed":0,"gold_gain":0,"player_choice":"Entered Light","damage_taken":17,"max_hp_gain":0,"max_hp_loss":0,"event_name":"Shining Light","floor":4,"gold_loss":0,"cards_upgraded":["Eruption","SignatureMove"]},{"damage_healed":0,"gold_gain":175,"player_choice":"AGREE","damage_taken":0,"max_hp_gain":0,"max_hp_loss":0,"event_name":"Liars Game","floor":5,"gold_loss":0,"cards_obtained":["Doubt"]},{"damage_healed":0,"gold_gain":0,"player_choice":"Ignored","damage_taken":0,"max_hp_gain":0,"max_hp_loss":0,"event_name":"Vampires","floor":20,"gold_loss":0}],"is_beta":false,"boss_relics":[{"not_picked":["Tiny House","Empty Cage"],"picked":"VioletLotus"}],"items_purged_floors":[],"is_endless":false,"potions_floor_spawned":[1,13,16,18,22,24],"killed_by":"Champ","ascension_level":0}}