{"host":"fuszjwm6fqgjjp4d","time":1610455298,"event":{"mods":["BaseMod","Bestiary","Colored Map","DeckTracker","Minty Spire (QoL Compilation)","Permanent Neow","Relic Sorter","Relic Stats","StSLib"],"gold_per_floor":[11,24,24,24,36,68,68,96,149,15,15,40,52,69,69,69,69],"floor_reached":16,"playtime":349,"items_purged":[],"score":240,"play_id":"cc34e559-0107-40be-bcc1-fc804f7ccd87","local_time":"20210112064138","is_ascension_mode":true,"campfire_choices":[{"data":"Perfected Strike","floor":7,"key":"SMITH"},{"data":"Bludgeon","floor":15,"key":"SMITH"}],"circlet_count":0,"master_deck":["AscendersBane","Strike_R","Strike_R","Strike_R","Strike_R","Strike_R","Defend_R","Defend_R","Defend_R","Bash","Perfected Strike+1","Sword Boomerang","Wild Strike","Twin Strike","Infernal Blade+1","Twin Strike","Disarm","Bludgeon+1"],"relics":["Burning Blood","TungstenRod","Shuriken","Lantern","Omamori","Smiling Mask"],"acts_visited":["Exordium"],"potions_floor_usage":[6,10,14,14],"damage_taken":[{"damage":5.0,"enemies":"Cultist","floor":1.0,"turns":5.0},{"damage":2.0,"enemies":"Jaw Worm","floor":2.0,"turns":6.0},{"damage":17.0,"enemies":"Small Slimes","floor":5.0,"turns":3.0},{"damage":5,"enemies":"Gremlin Nob","floor":6,"turns":3},{"damage":38,"enemies":"Lagavulin","floor":8,"turns":4},{"damage":7,"enemies":"Gremlin Nob","floor":12,"turns":3},{"damage":1,"enemies":"Red Slaver","floor":13,"turns":2},{"damage":3,"enemies":"Lots of Slimes","floor":14,"turns":3},{"damage":45,"enemies":"Slime Boss","floor":16,"turns":7}],"seed_played":"4738864518752579428","potions_obtained":[{"floor":1.0,"key":"SkillPotion"},{"floor":5.0,"key":"Strength Potion"},{"floor":12,"key":"SteroidPotion"}],"is_trial":false,"path_per_floor":["M","M","?","$","M","E","R","E","T","$","?","E","M","M","R","B"],"character_chosen":"IRONCLAD","items_purchased":["Twin Strike","EntropicBrew"],"campfire_rested":0,"item_purchase_floors":[10,10],"current_hp_per_floor":[69,73,73,73,62,63,63,31,31,31,31,30,35,38,38,0,0],"gold":69,"neow_bonus":"ONE_RARE_RELIC","is_daily":false,"chose_seed":false,"campfire_upgraded":2,"win_rate":0.0,"timestamp":1610455298,"path_taken":["M","M","?","?","M","E","R","E","T","$","?","E","M","M","R","BOSS"],"items_purchased_type":["Card","Potion"],"build_version":"2020-12-22","purchased_purges":0,"victory":false,"max_hp_per_floor":[75,75,75,75,75,75,75,75,75,75,75,75,75,75,75,75,75],"relic_stats":{"counters":[9,36],"Shuriken":[6],"Smiling Mask":0,"obtain_stats":[{"Lantern":8,"Shuriken":6,"Omamori":9,"Smiling Mask":12,"Burning Blood":0,"TungstenRod":0},{"Lantern":5,"Shuriken":4,"Omamori":5,"Smiling Mask":6,"Burning Blood":0,"TungstenRod":0},{"Lantern":21,"Shuriken":17,"Omamori":21,"Smiling Mask":24,"Burning Blood":0,"TungstenRod":0}],"Burning Blood":48,"TungstenRod":16},"card_choices":[{"not_picked":["Heavy Blade","Wild Strike","Body Slam"],"picked":"SKIP","floor":1.0},{"not_picked":["Havoc","Headbutt"],"picked":"Perfected Strike","floor":2.0},{"not_picked":["Thunderclap","Dark Embrace"],"picked":"Wild Strike","floor":5.0},{"not_picked":["Shrug It Off","Cleave"],"picked":"Twin Strike","floor":6},{"not_picked":["Rupture","Headbutt"],"picked":"Infernal Blade","floor":8},{"not_picked":["Warcry","Clash"],"picked":"Disarm","floor":12},{"not_picked":["Carnage","Hemokinesis"],"picked":"Bludgeon","floor":13},{"not_picked":["Iron Wave","Anger","Cleave"],"picked":"SKIP","floor":14}],"player_experience":1281933,"relics_obtained":[{"floor":6,"key":"Shuriken"},{"floor":8,"key":"Lantern"},{"floor":9,"key":"Omamori"},{"floor":12,"key":"Smiling Mask"}],"event_choices":[{"damage_healed":0.0,"max_hp_gain":0.0,"max_hp_loss":0.0,"gold_gain":0.0,"cards_transformed":["Defend_R"],"event_name":"Transmorgrifier","player_choice":"Transformed","floor":3.0,"gold_loss":0.0,"damage_taken":0.0,"cards_obtained":["Sword Boomerang"]},{"damage_healed":0,"gold_gain":0,"player_choice":"Grow","damage_taken":0,"max_hp_gain":0,"max_hp_loss":0,"event_name":"Living Wall","floor":11,"gold_loss":0,"cards_upgraded":["Infernal Blade"]}],"is_beta":false,"boss_relics":[],"items_purged_floors":[],"is_endless":false,"potions_floor_spawned":[1,5,12],"killed_by":"Slime Boss","ascension_level":20}}