{"host":"0vlubjftylzdr3ny","time":1610494044,"event":{"mods":["Always Whale","BaseMod","GifTheSpireLib","Minty Spire (QoL Compilation)","Relic Filter","StSLib","Stuff the Spire"],"gold_per_floor":[119,17,29,49,49,49,78,98,98,128,128,163,163,197,197,296,296,307,327,343,343,4,38,48,78,147,147,161,196,212,137,137,241,241,254,309,309,325,344,344,370,370,397,397,427,442,460,38,38,38],"floor_reached":51,"language":"ENG","playtime":2488,"items_purged":["Strike_B","Dualcast","Parasite"],"score":832,"play_id":"36f81e2f-1f0a-4234-92bf-44c026fd4e1f","local_time":"20210113002724","is_ascension_mode":true,"campfire_choices":[{"data":"Reprogram","floor":6,"key":"SMITH"},{"data":"Go for the Eyes","floor":13,"key":"SMITH"},{"data":"Zap+1","floor":15,"key":"PURGE"},{"data":"Cold Snap","floor":27,"key":"PURGE"},{"data":"Defend_B","floor":32,"key":"PURGE"},{"data":"Defend_B","floor":40,"key":"PURGE"},{"data":"Bite","floor":42,"key":"PURGE"},{"data":"Auto Shields","floor":44,"key":"PURGE"},{"data":"Buffer","floor":49,"key":"SMITH"}],"circlet_count":0,"master_deck":["Defend_B","Defend_B","Reinforced Body","Reprogram+1","Go for the Eyes+1","Hyperbeam","Beam Cell+1","Bite","Bite+1","Bite+1","Finesse","Finesse","Gash","Auto Shields+1","StuffTheSpire:Rend","Buffer+1","Gash","Reboot","StuffTheSpire:Rend+1"],"relics":["Cracked Core","StuffTheSpire:RedRose","Cables","Letter Opener","Peace Pipe","Turnip","Art of War","Coffee Dripper","DollysMirror","Question Card","Whetstone","StuffTheSpire:EmeraldSignet","Lizard Tail","Nuclear Battery","Calipers","StuffTheSpire:Experiment12","Happy Flower","Bag of Marbles","Centennial Puzzle","OrangePellets"],"acts_visited":["Exordium","TheCity","TheBeyond"],"potions_floor_usage":[4,12,18,19,19,23,25,35,36,41,46,50,50,50],"damage_taken":[{"damage":0,"enemies":"Small Slimes","floor":1,"turns":3},{"damage":0,"enemies":"2 Louse","floor":3,"turns":2},{"damage":0,"enemies":"Cultist","floor":4,"turns":4},{"damage":28,"enemies":"Gremlin Nob","floor":7,"turns":5},{"damage":7,"enemies":"Blue Slaver","floor":8,"turns":3},{"damage":15,"enemies":"3 Sentries","floor":10,"turns":8},{"damage":2,"enemies":"Lagavulin","floor":12,"turns":7},{"damage":3,"enemies":"Gremlin Nob","floor":14,"turns":6},{"damage":13,"enemies":"Slime Boss","floor":16,"turns":13},{"damage":0,"enemies":"Spheric Guardian","floor":18,"turns":4},{"damage":0,"enemies":"2 Thieves","floor":19,"turns":1},{"damage":12,"enemies":"Shelled Parasite and Fungi","floor":20,"turns":4},{"damage":14,"enemies":"Slavers","floor":23,"turns":3},{"damage":6,"enemies":"Centurion and Healer","floor":24,"turns":6},{"damage":14,"enemies":"Gremlin Leader","floor":25,"turns":7},{"damage":6,"enemies":"Snake Plant","floor":28,"turns":4},{"damage":22,"enemies":"Slavers","floor":29,"turns":4},{"damage":16,"enemies":"Cultist and Chosen","floor":30,"turns":6},{"damage":13,"enemies":"Collector","floor":33,"turns":10},{"damage":0,"enemies":"3 Darklings","floor":35,"turns":1},{"damage":3,"enemies":"2 Orb Walkers","floor":36,"turns":3},{"damage":0,"enemies":"3 Shapes","floor":38,"turns":3},{"damage":0,"enemies":"Jaw Worm Horde","floor":39,"turns":3},{"damage":5,"enemies":"Giant Head","floor":41,"turns":8},{"damage":28,"enemies":"Reptomancer","floor":45,"turns":5},{"damage":0,"enemies":"Writhing Mass","floor":46,"turns":4},{"damage":0,"enemies":"Maw","floor":47,"turns":6},{"damage":1,"enemies":"Awakened One","floor":50,"turns":11}],"seed_played":"3298637022433376404","potions_obtained":[{"floor":3,"key":"Fruit Juice"},{"floor":8,"key":"SteroidPotion"},{"floor":12,"key":"FearPotion"},{"floor":14,"key":"BlessingOfTheForge"},{"floor":16,"key":"SpeedPotion"},{"floor":18,"key":"DuplicationPotion"},{"floor":19,"key":"EssenceOfDarkness"},{"floor":28,"key":"DuplicationPotion"},{"floor":29,"key":"Explosive Potion"},{"floor":30,"key":"LiquidMemories"},{"floor":38,"key":"Explosive Potion"},{"floor":39,"key":"Fruit Juice"},{"floor":45,"key":"Block Potion"},{"floor":46,"key":"DistilledChaos"}],"is_trial":false,"path_per_floor":["M","$","M","M","?","R","E","M","T","E","?","E","R","E","R","B",null,"M","M","M","?","$","E","M","E","T","R","M","E","M","?","R","B",null,"M","?","?","M","M","R","E","R","T","R","E","M","M","$","R","B",null],"character_chosen":"DEFECT","items_purchased":["Cold Snap","Finesse","DollysMirror","Centennial Puzzle","OrangePellets"],"campfire_rested":0,"item_purchase_floors":[2,22,22,48,48],"current_hp_per_floor":[75,75,75,80,80,80,52,45,45,30,30,28,28,25,25,12,80,80,80,68,56,56,50,54,56,56,56,56,43,39,39,39,54,56,56,53,53,56,56,56,61,61,61,61,48,59,61,58,58,58],"gold":38,"neow_bonus":"UPGRADE_CARD","is_daily":false,"chose_seed":false,"campfire_upgraded":3,"win_rate":0.0,"timestamp":1610494044,"path_taken":["M","$","M","M","?","R","E","M","T","E","?","E","R","E","R","BOSS","M","M","?","?","$","E","M","E","T","R","M","E","M","?","R","BOSS","M","?","?","M","M","R","E","R","T","R","E","M","?","$","R","BOSS"],"items_purchased_type":["Card","Card","Relic","Relic","Relic"],"build_version":"2020-12-22","purchased_purges":3,"victory":true,"max_hp_per_floor":[75,75,75,80,80,80,80,80,80,80,80,80,80,80,80,80,80,80,80,80,56,56,56,56,56,56,56,56,56,56,56,56,56,56,56,56,56,56,56,56,61,61,61,61,61,61,61,58,58,58],"card_choices":[{"not_picked":["StuffTheSpire:LoadUp","Steam","Stack"],"picked":"SKIP","floor":1},{"not_picked":["Stack","Rebound"],"picked":"Reinforced Body","floor":3},{"not_picked":["Multi-Cast","White Noise"],"picked":"Reprogram","floor":4},{"not_picked":["StuffTheSpire:Synthwave","StuffTheSpire:LoadUp","Rebound"],"picked":"SKIP","floor":7},{"not_picked":["Redo","Tempest"],"picked":"Go for the Eyes","floor":8},{"not_picked":["Conserve Battery","Go for the Eyes","Fusion"],"picked":"SKIP","floor":10},{"not_picked":["Go for the Eyes","StuffTheSpire:SnapShoot","Fusion"],"picked":"SKIP","floor":12},{"not_picked":["Force Field","Stack","Biased Cognition"],"picked":"SKIP","floor":14},{"not_picked":["Electrodynamics","Amplify"],"picked":"Hyperbeam","floor":16},{"not_picked":["Redo","Sweeping Beam"],"picked":"Beam Cell","floor":18},{"not_picked":["StuffTheSpire:LoadUp","Beam Cell","Sweeping Beam"],"picked":"SKIP","floor":19},{"not_picked":["Turbo+1","StuffTheSpire:LoadUp"],"picked":"Auto Shields","floor":20},{"not_picked":["Go for the Eyes","Redo"],"picked":"Gash","floor":23},{"not_picked":["Rebound","Undo+1","StuffTheSpire:SnapShoot"],"picked":"Auto Shields+1","floor":24},{"not_picked":["Leap","Steam+1","Hologram"],"picked":"StuffTheSpire:Rend","floor":25},{"not_picked":["StuffTheSpire:CleanHardDrive","Streamline+1","Blizzard","StuffTheSpire:Coldhearted"],"picked":"SKIP","floor":28},{"not_picked":["Conserve Battery","Streamline+1","Static Discharge+1"],"picked":"Buffer","floor":29},{"not_picked":["StuffTheSpire:LoadUp+1","StuffTheSpire:Plugnplay+1","Beam Cell"],"picked":"Gash","floor":30},{"not_picked":["Core Surge","Hyperbeam","Multi-Cast"],"picked":"Reboot","floor":33},{"not_picked":["Cold Snap+1","Stack+1","Go for the Eyes"],"picked":"StuffTheSpire:Rend+1","floor":35},{"not_picked":["StuffTheSpire:LoadUp","StuffTheSpire:GlassShard+1","Double Energy+1","Conserve Battery+1"],"picked":"SKIP","floor":38},{"not_picked":["StuffTheSpire:NuclearReactor","Beam Cell","FTL","StuffTheSpire:ForEach"],"picked":"SKIP","floor":39},{"not_picked":["Auto Shields","Stack+1","Aggregate+1","Beam Cell"],"picked":"SKIP","floor":41},{"not_picked":["Redo","Go for the Eyes","Ball Lightning+1","Rainbow"],"picked":"SKIP","floor":45},{"not_picked":["Hologram","Static Discharge","Compile Driver+1","Streamline+1"],"picked":"SKIP","floor":46},{"not_picked":["Ball Lightning","Chill","Redo","Barrage"],"picked":"SKIP","floor":47}],"player_experience":832752,"relics_obtained":[{"floor":7,"key":"Cables"},{"floor":9,"key":"Letter Opener"},{"floor":10,"key":"Peace Pipe"},{"floor":12,"key":"Turnip"},{"floor":14,"key":"Art of War"},{"floor":23,"key":"Question Card"},{"floor":25,"key":"Whetstone"},{"floor":26,"key":"StuffTheSpire:EmeraldSignet"},{"floor":29,"key":"Lizard Tail"},{"floor":36,"key":"Calipers"},{"floor":41,"key":"StuffTheSpire:Experiment12"},{"floor":43,"key":"Happy Flower"},{"floor":45,"key":"Bag of Marbles"}],"event_choices":[{"cards_removed":["Regret"],"damage_healed":0,"gold_gain":0,"player_choice":"Purged","damage_taken":0,"max_hp_gain":0,"max_hp_loss":0,"event_name":"Purifier","floor":11,"gold_loss":0},{"damage_healed":0,"gold_gain":0,"player_choice":"Became a vampire","damage_taken":0,"max_hp_gain":0,"max_hp_loss":24,"event_name":"Vampires","floor":21,"gold_loss":0,"cards_obtained":["Bite","Bite","Bite","Bite","Bite"]},{"cards_removed":["Bite"],"damage_healed":0,"gold_gain":0,"player_choice":"Gave Gold","damage_taken":0,"max_hp_gain":0,"max_hp_loss":0,"event_name":"Beggar","floor":31,"gold_loss":75},{"damage_healed":0,"gold_gain":0,"player_choice":"Fight","damage_taken":0,"max_hp_gain":0,"max_hp_loss":0,"event_name":"Mysterious Sphere","floor":36,"gold_loss":0},{"damage_healed":0,"gold_gain":0,"player_choice":"Upgraded","damage_taken":0,"max_hp_gain":0,"max_hp_loss":0,"event_name":"Upgrade Shrine","floor":37,"gold_loss":0,"cards_upgraded":["Beam Cell"]}],"is_beta":false,"boss_relics":[{"not_picked":["Astrolabe","FrozenCore"],"picked":"Coffee Dripper"},{"not_picked":["Velvet Choker","Runic Pyramid"],"picked":"Nuclear Battery"}],"items_purged_floors":[2,22,48],"is_endless":false,"potions_floor_spawned":[3,8,12,14,16,18,19,28,29,30,38,39,45,46],"ascension_level":1}}