{"host":"tzyzz5n7hg2ni9q2","time":1610478804,"event":{"mods":["BaseMod","Minty Spire (QoL Compilation)","Quick Restart"],"gold_per_floor":[109,384,394,406,406,406,406,184,184,203,203,203,263,276,276,374,374,384,101,101,101,119,119,135,145,145,145,69,69,69,86,86,86,86],"floor_reached":33,"language":"ENG","playtime":746,"items_purged":["Regret"],"score":319,"play_id":"0ca3b1ed-dec8-416e-91c3-e30f670e0a50","local_time":"20210112201324","is_ascension_mode":true,"campfire_choices":[{"data":"Neutralize","floor":7.0,"key":"SMITH"},{"data":"Noxious Fumes","floor":12,"key":"SMITH"},{"data":"Survivor","floor":15,"key":"SMITH"},{"floor":23,"key":"REST"},{"floor":27,"key":"REST"},{"floor":32,"key":"REST"}],"circlet_count":0,"master_deck":["Strike_G","Strike_G","Strike_G","Strike_G","Strike_G","Defend_G","Defend_G","Defend_G","Defend_G","Defend_G","Survivor+1","Neutralize+1","Cloak And Dagger","Backstab","Noxious Fumes+1","Dagger Spray","Corpse Explosion","Die Die Die","CurseOfTheBell","Backflip","Envenom","Footwork"],"relics":["Ring of the Snake","NeowsBlessing","Question Card","Letter Opener","Calling Bell","Vajra","Paper Crane","WingedGreaves","Happy Flower","MutagenicStrength"],"acts_visited":["TheCity"],"potions_floor_usage":[10,16,25,25,25,33],"damage_taken":[{"damage":0.0,"enemies":"Cultist","floor":1.0,"turns":1.0},{"damage":0.0,"enemies":"2 Louse","floor":3.0,"turns":1.0},{"damage":0.0,"enemies":"Small Slimes","floor":4.0,"turns":1.0},{"damage":0.0,"enemies":"3 Sentries","floor":6.0,"turns":1.0},{"damage":0,"enemies":"Exordium Thugs","floor":10,"turns":5},{"damage":21,"enemies":"Gremlin Nob","floor":13,"turns":5},{"damage":1,"enemies":"Lots of Slimes","floor":14,"turns":3},{"damage":34,"enemies":"Slime Boss","floor":16,"turns":9},{"damage":18,"enemies":"Spheric Guardian","floor":18,"turns":4},{"damage":24,"enemies":"2 Thieves","floor":22,"turns":4},{"damage":38,"enemies":"Snake Plant","floor":24,"turns":5},{"damage":0,"enemies":"Chosen and Byrds","floor":25,"turns":3},{"damage":13,"enemies":"Centurion and Healer","floor":31,"turns":6},{"damage":30,"enemies":"Collector","floor":33,"turns":5}],"seed_played":"6804741291404834868","potions_obtained":[{"floor":1.0,"key":"FearPotion"},{"floor":3.0,"key":"SmokeBomb"},{"floor":10,"key":"Swift Potion"},{"floor":16,"key":"Explosive Potion"},{"floor":18,"key":"CunningPotion"},{"floor":24,"key":"DistilledChaos"},{"floor":31,"key":"Dexterity Potion"}],"is_trial":false,"path_per_floor":["M","?","M","M","?","E","R","$","T","M","$","R","?","M","R","B",null,"M","$","?","?","M","R","M","M","T","R","$","?","$","M","R","B"],"character_chosen":"THE_SILENT","items_purchased":["Backstab","Noxious Fumes","Happy Flower","Envenom","Footwork"],"campfire_rested":3,"item_purchase_floors":[8,8,19,19,28],"current_hp_per_floor":[63,63,63,63,68,68,68,68,68,68,68,68,47,46,46,12,59,41,41,41,41,17,39,1,1,1,23,23,23,23,10,32,2,2],"gold":86,"neow_bonus":"THREE_ENEMY_KILL","is_daily":false,"chose_seed":false,"campfire_upgraded":3,"win_rate":0.0,"timestamp":1610478804,"path_taken":["M","?","?","M","?","E","R","$","T","M","$","R","?","M","R","BOSS","M","$","?","?","?","R","M","M","T","R","?","?","?","M","R","BOSS"],"items_purchased_type":["Card","Card","Relic","Card","Card"],"build_version":"2020-12-22","purchased_purges":1,"victory":false,"max_hp_per_floor":[70,70,70,70,75,75,75,75,75,75,75,75,75,75,75,75,75,75,75,75,75,75,75,75,75,75,75,75,75,75,75,75,75,75],"card_choices":[{"not_picked":["Skewer","Bane","Masterful Stab"],"picked":"SKIP","floor":1.0},{"not_picked":["Heel Hook","Blade Dance"],"picked":"Cloak And Dagger","floor":3.0},{"not_picked":["Endless Agony","Flechettes","Outmaneuver"],"picked":"SKIP","floor":4.0},{"not_picked":["Masterful Stab","Outmaneuver","Dodge and Roll"],"picked":"Dagger Spray","floor":10},{"not_picked":["Heel Hook","Prepared","Acrobatics"],"picked":"Corpse Explosion","floor":14},{"not_picked":["Night Terror","Wraith Form v2","Phantasmal Killer"],"picked":"Die Die Die","floor":16},{"not_picked":["Slice","Bane+1","Riddle With Holes"],"picked":"Backflip","floor":18},{"not_picked":["Outmaneuver+1","Backflip","Grand Finale","Blade Dance"],"picked":"SKIP","floor":22},{"not_picked":["Tactician","Backflip","Sucker Punch","Dodge and Roll"],"picked":"SKIP","floor":24},{"not_picked":["Deflect","Deadly Poison","Crippling Poison","Blade Dance"],"picked":"SKIP","floor":25},{"not_picked":["Crippling Poison","Sucker Punch","Bane+1","Blade Dance"],"picked":"SKIP","floor":31}],"player_experience":276773,"relics_obtained":[{"floor":9.0,"key":"Question Card"},{"floor":13,"key":"Letter Opener"},{"floor":17,"key":"Vajra"},{"floor":17,"key":"Paper Crane"},{"floor":17,"key":"WingedGreaves"}],"event_choices":[{"damage_healed":0.0,"max_hp_gain":0.0,"max_hp_loss":0.0,"gold_gain":275.0,"event_name":"Golden Shrine","player_choice":"Desecrate","floor":2.0,"gold_loss":0.0,"damage_taken":0.0,"cards_obtained":["Regret"]},{"damage_healed":0.0,"max_hp_gain":5.0,"max_hp_loss":0.0,"gold_gain":0.0,"event_name":"Big Fish","player_choice":"Donut","floor":5.0,"gold_loss":0.0,"damage_taken":0.0},{"damage_healed":0,"gold_gain":30,"player_choice":"Searched \u00273\u0027 times","damage_taken":0,"max_hp_gain":0,"max_hp_loss":0,"event_name":"Dead Adventurer","floor":13,"gold_loss":0},{"damage_healed":0,"gold_gain":0,"player_choice":"Inject Mutagens","damage_taken":0,"relics_obtained":["MutagenicStrength"],"max_hp_gain":0,"max_hp_loss":0,"event_name":"Drug Dealer","floor":20,"gold_loss":0},{"damage_healed":0,"gold_gain":0,"player_choice":"Ignored","damage_taken":0,"max_hp_gain":0,"max_hp_loss":0,"event_name":"Cursed Tome","floor":21,"gold_loss":0},{"damage_healed":0,"gold_gain":0,"player_choice":"Ignored","damage_taken":0,"max_hp_gain":0,"max_hp_loss":0,"event_name":"Ghosts","floor":29,"gold_loss":0}],"is_beta":false,"boss_relics":[{"not_picked":["Fusion Hammer","Runic Dome"],"picked":"Calling Bell"}],"items_purged_floors":[8],"is_endless":false,"potions_floor_spawned":[1,3,10,16,18,24,31],"killed_by":"Collector","ascension_level":6}}