{"host":"ishme5wb80o83upk","time":1610463402,"event":{"mods":["BaseMod","HololiveMod","Minty Spire (QoL Compilation)","StSLib"],"gold_per_floor":[80,96,110,128,152,191,213,243,267,267,285,324,202,235,235,363,363,384,410,216,248,248,296,296,338,338,380,468,468,617,642,642,794,794,811,1194,1244,1273,1323,1356,1356,1700,1700,1700,1738,1788,1824,1774,1774,1778,1778,1778,1483,1508,1512],"floor_reached":56,"playtime":2477,"items_purged":["Hololive_Strike","Hololive_Defend","Hololive_Strike","Hololive_Defend"],"score":2318,"play_id":"17ab2b9a-cca4-4d15-87f9-c4402d3e57bc","local_time":"20210112235642","is_ascension_mode":true,"campfire_choices":[{"data":"Hololive_RevenueBasedLive","floor":15,"key":"SMITH"},{"data":"Hololive_Nanodesu","floor":24,"key":"SMITH"},{"data":"Hololive_Yoholoon","floor":29,"key":"SMITH"},{"data":"Hololive_CallAmaneKanata","floor":32,"key":"SMITH"},{"floor":41,"key":"RECALL"},{"data":"Hololive_Yoholoon","floor":44,"key":"SMITH"},{"data":"Hololive_CallAZKi","floor":49,"key":"SMITH"},{"data":"Hololive_DiamondStrike","floor":52,"key":"SMITH"}],"circlet_count":0,"master_deck":["Hololive_Yoholoon+1","Hololive_CallOkamiMio","Hololive_CallShiroganeNoel","Hololive_CallShiranuiFlare","Hololive_CallHoushouMarine","Hololive_CallShirakamiFubuki","Hololive_DiamondStrike+1","Hololive_CallAmaneKanata+1","Hololive_RevenueBasedLive+1","Hololive_CallYozoraMel","Hololive_CallYuzukiChoco","Hololive_Nanodesu+1","Hololive_Yoholoon+1","Hololive_CallInugamiKorone","Hololive_CallAkaiHaato","Hololive_CallAZKi+1","Hololive_CallTsunomakiWatame","Hololive_CallKiryuuCoco","Hololive_Thief","Hololive_Yoholoon+1","Hololive_CallMinatoAqua+1","Hololive_CallOzoraSubaru+1"],"relics":["Hololive_TheStar","Ornamental Fan","Smiling Mask","Hololive_FriedShrimpLion","Bottled Tornado","Centennial Puzzle","Black Star","Medical Kit","SsserpentHead","PreservedInsect","Bronze Scales","Strawberry","Ancient Tea Set","Art of War","MealTicket","Sozu","Juzu Bracelet","Blue Candle","Peace Pipe","Old Coin","Potion Belt","Gremlin Horn","Question Card","Pantograph","Gambling Chip","Dead Branch"],"acts_visited":["Exordium","TheCity","TheBeyond","TheEnding"],"potions_floor_usage":[],"damage_taken":[{"damage":0.0,"enemies":"Cultist","floor":1.0,"turns":3.0},{"damage":0.0,"enemies":"Jaw Worm","floor":2.0,"turns":3.0},{"damage":2.0,"enemies":"Small Slimes","floor":3.0,"turns":3.0},{"damage":0.0,"enemies":"Red Slaver","floor":4.0,"turns":2.0},{"damage":0,"enemies":"Exordium Wildlife","floor":5,"turns":4},{"damage":0,"enemies":"Gremlin Nob","floor":6,"turns":3},{"damage":3,"enemies":"3 Louse","floor":7,"turns":3},{"damage":0,"enemies":"Lagavulin","floor":8,"turns":5},{"damage":0,"enemies":"2 Fungi Beasts","floor":11,"turns":3},{"damage":0,"enemies":"3 Sentries","floor":12,"turns":4},{"damage":0,"enemies":"Lagavulin","floor":14,"turns":4},{"damage":0,"enemies":"Hexaghost","floor":16,"turns":5},{"damage":0,"enemies":"Spheric Guardian","floor":18,"turns":3},{"damage":0,"enemies":"Shell Parasite","floor":19,"turns":3},{"damage":0,"enemies":"Cultist and Chosen","floor":21,"turns":4},{"damage":0,"enemies":"Book of Stabbing","floor":23,"turns":5},{"damage":0,"enemies":"Gremlin Leader","floor":25,"turns":5},{"damage":0,"enemies":"Book of Stabbing","floor":27,"turns":3},{"damage":0,"enemies":"Centurion and Healer","floor":28,"turns":6},{"damage":0,"enemies":"Sentry and Sphere","floor":31,"turns":3},{"damage":0,"enemies":"Collector","floor":33,"turns":6},{"damage":0,"enemies":"Orb Walker","floor":35,"turns":3},{"damage":0,"enemies":"3 Shapes","floor":38,"turns":4},{"damage":0,"enemies":"Nemesis","floor":40,"turns":3},{"damage":0,"enemies":"Reptomancer","floor":42,"turns":4},{"damage":0,"enemies":"Nemesis","floor":45,"turns":3},{"damage":0,"enemies":"Maw","floor":47,"turns":5},{"damage":0,"enemies":"Time Eater","floor":50,"turns":10},{"damage":0,"enemies":"Shield and Spear","floor":54,"turns":3},{"damage":0,"enemies":"The Heart","floor":55,"turns":6}],"seed_played":"-6478871671085941875","potions_obtained":[{"floor":4,"key":"Strength Potion"},{"floor":5,"key":"GamblersBrew"},{"floor":6,"key":"Dexterity Potion"},{"floor":12,"key":"Regen Potion"},{"floor":21,"key":"BlessingOfTheForge"}],"is_trial":false,"path_per_floor":["M","M","M","M","M","E","M","E","T","?","M","E","$","E","R","B",null,"M","M","$","M","?","E","R","E","T","E","M","R","?","M","R","B",null,"M","?","?","M","?","E","R","E","T","R","E","?","M","$","R","B",null,"R","$","E","B",null],"character_chosen":"Hololive_HololiveCharacter","items_purchased":["Hololive_CallAkaiHaato","Medical Kit","Pantograph"],"campfire_rested":0,"item_purchase_floors":[13,20,53],"current_hp_per_floor":[32,32,30,30,30,30,27,27,27,27,27,27,27,27,27,27,32,32,32,32,32,32,32,32,39,39,39,39,39,39,39,39,39,40,40,40,40,40,40,40,40,40,40,40,40,38,38,38,38,38,38,38,38,38,38],"gold":1512,"neow_bonus":"ONE_RANDOM_RARE_CARD","is_daily":false,"chose_seed":false,"campfire_upgraded":7,"win_rate":0.0,"timestamp":1610463402,"path_taken":["M","?","M","M","M","E","M","E","T","?","M","E","$","E","R","BOSS","M","M","$","M","?","E","R","E","T","E","?","R","?","M","R","BOSS","M","?","?","M","?","E","R","E","T","R","E","?","M","$","R","BOSS","R","$","E","BOSS"],"items_purchased_type":["Card","Relic","Relic"],"build_version":"2020-12-22","purchased_purges":4,"victory":true,"max_hp_per_floor":[35,35,35,35,35,35,35,35,35,33,33,33,33,33,33,33,33,33,33,33,33,33,33,33,40,40,40,40,40,40,40,40,40,40,40,40,40,40,40,40,40,40,40,40,40,38,38,38,38,38,38,38,38,38,38],"card_choices":[{"not_picked":["Hololive_LuckPotion","Hololive_Drill","Hololive_Teleport"],"picked":"Hololive_CallAmaneKanata","floor":1.0},{"not_picked":["Hololive_ILoveYou","Hololive_CallOmaruPolka","Hololive_CocoNews"],"picked":"Hololive_RevenueBasedLive","floor":2.0},{"not_picked":["Hololive_CallAiraniIofifteen","Hololive_CallNatsuiroMatsuri","Hololive_CallHimemoriLuna","Hololive_Psychosis"],"picked":"SKIP","floor":3.0},{"not_picked":["Hololive_StrengthChampion","Hololive_Rebound","Hololive_CocoNews"],"picked":"Hololive_CallYozoraMel","floor":4},{"not_picked":["Hololive_MaximGun","Hololive_BringToTrial","Hololive_RevenueBasedLive","Hololive_Breathe"],"picked":"SKIP","floor":5},{"not_picked":["Hololive_CallSakuraMiko","Hololive_LuckPotion","Hololive_ILoveYou"],"picked":"Hololive_CallYuzukiChoco","floor":6},{"not_picked":["Hololive_Breathe","Hololive_FlyingPonyTail","Hololive_CallOzoraSubaru","Hololive_Rebound"],"picked":"SKIP","floor":7},{"not_picked":["Hololive_Psychosis","Hololive_DevilCharm","Hololive_OvertimeWork"],"picked":"Hololive_Nanodesu","floor":8},{"not_picked":["Hololive_CallManoAloe","Hololive_OvertimeWork","Hololive_HuntDinosaur"],"picked":"Hololive_Yoholoon","floor":11},{"not_picked":["Hololive_CallMoonaHoshinova","Hololive_WolfAndLamb","Hololive_CallMomosuzuNene"],"picked":"Hololive_CallInugamiKorone","floor":12},{"not_picked":["Hololive_CallAiraniIofifteen","Hololive_CallMomosuzuNene","Hololive_LuckPotion"],"picked":"Hololive_CallAZKi","floor":14},{"not_picked":["Hololive_Breathe","Hololive_SoulCatcher","Hololive_Psychosis+1","Hololive_CallRoboco"],"picked":"SKIP","floor":18},{"not_picked":["Hololive_Psychosis","Hololive_LuckPotion+1","Hololive_OvertimeWork","Hololive_Sequa+1"],"picked":"SKIP","floor":19},{"not_picked":["Hololive_FlyingPonyTail+1","Hololive_Rebound+1","Hololive_Breathe","Hololive_RevenueBasedLive"],"picked":"SKIP","floor":21},{"not_picked":["Hololive_MaximGun","Hololive_StrengthChampion+1","Hololive_Drill"],"picked":"Hololive_CallTsunomakiWatame","floor":23},{"not_picked":["Hololive_Drill+1","Hololive_StrengthChampion","Hololive_CocoNews"],"picked":"Hololive_CallKiryuuCoco","floor":25},{"not_picked":["Hololive_Breathe","Hololive_CallYogiri","Hololive_Drill","Hololive_Psychosis"],"picked":"SKIP","floor":27},{"not_picked":["Hololive_CallYukihanaLamy","Hololive_Trident","Hololive_LuckPotion","Hololive_HuntDinosaur"],"picked":"SKIP","floor":28},{"not_picked":["Hololive_CallAyundaRisu+1","Hololive_CandyCastle","Hololive_Breathe"],"picked":"Hololive_Thief","floor":31},{"not_picked":["Hololive_ASMR","Hololive_HighAtkLowDef","Hololive_WolfAndLamb"],"picked":"Hololive_Thief","floor":33},{"not_picked":["Hololive_Trident+1","Hololive_Breathe","Hololive_HuntDinosaur+1","Hololive_Sequa+1"],"picked":"SKIP","floor":35},{"not_picked":["Hololive_LuckPotion+1","Hololive_CallFriendA+1","Hololive_CandyCastle+1","Hololive_CallHoushouMarine"],"picked":"SKIP","floor":38},{"not_picked":["Hololive_HuntDinosaur","Hololive_Sequa+1","Hololive_CallRosalyn+1"],"picked":"Hololive_Yoholoon+1","floor":40},{"not_picked":["Hololive_CallKiryuuCoco","Hololive_FlyingPonyTail","Hololive_CallAiraniIofifteen+1","Hololive_DiamondStrike"],"picked":"SKIP","floor":42},{"not_picked":["Hololive_OvertimeWork","Hololive_CallShirakamiFubuki+1","Hololive_HuntDinosaur"],"picked":"Hololive_CallMinatoAqua+1","floor":45},{"not_picked":["Hololive_CocoNews+1","Hololive_LuckPotion","Hololive_StrengthChampion+1","Hololive_OvertimeWork+1"],"picked":"Hololive_CallOzoraSubaru+1","floor":47},{"not_picked":["Hololive_Breathe+1","Hololive_Drill+1","Hololive_Psychosis+1","Hololive_StrengthChampion","Hololive_CocoNews"],"picked":"SKIP","floor":54}],"player_experience":1078742,"relics_obtained":[{"floor":6,"key":"Ornamental Fan"},{"floor":8,"key":"Smiling Mask"},{"floor":9,"key":"Hololive_FriedShrimpLion"},{"floor":12,"key":"Bottled Tornado"},{"floor":14,"key":"Centennial Puzzle"},{"floor":23,"key":"PreservedInsect"},{"floor":23,"key":"Bronze Scales"},{"floor":25,"key":"Strawberry"},{"floor":25,"key":"Ancient Tea Set"},{"floor":27,"key":"Art of War"},{"floor":27,"key":"MealTicket"},{"floor":40,"key":"Juzu Bracelet"},{"floor":40,"key":"Blue Candle"},{"floor":42,"key":"Peace Pipe"},{"floor":42,"key":"Old Coin"},{"floor":43,"key":"Potion Belt"},{"floor":45,"key":"Gremlin Horn"},{"floor":45,"key":"Question Card"},{"floor":54,"key":"Gambling Chip"},{"floor":54,"key":"Dead Branch"}],"event_choices":[{"damage_healed":0,"gold_gain":0,"player_choice":"Lose Max HP","damage_taken":0,"relics_obtained":["Golden Idol"],"max_hp_gain":0,"max_hp_loss":2,"event_name":"Golden Idol","floor":10,"gold_loss":0},{"damage_healed":0,"gold_gain":0,"player_choice":"Trade","damage_taken":0,"relics_obtained":["SsserpentHead"],"max_hp_gain":0,"max_hp_loss":0,"event_name":"FaceTrader","floor":22,"gold_loss":0},{"damage_healed":0,"gold_gain":99,"player_choice":"Stole From Cult","damage_taken":0,"max_hp_gain":0,"max_hp_loss":0,"event_name":"Nest","floor":30,"gold_loss":0},{"damage_healed":0,"gold_gain":333,"player_choice":"Gave Idol","damage_taken":0,"max_hp_gain":0,"max_hp_loss":0,"event_name":"The Moai Head","floor":36,"relics_lost":["Golden Idol"],"gold_loss":0},{"damage_healed":0,"gold_gain":0,"player_choice":"Ignored","damage_taken":0,"max_hp_gain":0,"max_hp_loss":0,"event_name":"Tomb of Lord Red Mask","floor":37,"gold_loss":0},{"cards_removed":["Hololive_Thief"],"damage_healed":0,"gold_gain":0,"player_choice":"Removed Skill","damage_taken":0,"max_hp_gain":0,"max_hp_loss":0,"event_name":"Falling","floor":39,"gold_loss":0},{"damage_healed":0,"gold_gain":0,"player_choice":"Max HP","damage_taken":0,"max_hp_gain":0,"max_hp_loss":2,"event_name":"Winding Halls","floor":46,"gold_loss":0}],"is_beta":false,"boss_relics":[{"not_picked":["Pandora\u0027s Box","SacredBark"],"picked":"Black Star"},{"not_picked":["Busted Crown","Snecko Eye"],"picked":"Sozu"}],"items_purged_floors":[13,20,48,53],"is_endless":false,"potions_floor_spawned":[4,5,6,12,21,23,27,38,45],"ascension_level":6}}