{"host":"r2xhbz7xmd090pnn","time":1610459165,"event":{"mods":["2.2 Compatiblity","AchievementEnabler","BaseMod","Better Third Choice","Block Reminder","Card Forge","Dark Map","Downfall","Hermit","Marisa????????","Minty Spire (QoL Compilation)","Rare Cards Sparkle","Replay The Spire","StSLib","SuperFastMode","The Bug Knight","The Necromancer","The Runesmith","The Servant 0.9.4"],"gold_per_floor":[118,133,83,96,111,111,142,142,142,167,167,201,223,268,280,389,401,428,460,472,484,496,543,501,501,524,524,524,543,569,584,584,680,680,697,750,800,853,408,422,440,472,521,537,153,184,184,0,0,0],"floor_reached":51,"playtime":1438,"items_purged":["WindmillStrike"],"score":1121,"play_id":"b3f3794d-1462-438d-b1f6-74eb235d85c0","local_time":"20210112054605","is_ascension_mode":false,"campfire_choices":[{"floor":6,"key":"REST"},{"floor":8,"key":"REST"},{"floor":11,"key":"REST"},{"floor":15,"key":"REST"},{"floor":25,"key":"REST"},{"floor":28,"key":"REST"},{"floor":32,"key":"REST"},{"floor":47,"key":"REST"},{"floor":49,"key":"DIG"}],"circlet_count":0,"master_deck":["Defend_P+1","Defend_P+1","Eruption+1","CarveReality+1","SignatureMove+1","ReachHeaven+1","Evaluate+1","Consecrate+1","FollowUp+1","Scrawl+1","Halt+1","Conclude+1","SashWhip+1","BowlingBash+1","Vault+1","EmptyBody+1","EmptyFist+1","Wallop+1"],"relics":["PureWater","Hammer of Thor","Seething Fire","Anvil of the Gods","Matryoshka","Regal Pillow","Du-Vu Doll","Replay:Wax Seal","MawBank","Juzu Bracelet","Runic Dome","MutagenicStrength","Gremlin Food","Bag of Preparation","Toy Ornithopter","MealTicket","Sozu","Shovel","Ice Cream","Anchor","HollowMod:PaleOreRelic","TheAbacus","Strawberry","Blue Doll","ClockworkSouvenir","ReplayTheSpireMod:TigerMarble","ReplayFunnel","Red Mask","Replay:Rubber Ducky"],"acts_visited":["Exordium","TheCity","TheBeyond"],"potions_floor_usage":[7,14,16,33,33,44],"damage_taken":[{"damage":0,"enemies":"Small Slimes","floor":1,"turns":4},{"damage":0,"enemies":"2 Louse","floor":2,"turns":2},{"damage":0,"enemies":"Jaw Worm","floor":4,"turns":1},{"damage":0,"enemies":"2 Fungi Beasts","floor":5,"turns":1},{"damage":21,"enemies":"3 Sentries","floor":7,"turns":6},{"damage":10,"enemies":"Gremlin Nob","floor":10,"turns":4},{"damage":0,"enemies":"HollowMod:MossKnight","floor":12,"turns":2},{"damage":0,"enemies":"Large Slime","floor":13,"turns":2},{"damage":10,"enemies":"3 Sentries","floor":14,"turns":5},{"damage":52,"enemies":"Hexaghost","floor":16,"turns":5},{"damage":0,"enemies":"Spheric Guardian","floor":18,"turns":1},{"damage":0,"enemies":"Chosen","floor":19,"turns":1},{"damage":0,"enemies":"Slavers","floor":23,"turns":1},{"damage":0,"enemies":"Snake Plant","floor":29,"turns":2},{"damage":13,"enemies":"Book of Stabbing","floor":30,"turns":2},{"damage":6,"enemies":"Chosen and Byrds","floor":31,"turns":2},{"damage":0,"enemies":"Automaton","floor":33,"turns":2},{"damage":0,"enemies":"3 Shapes","floor":35,"turns":2},{"damage":20,"enemies":"2 Orb Walkers","floor":36,"turns":2},{"damage":0,"enemies":"Mind Bloom Boss Battle","floor":37,"turns":2},{"damage":0,"enemies":"3 Darklings","floor":40,"turns":3},{"damage":0,"enemies":"Transient","floor":41,"turns":6},{"damage":0,"enemies":"HollowMod:StalkingDevout","floor":42,"turns":3},{"damage":38,"enemies":"Maw","floor":44,"turns":5},{"damage":0,"enemies":"Reptomancer","floor":46,"turns":1},{"damage":20,"enemies":"Awakened One","floor":50,"turns":8}],"seed_played":"-5513060192278197741","potions_obtained":[{"floor":1,"key":"Fire Potion"},{"floor":7,"key":"BottledMiracle"},{"floor":10,"key":"ColorlessPotion"},{"floor":13,"key":"Slimebound:ThreeZeroPotion"},{"floor":16,"key":"Swift Potion"},{"floor":18,"key":"SteroidPotion"}],"is_trial":false,"path_per_floor":["M","M","?","M","M","R","E","R","T","E","R","E","M","E","R","B",null,"M","M","?","?","?","E","$","R","T","?","R","M","E","M","R","B",null,"M","?","?","?","$","M","M","E","T","M","$","E","R","?","R","B",null],"character_chosen":"WATCHER","items_purchased":["SashWhip","Anchor","HollowMod:PaleOreRelic","TheAbacus","ClockworkSouvenir","ReplayTheSpireMod:TigerMarble"],"campfire_rested":8,"item_purchase_floors":[24,39,39,39,45,45],"current_hp_per_floor":[79,79,79,79,79,79,58,79,79,69,79,79,79,69,79,27,79,79,79,79,79,64,64,64,84,84,84,84,84,71,65,84,84,84,84,64,64,64,79,79,79,86,86,53,68,68,91,91,91,71],"gold":0,"neow_bonus":"TEN_PERCENT_HP_BONUS","is_daily":false,"chose_seed":false,"campfire_upgraded":0,"win_rate":0.0,"timestamp":1610459165,"path_taken":["M","M","?","M","M","R","E","R","T","E","R","E","M","E","R","BOSS","M","M","?","?","?","E","$","R","T","?","R","M","E","M","R","BOSS","M","?","?","?","$","M","M","E","T","M","$","E","R","?","R","BOSS"],"items_purchased_type":["Card","Relic","Relic","Relic","Relic","Relic"],"build_version":"2020-12-22","purchased_purges":1,"victory":true,"max_hp_per_floor":[79,79,79,79,79,79,79,79,79,79,79,79,79,79,79,79,79,79,79,79,79,84,84,84,84,84,84,84,84,84,84,84,84,84,84,84,84,84,84,84,84,91,91,91,91,91,91,91,91,91],"card_choices":[{"not_picked":["TalkToTheHand","DeceiveReality"],"picked":"CarveReality","floor":1},{"not_picked":["Weave","ClearTheMind","CrushJoints"],"picked":"SKIP","floor":2},{"not_picked":["Evaluate","Replay:BluntJabs"],"picked":"Replay:AtTheReady","floor":4},{"not_picked":["Replay:ManipulateFuture","WheelKick"],"picked":"SignatureMove","floor":5},{"not_picked":["Protect","CrushJoints"],"picked":"ReachHeaven","floor":7},{"not_picked":["Replay:LoomingThreat","SignatureMove"],"picked":"Evaluate","floor":10},{"not_picked":["Swivel","JustLucky"],"picked":"Consecrate","floor":12},{"not_picked":["InnerPeace","DeceiveReality"],"picked":"FollowUp","floor":13},{"not_picked":["DeusExMachina","Halt","FlurryOfBlows"],"picked":"SKIP","floor":14},{"not_picked":["Omniscience","Replay:LoomingThreat"],"picked":"Scrawl","floor":16},{"not_picked":["Collect","Replay:AtTheReady+1","Replay:DivineShield"],"picked":"SKIP","floor":18},{"not_picked":["Wallop","CrushJoints+1"],"picked":"Conclude+1","floor":19},{"not_picked":["Collect","Replay:Anticipation","Replay:DivineShield"],"picked":"SKIP","floor":23},{"not_picked":["InnerPeace","Replay:BluntJabs","Halt"],"picked":"SKIP","floor":29},{"not_picked":["Replay:AtTheReady","SashWhip+1","EmptyFist"],"picked":"SKIP","floor":30},{"not_picked":["FlurryOfBlows","Halt+1"],"picked":"BowlingBash","floor":31},{"not_picked":["FlyingSleeves","JustLucky","FollowUp"],"picked":"SKIP","floor":35},{"not_picked":["Replay:BluntJabs+1","FollowUp"],"picked":"EmptyBody+1","floor":36},{"not_picked":["BattleHymn","PathToVictory"],"picked":"EmptyFist","floor":37},{"not_picked":["Worship","SandsOfTime+1","Replay:Hum"],"picked":"SKIP","floor":40},{"not_picked":["DevaForm","Replay:DivineShield+1","Replay:Vibes"],"picked":"SKIP","floor":41},{"not_picked":["Study","SashWhip"],"picked":"WindmillStrike","floor":42},{"not_picked":["Protect","Indignation"],"picked":"Wallop+1","floor":44},{"not_picked":["FlyingSleeves","MasterReality","Crescendo"],"picked":"SKIP","floor":46}],"player_experience":12442,"relics_obtained":[{"floor":7,"key":"Matryoshka"},{"floor":9,"key":"Regal Pillow"},{"floor":9,"key":"Du-Vu Doll"},{"floor":10,"key":"Replay:Wax Seal"},{"floor":12,"key":"MawBank"},{"floor":14,"key":"Juzu Bracelet"},{"floor":23,"key":"Gremlin Food"},{"floor":26,"key":"Bag of Preparation"},{"floor":26,"key":"Toy Ornithopter"},{"floor":30,"key":"MealTicket"},{"floor":36,"key":"Shovel"},{"floor":37,"key":"Ice Cream"},{"floor":42,"key":"Strawberry"},{"floor":43,"key":"Blue Doll"},{"floor":46,"key":"ReplayFunnel"},{"floor":49,"key":"Replay:Rubber Ducky"}],"event_choices":[{"cards_removed":["Defend_P"],"damage_healed":0,"gold_gain":0,"player_choice":"Card Removal","damage_taken":0,"max_hp_gain":0,"max_hp_loss":0,"event_name":"The Cleric","floor":3,"gold_loss":50},{"damage_healed":0,"gold_gain":0,"player_choice":"Inject Mutagens","damage_taken":0,"relics_obtained":["MutagenicStrength"],"max_hp_gain":0,"max_hp_loss":0,"event_name":"Drug Dealer","floor":21,"gold_loss":0},{"damage_healed":0,"gold_gain":0,"player_choice":"Shed Blood","damage_taken":20,"max_hp_gain":5,"max_hp_loss":0,"event_name":"Forgotten Altar","floor":22,"gold_loss":0},{"damage_healed":0,"gold_gain":0,"player_choice":"Fight","damage_taken":0,"max_hp_gain":0,"max_hp_loss":0,"event_name":"Mysterious Sphere","floor":36,"gold_loss":0},{"damage_healed":0,"gold_gain":0,"player_choice":"Fight","damage_taken":0,"max_hp_gain":0,"max_hp_loss":0,"event_name":"MindBloom","floor":37,"gold_loss":0},{"damage_healed":0,"gold_gain":0,"player_choice":"Paid","damage_taken":0,"relics_obtained":["Red Mask"],"max_hp_gain":0,"max_hp_loss":0,"event_name":"Tomb of Lord Red Mask","floor":48,"gold_loss":184}],"is_beta":false,"boss_relics":[{"not_picked":["Ring of Chaos","Replay:Ancient Bell"],"picked":"Runic Dome"},{"not_picked":["Cursed Key","Replay:Drink Me"],"picked":"Sozu"}],"items_purged_floors":[45],"is_endless":false,"potions_floor_spawned":[1,7,10,13,16,18,29,30,35,37,41,46],"ascension_level":0}}