{"host":"0tiuc76yumknr6qf","time":1610480968,"event":{"mods":["BaseMod","Colored Map","Highlight Path","Minty Spire (QoL Compilation)","StSLib","The Necromancer"],"gold_per_floor":[111,36,56,56,76,76,92,92,92,105,122,137,37,54,54,54,54],"floor_reached":16,"playtime":326,"items_purged":["Defend_G","Defend_G"],"score":96,"play_id":"a5e5a005-6392-4bba-9577-7e345d569b98","local_time":"20210112134928","is_ascension_mode":false,"campfire_choices":[{"data":"Skewer","floor":6,"key":"SMITH"},{"data":"Storm of Steel","floor":15,"key":"SMITH"}],"circlet_count":0,"master_deck":["Strike_G","Strike_G","Strike_G","Strike_G","Strike_G","Defend_G","Defend_G","Defend_G","Survivor","Neutralize","Flying Knee","Flying Knee","Skewer+1","Slice","Storm of Steel+1"],"relics":["Sozu","Ornamental Fan","Anchor"],"acts_visited":["Exordium"],"potions_floor_usage":[],"damage_taken":[{"damage":5,"enemies":"2 Louse","floor":1,"turns":3},{"damage":0,"enemies":"Cultist","floor":3,"turns":4},{"damage":4,"enemies":"Jaw Worm","floor":5,"turns":2},{"damage":0,"enemies":"2 Fungi Beasts","floor":7,"turns":2},{"damage":3,"enemies":"Red Slaver","floor":10,"turns":2},{"damage":0,"enemies":"3 Louse","floor":11,"turns":2},{"damage":0,"enemies":"Exordium Wildlife","floor":12,"turns":3},{"damage":8,"enemies":"Blue Slaver","floor":14,"turns":3},{"damage":43,"enemies":"Hexaghost","floor":16,"turns":9}],"seed_played":"6080848717676022186","potions_obtained":[],"is_trial":false,"path_per_floor":["M","$","M","?","M","R","M","?","T","M","M","M","$","M","R","B"],"character_chosen":"THE_SILENT","items_purchased":[],"campfire_rested":0,"item_purchase_floors":[],"current_hp_per_floor":[65,65,65,58,54,54,54,54,54,51,51,51,51,43,43,0,0],"gold":54,"neow_bonus":"BOSS_RELIC","is_daily":false,"chose_seed":false,"campfire_upgraded":2,"win_rate":0.0,"timestamp":1610480968,"path_taken":["M","$","M","?","M","R","M","?","T","?","M","M","?","M","R","BOSS"],"items_purchased_type":[],"build_version":"2020-12-22","purchased_purges":2,"victory":false,"max_hp_per_floor":[70,70,70,70,70,70,70,70,70,70,70,70,70,70,70,70,70],"card_choices":[{"not_picked":["Prepared","Heel Hook"],"picked":"Flying Knee","floor":1},{"not_picked":["Caltrops","Sucker Punch"],"picked":"Flying Knee","floor":3},{"not_picked":["Sucker Punch","Concentrate"],"picked":"Skewer","floor":5},{"not_picked":["Deflect","Predator"],"picked":"Slice","floor":7},{"not_picked":["Escape Plan","Cloak And Dagger","All Out Attack"],"picked":"SKIP","floor":10},{"not_picked":["Sucker Punch","Noxious Fumes","Dash"],"picked":"SKIP","floor":11},{"not_picked":["Tactician","Dash","Dagger Throw"],"picked":"SKIP","floor":12},{"not_picked":["Masterful Stab","Blade Dance","Dagger Spray"],"picked":"SKIP","floor":14}],"player_experience":1986762,"relics_obtained":[{"floor":9,"key":"Anchor"}],"event_choices":[{"damage_healed":0,"gold_gain":0,"player_choice":"Success","damage_taken":7,"relics_obtained":["Ornamental Fan"],"max_hp_gain":0,"max_hp_loss":0,"event_name":"Scrap Ooze","floor":4,"gold_loss":0},{"damage_healed":0,"gold_gain":0,"player_choice":"1 cards matched","damage_taken":0,"max_hp_gain":0,"max_hp_loss":0,"event_name":"Match and Keep!","floor":8,"gold_loss":0,"cards_obtained":["Storm of Steel"]}],"is_beta":false,"boss_relics":[],"items_purged_floors":[2,13],"is_endless":false,"potions_floor_spawned":[3,10,12],"killed_by":"Hexaghost","ascension_level":0}}