{"host":"6he3f0ic6yesrium","time":1610466959,"event":{"mods":["BaseMod","Better Altar","Better Match","Better Note","Better Sensory Stone","Better Skull","Better Third Choice","Colored Map","Conspire","Hubris","Marisa????????","Minty Spire (QoL Compilation)","Replay The Spire","Shade Mod","StSLib","The Alterego","The Mystic","The Necromancer","The Runesmith"],"gold_per_floor":[112,130,144,164,183,216,216,234,258,1,1,0,62,82,82,185,185,204,56,66,81,81,81,81],"floor_reached":23,"playtime":1137,"items_purged":["Regret"],"score":195,"play_id":"14577b9f-e2f1-4ece-9ba4-534ab31abc94","local_time":"20210112105559","is_ascension_mode":false,"campfire_choices":[{"data":"mysticmod:Lunge","floor":7.0,"key":"SMITH"},{"data":"mysticmod:PowerAttack","floor":11.0,"key":"SMITH"},{"floor":15.0,"key":"REST"}],"circlet_count":0,"master_deck":["mysticmod:Strike_Mystic","mysticmod:Strike_Mystic","mysticmod:Strike_Mystic","mysticmod:Strike_Mystic","mysticmod:Defend_Mystic","mysticmod:Defend_Mystic","mysticmod:Defend_Mystic","mysticmod:Defend_Mystic","mysticmod:ArcaneDodge","mysticmod:ShockingGrasp","mysticmod:Lunge+1","mysticmod:IllusionOfCalm","mysticmod:PureInstinct","mysticmod:LightningBolt","mysticmod:PowerAttack+1","mysticmod:PowerSlash","mysticmod:Haste","mysticmod:Discipline","mysticmod:Fly","mysticmod:VorpalThrust","mysticmod:Daze+1","mysticmod:SpellCombat"],"relics":["mysticmod:SpellBook","Meat on the Bone","ReplayTheSpireMod:Lightbulb","mysticmod:RunicPrism","betterThird:SlimedRelic","Replay:Ancient Bell","Omamori","Kunai","hubris:64BitClover"],"acts_visited":["Exordium","TheCity"],"potions_floor_usage":[20,20],"damage_taken":[{"damage":2.0,"enemies":"Small Slimes","floor":1.0,"turns":5.0},{"damage":0.0,"enemies":"2 Louse","floor":2.0,"turns":2.0},{"damage":4.0,"enemies":"Jaw Worm","floor":3.0,"turns":4.0},{"damage":8.0,"enemies":"Looter","floor":4.0,"turns":3.0},{"damage":0.0,"enemies":"Exordium Wildlife","floor":5.0,"turns":2.0},{"damage":17.0,"enemies":"Replay:BlueRogue","floor":6.0,"turns":7.0},{"damage":4.0,"enemies":"2 Fungi Beasts","floor":8.0,"turns":3.0},{"damage":0.0,"enemies":"Gremlin Gang","floor":14.0,"turns":1.0},{"damage":16.0,"enemies":"Slime Boss","floor":16.0,"turns":10.0},{"damage":14.0,"enemies":"Shell Parasite","floor":18.0,"turns":6.0},{"damage":10,"enemies":"2 Thieves","floor":20,"turns":3},{"damage":16,"enemies":"Snake Plant","floor":21,"turns":4},{"damage":52,"enemies":"Gremlin Leader","floor":23,"turns":6}],"seed_played":"7039794663481070750","potions_obtained":[{"floor":1.0,"key":"Regen Potion"},{"floor":3.0,"key":"Explosive Potion"},{"floor":6.0,"key":"PowerPotion"},{"floor":8.0,"key":"SpeedPotion"},{"floor":14.0,"key":"Swift Potion"},{"floor":18.0,"key":"Explosive Potion"}],"is_trial":false,"path_per_floor":["M","M","M","M","M","E","R","M","T","$","R","?","?","M","R","B",null,"M","$","M","M","?","E"],"character_chosen":"MYSTIC_CLASS","items_purchased":["mysticmod:RunicPrism","mysticmod:VorpalThrust"],"campfire_rested":1,"item_purchase_floors":[10,19],"current_hp_per_floor":[75,75,71,63,63,61,61,57,57,57,57,46,46,46,69,53,77,63,63,53,49,49,0,0],"gold":81,"neow_bonus":"ONE_RANDOM_RARE_CARD","is_daily":false,"chose_seed":false,"campfire_upgraded":2,"win_rate":0.0,"timestamp":1610466959,"path_taken":["M","M","M","M","M","E","R","M","T","$","R","?","?","?","R","BOSS","M","$","M","M","?","E"],"items_purchased_type":["Relic","Card"],"build_version":"2020-12-22","purchased_purges":1,"victory":false,"max_hp_per_floor":[77,77,77,77,77,77,77,77,77,77,77,77,77,77,77,77,77,77,77,77,77,77,77,77],"card_choices":[{"not_picked":["mysticmod:MightyMagic","mysticmod:CureLightWounds"],"picked":"mysticmod:IllusionOfCalm","floor":1.0},{"not_picked":["mysticmod:Shield","mysticmod:BulkUp"],"picked":"mysticmod:PureInstinct","floor":2.0},{"not_picked":["mysticmod:Snowball","mysticmod:Riposte"],"picked":"mysticmod:LightningBolt","floor":3.0},{"not_picked":["mysticmod:KnowledgePool","mysticmod:CureLightWounds"],"picked":"mysticmod:PowerAttack","floor":4.0},{"not_picked":["mysticmod:SuddenClarity","mysticmod:CorrosiveTouch"],"picked":"mysticmod:PowerSlash","floor":5.0},{"not_picked":["mysticmod:BulkUp","mysticmod:Sideswipe","mysticmod:LightningBolt"],"picked":"SKIP","floor":6.0},{"not_picked":["mysticmod:Flurry","mysticmod:PureInstinct"],"picked":"mysticmod:Haste","floor":8.0},{"not_picked":["mysticmod:BulkUp","mysticmod:LightningBolt","mysticmod:TomeOfSpells"],"picked":"SKIP","floor":14.0},{"not_picked":["mysticmod:Lunge","mysticmod:GreaterInvisibility"],"picked":"mysticmod:Discipline","floor":16.0},{"not_picked":["ReplayTheSpireMod:Restless Dread","Hallucinations"],"picked":"Overencumbered","floor":17.0},{"not_picked":["hubris:Disease","hubris:Gluttony"],"picked":"Looming Evil","floor":17.0},{"not_picked":["Spreading Infection","conspire:NecroticWound"],"picked":"Regret","floor":17.0},{"not_picked":["mysticmod:Shield+1","mysticmod:ComboCaster"],"picked":"mysticmod:Fly","floor":18.0},{"not_picked":["mysticmod:Alacrity","mysticmod:ComboCaster"],"picked":"mysticmod:Daze+1","floor":20},{"not_picked":["mysticmod:CorrosiveTouch","mysticmod:DiviningBlow"],"picked":"mysticmod:SpellCombat","floor":21}],"player_experience":303786,"relics_obtained":[{"floor":6.0,"key":"Meat on the Bone"},{"floor":9.0,"key":"ReplayTheSpireMod:Lightbulb"}],"event_choices":[{"damage_healed":0.0,"max_hp_gain":0.0,"max_hp_loss":0.0,"gold_gain":0.0,"event_name":"betterThird:BetterGoop","player_choice":"Slimed","floor":12.0,"gold_loss":1.0,"damage_taken":11.0},{"damage_healed":0.0,"max_hp_gain":0.0,"max_hp_loss":0.0,"gold_gain":62.0,"event_name":"Golden Wing","player_choice":"Gained Gold","floor":13.0,"gold_loss":0.0,"damage_taken":0.0},{"cards_removed":["mysticmod:Defend_Mystic"],"damage_healed":0,"gold_gain":0,"player_choice":"Give","damage_taken":0,"max_hp_gain":0,"max_hp_loss":0,"event_name":"betterNote:BetterNote","floor":22,"gold_loss":0,"cards_obtained":["None"]}],"is_beta":false,"boss_relics":[{"not_picked":["Pandora\u0027s Box","Velvet Choker"],"picked":"Replay:Ancient Bell"},{"not_picked":["Smiling Mask","hubris:ToyBattleship"],"picked":"Omamori"},{"not_picked":["Replay:Bottled Eggs","Replay:Bottled Flurry"],"picked":"Kunai"},{"not_picked":["Replay:Kaleidoscope","conspire:InfiniteJournal"],"picked":"hubris:64BitClover"}],"items_purged_floors":[19],"is_endless":false,"potions_floor_spawned":[1,3,6,8,14,18],"killed_by":"Gremlin Leader","ascension_level":0}}