{"host":"fubl5olmpa6illow","time":1610483252,"event":{"mods":["BaseMod","Colored Map","Colored Powertips","Minty Spire (QoL Compilation)"],"gold_per_floor":[111,130,34,47,58,58,83,103,103,103,128,128,146,158,158,258,258,273,273,287,62,82,82,99,134,183,196,196,296,324,344,344,447,447,460,460,479,498,498,528,538,569,595,605,620,620,620],"floor_reached":46,"playtime":10706,"items_purged":[],"score":563,"play_id":"8714772d-afe0-4f0a-8c26-88f5fc04d790","local_time":"20210112212732","is_ascension_mode":false,"campfire_choices":[{"data":"Meditate","floor":6,"key":"SMITH"},{"floor":10,"key":"REST"},{"data":"ClearTheMind","floor":12,"key":"SMITH"},{"floor":15,"key":"REST"},{"floor":23,"key":"RECALL"},{"data":"Fasting2","floor":28,"key":"SMITH"},{"floor":32,"key":"REST"}],"circlet_count":0,"master_deck":["Eruption","Vigilance","Meditate+1","Crescendo","DeceiveReality","EmptyMind","ClearTheMind+1","Indignation","FlurryOfBlows","Worship+1","CutThroughFate+1","CrushJoints+1","SashWhip+1","Wireheading+1","Pray+1","Sanctity","Consecrate+1","ThirdEye","Evaluate+1","LikeWater","LessonLearned","WaveOfTheHand+1","Swivel+1","Vault+1","Conclude+1","FollowUp+1","PathToVictory+1","Establishment+1","Fasting2+1","Pray+1","Scrawl+1","FlyingSleeves+1","PathToVictory+1","WheelKick","ReachHeaven","Regret","LikeWater+1"],"relics":["Pandora\u0027s Box","Gambling Chip","Toxic Egg 2","Pantograph","Snecko Eye","Letter Opener","Calipers","Darkstone Periapt","Smiling Mask","Cursed Key","Bronze Scales","Bottled Tornado","Shuriken","Ancient Tea Set"],"acts_visited":["Exordium","TheCity","TheBeyond"],"potions_floor_usage":[5,7,8,14,20,27,30,31,33,40,44,46,46],"damage_taken":[{"damage":8,"enemies":"Small Slimes","floor":1,"turns":4},{"damage":0,"enemies":"2 Louse","floor":2,"turns":2},{"damage":3,"enemies":"Jaw Worm","floor":4,"turns":3},{"damage":17,"enemies":"Gremlin Gang","floor":5,"turns":2},{"damage":40,"enemies":"Gremlin Nob","floor":7,"turns":3},{"damage":0,"enemies":"Exordium Wildlife","floor":8,"turns":4},{"damage":2,"enemies":"Lagavulin","floor":11,"turns":5},{"damage":0,"enemies":"Red Slaver","floor":13,"turns":3},{"damage":1,"enemies":"Gremlin Gang","floor":14,"turns":4},{"damage":48,"enemies":"Hexaghost","floor":16,"turns":9},{"damage":1,"enemies":"Spheric Guardian","floor":18,"turns":3},{"damage":10,"enemies":"Shell Parasite","floor":20,"turns":3},{"damage":4,"enemies":"Snake Plant","floor":22,"turns":4},{"damage":3,"enemies":"Snecko","floor":24,"turns":5},{"damage":7,"enemies":"Book of Stabbing","floor":25,"turns":7},{"damage":8,"enemies":"Cultist and Chosen","floor":27,"turns":8},{"damage":0,"enemies":"Colosseum Slavers","floor":29,"turns":2},{"damage":5,"enemies":"Colosseum Nobs","floor":29,"turns":4},{"damage":26,"enemies":"Slavers","floor":30,"turns":2},{"damage":0,"enemies":"Centurion and Healer","floor":31,"turns":4},{"damage":34,"enemies":"Automaton","floor":33,"turns":8},{"damage":4,"enemies":"Orb Walker","floor":35,"turns":4},{"damage":0,"enemies":"3 Darklings","floor":37,"turns":2},{"damage":0,"enemies":"Spire Growth","floor":38,"turns":5},{"damage":26,"enemies":"Reptomancer","floor":40,"turns":5},{"damage":0,"enemies":"Maw","floor":41,"turns":6},{"damage":29,"enemies":"Giant Head","floor":42,"turns":8},{"damage":3,"enemies":"4 Shapes","floor":44,"turns":3},{"damage":0,"enemies":"Writhing Mass","floor":45,"turns":3},{"damage":33,"enemies":"Reptomancer","floor":46,"turns":5}],"seed_played":"-2686679761548225138","potions_obtained":[{"floor":2,"key":"AttackPotion"},{"floor":4,"key":"DuplicationPotion"},{"floor":7,"key":"LiquidBronze"},{"floor":8,"key":"GamblersBrew"},{"floor":13,"key":"Block Potion"},{"floor":20,"key":"FearPotion"},{"floor":25,"key":"DistilledChaos"},{"floor":29,"key":"LiquidBronze"},{"floor":30,"key":"StancePotion"},{"floor":31,"key":"ColorlessPotion"},{"floor":37,"key":"Weak Potion"},{"floor":41,"key":"LiquidBronze"},{"floor":44,"key":"Dexterity Potion"},{"floor":45,"key":"Strength Potion"}],"is_trial":false,"path_per_floor":["M","M","$","M","M","R","E","M","T","R","E","R","M","M","R","B",null,"M","?","M","$","M","R","M","E","T","M","R","?","E","M","R","B",null,"M","?","M","M","?","E","M","E","T","M","M","E"],"character_chosen":"WATCHER","items_purchased":["SashWhip","Wireheading","Vault+1","Conclude"],"campfire_rested":3,"item_purchase_floors":[3,3,21,21],"current_hp_per_floor":[64,64,64,61,44,44,4,4,4,25,23,23,23,22,43,20,72,71,71,61,61,57,57,54,47,47,39,39,34,8,8,29,20,72,68,68,68,68,68,42,42,13,19,16,16,0,0],"gold":620,"neow_bonus":"BOSS_RELIC","is_daily":false,"chose_seed":false,"campfire_upgraded":3,"win_rate":0.0,"timestamp":1610483252,"path_taken":["M","M","$","M","M","R","E","M","T","R","E","R","M","M","R","BOSS","M","?","M","$","M","R","M","E","T","M","R","?","E","M","R","BOSS","M","?","M","?","?","E","M","E","T","M","M","E"],"items_purchased_type":["Card","Card","Card","Card"],"build_version":"2020-12-22","purchased_purges":0,"victory":false,"max_hp_per_floor":[72,72,72,72,72,72,72,72,72,72,72,72,72,72,72,72,72,72,72,72,72,72,72,72,72,72,72,72,72,72,72,72,72,72,72,72,72,72,72,72,72,72,78,78,78,78,78],"card_choices":[{"not_picked":["Weave","PathToVictory"],"picked":"CutThroughFate","floor":1},{"not_picked":["SandsOfTime","Protect"],"picked":"CrushJoints","floor":2},{"not_picked":["SashWhip","Protect"],"picked":"Pray","floor":4},{"not_picked":["DeceiveReality","FlurryOfBlows"],"picked":"Sanctity","floor":5},{"not_picked":["DeceiveReality","CutThroughFate"],"picked":"Consecrate","floor":7},{"not_picked":["SandsOfTime","SashWhip"],"picked":"ThirdEye","floor":8},{"not_picked":["Halt+1","CrushJoints"],"picked":"Evaluate+1","floor":11},{"not_picked":["Wireheading","Protect+1","FollowUp"],"picked":"SKIP","floor":13},{"not_picked":["Brilliance","FollowUp"],"picked":"LikeWater","floor":14},{"not_picked":["DeusExMachina+1","Devotion"],"picked":"LessonLearned","floor":16},{"not_picked":["FlyingSleeves","SignatureMove"],"picked":"WaveOfTheHand+1","floor":18},{"not_picked":["DeceiveReality+1","BowlingBash","WaveOfTheHand+1"],"picked":"SKIP","floor":20},{"not_picked":["SashWhip","Adaptation+1"],"picked":"FollowUp+1","floor":22},{"not_picked":["FlyingSleeves+1","Consecrate"],"picked":"PathToVictory+1","floor":24},{"not_picked":["Pray+1","Wireheading"],"picked":"Establishment","floor":25},{"not_picked":["Consecrate","Crescendo+1"],"picked":"Fasting2","floor":27},{"not_picked":["Prostrate+1","Conclude","WreathOfFlame+1"],"picked":"SKIP","floor":30},{"not_picked":["Crescendo+1","CrushJoints"],"picked":"Pray+1","floor":31},{"not_picked":["Alpha+1","Brilliance"],"picked":"Scrawl+1","floor":33},{"not_picked":["CarveReality","ClearTheMind+1","Evaluate+1"],"picked":"SKIP","floor":35},{"not_picked":["Protect+1","FlurryOfBlows+1"],"picked":"FlyingSleeves+1","floor":37},{"not_picked":["FearNoEvil","BowlingBash+1"],"picked":"PathToVictory+1","floor":38},{"not_picked":["InnerPeace+1","CarveReality+1"],"picked":"WheelKick","floor":40},{"not_picked":["Study","FlurryOfBlows","Prostrate+1"],"picked":"SKIP","floor":41},{"not_picked":["Conclude","Nirvana"],"picked":"ReachHeaven","floor":42},{"not_picked":["FearNoEvil+1","ReachHeaven+1"],"picked":"LikeWater+1","floor":44},{"not_picked":["LessonLearned","Meditate+1","WreathOfFlame+1"],"picked":"SKIP","floor":45}],"player_experience":220674,"relics_obtained":[{"floor":7,"key":"Gambling Chip"},{"floor":9,"key":"Toxic Egg 2"},{"floor":11,"key":"Pantograph"},{"floor":25,"key":"Letter Opener"},{"floor":29,"key":"Calipers"},{"floor":29,"key":"Darkstone Periapt"},{"floor":30,"key":"Smiling Mask"},{"floor":40,"key":"Bottled Tornado"},{"floor":42,"key":"Shuriken"},{"floor":43,"key":"Ancient Tea Set"}],"event_choices":[{"damage_healed":0,"gold_gain":0,"player_choice":"Read","damage_taken":0,"max_hp_gain":0,"max_hp_loss":0,"event_name":"The Library","floor":19,"gold_loss":0,"cards_obtained":["Swivel"]},{"damage_healed":0,"gold_gain":0,"player_choice":"Fight","damage_taken":0,"max_hp_gain":0,"max_hp_loss":0,"event_name":"Colosseum","floor":29,"gold_loss":0},{"damage_healed":0,"gold_gain":0,"player_choice":"Fought Nobs","damage_taken":0,"max_hp_gain":0,"max_hp_loss":0,"event_name":"Colosseum","floor":29,"gold_loss":0},{"damage_healed":0,"gold_gain":0,"player_choice":"Gave Potion","damage_taken":0,"relics_obtained":["Bronze Scales"],"max_hp_gain":0,"max_hp_loss":0,"event_name":"WeMeetAgain","floor":36,"gold_loss":0},{"damage_healed":0,"gold_gain":0,"player_choice":"Upgraded","damage_taken":0,"max_hp_gain":0,"max_hp_loss":0,"event_name":"Upgrade Shrine","floor":39,"gold_loss":0,"cards_upgraded":["Worship"]}],"is_beta":false,"boss_relics":[{"not_picked":["Empty Cage","Runic Pyramid"],"picked":"Snecko Eye"},{"not_picked":["Philosopher\u0027s Stone","Runic Dome"],"picked":"Cursed Key"}],"items_purged_floors":[],"is_endless":false,"potions_floor_spawned":[2,4,7,8,13,20,25,29,29,30,31,37,41,44,45],"killed_by":"Reptomancer","ascension_level":0}}