{"host":"ds1yr10zonoc6w4a","time":1610468386,"event":{"mods":["BaseMod","Better Match","Better Third Choice","BetterRewards","Energized Spire","Minty Spire (QoL Compilation)","StSLib","The Animator"],"gold_per_floor":[114,114,128,142,142,142,186,210,210,240,240,70,83,99,99,171,171,186,186,101,26,36,36,36],"floor_reached":23,"playtime":3349,"items_purged":["animator:Defend"],"score":392,"play_id":"caec4722-0afe-4ed7-baf3-d2dfa57f6d67","local_time":"20210112091946","is_ascension_mode":true,"campfire_choices":[{"data":"animator:LizardPriest","floor":6.0,"key":"SMITH"},{"data":"animator:Cirno","floor":11.0,"key":"SMITH"},{"floor":15.0,"key":"REST"}],"circlet_count":0,"master_deck":["AscendersBane","animator:Strike_Katanagatari","animator:Defend_Katanagatari","animator:Strike","animator:Azekura","animator:Emonzaemon+1","animator:LizardPriest+1","animator:Patchouli","animator:Aisha","animator:ZankiKiguchi","animator:Cirno+1","animator:Kuroyukihime","animator:TsurugaMeisai","animator:Mikaela","animator:FeridBathory","animator:Shinoa","animator:Spearman"],"relics":["animator:VividPicture","animator:ColorlessFragment","animator:PurgingStone","Omamori","Regal Pillow","animator:ShionDessert","PreservedInsect","Empty Cage","MealTicket"],"acts_visited":["TheCity"],"potions_floor_usage":[],"damage_taken":[{"damage":0.0,"enemies":"2 Louse","floor":1.0,"turns":3.0},{"damage":0.0,"enemies":"Cultist","floor":3.0,"turns":3.0},{"damage":3.0,"enemies":"Jaw Worm","floor":4.0,"turns":5.0},{"damage":35.0,"enemies":"Gremlin Nob","floor":7.0,"turns":5.0},{"damage":0.0,"enemies":"Blue Slaver","floor":8.0,"turns":4.0},{"damage":5.0,"enemies":"3 Sentries","floor":10.0,"turns":9.0},{"damage":0.0,"enemies":"Large Slime","floor":13.0,"turns":5.0},{"damage":0.0,"enemies":"Lots of Slimes","floor":14.0,"turns":4.0},{"damage":6.0,"enemies":"Slime Boss","floor":16.0,"turns":10.0},{"damage":14.0,"enemies":"3 Byrds","floor":18.0,"turns":4.0},{"damage":23.0,"enemies":"Shell Parasite","floor":22.0,"turns":6.0},{"damage":20,"enemies":"Book of Stabbing","floor":23,"turns":4}],"seed_played":"1912104885697819122","potions_obtained":[{"floor":4.0,"key":"Weak Potion"},{"floor":7.0,"key":"BlessingOfTheForge"},{"floor":13.0,"key":"Ancient Potion"},{"floor":14.0,"key":"SneckoOil"},{"floor":18.0,"key":"Energy Potion"}],"is_trial":false,"path_per_floor":["M","?","M","M","T","R","E","M","T","E","R","$","M","M","R","B",null,"M","?","?","?","M","E"],"character_chosen":"THE_ANIMATOR","items_purchased":["animator:Kuroyukihime"],"campfire_rested":1,"item_purchase_floors":[12],"current_hp_per_floor":[54,54,54,51,51,51,16,16,16,11,11,11,12,12,45,39,56,42,42,42,42,19,0,0],"gold":36,"neow_bonus":"UPGRADE_CARD","is_daily":false,"chose_seed":false,"campfire_upgraded":2,"win_rate":0.0,"timestamp":1610468386,"path_taken":["M","?","M","?","?","R","E","M","T","E","R","?","M","?","R","BOSS","M","?","?","?","M","E"],"items_purchased_type":["Card"],"build_version":"2020-12-22","purchased_purges":1,"victory":false,"max_hp_per_floor":[60,60,60,60,60,60,60,60,60,60,60,60,61,61,61,61,61,61,61,61,61,61,61,61],"card_choices":[{"not_picked":["animator:Azekura","animator:Witch"],"picked":"animator:LizardPriest","floor":1.0},{"not_picked":["animator:Tatsumaki","animator:Jibril","animator:ElricAlphonse"],"picked":"SKIP","floor":3.0},{"not_picked":["animator:NononJakuzure","animator:HarukoHaruhara"],"picked":"animator:Patchouli","floor":4.0},{"not_picked":["animator:YuiTsuruno","animator:TsurugaMeisai"],"picked":"animator:Aisha","floor":7.0},{"not_picked":["animator:Mikaela","animator:Arpeggio"],"picked":"animator:ZankiKiguchi","floor":8.0},{"not_picked":["animator:Kuroyukihime","animator:Zero"],"picked":"animator:Cirno","floor":10.0},{"not_picked":["animator:Melzalgald","animator:SilverFang"],"picked":"animator:TsurugaMeisai","floor":13.0},{"not_picked":["animator:IrohaTamaki","animator:Tyuule"],"picked":"animator:Mikaela","floor":14.0},{"not_picked":["animator:Greed","animator:ItamiYouji"],"picked":"animator:FeridBathory","floor":16.0},{"not_picked":["animator:Mitsuba","animator:Yuuichirou"],"picked":"animator:Shinoa","floor":18.0},{"not_picked":["animator:ElricEdward","animator:LeleiLaLalena"],"picked":"animator:Spearman","floor":22}],"player_experience":735427,"relics_obtained":[{"floor":5.0,"key":"Omamori"},{"floor":7.0,"key":"Regal Pillow"},{"floor":9.0,"key":"animator:ShionDessert"},{"floor":10.0,"key":"PreservedInsect"}],"event_choices":[{"cards_removed":["animator:Strike"],"damage_healed":0.0,"max_hp_gain":0.0,"max_hp_loss":0.0,"gold_gain":0.0,"event_name":"Wheel of Change","player_choice":"Card Removal","floor":2.0,"gold_loss":0.0,"damage_taken":0.0},{"damage_healed":0.0,"max_hp_gain":0.0,"max_hp_loss":0.0,"gold_gain":0.0,"event_name":"The Mausoleum","player_choice":"Ignored","floor":19.0,"gold_loss":0.0,"damage_taken":0.0},{"damage_healed":0.0,"max_hp_gain":0.0,"max_hp_loss":0.0,"gold_gain":0.0,"event_name":"Addict","player_choice":"Obtained Relic","floor":20.0,"gold_loss":85.0,"damage_taken":0.0,"relics_obtained":["MealTicket"]},{"cards_removed":["animator:Defend"],"damage_healed":0.0,"max_hp_gain":0.0,"max_hp_loss":0.0,"gold_gain":0.0,"event_name":"Beggar","player_choice":"Gave Gold","floor":21.0,"gold_loss":75.0,"damage_taken":0.0}],"is_beta":false,"boss_relics":[{"not_picked":["Velvet Choker","Coffee Dripper"],"picked":"Empty Cage"}],"items_purged_floors":[12],"is_endless":false,"potions_floor_spawned":[4,7,13,14,18],"killed_by":"Book of Stabbing","ascension_level":19}}