{"host":"upk85iu3rnh2l1yz","time":1610449827,"event":{"mods":["BaseMod","Downfall","Hermit","Minty Spire (QoL Compilation)","Replay The Spire","StSLib","The Cursed","The Servant 0.9.4"],"gold_per_floor":[113,123,123,135,170,25,100,70,145,50,60,92,103,103,103,204,204,216,236,249,266,281,281,291,301,328,360,379,379,184,218,218,323,323,333,349,360,360,74,107,123,123,150,167,184,196,212,212,212,212],"floor_reached":51,"playtime":5077,"items_purged":["Strike_S","Strike_S","Strike_S"],"score":727,"play_id":"02d5ef1e-dc10-4381-b7d4-ae7b67137d84","local_time":"20210112191027","is_ascension_mode":false,"campfire_choices":[{"floor":15,"key":"DIG"},{"floor":23,"key":"REST"},{"floor":29,"key":"REST"},{"floor":32,"key":"REST"},{"data":"SilverBlades","floor":42,"key":"SMITH"}],"circlet_count":0,"master_deck":["Defend_S","Defend_S","Defend_S","Defend_S","KidneyShot","DoubleEdge","Barrier","ShiftingGears","Reset","Contraction","BottledTime","MoonPhase","Collapse","Sunlight","SilverBlades+1","KillingDoll","Comet+1","Starlight","BottledTime","FanOfKnives+1","Comet","InstantArmor+1","Purity","BestPractice","Contraction","Pot Of Greed","Pot Of Greed","Pot Of Greed","Sabotage","Rearm","BottledTime","Slimebound:Darklings"],"relics":["Uniform","Counterbalance","Lizard Tail","Membership Card","Dream Catcher","Tiny Chest","Replay:Grab Bag","Busted Crown","Philosopher\u0027s Stone","StoneMask","Vajra","Ornamental Fan","Mango","Replay:Mystery Machine","Painkiller Herb","Lee\u0027s Waffle","Lantern","Replay:Wax Seal","Grinning Jar"],"acts_visited":["Exordium","TheCity","TheBeyond"],"potions_floor_usage":[11,12,21,25,27,27,28,33,40,50,50],"damage_taken":[{"damage":3,"enemies":"2 Louse","floor":1,"turns":2},{"damage":0,"enemies":"Jaw Worm","floor":2,"turns":6},{"damage":0,"enemies":"Small Slimes","floor":4,"turns":6},{"damage":0,"enemies":"Looter","floor":8,"turns":4},{"damage":0,"enemies":"Blue Slaver","floor":11,"turns":8},{"damage":5,"enemies":"Gremlin Nob","floor":12,"turns":3},{"damage":0,"enemies":"2 Fungi Beasts","floor":13,"turns":3},{"damage":23,"enemies":"Fading Forest","floor":16,"turns":11},{"damage":0,"enemies":"Spheric Guardian","floor":18,"turns":9},{"damage":0,"enemies":"Chosen","floor":19,"turns":6},{"damage":5,"enemies":"Snecko","floor":20,"turns":9},{"damage":3,"enemies":"Centurion and Healer","floor":21,"turns":9},{"damage":47,"enemies":"Cultist and Chosen","floor":22,"turns":7},{"damage":12,"enemies":"Snecko","floor":24,"turns":6},{"damage":6,"enemies":"Chosen and Byrds","floor":25,"turns":5},{"damage":27,"enemies":"Slavers","floor":27,"turns":6},{"damage":15,"enemies":"Centurion and Healer","floor":28,"turns":9},{"damage":91,"enemies":"Replay:Snechameleon","floor":31,"turns":9},{"damage":5,"enemies":"Champ","floor":33,"turns":12},{"damage":28,"enemies":"3 Darklings","floor":35,"turns":7},{"damage":0,"enemies":"Orb Walker","floor":36,"turns":2},{"damage":39,"enemies":"Sphere and 2 Shapes","floor":37,"turns":7},{"damage":14,"enemies":"Reptomancer","floor":40,"turns":7},{"damage":5,"enemies":"Writhing Mass","floor":41,"turns":6},{"damage":13,"enemies":"Transient","floor":44,"turns":5},{"damage":7,"enemies":"3 Darklings","floor":45,"turns":4},{"damage":12,"enemies":"Spire Growth","floor":46,"turns":4},{"damage":0,"enemies":"Maw","floor":47,"turns":6},{"damage":30,"enemies":"Time Eater","floor":50,"turns":12}],"seed_played":"3474778839930807906","potions_obtained":[{"floor":2,"key":"SteroidPotion"},{"floor":4,"key":"LifebloodPotion"},{"floor":12,"key":"Strength Potion"},{"floor":16,"key":"Fire Potion"},{"floor":18,"key":"Energy Potion"},{"floor":20,"key":"LiquidMemories"},{"floor":25,"key":"SkillPotion"},{"floor":27,"key":"Explosive Potion"},{"floor":31,"key":"CultistPotion"},{"floor":35,"key":"Elixir"},{"floor":37,"key":"LifebloodPotion"},{"floor":44,"key":"Energy Potion"},{"floor":45,"key":"Venom Potion"}],"is_trial":false,"path_per_floor":["M","M","?","M","?","$","?","M","T","$","M","E","M","?","R","B",null,"M","M","M","M","M","R","M","M","T","E","M","R","$","E","R","B",null,"?","?","?","?","T","E","?","T","T","?","?","?","?","?","T","B",null],"character_chosen":"THE_SERVANT","items_purchased":["Membership Card","MoonPhase","Collapse","Mango","BestPractice","Lee\u0027s Waffle","Lantern","Contraction"],"campfire_rested":3,"item_purchase_floors":[6,10,10,30,39,39,39,39],"current_hp_per_floor":[62,62,50,50,50,50,39,39,39,39,39,34,34,34,34,11,65,66,67,65,68,27,48,39,39,39,21,12,36,50,19,47,45,96,71,74,44,44,108,97,95,95,95,85,81,72,75,75,75,60],"gold":212,"neow_bonus":"THREE_CARDS","is_daily":false,"chose_seed":false,"campfire_upgraded":1,"win_rate":0.0,"timestamp":1610449827,"path_taken":["M","M","?","M","?","$","?","M","T","?","?","E","M","?","R","BOSS","M","M","M","M","M","R","M","M","T","E","M","R","$","E","R","BOSS","?","?","?","?","T","E","?","T","T","?","?","?","?","?","T","BOSS"],"items_purchased_type":["Relic","Card","Card","Relic","Card","Relic","Relic","Card"],"build_version":"2020-12-22","purchased_purges":3,"victory":true,"max_hp_per_floor":[65,65,65,65,65,65,65,65,65,65,65,65,65,65,65,65,65,66,67,68,70,72,72,73,75,75,78,80,80,94,95,95,96,96,97,98,101,101,108,109,110,110,110,111,112,113,114,114,114,115],"card_choices":[{"not_picked":["Unruled","ShatteredReality"],"picked":"DoubleEdge","floor":0},{"not_picked":["Ricochet","FastForward"],"picked":"Barrier","floor":1},{"not_picked":["Shuttle","Revamp"],"picked":"ShiftingGears","floor":2},{"not_picked":["Advance","Hightail"],"picked":"Reset","floor":4},{"not_picked":["ShatteredReality","Barrier"],"picked":"Contraction","floor":5},{"not_picked":["Defy","Unruled"],"picked":"BottledTime","floor":8},{"not_picked":["Potential","Starlight"],"picked":"Sunlight","floor":11},{"not_picked":["Advance","ShatteredReality","MoonPhase"],"picked":"SKIP","floor":12},{"not_picked":["ReturningBlade","TimeWarp"],"picked":"SilverBlades","floor":13},{"not_picked":["LightFlow","Deny"],"picked":"KillingDoll","floor":16},{"not_picked":[],"picked":"Comet+1","floor":18},{"not_picked":[],"picked":"Starlight","floor":19},{"not_picked":[],"picked":"BottledTime","floor":20},{"not_picked":["Replace"],"picked":"SKIP","floor":21},{"not_picked":[],"picked":"FanOfKnives+1","floor":22},{"not_picked":[],"picked":"Comet","floor":24},{"not_picked":["Potential"],"picked":"SKIP","floor":25},{"not_picked":["PendulumOfEternity"],"picked":"SKIP","floor":27},{"not_picked":[],"picked":"InstantArmor+1","floor":28},{"not_picked":["ShiftingGears+1"],"picked":"SKIP","floor":31},{"not_picked":["Spin"],"picked":"SKIP","floor":35},{"not_picked":["ShatteredReality+1"],"picked":"SKIP","floor":36},{"not_picked":["Ricochet"],"picked":"SKIP","floor":37},{"not_picked":["Replace"],"picked":"SKIP","floor":40},{"not_picked":["ShatteredReality+1"],"picked":"SKIP","floor":41},{"not_picked":["TimeWarp"],"picked":"SKIP","floor":44},{"not_picked":[],"picked":"Sabotage","floor":45},{"not_picked":[],"picked":"Rearm","floor":46},{"not_picked":[],"picked":"BottledTime","floor":47}],"player_experience":144443,"relics_obtained":[{"floor":5,"key":"Lizard Tail"},{"floor":12,"key":"Dream Catcher"},{"floor":15,"key":"Tiny Chest"},{"floor":26,"key":"Vajra"},{"floor":27,"key":"Ornamental Fan"},{"floor":31,"key":"Replay:Mystery Machine"},{"floor":40,"key":"Replay:Wax Seal"},{"floor":43,"key":"Grinning Jar"}],"event_choices":[{"damage_healed":0,"gold_gain":0,"player_choice":"Success","damage_taken":12,"relics_obtained":["Counterbalance"],"max_hp_gain":0,"max_hp_loss":0,"event_name":"Scrap Ooze","floor":3,"gold_loss":0},{"damage_healed":0,"gold_gain":75,"player_choice":"Gather Gold","damage_taken":11,"max_hp_gain":0,"max_hp_loss":0,"event_name":"World of Goop","floor":7,"gold_loss":0},{"damage_healed":0,"gold_gain":0,"player_choice":"1 cards matched","damage_taken":0,"max_hp_gain":0,"max_hp_loss":0,"event_name":"Match and Keep!","floor":38,"gold_loss":0,"cards_obtained":["Purity"]},{"cards_removed":["Exchange"],"damage_healed":0,"gold_gain":0,"player_choice":"Removed Skill","damage_taken":0,"max_hp_gain":0,"max_hp_loss":0,"event_name":"Falling","floor":48,"gold_loss":0}],"is_beta":false,"boss_relics":[{"not_picked":["Runic Pyramid","Calling Bell"],"picked":"Replay:Grab Bag"},{"not_picked":["ChewingGum","Runic Dome"],"picked":"Busted Crown"},{"not_picked":["Coffee Dripper","Cursed Key"],"picked":"Philosopher\u0027s Stone"},{"not_picked":["Empty Cage","Kintsugi"],"picked":"StoneMask"},{"not_picked":["Honey Jar","Astrolabe"],"picked":"Painkiller Herb"}],"items_purged_floors":[10,30,39],"is_endless":false,"potions_floor_spawned":[2,4,12,16,18,20,25,27,31,35,37,44,45,47],"ascension_level":0}}