{"host":"15f3wpiimhe5yrng","time":1610469907,"event":{"mods":["100% Spire Juice","2.2 Compatiblity","BaseMod","Bestiary","Better Altar","Better Match","Better Note","Better Sensory Stone","Better Skull","Better Third Choice","Colored Map","Colored Powertips","Downfall","Duelist Mod","Good Game Mod","Ironclad Rager","Marisa????????","Minty Spire (QoL Compilation)","Permanent Neow","Relic Filter","SacredBarkPlus","Spicy Shops","StSLib","The Animator","The Cursed","The Forsaken","The Marked","TheSwordswoman"],"gold_per_floor":[15,26,201,201,6,35,35,35,35,54,54,69,94,94,94,198,198,218,231,243,243,243,274,285,285,308,308,323,357,357,357,357,461,461,473,473,492,504,523,557,557,577,577,577,577],"floor_reached":44,"playtime":2347,"items_purged":["Shame"],"score":538,"play_id":"27575021-ea1e-40b7-bb56-a354c600fccd","local_time":"20210112174507","is_ascension_mode":false,"campfire_choices":[{"data":"Metallicize","floor":8,"key":"SMITH"},{"data":"Bash","floor":11,"key":"SMITH"},{"data":"animator:GoblinSlayer","floor":15,"key":"SMITH"},{"data":"Iron Wave","floor":25,"key":"SMITH"},{"data":"ICR:VitalStrike","floor":30,"key":"SMITH"},{"data":"Iron Wave","floor":32,"key":"SMITH"},{"data":"Iron Wave","floor":41,"key":"SMITH"}],"circlet_count":0,"master_deck":["Bash+1","animator:GoblinSlayer+1","Twin Strike","Twin Strike+1","Twin Strike","Twin Strike","Twin Strike+1","Iron Wave+1","Iron Wave+1","Iron Wave+1","Iron Wave","Metallicize+1","Thunderclap","Shrug It Off+1","Clash","Clash","Ghostly Armor+1","Offering+1","Flex+1","Twin Strike","Shrug It Off+1","Creative AI+1","Dark Embrace+1","True Grit+1","J.A.X.+1","Shrug It Off+1","ICR:VitalStrike+1","Intimidate+1","Intimidate+1"],"relics":["Burning Blood","REME:ComplimentaryCards","Gremlin Horn","Boot","Frozen Egg 2","Toxic Egg 2","SlaversCollar","Eternal Feather","Whetstone","Vajra","Black Star","PreservedInsect","Toy Ornithopter","HornCleat","Unceasing Top"],"acts_visited":["Exordium","TheCity","TheBeyond"],"potions_floor_usage":[6,13,33,38,44],"damage_taken":[{"damage":2,"enemies":"Small Slimes","floor":1,"turns":2},{"damage":0,"enemies":"2 Louse","floor":2,"turns":2},{"damage":5,"enemies":"Gremlin Nob","floor":6,"turns":5},{"damage":0,"enemies":"Cultist","floor":10,"turns":2},{"damage":7,"enemies":"Blue Slaver","floor":12,"turns":3},{"damage":8,"enemies":"Lagavulin","floor":13,"turns":3},{"damage":22,"enemies":"Hexaghost","floor":16,"turns":8},{"damage":15,"enemies":"2 Thieves","floor":18,"turns":4},{"damage":0,"enemies":"3 Byrds","floor":19,"turns":3},{"damage":6,"enemies":"3 Cultists","floor":20,"turns":4},{"damage":6,"enemies":"Book of Stabbing","floor":23,"turns":4},{"damage":23,"enemies":"Snecko","floor":24,"turns":7},{"damage":15,"enemies":"Centurion and Healer","floor":28,"turns":4},{"damage":9,"enemies":"Slavers","floor":29,"turns":3},{"damage":63,"enemies":"Collector","floor":33,"turns":6},{"damage":6,"enemies":"Orb Walker","floor":35,"turns":2},{"damage":12,"enemies":"3 Darklings","floor":37,"turns":7},{"damage":22,"enemies":"Transient","floor":38,"turns":5},{"damage":28,"enemies":"Sphere and 2 Shapes","floor":39,"turns":5},{"damage":14,"enemies":"Nemesis","floor":40,"turns":5},{"damage":23,"enemies":"Maw","floor":42,"turns":8},{"damage":50,"enemies":"2 Orb Walkers","floor":44,"turns":5}],"seed_played":"5070133392698800201","potions_obtained":[{"floor":1,"key":"Block Potion"},{"floor":12,"key":"SkillPotion"},{"floor":13,"key":"FearPotion"},{"floor":18,"key":"SkillPotion"},{"floor":28,"key":"SteroidPotion"},{"floor":38,"key":"sneckomod:MuddlingPotion"},{"floor":39,"key":"BloodPotion"}],"is_trial":false,"path_per_floor":["M","M","?","?","$","E","?","R","T","M","R","M","E","?","R","B",null,"M","M","M","?","?","E","M","R","T","?","M","E","R","?","R","B",null,"M","?","M","M","M","E","R","M","T","?"],"character_chosen":"IRONCLAD","items_purchased":["Gremlin Horn","Shrug It Off"],"campfire_rested":0,"item_purchase_floors":[5,5],"current_hp_per_floor":[55,61,61,54,54,55,55,55,55,61,61,60,58,58,58,42,72,63,69,69,69,72,72,55,67,67,67,58,55,70,70,72,15,72,72,72,66,50,28,20,35,18,18,0,0],"gold":577,"neow_bonus":"IRONCLAD_BERSERKER","is_daily":false,"chose_seed":false,"campfire_upgraded":7,"win_rate":0.0,"timestamp":1610469907,"path_taken":["M","M","?","?","$","E","?","R","T","M","R","?","E","?","R","BOSS","M","M","M","?","?","E","?","R","T","?","M","E","R","?","R","BOSS","M","?","M","?","M","E","R","M","T","?"],"items_purchased_type":["Relic","Card"],"build_version":"2020-12-22","purchased_purges":1,"victory":false,"max_hp_per_floor":[72,72,72,72,72,72,72,72,72,72,72,72,72,72,72,72,72,72,72,72,72,72,72,72,72,72,72,72,72,72,72,72,72,72,72,72,72,72,72,72,72,72,72,72,72],"card_choices":[{"not_picked":["Warcry","Entrench"],"picked":"Metallicize","floor":1},{"not_picked":["Cleave","Disarm"],"picked":"Thunderclap","floor":2},{"not_picked":["Uppercut","True Grit"],"picked":"Clash","floor":6},{"not_picked":["Rampage","Twin Strike","Perfected Strike"],"picked":"SKIP","floor":10},{"not_picked":["Twin Strike","Barricade+1"],"picked":"Clash","floor":12},{"not_picked":["Iron Wave","Clash"],"picked":"Ghostly Armor+1","floor":13},{"not_picked":["Barricade+1","Fiend Fire"],"picked":"Offering+1","floor":16},{"not_picked":["Armaments+1","Perfected Strike"],"picked":"Flex+1","floor":18},{"not_picked":["Metallicize+1","ICR:Frenzy+1"],"picked":"Twin Strike","floor":19},{"not_picked":["Body Slam","Perfected Strike"],"picked":"Shrug It Off+1","floor":20},{"not_picked":["Pummel","Iron Wave"],"picked":"Dark Embrace+1","floor":23},{"not_picked":["Anger","Dropkick"],"picked":"True Grit+1","floor":24},{"not_picked":["Iron Wave","Cleave"],"picked":"Shrug It Off+1","floor":28},{"not_picked":["Pummel+1","Searing Blow"],"picked":"ICR:VitalStrike","floor":29},{"not_picked":["Shrug It Off+1","Armaments+1","Seeing Red+1"],"picked":"SKIP","floor":35},{"not_picked":["Combust+1","Twin Strike+1"],"picked":"Intimidate+1","floor":37},{"not_picked":["Iron Wave","Sword Boomerang","Anger+1"],"picked":"SKIP","floor":38},{"not_picked":["Iron Wave","Combust+1"],"picked":"Intimidate+1","floor":39},{"not_picked":["Juggernaut+1","Clash","Battle Trance+1"],"picked":"SKIP","floor":40},{"not_picked":["Shrug It Off+1","Rampage+1","Searing Blow+1"],"picked":"SKIP","floor":42}],"player_experience":155601,"relics_obtained":[{"floor":6,"key":"Boot"},{"floor":9,"key":"Frozen Egg 2"},{"floor":13,"key":"Toxic Egg 2"},{"floor":23,"key":"Eternal Feather"},{"floor":26,"key":"Whetstone"},{"floor":29,"key":"Vajra"},{"floor":40,"key":"Toy Ornithopter"},{"floor":40,"key":"HornCleat"},{"floor":43,"key":"Unceasing Top"}],"event_choices":[{"damage_healed":0,"gold_gain":175,"player_choice":"AGREE","damage_taken":26,"max_hp_gain":0,"max_hp_loss":0,"event_name":"betterThird:BetterSerpent","floor":3,"gold_loss":0},{"cards_removed":["Doubt"],"damage_healed":0,"gold_gain":0,"player_choice":"Card Removal","damage_taken":7,"max_hp_gain":0,"max_hp_loss":0,"event_name":"Golden Wing","floor":4,"gold_loss":0},{"cards_removed":["animator:Curse_Rozen"],"damage_healed":0,"gold_gain":0,"player_choice":"Purged","damage_taken":0,"max_hp_gain":0,"max_hp_loss":0,"event_name":"Purifier","floor":7,"gold_loss":0},{"damage_healed":0,"gold_gain":0,"player_choice":"Grow","damage_taken":0,"max_hp_gain":0,"max_hp_loss":0,"event_name":"Living Wall","floor":14,"gold_loss":0,"cards_upgraded":["Shrug It Off"]},{"cards_removed":["Offering"],"damage_healed":0,"gold_gain":0,"player_choice":"Take \u0026 Give","damage_taken":0,"max_hp_gain":0,"max_hp_loss":0,"event_name":"betterNote:BetterNote","floor":21,"gold_loss":0,"cards_obtained":["Creative AI"]},{"damage_healed":3,"gold_gain":0,"player_choice":"Full Heal","damage_taken":0,"max_hp_gain":0,"max_hp_loss":0,"event_name":"Wheel of Change","floor":22,"gold_loss":0},{"damage_healed":0,"gold_gain":0,"player_choice":"Obtain J.A.X.","damage_taken":0,"max_hp_gain":0,"max_hp_loss":0,"event_name":"Drug Dealer","floor":27,"gold_loss":0,"cards_obtained":["J.A.X."]},{"damage_healed":0,"gold_gain":0,"player_choice":"Ignored","damage_taken":0,"max_hp_gain":0,"max_hp_loss":0,"event_name":"Cursed Tome","floor":31,"gold_loss":0},{"damage_healed":0,"gold_gain":0,"player_choice":"Gave Potion","damage_taken":0,"relics_obtained":["PreservedInsect"],"max_hp_gain":0,"max_hp_loss":0,"event_name":"WeMeetAgain","floor":36,"gold_loss":0},{"damage_healed":0,"gold_gain":0,"player_choice":"Fight","damage_taken":0,"max_hp_gain":0,"max_hp_loss":0,"event_name":"Mysterious Sphere","floor":44,"gold_loss":0}],"is_beta":false,"boss_relics":[{"not_picked":["Runic Dome","Ectoplasm"],"picked":"SlaversCollar"},{"not_picked":["Tiny House","Calling Bell"],"picked":"Black Star"}],"items_purged_floors":[5],"is_endless":false,"potions_floor_spawned":[1,12,13,18,28,29,38,39],"killed_by":"2 Orb Walkers","ascension_level":0}}