{"host":"tzyzz5n7hg2ni9q2","time":1610450240,"event":{"mods":["BaseMod","Minty Spire (QoL Compilation)","Quick Restart"],"gold_per_floor":[110,110,185,185,205,233,233,253,253,309,274,36,36,46,46,141,141,157,123,38,38,54,70,70,70],"floor_reached":24,"playtime":867,"items_purged":[],"score":326,"play_id":"ee6f943a-af1c-4948-b597-4d3942d9c3ec","local_time":"20210112121720","is_ascension_mode":true,"campfire_choices":[{"data":"Blur","floor":7.0,"key":"SMITH"},{"data":"Quick Slash","floor":13.0,"key":"SMITH"},{"data":"Dagger Throw","floor":15.0,"key":"SMITH"}],"circlet_count":0,"master_deck":["AscendersBane","Strike_G","Strike_G","Strike_G","Strike_G","Strike_G","Defend_G","Defend_G","Defend_G","Defend_G","Defend_G","Survivor","Neutralize+1","Quick Slash+1","Blur+1","Dagger Throw+1","Tools of the Trade","Backflip+1","Footwork"],"relics":["Ring of the Snake","Sundial","Kunai","Mango","Molten Egg 2","HoveringKite","FossilizedHelix"],"acts_visited":["Exordium","TheCity"],"potions_floor_usage":[],"damage_taken":[{"damage":1.0,"enemies":"Jaw Worm","floor":1.0,"turns":5.0},{"damage":0.0,"enemies":"Small Slimes","floor":5.0,"turns":4.0},{"damage":21.0,"enemies":"Gremlin Nob","floor":6.0,"turns":5.0},{"damage":0.0,"enemies":"2 Louse","floor":8.0,"turns":3.0},{"damage":48.0,"enemies":"Lagavulin Event","floor":10.0,"turns":11.0},{"damage":0.0,"enemies":"Large Slime","floor":14.0,"turns":8.0},{"damage":27.0,"enemies":"Slime Boss","floor":16.0,"turns":19.0},{"damage":9.0,"enemies":"3 Byrds","floor":18.0,"turns":6.0},{"damage":7.0,"enemies":"Shell Parasite","floor":22.0,"turns":6.0},{"damage":11.0,"enemies":"Snake Plant","floor":23.0,"turns":7.0},{"damage":0,"enemies":"Book of Stabbing","floor":24,"turns":1}],"seed_played":"-4191576442232752697","potions_obtained":[{"floor":5.0,"key":"LiquidBronze"},{"floor":14.0,"key":"Fire Potion"},{"floor":16.0,"key":"LiquidMemories"}],"is_trial":false,"path_per_floor":["M","?","?","?","M","E","R","M","T","?","?","$","R","M","R","B",null,"M","$","?","?","M","M","E"],"character_chosen":"THE_SILENT","items_purchased":["Molten Egg 2","Footwork"],"campfire_rested":0,"item_purchase_floors":[12,19],"current_hp_per_floor":[69,69,58,77,77,56,56,56,56,22,44,44,44,44,44,17,73,64,64,64,58,51,40,40,40],"gold":70,"neow_bonus":"TEN_PERCENT_HP_BONUS","is_daily":false,"chose_seed":false,"campfire_upgraded":3,"win_rate":0.0,"timestamp":1610450240,"path_taken":["M","?","?","?","M","E","R","M","T","?","?","?","R","M","R","BOSS","M","$","?","?","M","?","E"],"items_purchased_type":["Relic","Card"],"build_version":"2020-12-22","purchased_purges":0,"victory":false,"max_hp_per_floor":[77,77,77,77,77,77,77,77,77,91,91,91,91,91,91,91,91,91,91,91,91,91,91,91,91],"card_choices":[{"not_picked":["Deflect","Dodge and Roll"],"picked":"Quick Slash","floor":1.0},{"not_picked":["Deadly Poison","PiercingWail","Choke"],"picked":"SKIP","floor":5.0},{"not_picked":["Blade Dance","Distraction"],"picked":"Blur","floor":6.0},{"not_picked":["Setup","Well Laid Plans"],"picked":"Dagger Throw","floor":8.0},{"not_picked":["Dagger Throw+1","Underhanded Strike+1","Quick Slash+1"],"picked":"SKIP","floor":14.0},{"not_picked":["Burst","Venomology"],"picked":"Tools of the Trade","floor":16.0},{"not_picked":["Flying Knee+1","Bouncing Flask"],"picked":"Backflip+1","floor":18.0},{"not_picked":["Accuracy","Dagger Throw+1","Prepared"],"picked":"SKIP","floor":22.0},{"not_picked":["Masterful Stab+1","Sucker Punch+1","Slice+1"],"picked":"SKIP","floor":23.0}],"player_experience":274234,"relics_obtained":[{"floor":6.0,"key":"Sundial"},{"floor":9.0,"key":"Kunai"},{"floor":10.0,"key":"Mango"}],"event_choices":[{"damage_healed":0.0,"max_hp_gain":0.0,"max_hp_loss":0.0,"gold_gain":0.0,"event_name":"Living Wall","player_choice":"Grow","floor":2.0,"gold_loss":0.0,"damage_taken":0.0,"cards_upgraded":["Neutralize"]},{"damage_healed":0.0,"max_hp_gain":0.0,"max_hp_loss":0.0,"gold_gain":75.0,"event_name":"World of Goop","player_choice":"Gather Gold","floor":3.0,"gold_loss":0.0,"damage_taken":11.0},{"damage_healed":25.0,"max_hp_gain":0.0,"max_hp_loss":0.0,"gold_gain":0.0,"event_name":"Big Fish","player_choice":"Banana","floor":4.0,"gold_loss":0.0,"damage_taken":0.0},{"damage_healed":0.0,"max_hp_gain":0.0,"max_hp_loss":0.0,"gold_gain":30.0,"event_name":"Dead Adventurer","player_choice":"Searched \u00273\u0027 times","floor":10.0,"gold_loss":0.0,"damage_taken":0.0},{"damage_healed":22.0,"max_hp_gain":0.0,"max_hp_loss":0.0,"gold_gain":0.0,"event_name":"The Cleric","player_choice":"Healed","floor":11.0,"gold_loss":35.0,"damage_taken":0.0},{"damage_healed":0.0,"max_hp_gain":0.0,"max_hp_loss":0.0,"gold_gain":0.0,"event_name":"Addict","player_choice":"Obtained Relic","floor":20.0,"gold_loss":85.0,"damage_taken":0.0,"relics_obtained":["FossilizedHelix"]},{"damage_healed":0.0,"max_hp_gain":0.0,"max_hp_loss":0.0,"gold_gain":0.0,"event_name":"Knowing Skull","player_choice":"","floor":21.0,"potions_obtained":[],"gold_loss":0.0,"damage_taken":6.0,"cards_obtained":[]}],"is_beta":false,"boss_relics":[{"not_picked":["Pandora\u0027s Box","Tiny House"],"picked":"HoveringKite"}],"items_purged_floors":[],"is_endless":false,"potions_floor_spawned":[5,14,16],"killed_by":"Book of Stabbing","ascension_level":11}}