{"host":"cdwmoa70bcdnlxwr","time":1610454372,"event":{"mods":["BaseMod","Colored Map","Colored Powertips","Custom Start","Keyboard Shortcuts","Minty Spire (QoL Compilation)","StSLib","SuperFastMode"],"gold_per_floor":[111,36,48,48,48,48,48,81,81,81,81],"floor_reached":10,"playtime":138,"items_purged":["Strike_G"],"score":128,"play_id":"fca54b02-0021-45bb-9a99-31356b3f7831","local_time":"20210112212612","is_ascension_mode":true,"campfire_choices":[{"data":"Bouncing Flask","floor":6,"key":"SMITH"}],"circlet_count":0,"master_deck":["AscendersBane","Strike_G","Strike_G","Strike_G","Strike_G","Defend_G","Defend_G","Defend_G","Defend_G","Defend_G","Survivor","Neutralize","Dagger Spray","Bouncing Flask+1"],"relics":["Ring of the Snake","Bag of Preparation","Golden Idol","Toy Ornithopter","Incense Burner"],"acts_visited":["Exordium"],"potions_floor_usage":[],"damage_taken":[{"damage":6,"enemies":"Jaw Worm","floor":1,"turns":7},{"damage":0,"enemies":"2 Louse","floor":3,"turns":3},{"damage":26,"enemies":"Gremlin Nob","floor":8,"turns":4},{"damage":5,"enemies":"Lagavulin","floor":10,"turns":2}],"seed_played":"5505687319543164216","potions_obtained":[{"floor":8,"key":"Explosive Potion"}],"is_trial":false,"path_per_floor":["M","$","M","?","?","R","$","E","T","E"],"character_chosen":"THE_SILENT","items_purchased":[],"campfire_rested":0,"item_purchase_floors":[],"current_hp_per_floor":[53,53,53,30,30,30,30,4,4,0,0],"gold":81,"neow_bonus":"RANDOM_COMMON_RELIC","is_daily":false,"chose_seed":false,"campfire_upgraded":1,"win_rate":0.0,"timestamp":1610454372,"path_taken":["M","$","M","?","?","R","?","E","T","E"],"items_purchased_type":[],"build_version":"2020-12-22","purchased_purges":1,"victory":false,"max_hp_per_floor":[66,66,66,66,66,66,66,66,66,66,66],"card_choices":[{"not_picked":["Deflect","Slice"],"picked":"Dagger Spray","floor":1},{"not_picked":["Sucker Punch","Endless Agony"],"picked":"Bouncing Flask","floor":3},{"not_picked":["Dagger Throw","Storm of Steel","Choke"],"picked":"SKIP","floor":8}],"player_experience":2616697,"relics_obtained":[{"floor":8,"key":"Toy Ornithopter"},{"floor":9,"key":"Incense Burner"}],"event_choices":[{"damage_healed":0,"gold_gain":0,"player_choice":"Take Damage","damage_taken":23,"relics_obtained":["Golden Idol"],"max_hp_gain":0,"max_hp_loss":0,"event_name":"Golden Idol","floor":4,"gold_loss":0},{"damage_healed":0,"gold_gain":0,"player_choice":"Ignored","damage_taken":0,"max_hp_gain":0,"max_hp_loss":0,"event_name":"Liars Game","floor":5,"gold_loss":0}],"is_beta":false,"boss_relics":[],"items_purged_floors":[2],"is_endless":false,"potions_floor_spawned":[8],"killed_by":"Lagavulin","ascension_level":20}}