{"host":"kdt6w7ix8lwe69i9","time":1610462943,"event":{"mods":["100% Spire Juice","Bartender","BaseMod","ChefMod","Downfall","Evolution","Fiend Mod","Jorbs\u0027s Wanderer Trilogy","Minty Spire (QoL Compilation)","Reimu（博丽灵梦）","Robot Space Explorer","Shade Mod","StSLib","The Caster","The Cursed","The Disciple","The Dragon Tamer","The Druid","The Fake Hero","The Forsaken","The Gatherer","The Marked","TheBandit","TheSwordswoman"],"gold_per_floor":[117,117,14,14,14,29,29,104,104,145,145,145,161,161,161,286,286,62,86,106,127,127,7,26,70,117,133,91,127,151,52,52,181,181,205,218,67,67,67],"floor_reached":38,"playtime":3338,"items_purged":[],"score":491,"play_id":"b5b78881-1d83-4b8e-8ed9-a8bab9d8fb36","local_time":"20210112094903","is_ascension_mode":false,"campfire_choices":[{"data":"Moonworks:CloudOfSeagulls","floor":15,"key":"SMITH"},{"floor":23,"key":"REST"},{"floor":32,"key":"REST"}],"circlet_count":0,"master_deck":["Moonworks:Strike","Moonworks:Strike","Moonworks:Strike","Moonworks:Strike","Moonworks:Defend","Moonworks:Defend","Moonworks:Defend","Moonworks:Defend","Moonworks:Ambush","Moonworks:LongDistanceShot","Moonworks:CompletionReward","Moonworks:RagingMadness","Moonworks:JonathanRush","Regret","Moonworks:EvilSpyWorkPreparation","Moonworks:CloudOfSeagulls+1","Moonworks:BackdoorTrade","Moonworks:RedAndBlue","Moonworks:SubspaceTunnel","CurseOfTheBell","Moonworks:EvilSpyWorkPreparation+1","Moonworks:CloudOfSeagulls+1","Moonworks:Assault+1","Moonworks:TacticalRetreat","Moonworks:EvilSpyWorkPreparation+1","Moonworks:EvilSpyWorkPreparation+1","Moonworks:ForcedRevival","Moonworks:GoAway","Moonworks:TacticalRetreat","Moonworks:MiracleRedBeanIceCream","Moonworks:SealedMemories","Moonworks:EvilSpyWorkPreparation+1","Moonworks:EvilMastermind","Moonworks:BeyondHell","Moonworks:ForcedRevival","Moonworks:TreasureThief","Moonworks:JonathanRush+1","Moonworks:JonathanRush+1","Moonworks:SinkOrSwim","Moonworks:Poppoformation","Moonworks:DeployBits+1","Moonworks:EvilSpyWorkPreparation+1","Moonworks:SakisCookie+1"],"relics":["Moonworks:BrokenBomb","Moonworks:Homemark","EVO:Axolotl","NeowsBlessing","Tiny Chest","Golden Idol","Mercury Hourglass","TungstenRod","theForsaken:HumbleEgg","Calling Bell","Oddly Smooth Stone","White Beast Statue","Prayer Wheel","Mastiff:ReiMu","Nunchaku","Tea:ReiMu","CaptainsWheel","Silver_Glasses","Sling"],"acts_visited":["Exordium","TheCity","TheBeyond"],"potions_floor_usage":[16,20,25,25,29,30,31,33,33],"damage_taken":[{"damage":0,"enemies":"2 Louse","floor":1,"turns":1},{"damage":0,"enemies":"Small Slimes","floor":6,"turns":1},{"damage":0,"enemies":"Gremlin Nob","floor":10,"turns":1},{"damage":1,"enemies":"Cultist","floor":13,"turns":2},{"damage":30,"enemies":"Hexaghost","floor":16,"turns":8},{"damage":3,"enemies":"3 Byrds","floor":18,"turns":3},{"damage":17,"enemies":"Shell Parasite","floor":19,"turns":4},{"damage":4,"enemies":"Chosen and Byrds","floor":20,"turns":4},{"damage":41,"enemies":"Snecko","floor":21,"turns":7},{"damage":3,"enemies":"Centurion and Healer","floor":24,"turns":5},{"damage":13,"enemies":"Book of Stabbing","floor":25,"turns":5},{"damage":4,"enemies":"Chosen and Byrds","floor":27,"turns":5},{"damage":37,"enemies":"Gremlin Leader","floor":29,"turns":5},{"damage":3,"enemies":"Cultist and Chosen","floor":30,"turns":4},{"damage":23,"enemies":"Centurion and Healer","floor":31,"turns":5},{"damage":26,"enemies":"Champ","floor":33,"turns":9},{"damage":43,"enemies":"3 Shapes","floor":35,"turns":4},{"damage":9,"enemies":"Orb Walker","floor":36,"turns":5},{"damage":38,"enemies":"Jaw Worm Horde","floor":38,"turns":2}],"seed_played":"-2290946577304276508","potions_obtained":[{"floor":1,"key":"Explosive Potion"},{"floor":18,"key":"FairyPotion"},{"floor":19,"key":"hexamod:EctoCoolerPotion"},{"floor":20,"key":"ZuzhouPotion:ReiMu"},{"floor":21,"key":"LiquidMemories"},{"floor":24,"key":"EssenceOfSteel"},{"floor":25,"key":"AttackPotion"},{"floor":27,"key":"FearPotion"},{"floor":29,"key":"ColorlessPotion"},{"floor":30,"key":"SkillPotion"},{"floor":31,"key":"champ:CounterPotion"},{"floor":33,"key":"Dexterity Potion"},{"floor":35,"key":"FairyPotion"},{"floor":36,"key":"Moonworks:OneHundredPercentOrangeJuicePotion"}],"is_trial":false,"path_per_floor":["M","?","$","?","?","M","$","?","T","E","T","T","M","?","R","B",null,"M","M","M","M","?","R","M","E","T","M","T","E","M","M","R","B",null,"M","M","$","M"],"character_chosen":"THE_STARBREAKER","items_purchased":["Moonworks:RagingMadness","Moonworks:JonathanRush","Sling"],"campfire_rested":2,"item_purchase_floors":[3,3,37],"current_hp_per_floor":[60,60,60,60,45,45,45,34,34,34,34,34,33,33,33,3,60,57,40,36,18,38,56,58,55,55,57,57,25,32,19,37,26,60,17,13,13,0,0],"gold":67,"neow_bonus":"THREE_ENEMY_KILL","is_daily":false,"chose_seed":false,"campfire_upgraded":1,"win_rate":0.0,"timestamp":1610462943,"path_taken":["M","?","$","?","?","M","$","?","T","E","?","?","M","?","R","BOSS","M","M","?","M","?","R","M","E","T","M","?","E","M","M","R","BOSS","M","M","$","M"],"items_purchased_type":["Card","Card","Relic"],"build_version":"2020-12-22","purchased_purges":0,"victory":false,"max_hp_per_floor":[60,60,60,60,60,60,60,60,60,60,60,60,60,60,60,60,60,60,60,60,60,60,60,60,60,60,60,60,60,60,60,60,60,60,60,60,60,60,60],"card_choices":[{"not_picked":["Moonworks:ImmovableObject","Moonworks:x16BigRocket"],"picked":"Moonworks:CompletionReward","floor":1},{"not_picked":["Moonworks:BigMagnum","Moonworks:JonathanRush"],"picked":"Moonworks:EvilSpyWorkPreparation","floor":6},{"not_picked":["Moonworks:Assault","Moonworks:LulusLuckyEgg"],"picked":"Moonworks:CloudOfSeagulls","floor":10},{"not_picked":["Moonworks:LulusLuckyEgg+1","Moonworks:CloudOfSeagulls+1"],"picked":"Moonworks:BackdoorTrade","floor":13},{"not_picked":["Moonworks:FinalBattle","Moonworks:Gamble"],"picked":"Moonworks:SubspaceTunnel","floor":16},{"not_picked":["Moonworks:Heat300Percent","Moonworks:DeployBits+1"],"picked":"Moonworks:EvilSpyWorkPreparation+1","floor":18},{"not_picked":["Moonworks:TreasureThief","Moonworks:Bloodlust+1"],"picked":"Moonworks:CloudOfSeagulls+1","floor":18},{"not_picked":["Moonworks:IndiscriminateFireSupport+1","Moonworks:SakisCookie+1"],"picked":"Moonworks:Assault+1","floor":19},{"not_picked":["Moonworks:LulusLuckyEgg+1","Moonworks:ImOnFire+1"],"picked":"Moonworks:TacticalRetreat","floor":19},{"not_picked":["Moonworks:WeAreWaruda","Moonworks:UnpaidWork"],"picked":"Moonworks:EvilSpyWorkPreparation+1","floor":20},{"not_picked":["Moonworks:DevilHand","Moonworks:LulusLuckyEgg+1"],"picked":"Moonworks:EvilSpyWorkPreparation+1","floor":20},{"not_picked":["Moonworks:ImOnFire+1","Moonworks:UnluckyCharm"],"picked":"Moonworks:ForcedRevival","floor":21},{"not_picked":["Moonworks:ImOnFire+1","Moonworks:BackdoorTrade"],"picked":"Moonworks:GoAway","floor":21},{"not_picked":["Moonworks:SakisCookie+1","Moonworks:AngelHand"],"picked":"Moonworks:TacticalRetreat","floor":24},{"not_picked":["Moonworks:FullSpeedAlicianrone","Moonworks:Assault+1"],"picked":"Moonworks:MiracleRedBeanIceCream","floor":24},{"not_picked":["Moonworks:CastOff+1","Moonworks:Gamble"],"picked":"Moonworks:SealedMemories","floor":25},{"not_picked":["Moonworks:CloudOfSeagulls+1","Moonworks:BeyondHell"],"picked":"Moonworks:EvilSpyWorkPreparation+1","floor":27},{"not_picked":["Moonworks:ImOnFire+1","Moonworks:DeployBits+1"],"picked":"Moonworks:EvilMastermind","floor":27},{"not_picked":["Moonworks:LulusLuckyEgg+1","Moonworks:MixPhenomenon"],"picked":"Moonworks:BeyondHell","floor":29},{"not_picked":["Moonworks:BackdoorTrade","Moonworks:DeployBits+1"],"picked":"Moonworks:ForcedRevival","floor":30},{"not_picked":["Moonworks:BigMagnum+1","Moonworks:IntelligenceOfficer+1"],"picked":"Moonworks:TreasureThief","floor":30},{"not_picked":["Moonworks:BigMagnum+1","Moonworks:NicePresent+1"],"picked":"Moonworks:JonathanRush+1","floor":31},{"not_picked":["Moonworks:SakisCookie+1","Moonworks:NicePresent+1"],"picked":"Moonworks:JonathanRush+1","floor":31},{"not_picked":["Moonworks:LeapThroughSpace","Moonworks:HolyNight"],"picked":"Moonworks:SinkOrSwim","floor":33},{"not_picked":["Moonworks:ImOnFire+1","Moonworks:NicePresent+1"],"picked":"Moonworks:Poppoformation","floor":35},{"not_picked":["Moonworks:MiracleWalker+1","Moonworks:ImOnFire+1"],"picked":"Moonworks:DeployBits+1","floor":35},{"not_picked":["Moonworks:CloudOfSeagulls+1","Moonworks:LulusLuckyEgg+1"],"picked":"Moonworks:EvilSpyWorkPreparation+1","floor":36},{"not_picked":["Moonworks:ImOnFire+1","Moonworks:Blazing"],"picked":"Moonworks:SakisCookie+1","floor":36}],"player_experience":1764436,"relics_obtained":[{"floor":9,"key":"Mercury Hourglass"},{"floor":10,"key":"TungstenRod"},{"floor":12,"key":"theForsaken:HumbleEgg"},{"floor":17,"key":"Oddly Smooth Stone"},{"floor":17,"key":"White Beast Statue"},{"floor":17,"key":"Prayer Wheel"},{"floor":25,"key":"Mastiff:ReiMu"},{"floor":26,"key":"Nunchaku"},{"floor":28,"key":"Tea:ReiMu"},{"floor":29,"key":"CaptainsWheel"}],"event_choices":[{"damage_healed":0,"gold_gain":0,"player_choice":"Ignored","damage_taken":0,"max_hp_gain":0,"max_hp_loss":0,"event_name":"Golden Wing","floor":2,"gold_loss":0},{"damage_healed":0,"gold_gain":0,"player_choice":"Box","damage_taken":0,"relics_obtained":["Tiny Chest"],"max_hp_gain":0,"max_hp_loss":0,"event_name":"Big Fish","floor":4,"gold_loss":0,"cards_obtained":["Regret"]},{"damage_healed":0,"gold_gain":0,"player_choice":"Take Damage","damage_taken":15,"relics_obtained":["Golden Idol"],"max_hp_gain":0,"max_hp_loss":0,"event_name":"Golden Idol","floor":5,"gold_loss":0},{"damage_healed":0,"gold_gain":75,"player_choice":"Gather Gold","damage_taken":11,"max_hp_gain":0,"max_hp_loss":0,"event_name":"World of Goop","floor":8,"gold_loss":0},{"damage_healed":0,"gold_gain":0,"player_choice":"1 cards matched","damage_taken":0,"max_hp_gain":0,"max_hp_loss":0,"event_name":"Match and Keep!","floor":14,"gold_loss":0,"cards_obtained":["Moonworks:RedAndBlue"]},{"damage_healed":20,"gold_gain":0,"player_choice":"Heal","damage_taken":0,"max_hp_gain":0,"max_hp_loss":0,"event_name":"The Library","floor":22,"gold_loss":0}],"is_beta":false,"boss_relics":[{"not_picked":["Busted Crown","Tiny House"],"picked":"Calling Bell"},{"not_picked":["Coffee Dripper","Velvet Choker"],"picked":"Silver_Glasses"}],"items_purged_floors":[],"is_endless":false,"potions_floor_spawned":[1,18,19,20,21,24,25,27,29,30,31,33,35,36],"killed_by":"Jaw Worm Horde","ascension_level":0}}