{"host":"fuszjwm6fqgjjp4d","time":1610452175,"event":{"mods":["BaseMod","Bestiary","Colored Map","DeckTracker","Minty Spire (QoL Compilation)","Permanent Neow","Relic Sorter","Relic Stats","StSLib"],"gold_per_floor":[111,111,36,36,54,54,28,28,28,46,46,82,82,118,118,209,209,257,277,277,301,301,301],"floor_reached":22,"playtime":716,"items_purged":["Pain"],"score":481,"play_id":"0f79d510-b367-4fef-a367-bf726faa030f","local_time":"20210112054935","is_ascension_mode":true,"campfire_choices":[{"data":"Eruption","floor":6,"key":"SMITH"},{"data":"ForeignInfluence","floor":13,"key":"SMITH"},{"floor":15,"key":"REST"}],"circlet_count":0,"master_deck":["AscendersBane","Strike_P","Strike_P","Strike_P","Defend_P","Defend_P","Defend_P","Defend_P","Eruption+1","Vigilance","FlyingSleeves","CarveReality","Evaluate","FlurryOfBlows","CrushJoints","ForeignInfluence+1","Brilliance","Wish","FearNoEvil","ThirdEye","Vault"],"relics":["PureWater","WarpedTongs","Golden Idol","Kunai","Boot","Du-Vu Doll","Black Star"],"acts_visited":["Exordium","TheCity"],"potions_floor_usage":[12,14,19],"damage_taken":[{"damage":0.0,"enemies":"Small Slimes","floor":1.0,"turns":2.0},{"damage":2.0,"enemies":"Cultist","floor":5.0,"turns":4.0},{"damage":4,"enemies":"2 Louse","floor":10,"turns":2},{"damage":0,"enemies":"Lagavulin","floor":12,"turns":5},{"damage":21,"enemies":"Gremlin Nob","floor":14,"turns":4},{"damage":0,"enemies":"Slime Boss","floor":16,"turns":4},{"damage":18,"enemies":"Spheric Guardian","floor":18,"turns":4},{"damage":0,"enemies":"3 Byrds","floor":19,"turns":3},{"damage":32,"enemies":"Shelled Parasite and Fungi","floor":21,"turns":6},{"damage":13,"enemies":"Snake Plant","floor":22,"turns":1}],"seed_played":"-5686689173156374988","potions_obtained":[{"floor":1.0,"key":"LiquidMemories"},{"floor":12,"key":"Swift Potion"},{"floor":18,"key":"Explosive Potion"},{"floor":21,"key":"Fire Potion"}],"is_trial":false,"path_per_floor":["M","?","$","?","M","R","$","?","T","M","?","E","R","E","R","B",null,"M","M","?","M","M"],"character_chosen":"WATCHER","items_purchased":["FlurryOfBlows"],"campfire_rested":1,"item_purchase_floors":[7],"current_hp_per_floor":[61,61,61,61,59,59,59,59,59,55,55,55,55,34,52,52,60,42,42,42,10,0,0],"gold":301,"neow_bonus":"THREE_CARDS","is_daily":false,"chose_seed":false,"campfire_upgraded":2,"win_rate":0.0,"timestamp":1610452175,"path_taken":["M","?","?","?","M","R","$","?","T","M","?","E","R","E","R","BOSS","M","M","?","M","M"],"items_purchased_type":["Card"],"build_version":"2020-12-22","purchased_purges":1,"victory":false,"max_hp_per_floor":[68,68,68,62,62,62,62,62,62,62,62,62,62,62,62,62,62,62,62,62,62,62,62],"relic_stats":{"counters":[10,35],"Golden Idol":57,"Black Star":0,"Kunai":[14],"Boot":[18],"obtain_stats":[{"Du-Vu Doll":14,"Golden Idol":4,"Black Star":17,"Kunai":9,"PureWater":0,"Boot":12,"WarpedTongs":2},{"Du-Vu Doll":5,"Golden Idol":1,"Black Star":6,"Kunai":2,"PureWater":0,"Boot":4,"WarpedTongs":1},{"Du-Vu Doll":17,"Golden Idol":2,"Black Star":21,"Kunai":6,"PureWater":0,"Boot":13,"WarpedTongs":2}],"WarpedTongs":[33]},"card_choices":[{"not_picked":["Swivel","ThirdEye"],"picked":"FlyingSleeves","floor":0.0},{"not_picked":["Pray","Protect"],"picked":"CarveReality","floor":1.0},{"not_picked":["Crescendo","BowlingBash"],"picked":"Evaluate","floor":5},{"not_picked":["Crescendo","Evaluate"],"picked":"CrushJoints","floor":10},{"not_picked":["FollowUp","Crescendo"],"picked":"ForeignInfluence","floor":12},{"not_picked":["SignatureMove","FearNoEvil"],"picked":"Brilliance","floor":14},{"not_picked":["LessonLearned","Alpha"],"picked":"Wish","floor":16},{"not_picked":["Evaluate","Vengeance"],"picked":"FearNoEvil","floor":18},{"not_picked":["WreathOfFlame","PathToVictory"],"picked":"ThirdEye","floor":19},{"not_picked":["JustLucky","Prostrate"],"picked":"Vault","floor":21}],"player_experience":1278925,"relics_obtained":[{"floor":9,"key":"Kunai"},{"floor":12,"key":"Boot"},{"floor":14,"key":"Du-Vu Doll"}],"event_choices":[{"damage_healed":0.0,"max_hp_gain":0.0,"max_hp_loss":0.0,"gold_gain":0.0,"event_name":"Accursed Blacksmith","player_choice":"Rummage","floor":2.0,"gold_loss":0.0,"damage_taken":0.0,"relics_obtained":["WarpedTongs"],"cards_obtained":["Pain"]},{"damage_healed":0.0,"max_hp_gain":0.0,"max_hp_loss":6.0,"gold_gain":0.0,"event_name":"Golden Idol","player_choice":"Lose Max HP","floor":4.0,"gold_loss":0.0,"damage_taken":0.0,"relics_obtained":["Golden Idol"]},{"damage_healed":0,"gold_gain":0,"player_choice":"Ignored","damage_taken":0,"max_hp_gain":0,"max_hp_loss":0,"event_name":"Liars Game","floor":8,"gold_loss":0},{"cards_removed":["Strike_P"],"damage_healed":0,"gold_gain":0,"player_choice":"Offered Basic","damage_taken":0,"max_hp_gain":0,"max_hp_loss":0,"event_name":"Bonfire Elementals","floor":11,"gold_loss":0},{"damage_healed":0,"gold_gain":0,"player_choice":"Ignored","damage_taken":0,"max_hp_gain":0,"max_hp_loss":0,"event_name":"Ghosts","floor":20,"gold_loss":0}],"is_beta":false,"boss_relics":[{"not_picked":["Velvet Choker","Runic Pyramid"],"picked":"Black Star"}],"items_purged_floors":[3],"is_endless":false,"potions_floor_spawned":[1,12,18,21],"killed_by":"Snake Plant","ascension_level":16}}