{"host":"kig4ty9d1aubg29s","time":1610462192,"event":{"mods":["BaseMod","Minty Spire (QoL Compilation)","READ ME - Guardian Mod","READ ME - Snecko Mod","StSLib","The Cursed","The Gatherer","The Hierophant","The Runesmith"],"gold_per_floor":[113,79,99,99,115,115,115,126,172,198,210,233,275,297,309,425,437,465,493,525,537,561,573,605,93,93,93,93,126,126,136,136,241,241,258,274,293,306,306,333,333,358,358,358,202,211,229,252,252,252,252,252],"floor_reached":50,"playtime":2542,"items_purged":["Regret"],"score":853,"play_id":"9ac1b148-2ce5-4b21-ab18-c7473f0e75e8","local_time":"20210112233632","is_ascension_mode":true,"metric_token":605,"campfire_choices":[{"data":"Gatherer:CollectorsShot","floor":6,"key":"SMITH"},{"floor":11,"key":"REST"},{"data":"Gatherer:FlowerPower","floor":15,"key":"SMITH"},{"floor":23,"key":"REST"},{"floor":27,"key":"REST"},{"floor":30,"key":"REST"},{"data":"Gatherer:FlowerPower+2","floor":32,"key":"SMITH"},{"floor":41,"key":"REST"},{"floor":44,"key":"REST"},{"floor":49,"key":"REST"}],"circlet_count":0,"master_deck":["AscendersBane","Gatherer:Strike_Gatherer+1","Gatherer:Strike_Gatherer+1","Gatherer:Strike_Gatherer","Gatherer:Strike_Gatherer","Gatherer:Strike_Gatherer","Gatherer:Defend_Gatherer","Gatherer:Defend_Gatherer","Gatherer:Defend_Gatherer","Gatherer:Defend_Gatherer","Gatherer:Defend_Gatherer","Gatherer:Centralize","Gatherer:FlowerWhip+1","Gatherer:Enchant","Gatherer:Pollute+1","Gatherer:Uplift","Gatherer:CollectorsShot+1","Gatherer:FragileHammer","Gatherer:OddSpoils","Gatherer:Pollute","Gatherer:Pollute","Gatherer:FlowerPower+3","Gatherer:BlackTea","Gatherer:TacticalStrike","Gatherer:FlowerFalling+2","Gatherer:RecipeChange+1","Gatherer:ScherryThrow","Gatherer:BlackTea","Gatherer:Nutrients","Gatherer:RottenStipe","Gatherer:BomberForm+1","Gatherer:EnergyBasket+1","Gatherer:BambuSword+1","Gatherer:Misfortune+1","Gatherer:Herbalism+1","Gatherer:EnergyBasket+1","Gatherer:MindSearch","Chrysalis","Madness","Madness","Gatherer:CollectorsShot+1"],"relics":["Gatherer:AlchemyBag","NeowsBlessing","Anchor","Whetstone","MawBank","Runesmith:Nanobots","Black Star","MutagenicStrength","Medical Kit","Boot","Centennial Puzzle","PreservedInsect","Akabeko","InkBottle","SlaversCollar","Bag of Preparation","Gatherer:Leftovers","Gatherer:MistGenerator","Pantograph","Ornamental Fan","CeramicFish"],"acts_visited":["Exordium","TheCity","TheBeyond"],"potions_floor_usage":[10,29,33,35,37,50],"damage_taken":[{"damage":0,"enemies":"Cultist","floor":1,"turns":1},{"damage":0,"enemies":"Jaw Worm","floor":3,"turns":1},{"damage":0,"enemies":"Small Slimes","floor":5,"turns":2},{"damage":2,"enemies":"3 Louse","floor":8,"turns":4},{"damage":14,"enemies":"Lagavulin","floor":10,"turns":5},{"damage":11,"enemies":"Exordium Thugs","floor":12,"turns":4},{"damage":24,"enemies":"3 Sentries","floor":13,"turns":5},{"damage":7,"enemies":"Lots of Slimes","floor":14,"turns":3},{"damage":28,"enemies":"Slime Boss","floor":16,"turns":9},{"damage":6,"enemies":"Chosen","floor":18,"turns":4},{"damage":24,"enemies":"Shell Parasite","floor":19,"turns":4},{"damage":20,"enemies":"Snake Plant","floor":20,"turns":4},{"damage":14,"enemies":"Chosen and Byrds","floor":22,"turns":4},{"damage":21,"enemies":"3 Cultists","floor":24,"turns":4},{"damage":11,"enemies":"Gremlin Leader","floor":29,"turns":4},{"damage":10,"enemies":"Centurion and Healer","floor":31,"turns":3},{"damage":50,"enemies":"Automaton","floor":33,"turns":7},{"damage":1,"enemies":"Orb Walker","floor":35,"turns":2},{"damage":5,"enemies":"3 Darklings","floor":36,"turns":3},{"damage":9,"enemies":"Transient","floor":37,"turns":5},{"damage":1,"enemies":"Sphere and 2 Shapes","floor":38,"turns":7},{"damage":28,"enemies":"Reptomancer","floor":40,"turns":5},{"damage":12,"enemies":"Giant Head","floor":42,"turns":3},{"damage":2,"enemies":"3 Darklings","floor":48,"turns":3},{"damage":90,"enemies":"Awakened One","floor":50,"turns":6}],"seed_played":"-6189864493733956957","potions_obtained":[{"floor":1,"key":"FearPotion"},{"floor":5,"key":"FairyPotion"},{"floor":13,"key":"Explosive Potion"},{"floor":14,"key":"FairyPotion"},{"floor":16,"key":"BlessingOfTheForge"},{"floor":24,"key":"Explosive Potion"},{"floor":29,"key":"Fire Potion"},{"floor":31,"key":"BloodPotion"},{"floor":36,"key":"Fire Potion"},{"floor":37,"key":"LiquidBronze"}],"is_trial":false,"path_per_floor":["M","$","M","?","M","R","?","M","T","E","R","M","E","M","R","B",null,"M","M","M","?","M","R","M","$","T","R","$","E","R","M","R","B",null,"M","M","M","M","?","E","R","E","T","R","$","?","?","M","R","B"],"character_chosen":"THE_GATHERER","items_purchased":["Gatherer:Pollute","Medical Kit","Boot","Centennial Puzzle","CeramicFish"],"campfire_rested":7,"item_purchase_floors":[2,25,25,25,45],"current_hp_per_floor":[65,65,65,65,65,65,65,63,63,49,70,59,35,28,28,21,59,53,29,9,9,21,42,21,21,21,42,42,31,52,42,42,6,56,55,50,41,40,40,12,33,21,21,42,42,42,33,31,52,0,0,0],"gold":252,"neow_bonus":"THREE_ENEMY_KILL","is_daily":false,"chose_seed":false,"campfire_upgraded":3,"win_rate":0.0,"timestamp":1610462192,"path_taken":["M","?","M","?","M","R","?","M","T","E","R","M","E","M","R","BOSS","M","?","M","?","M","R","M","$","T","R","?","E","R","M","R","BOSS","M","?","M","M","?","E","R","E","T","R","?","?","?","M","R","BOSS"],"items_purchased_type":["Card","Relic","Relic","Relic","Relic"],"build_version":"2020-12-22","purchased_purges":1,"victory":false,"max_hp_per_floor":[72,72,72,72,72,72,72,72,72,72,72,72,72,72,72,72,72,72,72,72,72,72,72,72,72,72,72,72,72,72,72,72,72,72,72,72,72,72,72,72,72,72,72,72,72,72,72,72,72,72,72,72],"card_choices":[{"not_picked":["Gatherer:DrugPower","Gatherer:PotentialSlash"],"picked":"Gatherer:Enchant","floor":1},{"not_picked":["Gatherer:AromaProtection","Gatherer:WoolGloves"],"picked":"Gatherer:Uplift","floor":3},{"not_picked":["Gatherer:ScrollOfWall","Gatherer:EchoOfNature"],"picked":"Gatherer:CollectorsShot","floor":5},{"not_picked":["Gatherer:CarefulStrike","Gatherer:FlowerShield"],"picked":"Gatherer:FragileHammer","floor":8},{"not_picked":["Gatherer:FragileHammer","Gatherer:MiningStrike"],"picked":"Gatherer:OddSpoils","floor":10},{"not_picked":["Gatherer:Solidify","Gatherer:FlowerPower"],"picked":"Gatherer:Pollute","floor":12},{"not_picked":["Gatherer:GlowingPlant","Gatherer:AromaProtection"],"picked":"Gatherer:Pollute","floor":13},{"not_picked":["Gatherer:ScherryThrow","Gatherer:DrugPower"],"picked":"Gatherer:FlowerPower","floor":14},{"not_picked":["Gatherer:ScrollOfPurity","Gatherer:CursedBlade"],"picked":"Gatherer:BlackTea","floor":16},{"not_picked":["Gatherer:FlowerShield","Gatherer:RecipeChange"],"picked":"Gatherer:TacticalStrike","floor":18},{"not_picked":["Gatherer:Polymorphism+1","Gatherer:EnergyBasket"],"picked":"Gatherer:FlowerFalling+1","floor":19},{"not_picked":["Gatherer:TacticalStrike","Gatherer:ScentOfRosmari"],"picked":"Gatherer:RecipeChange+1","floor":20},{"not_picked":["Gatherer:DrugPower","Gatherer:Transmute"],"picked":"Gatherer:ScherryThrow","floor":22},{"not_picked":["Gatherer:PotentialSlash","Gatherer:GlowingPlant"],"picked":"Gatherer:BlackTea","floor":24},{"not_picked":["Gatherer:Pollute","Gatherer:WitheringStrike"],"picked":"Gatherer:Nutrients","floor":29},{"not_picked":["Gatherer:AromaProtection","Gatherer:PotentialSlash"],"picked":"Gatherer:RottenStipe","floor":31},{"not_picked":["Gatherer:ScrollOfPurity","Gatherer:StoneFence"],"picked":"Gatherer:BomberForm","floor":33},{"not_picked":["Gatherer:Frenzy+1","Gatherer:PotentialSlash+1"],"picked":"Gatherer:EnergyBasket+1","floor":35},{"not_picked":["Gatherer:SaveValuables+1","Gatherer:ScrollOfWall+1"],"picked":"Gatherer:BambuSword+1","floor":36},{"not_picked":["Gatherer:CarefulStrike+1","Gatherer:MiningStrike"],"picked":"Gatherer:Misfortune+1","floor":37},{"not_picked":["Gatherer:FruitForce","Gatherer:WitheringStrike"],"picked":"Gatherer:Herbalism+1","floor":38},{"not_picked":["Gatherer:FragileHammer+1","Gatherer:DrugPower+1"],"picked":"Gatherer:EnergyBasket+1","floor":40},{"not_picked":["Gatherer:FragileHammer","Gatherer:ScentOfRosmari+1"],"picked":"Gatherer:MindSearch","floor":42},{"not_picked":["Secret Weapon","Magnetism"],"picked":"Chrysalis","floor":46},{"not_picked":["Gatherer:FragileHammer","Gatherer:AromaProtection+1"],"picked":"Gatherer:CollectorsShot+1","floor":48}],"player_experience":1940789,"relics_obtained":[{"floor":9,"key":"Whetstone"},{"floor":10,"key":"MawBank"},{"floor":13,"key":"Runesmith:Nanobots"},{"floor":26,"key":"PreservedInsect"},{"floor":29,"key":"Akabeko"},{"floor":29,"key":"InkBottle"},{"floor":40,"key":"Bag of Preparation"},{"floor":40,"key":"Gatherer:Leftovers"},{"floor":42,"key":"Gatherer:MistGenerator"},{"floor":42,"key":"Pantograph"},{"floor":43,"key":"Ornamental Fan"}],"event_choices":[{"damage_healed":0,"gold_gain":0,"player_choice":"Box","damage_taken":0,"relics_obtained":["Anchor"],"max_hp_gain":0,"max_hp_loss":0,"event_name":"Big Fish","floor":4,"gold_loss":0,"cards_obtained":["Regret"]},{"damage_healed":0,"gold_gain":0,"player_choice":"Upgraded","damage_taken":0,"max_hp_gain":0,"max_hp_loss":0,"event_name":"Upgrade Shrine","floor":7,"gold_loss":0,"cards_upgraded":["Gatherer:Pollute"]},{"damage_healed":0,"gold_gain":0,"player_choice":"Inject Mutagens","damage_taken":0,"relics_obtained":["MutagenicStrength"],"max_hp_gain":0,"max_hp_loss":0,"event_name":"Drug Dealer","floor":21,"gold_loss":0},{"damage_healed":0,"gold_gain":0,"player_choice":"Upgraded","damage_taken":0,"max_hp_gain":0,"max_hp_loss":0,"event_name":"Upgrade Shrine","floor":39,"gold_loss":0,"cards_upgraded":["Gatherer:BomberForm"]},{"damage_healed":0,"gold_gain":0,"player_choice":"Memory 1","damage_taken":0,"max_hp_gain":0,"max_hp_loss":0,"event_name":"SensoryStone","floor":46,"gold_loss":0},{"damage_healed":0,"gold_gain":0,"player_choice":"Embrace Madness","damage_taken":9,"max_hp_gain":0,"max_hp_loss":0,"event_name":"Winding Halls","floor":47,"gold_loss":0,"cards_obtained":["Madness","Madness"]}],"is_beta":false,"boss_relics":[{"not_picked":["Velvet Choker","Ectoplasm"],"picked":"Black Star"},{"not_picked":["Empty Cage","Runic Dome"],"picked":"SlaversCollar"}],"items_purged_floors":[25],"is_endless":false,"potions_floor_spawned":[1,5,13,14,16,24,29,31,36,37],"killed_by":"Awakened One","ascension_level":11}}