{"host":"udsj4lb8h4i3mw66","time":1610421809,"event":{"mods":["100% Spire Juice","BaseMod","Marisa（F雨　魔理沙）","Minty Spire (QoL Compilation)","RumiaBox-露米娅的神秘盒子","StSLib","TestMod","Waifu the Spire","【功能Mod】混沌之环修复补丁"],"gold_per_floor":[116,116,116,116,136,163,163,43,43,118,118,134,165,45,45,45,45],"floor_reached":16,"playtime":310,"items_purged":[],"score":164,"play_id":"1308f9d0-39a7-455a-bd4e-403d306aa242","local_time":"20210112112328","is_ascension_mode":true,"campfire_choices":[{"floor":8,"key":"RECALL"},{"data":"Moonworks:SakisCookie","floor":11,"key":"SMITH"},{"data":"Moonworks:RagingMadness","floor":15,"key":"SMITH"}],"circlet_count":0,"master_deck":["Moonworks:Strike","Moonworks:Strike","Moonworks:Strike","Moonworks:Strike","Moonworks:Defend","Moonworks:Defend","Moonworks:Defend","Moonworks:Defend","Moonworks:Ambush","Moonworks:LongDistanceShot","Moonworks:MiracleWalker","Moonworks:SakisCookie+1","Moonworks:SelfDestruct","Moonworks:RagingMadness+1","Moonworks:TreasureThief"],"relics":["Moonworks:BrokenBomb","Moonworks:Homemark","testmod-TestBox","NeowsBlessing","AddBug","SecretRecord","SecretRecord"],"acts_visited":["Exordium"],"potions_floor_usage":[13,16],"damage_taken":[{"damage":0,"enemies":"Jaw Worm","floor":1,"turns":1},{"damage":0,"enemies":"Small Slimes","floor":5,"turns":2},{"damage":0,"enemies":"3 Sentries","floor":6,"turns":2},{"damage":3,"enemies":"Cultist","floor":12,"turns":4},{"damage":0,"enemies":"Lagavulin","floor":13,"turns":1},{"damage":40,"enemies":"Hexaghost","floor":16,"turns":3}],"seed_played":"-3673333499024851382","potions_obtained":[{"floor":1,"key":"Block Potion"},{"floor":5,"key":"testmod-EscapePotion"},{"floor":6,"key":"Moonworks:OneHundredPercentOrangeJuicePotion"}],"is_trial":false,"path_per_floor":["M","?","$","?","M","E","?","R","T","?","R","M","E","$","R","B"],"character_chosen":"THE_STARBREAKER","items_purchased":[],"campfire_rested":0,"item_purchase_floors":[],"current_hp_per_floor":[60,45,45,45,45,45,45,45,45,34,34,35,35,35,35,0,0],"gold":45,"neow_bonus":"THREE_ENEMY_KILL","is_daily":false,"chose_seed":false,"campfire_upgraded":2,"win_rate":0.0,"timestamp":1610421808,"path_taken":["M","?","$","?","M","E","?","R","T","?","R","?","E","?","R","BOSS"],"items_purchased_type":[],"build_version":"2020-12-22","purchased_purges":0,"victory":false,"max_hp_per_floor":[60,60,60,60,60,60,60,60,60,60,60,60,60,60,60,60,60],"card_choices":[{"not_picked":["Moonworks:Bloodlust","Moonworks:IndiscriminateFireSupport"],"picked":"Moonworks:MiracleWalker","floor":1},{"not_picked":["Moonworks:IndiscriminateFireSupport","Moonworks:NicePresent"],"picked":"Moonworks:SakisCookie","floor":5},{"not_picked":["Moonworks:SakisCookie","Moonworks:ReproductionOfRecords"],"picked":"Moonworks:SelfDestruct","floor":6},{"not_picked":["Moonworks:Assault","Moonworks:EvilSpyWorkPreparation"],"picked":"Moonworks:RagingMadness","floor":12},{"not_picked":["Moonworks:DeployBits","Moonworks:Assault"],"picked":"Moonworks:TreasureThief","floor":13}],"player_experience":290362,"relics_obtained":[{"floor":1,"key":"AddBug"},{"floor":6,"key":"testmod-CrystalShield"},{"floor":12,"key":"SecretRecord"},{"floor":13,"key":"Vajra"}],"event_choices":[{"damage_healed":0,"gold_gain":0,"player_choice":"Take Damage","damage_taken":15,"relics_obtained":["Golden Idol"],"max_hp_gain":0,"max_hp_loss":0,"event_name":"Golden Idol","floor":2,"gold_loss":0},{"damage_healed":0,"gold_gain":0,"player_choice":"Ignored","damage_taken":0,"max_hp_gain":0,"max_hp_loss":0,"event_name":"给自己的盒子","floor":4,"gold_loss":0},{"damage_healed":0,"gold_gain":0,"player_choice":"Searched \u00271\u0027 times","damage_taken":0,"relics_obtained":["testmod-InfectionSource"],"max_hp_gain":0,"max_hp_loss":0,"event_name":"Dead Adventurer","floor":7,"gold_loss":0},{"damage_healed":0,"gold_gain":75,"player_choice":"Gather Gold","damage_taken":11,"max_hp_gain":0,"max_hp_loss":0,"event_name":"World of Goop","floor":10,"gold_loss":0}],"is_beta":false,"boss_relics":[],"items_purged_floors":[],"is_endless":false,"potions_floor_spawned":[1,5,6],"killed_by":"Hexaghost","ascension_level":1}}