{"host":"qvjm1ppyz58jture","time":1610425360,"event":{"mods":["2.2 Compatiblity","AchievementEnabler","Act Like it!","Bard","Bartender","BaseMod","Downfall","Friendly Minions","Gensokyo","GifTheSpireLib","Gremlin Mod","GungeonMod","Hallownest","Hermit","Marisa????????","Minty Spire (QoL Compilation)","Permanent Neow","Practice Mode","Quick Restart","Rare Cards Sparkle","Replay The Spire","Robot Space Explorer","SIMod","StSLib","The Bug Knight","The Dragon Tamer","The Hayseed","The Senshi","The Wild Card","TheBandit"],"gold_per_floor":[99,113,129,42,42,42,91,91,104,134,154,167,267,298,308,403,403,403,415,154,154,171,148,148,178,178,194,194,226,211,238,257,355,355,355,374,390,404,417,433,481,494,494,494,285,285,285,297,316,316],"floor_reached":51,"playtime":5232,"items_purged":[],"score":810,"play_id":"9708a9c9-b9fb-4271-862f-3a5e433cbe60","local_time":"20210111202240","is_ascension_mode":true,"campfire_choices":[{"data":"Slimebound:Split","floor":1.0,"key":"SMITH"},{"data":"Slimebound:HauntingLick","floor":6.0,"key":"SMITH"},{"floor":35.0,"key":"RECALL"},{"data":"Slimebound:PrepareCrush","floor":44.0,"key":"SMITH"},{"data":"1","floor":47.0,"key":"LIFT"}],"circlet_count":0,"master_deck":["Slimebound:Tackle","Slimebound:Split+1","Slimebound:CorrosiveSpit","Slimebound:SplitMire","Slimebound:Schlurp","Slimebound:AcidTongue","Slimebound:HauntingLick+1","Slimebound:LevelUp","Slimebound:SplitMire","Slimebound:ItLooksTasty+1","Slimebound:LeadByExample+1","Slimebound:SplitAcid","Slimebound:SamplingLick","Slimebound:LeechingTouch","Slimebound:TongueLash","Slimebound:Teamwork","Slimebound:Prepare","Slimebound:TongueLash","Slimebound:OozeBath","Slimebound:SlimeSpikes","Slimebound:FlameTackle","Slimebound:PrepareCrush+1","Slimebound:LevelUp","Slimebound:PressTheAttack","Slimebound:LivingWall+1","Slimebound:RollThrough","Slimebound:MassRepurpose","Slimebound:SplitAcid+1","Necronomicurse","Slimebound:Schlurp+1","Slimebound:GrowthPunch+1","Slimebound:WasteNot","Slimebound:Nibble+1","Slimebound:LeechEnergy+1","Slimebound:SlimeBarrage","Slimebound:Darklings","Slimebound:ItLooksTasty+1"],"relics":["Slimebound:AbsorbEndCombatUpgraded","Replay:Ringing Soul","DemoMod:WhiteGuonStone","Pandora\u0027s Box","Divine Protection","DemoMod:GreenGuonStone","Potion Belt","Question Card","Necronomicon","Girya","Smiling Mask","Replay:Grab Bag","Busted Crown","Slimebound:TarBlob","Replay:Wax Seal","Slimebound:SelfDamagePreventRelic","Meat on the Bone","Gremlin Food"],"acts_visited":["Exordium","TheCity","TheBeyond"],"potions_floor_usage":[50,50,50],"damage_taken":[{"damage":18.0,"enemies":"2 Louse","floor":2.0,"turns":2.0},{"damage":15.0,"enemies":"Small Slimes","floor":3.0,"turns":4.0},{"damage":16.0,"enemies":"downfall:FleeingMerchant","floor":4.0,"turns":4.0},{"damage":0.0,"enemies":"Cultist","floor":8.0,"turns":1.0},{"damage":20.0,"enemies":"Blue Slaver","floor":9.0,"turns":2.0},{"damage":43.0,"enemies":"HollowMod:MossKnight","floor":10.0,"turns":7.0},{"damage":32.0,"enemies":"Exordium Wildlife","floor":11.0,"turns":3.0},{"damage":18.0,"enemies":"3 Louse","floor":12.0,"turns":3.0},{"damage":39.0,"enemies":"downfall:Heads","floor":13.0,"turns":4.0},{"damage":42.0,"enemies":"Lagavulin","floor":14.0,"turns":5.0},{"damage":12.0,"enemies":"Blue Slaver","floor":15.0,"turns":2.0},{"damage":42.0,"enemies":"downfall:Ironclad","floor":16.0,"turns":5.0},{"damage":23.0,"enemies":"Shell Parasite","floor":19.0,"turns":4.0},{"damage":24.0,"enemies":"downfall:FleeingMerchant","floor":20.0,"turns":4.0},{"damage":33.0,"enemies":"3 Cultists","floor":22.0,"turns":5.0},{"damage":23.0,"enemies":"Replay:Snechameleon","floor":25.0,"turns":5.0},{"damage":27.0,"enemies":"Sentry and Sphere","floor":27.0,"turns":5.0},{"damage":52.0,"enemies":"Book of Stabbing","floor":29.0,"turns":5.0},{"damage":24.0,"enemies":"downfall:FleeingMerchant","floor":30.0,"turns":4.0},{"damage":2.0,"enemies":"Snake Plant","floor":32.0,"turns":3.0},{"damage":61.0,"enemies":"downfall:Watcher","floor":33.0,"turns":7.0},{"damage":20.0,"enemies":"Orb Walker","floor":36.0,"turns":3.0},{"damage":43.0,"enemies":"3 Darklings","floor":37.0,"turns":5.0},{"damage":50.0,"enemies":"Spire Growth","floor":38.0,"turns":4.0},{"damage":27.0,"enemies":"Transient","floor":39.0,"turns":5.0},{"damage":19.0,"enemies":"3 Darklings","floor":40.0,"turns":4.0},{"damage":35.0,"enemies":"Spire Growth","floor":42.0,"turns":4.0},{"damage":43.0,"enemies":"downfall:FleeingMerchant","floor":45.0,"turns":4.0},{"damage":57.0,"enemies":"Maw","floor":48.0,"turns":5.0},{"damage":37.0,"enemies":"Sphere and 2 Shapes","floor":49.0,"turns":3.0},{"damage":35,"enemies":"downfall:Silent","floor":50,"turns":5}],"seed_played":"530638545005110100","potions_obtained":[{"floor":2.0,"key":"Milkshake"},{"floor":9.0,"key":"Slimebound:SlimyTonguePotion"},{"floor":10.0,"key":"PowerPotion"},{"floor":11.0,"key":"DemoMod:LeadSkinPotion"},{"floor":22.0,"key":"Swift Potion"},{"floor":25.0,"key":"DistilledChaos"},{"floor":29.0,"key":"Adrenaline Potion"},{"floor":33.0,"key":"sneckomod:MuddlingPotion"},{"floor":38.0,"key":"EssenceOfSteel"},{"floor":40.0,"key":"Block Potion"},{"floor":48.0,"key":"Adrenaline Potion"}],"is_trial":false,"path_per_floor":["R","M","M","$","?","R","T","M","M","E","M","M","?","E","M","B",null,"R","M","$","?","M","?","T","E","T","M","?","E","$","T","M","B",null,"R","M","M","M","M","M","T","M","?","R","$","?","R","M","M","B",null],"character_chosen":"SLIMEBOUND","items_purchased":["Slimebound:LevelUp","Divine Protection","Slimebound:SelfDamagePreventRelic","Meat on the Bone","Gremlin Food"],"campfire_rested":0,"item_purchase_floors":[4,20,45,45,45],"current_hp_per_floor":[60,58,59,60,60,60,60,60,59,52,47,48,52,41,52,53,84,84,84,86,59,65,65,65,77,77,93,80,72,75,75,88,84,111,111,111,106,84,117,120,120,95,98,98,104,104,104,115,110,121],"gold":316,"neow_bonus":"THREE_CARDS","is_daily":false,"chose_seed":false,"campfire_upgraded":3,"win_rate":0.0,"timestamp":1610425360,"path_taken":["R","M","M","$","?","R","T","M","M","E","M","M","?","E","M","BOSS","R","M","$","?","?","?","T","E","?","M","?","E","$","?","M","BOSS","R","M","M","M","M","?","T","M","?","R","$","?","R","M","M","BOSS"],"items_purchased_type":["Card","Relic","Relic","Relic","Relic"],"build_version":"2020-12-22","purchased_purges":0,"victory":true,"max_hp_per_floor":[60,60,60,60,60,60,60,60,60,63,66,69,72,75,78,81,84,84,87,90,90,93,93,93,96,96,99,102,102,105,105,108,111,111,111,111,111,114,117,120,120,120,123,123,126,126,126,126,126,126],"card_choices":[{"not_picked":["Slimebound:SplitBruiser","Slimebound:SpikyOuterGoop"],"picked":"Slimebound:SplitMire","floor":0.0},{"not_picked":["Slimebound:SplitAcid","Slimebound:SplitLeeching"],"picked":"Slimebound:Schlurp","floor":2.0},{"not_picked":["Slimebound:LeechEnergy","Slimebound:GoopSpray"],"picked":"Slimebound:AcidTongue","floor":3.0},{"not_picked":["Slimebound:LeechingTouch","Slimebound:BestDefense"],"picked":"Slimebound:HauntingLick","floor":4.0},{"not_picked":["Slimebound:LeechEnergy","Slimebound:GoopSpray"],"picked":"Slimebound:SplitMire","floor":8.0},{"not_picked":["Slimebound:LeechingTouch","Slimebound:DisruptingSlam"],"picked":"Slimebound:ItLooksTasty","floor":9.0},{"not_picked":["Slimebound:RallyTheTroops","Slimebound:RejuvenatingLick"],"picked":"Slimebound:LeadByExample","floor":10.0},{"not_picked":["Slimebound:SlimeSpikes","Slimebound:RollThrough"],"picked":"Slimebound:SplitAcid","floor":11.0},{"not_picked":["Slimebound:Schlurp","Slimebound:ViciousTackle"],"picked":"Slimebound:SamplingLick","floor":12.0},{"not_picked":["Slimebound:PressTheAttack","Slimebound:FlameTackle"],"picked":"Slimebound:LeadByExample","floor":13.0},{"not_picked":["Slimebound:MassFeed","Slimebound:ViciousTackle"],"picked":"Slimebound:LeechingTouch","floor":14.0},{"not_picked":["Slimebound:SplitAcid","Slimebound:GoopSpray"],"picked":"Slimebound:TongueLash","floor":15.0},{"not_picked":["Slimebound:PrepareCrush","Slimebound:Overexert"],"picked":"Slimebound:Teamwork","floor":16.0},{"not_picked":["Slimebound:FinishingTackle","Slimebound:SplitLeeching"],"picked":"Slimebound:PressTheAttack","floor":19.0},{"not_picked":["Slimebound:Chomp+1","Slimebound:Schlurp"],"picked":"Slimebound:LivingWall+1","floor":20.0},{"not_picked":["Slimebound:LivingWall","Slimebound:ComboTackle"],"picked":"Slimebound:RollThrough","floor":22.0},{"not_picked":["Slimebound:SlimeSpikes","Slimebound:TongueLash"],"picked":"Slimebound:MassRepurpose","floor":25.0},{"not_picked":["Slimebound:LevelUp","Slimebound:Grow","Slimebound:FinishingTackle"],"picked":"Slimebound:SplitAcid+1","floor":27.0},{"not_picked":["Slimebound:Schlurp","Slimebound:SplitBruiser","Slimebound:LeechingTouch","Slimebound:FinishingTackle+1"],"picked":"SKIP","floor":29.0},{"not_picked":["Slimebound:Teamwork","Slimebound:LivingWall","Slimebound:SlimeSpikes"],"picked":"Slimebound:Schlurp+1","floor":30.0},{"not_picked":["Slimebound:RollThrough+1","Slimebound:FinishingTackle","Slimebound:PressTheAttack"],"picked":"Slimebound:GrowthPunch+1","floor":32.0},{"not_picked":["Slimebound:OozeBath","Slimebound:PrepareCrush","Slimebound:RallyTheTroops"],"picked":"Slimebound:WasteNot","floor":33.0},{"not_picked":["Slimebound:ComboTackle+1","Slimebound:LeadByExample"],"picked":"SKIP","floor":36.0},{"not_picked":["Slimebound:SplitMire","Slimebound:ViciousTackle"],"picked":"SKIP","floor":37.0},{"not_picked":["Slimebound:SplitBruiser+1"],"picked":"Slimebound:Nibble+1","floor":38.0},{"not_picked":["Slimebound:SamplingLick+1"],"picked":"Slimebound:LeechEnergy+1","floor":39.0},{"not_picked":["Slimebound:ViciousTackle+1"],"picked":"Slimebound:SlimeBarrage","floor":40.0},{"not_picked":["Slimebound:Replication","Slimebound:BestDefense+1"],"picked":"SKIP","floor":42.0},{"not_picked":["Slimebound:LevelUp+1"],"picked":"Slimebound:ItLooksTasty+1","floor":45.0},{"not_picked":["Slimebound:Prepare","Slimebound:LeechLife"],"picked":"SKIP","floor":48.0},{"not_picked":["Slimebound:ViciousTackle+1","Slimebound:SlimeSpikes+1"],"picked":"SKIP","floor":49.0}],"player_experience":276654,"relics_obtained":[{"floor":10.0,"key":"Replay:Ringing Soul"},{"floor":14.0,"key":"DemoMod:WhiteGuonStone"},{"floor":24.0,"key":"DemoMod:GreenGuonStone"},{"floor":25.0,"key":"Potion Belt"},{"floor":26.0,"key":"Question Card"},{"floor":28.0,"key":"Necronomicon"},{"floor":29.0,"key":"Girya"},{"floor":31.0,"key":"Smiling Mask"},{"floor":41.0,"key":"Replay:Wax Seal"}],"event_choices":[],"is_beta":false,"boss_relics":[{"not_picked":["Kintsugi","SlaversCollar"],"picked":"Pandora\u0027s Box"},{"not_picked":["Coffee Dripper","Runic Pyramid"],"picked":"Replay:Grab Bag"},{"not_picked":["Philosopher\u0027s Stone","ReplayTheSpireMod:Onyx Gauntlets"],"picked":"Busted Crown"},{"not_picked":["ReplayTheSpireMod:DimensionalGlitch","Abe\u0027s Treasure"],"picked":"Slimebound:TarBlob"},{"not_picked":["SacredBark","Calling Bell"],"picked":"Slimebound:AbsorbEndCombatUpgraded"}],"items_purged_floors":[],"is_endless":false,"potions_floor_spawned":[2,9,10,11,13,16,22,25,29,33,38,40,48],"ascension_level":1}}