{"host":"y89x8uui45kcjy42","time":1610427799,"event":{"mods":["2.2 Compatiblity","BaseMod","CapriCore","Colored Map","Colored Powertips","Custom Start","Friendly Minions","Keyboard Shortcuts","Minty Spire (QoL Compilation)","Relic Stats","Slay the Relics Exporter","StSLib","SuperFastMode","Uncapped"],"gold_per_floor":[112,187,204,204,216,216,243,243,266,299,317,317,317,330,330,404,404,415,435,435,449,449,449,477,477,477,477,489,332,361,372,372,443,443,455,505,515,311,326,351,386,386,454,472,503,265,293,293,293,293,293,293,293,47,75,75],"floor_reached":57,"playtime":1879,"items_purged":["Gash+1","Auto Shields+1"],"score":3586,"play_id":"50669518-c29d-420a-a93a-bdb0f58556b6","local_time":"20210112140319","is_ascension_mode":true,"campfire_choices":[{"data":"Gash","floor":6,"key":"SMITH"},{"data":"FTL","floor":15,"key":"SMITH"},{"data":"Reinforced Body","floor":23,"key":"SMITH"},{"floor":25,"key":"RECALL"},{"data":"Auto Shields","floor":27,"key":"SMITH"},{"data":"Core Surge","floor":32,"key":"SMITH"},{"data":"Buffer","floor":42,"key":"SMITH"},{"data":"Multi-Cast","floor":49,"key":"SMITH"},{"floor":53,"key":"REST"}],"circlet_count":0,"master_deck":["Reprogram+1","Reprogram+1","Fusion+1","Genetic Algorithm+1","Reinforced Body+1","Hyperbeam+1","Hyperbeam+1","FTL+1","Gash+1","Core Surge+1","Hologram+1","Multi-Cast+1","Barricade+1","Buffer+1","Reinforced Body+1","Entrench+1","Double Energy+1"],"relics":["Nuclear Battery","Ring of the Serpent","Black Blood","HolyWater","Mummified Hand","Bronze Scales","SacredBark","Potion Belt","Chemical X","Dream Catcher","Medical Kit","MealTicket","SlaversCollar","Membership Card","Incense Burner","WingedGreaves","Juzu Bracelet","Darkstone Periapt","DollysMirror","Potion Belt","Smiling Mask","Kunai","Bag of Marbles","HornCleat"],"acts_visited":["Exordium","TheCity","TheBeyond","TheEnding"],"potions_floor_usage":[56,56,56,56,56,56,56,56,56,56],"damage_taken":[{"damage":0,"enemies":"Small Slimes","floor":1,"turns":1},{"damage":0,"enemies":"Cultist","floor":3,"turns":1},{"damage":0,"enemies":"Jaw Worm","floor":5,"turns":1},{"damage":0,"enemies":"Lagavulin","floor":7,"turns":4},{"damage":0,"enemies":"3 Sentries","floor":10,"turns":2},{"damage":0,"enemies":"Exordium Thugs","floor":11,"turns":2},{"damage":0,"enemies":"Large Slime","floor":14,"turns":2},{"damage":0,"enemies":"Slime Boss","floor":16,"turns":4},{"damage":0,"enemies":"2 Thieves","floor":18,"turns":1},{"damage":0,"enemies":"3 Byrds","floor":19,"turns":2},{"damage":0,"enemies":"Snecko","floor":21,"turns":3},{"damage":0,"enemies":"Slavers","floor":24,"turns":2},{"damage":0,"enemies":"Cultist and Chosen","floor":28,"turns":3},{"damage":0,"enemies":"Book of Stabbing","floor":30,"turns":3},{"damage":0,"enemies":"Chosen and Byrds","floor":31,"turns":2},{"damage":0,"enemies":"Automaton","floor":33,"turns":5},{"damage":0,"enemies":"3 Darklings","floor":35,"turns":2},{"damage":7,"enemies":"3 Shapes","floor":37,"turns":2},{"damage":0,"enemies":"Writhing Mass","floor":39,"turns":4},{"damage":0,"enemies":"Nemesis","floor":40,"turns":7},{"damage":10,"enemies":"Reptomancer","floor":41,"turns":4},{"damage":0,"enemies":"Transient","floor":44,"turns":6},{"damage":0,"enemies":"Nemesis","floor":45,"turns":7},{"damage":0,"enemies":"Reptomancer","floor":47,"turns":5},{"damage":0,"enemies":"Time Eater","floor":50,"turns":13},{"damage":0,"enemies":"Donu and Deca","floor":51,"turns":8},{"damage":0,"enemies":"Shield and Spear","floor":55,"turns":7},{"damage":0,"enemies":"The Heart","floor":56,"turns":9}],"seed_played":"128571751658552677","potions_obtained":[{"floor":7,"key":"Dexterity Potion"},{"floor":10,"key":"Dexterity Potion"},{"floor":21,"key":"EntropicBrew"},{"floor":28,"key":"Ancient Potion"}],"is_trial":false,"path_per_floor":["M","?","M","?","M","R","E","T","T","E","M","$","?","M","R","B",null,"M","M","?","M","?","R","E","R","T","R","M","$","E","M","R","B",null,"M","?","M","$","M","E","E","R","T","M","E","$","E","?","R","B","B",null,"R","$","E","B",null],"character_chosen":"DEFECT","items_purchased":["Medical Kit","Membership Card","DollysMirror","Potion Belt","Block Potion","Kunai","Bag of Marbles","Dexterity Potion"],"campfire_rested":1,"item_purchase_floors":[29,38,46,46,46,54,54,54],"current_hp_per_floor":[71,60,71,71,71,71,71,71,71,71,71,71,64,71,71,71,71,71,71,71,71,71,71,71,71,71,71,71,71,71,71,71,71,71,71,71,71,71,71,71,71,71,71,71,71,71,71,71,71,71,71,71,71,71,71,71],"gold":75,"neow_bonus":"UPGRADE_CARD","is_daily":false,"chose_seed":false,"campfire_upgraded":7,"win_rate":0.0,"timestamp":1610427799,"path_taken":["M","?","M","?","?","R","E","?","T","E","M","?","?","M","R","BOSS","M","M","?","M","?","R","E","R","T","R","?","$","E","M","R","BOSS","M","?","M","$","?","E","E","R","T","M","E","$","E","?","R","BOSS","BOSS","R","$","E","BOSS"],"items_purchased_type":["Relic","Relic","Relic","Relic","Potion","Relic","Relic","Potion"],"build_version":"2020-12-22","purchased_purges":2,"victory":true,"max_hp_per_floor":[71,71,71,71,71,71,71,71,71,71,71,71,71,71,71,71,71,71,71,71,71,71,71,71,71,71,71,71,71,71,71,71,71,71,71,71,71,71,71,71,71,71,71,71,71,71,71,71,71,71,71,71,71,71,71,71],"relic_stats":{"Darkstone Periapt":0,"counters":[28,112],"Black Blood":42,"Juzu Bracelet":0,"Medical Kit":[20],"Smiling Mask":0,"Dream Catcher":1,"Mummified Hand":[18],"Bronze Scales":[417],"MealTicket":0,"Chemical X":[67],"Kunai":[3],"obtain_stats":[{"Potion Belt":21,"Darkstone Periapt":45,"SacredBark":17,"Black Blood":0,"Incense Burner":40,"Juzu Bracelet":41,"Medical Kit":29,"Smiling Mask":47,"Nuclear Battery":0,"SlaversCollar":34,"Dream Catcher":24,"HornCleat":55,"Mummified Hand":7,"DollysMirror":46,"Bronze Scales":10,"HolyWater":0,"MealTicket":30,"WingedGreaves":40,"Bag of Marbles":54,"Chemical X":23,"Membership Card":38,"Kunai":54,"Cracked Core":0,"Ring of the Serpent":0},{"Potion Belt":11,"Darkstone Periapt":23,"SacredBark":8,"Black Blood":0,"Incense Burner":20,"Juzu Bracelet":21,"Medical Kit":13,"Smiling Mask":24,"Nuclear Battery":0,"SlaversCollar":16,"Dream Catcher":12,"HornCleat":27,"Mummified Hand":4,"DollysMirror":23,"Bronze Scales":5,"HolyWater":0,"MealTicket":14,"WingedGreaves":20,"Bag of Marbles":26,"Chemical X":11,"Membership Card":18,"Kunai":26,"Cracked Core":0,"Ring of the Serpent":0},{"Potion Belt":23,"Darkstone Periapt":70,"SacredBark":17,"Black Blood":0,"Incense Burner":53,"Juzu Bracelet":57,"Medical Kit":28,"Smiling Mask":75,"Nuclear Battery":0,"SlaversCollar":38,"Dream Catcher":25,"HornCleat":103,"Mummified Hand":7,"DollysMirror":70,"Bronze Scales":9,"HolyWater":0,"MealTicket":31,"WingedGreaves":53,"Bag of Marbles":96,"Chemical X":23,"Membership Card":42,"Kunai":96,"Cracked Core":0,"Ring of the Serpent":0}]},"card_choices":[{"not_picked":["Stack","Lockon"],"picked":"Conserve Battery","floor":1},{"not_picked":["Leap","Streamline"],"picked":"Gash","floor":3},{"not_picked":["Compile Driver","Redo","Turbo"],"picked":"SKIP","floor":5},{"not_picked":["Self Repair","Stack"],"picked":"Auto Shields","floor":7},{"not_picked":["Electrodynamics","Steam"],"picked":"FTL","floor":10},{"not_picked":["Cold Snap","Go for the Eyes","Coolheaded"],"picked":"SKIP","floor":11},{"not_picked":["Chaos","Fusion"],"picked":"Gash","floor":14},{"not_picked":["Reboot","Hyperbeam"],"picked":"Core Surge","floor":16},{"not_picked":["Turbo","Streamline+1","Coolheaded"],"picked":"SKIP","floor":18},{"not_picked":["Streamline","Rip and Tear"],"picked":"Hologram+1","floor":19},{"not_picked":["Turbo","Streamline","BootSequence"],"picked":"SKIP","floor":21},{"not_picked":["Rebound+1","Steam Power","Hologram"],"picked":"SKIP","floor":24},{"not_picked":["Rip and Tear","Static Discharge","Rebound"],"picked":"SKIP","floor":28},{"not_picked":["Cold Snap+1","Glacier","Gash+1"],"picked":"SKIP","floor":30},{"not_picked":["Cold Snap","Tempest+1","Steam"],"picked":"SKIP","floor":31},{"not_picked":["Hyperbeam","Meteor Strike"],"picked":"Multi-Cast","floor":33},{"not_picked":["Blizzard","Melter","Coolheaded+1"],"picked":"SKIP","floor":35},{"not_picked":["Rip and Tear","Hologram","Stack"],"picked":"SKIP","floor":37},{"not_picked":["Sweeping Beam+1","Conserve Battery","Scrape"],"picked":"SKIP","floor":39},{"not_picked":["Force Field","Tempest","All For One"],"picked":"SKIP","floor":40},{"not_picked":["Leap+1","Scrape"],"picked":"Buffer","floor":41},{"not_picked":["Redo+1","Stack","Go for the Eyes+1"],"picked":"SKIP","floor":44},{"not_picked":["Sweeping Beam+1","Steam Power","Multi-Cast"],"picked":"SKIP","floor":45},{"not_picked":["Consume+1","Hello World","Rebound"],"picked":"SKIP","floor":47},{"not_picked":["Blizzard","Beam Cell"],"picked":"Double Energy+1","floor":55}],"player_experience":596019,"relics_obtained":[{"floor":7,"key":"Mummified Hand"},{"floor":10,"key":"Bronze Scales"},{"floor":24,"key":"Dream Catcher"},{"floor":30,"key":"MealTicket"},{"floor":40,"key":"Incense Burner"},{"floor":41,"key":"Juzu Bracelet"},{"floor":45,"key":"Darkstone Periapt"},{"floor":47,"key":"Smiling Mask"},{"floor":55,"key":"HornCleat"}],"event_choices":[{"damage_healed":0,"gold_gain":75,"player_choice":"Gather Gold","damage_taken":11,"max_hp_gain":0,"max_hp_loss":0,"event_name":"World of Goop","floor":2,"gold_loss":0},{"damage_healed":0,"gold_gain":0,"player_choice":"Forge","damage_taken":0,"max_hp_gain":0,"max_hp_loss":0,"event_name":"Accursed Blacksmith","floor":4,"gold_loss":0,"cards_upgraded":["Fusion"]},{"cards_removed":["Conserve Battery"],"damage_healed":0,"gold_gain":0,"player_choice":"Card Removal","damage_taken":7,"max_hp_gain":0,"max_hp_loss":0,"event_name":"Golden Wing","floor":13,"gold_loss":0},{"damage_healed":0,"gold_gain":0,"player_choice":"Ignored","damage_taken":0,"max_hp_gain":0,"max_hp_loss":0,"event_name":"The Mausoleum","floor":20,"gold_loss":0},{"damage_healed":0,"gold_gain":0,"player_choice":"Upgraded","damage_taken":0,"max_hp_gain":0,"max_hp_loss":0,"event_name":"Upgrade Shrine","floor":22,"gold_loss":0,"cards_upgraded":["Gash"]},{"damage_healed":0,"gold_gain":50,"player_choice":"Pray","damage_taken":0,"max_hp_gain":0,"max_hp_loss":0,"event_name":"Golden Shrine","floor":36,"gold_loss":0},{"damage_healed":0,"gold_gain":0,"player_choice":"Memory 1","damage_taken":0,"max_hp_gain":0,"max_hp_loss":0,"event_name":"SensoryStone","floor":48,"gold_loss":0}],"is_beta":false,"boss_relics":[{"not_picked":["Runic Pyramid","Philosopher\u0027s Stone"],"picked":"SacredBark"},{"not_picked":["Nuclear Battery","Astrolabe"],"picked":"SlaversCollar"}],"items_purged_floors":[38,46],"is_endless":false,"potions_floor_spawned":[7,10,14,21,28,31,33,35,40,45,55],"ascension_level":20}}