{"host":"oehe2dxjvdgux73m","time":1610454278,"event":{"mods":["AchievementEnabler","BaseMod","Colored Map","Colored Powertips","DeckTracker","Keyboard Shortcuts","Minty Spire (QoL Compilation)","Permanent Neow","Quick Restart","StSLib","SuperFastMode"],"gold_per_floor":[112,123,142,157,171,205,205,223,223,109,109,141,141,66,66,167,167,187,201,32,32,32,32],"floor_reached":22,"playtime":698,"items_purged":["Strike_R","Strike_R"],"score":255,"play_id":"fa5be538-b28b-472c-af88-4cae91044d46","local_time":"20210112212438","is_ascension_mode":true,"campfire_choices":[{"data":"Dark Embrace","floor":7.0,"key":"SMITH"},{"floor":11.0,"key":"REST"},{"data":"Body Slam","floor":15.0,"key":"SMITH"}],"circlet_count":0,"master_deck":["Strike_R","Strike_R","Defend_R","Defend_R","Defend_R","Defend_R","Bash","Blood for Blood","Shrug It Off","Burning Pact","Reckless Charge","Pommel Strike","Dark Embrace+1","Flame Barrier","Body Slam+1","Power Through","Fiend Fire","Wild Strike+1","Feel No Pain"],"relics":["Burning Blood","StoneCalendar","Omamori","Blue Candle","Oddly Smooth Stone","Calling Bell","Blood Vial","White Beast Statue","Bird Faced Urn","Unceasing Top"],"acts_visited":["Exordium","TheCity"],"potions_floor_usage":[],"damage_taken":[{"damage":5.0,"enemies":"Cultist","floor":1.0,"turns":5.0},{"damage":0.0,"enemies":"2 Louse","floor":2.0,"turns":3.0},{"damage":13.0,"enemies":"Small Slimes","floor":3.0,"turns":5.0},{"damage":2.0,"enemies":"2 Fungi Beasts","floor":4.0,"turns":6.0},{"damage":8.0,"enemies":"3 Louse","floor":5.0,"turns":6.0},{"damage":32.0,"enemies":"Lagavulin","floor":6.0,"turns":6.0},{"damage":17.0,"enemies":"Looter","floor":8.0,"turns":3.0},{"damage":9.0,"enemies":"Gremlin Nob","floor":12.0,"turns":5.0},{"damage":33.0,"enemies":"Hexaghost","floor":16.0,"turns":10.0},{"damage":32.0,"enemies":"2 Thieves","floor":18.0,"turns":5.0},{"damage":33.0,"enemies":"Spheric Guardian","floor":19.0,"turns":5.0},{"damage":18,"enemies":"Shelled Parasite and Fungi","floor":22,"turns":1}],"seed_played":"7445089599566823265","potions_obtained":[{"floor":3.0,"key":"Ancient Potion"},{"floor":4.0,"key":"LiquidMemories"},{"floor":8.0,"key":"Block Potion"},{"floor":18.0,"key":"SkillPotion"},{"floor":19.0,"key":"PowerPotion"}],"is_trial":false,"path_per_floor":["M","M","M","M","M","E","R","M","T","$","R","E","?","$","R","B",null,"M","M","$","?","M"],"character_chosen":"IRONCLAD","items_purchased":["Flame Barrier","Power Through","Feel No Pain"],"campfire_rested":1,"item_purchase_floors":[10,14,20],"current_hp_per_floor":[72,72,65,69,67,41,41,30,30,30,51,48,41,41,41,14,58,36,13,13,13,0,0],"gold":32,"neow_bonus":"ONE_RARE_RELIC","is_daily":false,"chose_seed":false,"campfire_upgraded":2,"win_rate":0.0,"timestamp":1610454278,"path_taken":["M","M","?","M","M","E","R","?","T","$","R","E","?","$","R","BOSS","M","M","$","?","M"],"items_purchased_type":["Card","Card","Card"],"build_version":"2020-12-22","purchased_purges":2,"victory":false,"max_hp_per_floor":[72,72,72,72,72,72,72,72,72,72,72,72,72,72,72,72,72,72,72,72,72,72,72],"card_choices":[{"not_picked":["True Grit","Thunderclap"],"picked":"Blood for Blood","floor":1.0},{"not_picked":["Blood for Blood","Wild Strike"],"picked":"Shrug It Off","floor":2.0},{"not_picked":["Thunderclap","Wild Strike"],"picked":"Burning Pact","floor":3.0},{"not_picked":["Inflame","Sword Boomerang"],"picked":"Reckless Charge","floor":4.0},{"not_picked":["Fire Breathing","Twin Strike"],"picked":"Pommel Strike","floor":5.0},{"not_picked":["Anger","Pommel Strike"],"picked":"Dark Embrace","floor":6.0},{"not_picked":["Anger","Inflame","Twin Strike"],"picked":"SKIP","floor":8.0},{"not_picked":["Headbutt","Reaper"],"picked":"Body Slam","floor":12.0},{"not_picked":["Feed","Bludgeon"],"picked":"Fiend Fire","floor":16.0},{"not_picked":["Reckless Charge","Iron Wave+1","Perfected Strike"],"picked":"SKIP","floor":18.0},{"not_picked":["Clash","Double Tap"],"picked":"Wild Strike+1","floor":19.0}],"player_experience":133068,"relics_obtained":[{"floor":6.0,"key":"Omamori"},{"floor":9.0,"key":"Blue Candle"},{"floor":12.0,"key":"Oddly Smooth Stone"},{"floor":17.0,"key":"Blood Vial"},{"floor":17.0,"key":"White Beast Statue"},{"floor":17.0,"key":"Bird Faced Urn"}],"event_choices":[{"cards_removed":["Strike_R"],"damage_healed":0.0,"max_hp_gain":0.0,"max_hp_loss":0.0,"gold_gain":0.0,"event_name":"Golden Wing","player_choice":"Card Removal","floor":13.0,"gold_loss":0.0,"damage_taken":7.0},{"damage_healed":0.0,"max_hp_gain":0.0,"max_hp_loss":0.0,"gold_gain":0.0,"event_name":"The Mausoleum","player_choice":"Opened","floor":21.0,"gold_loss":0.0,"damage_taken":0.0,"relics_obtained":["Unceasing Top"]}],"is_beta":false,"boss_relics":[{"not_picked":["Coffee Dripper","SacredBark"],"picked":"Calling Bell"}],"items_purged_floors":[10,20],"is_endless":false,"potions_floor_spawned":[3,4,8,18,19],"killed_by":"Shelled Parasite and Fungi","ascension_level":6}}