{"host":"njruw0b0uprlitpx","time":1610489391,"event":{"mods":["2.2 Compatiblity","Bartender","BaseMod","Better Altar","Better Match","Better Note","Better Sensory Stone","Better Skull","Better Third Choice","BetterRewards","Block Reminder","Colored Map","Colored Powertips","Ekko","Energized Spire","Jedi Mod","Keyboard Shortcuts","Minty Spire (QoL Compilation)","Quick Restart","Rare Cards Sparkle","Relic Stats","Replay The Spire","SacredBarkPlus","Spicy Shops","StSLib","SuperFastMode","The Construct","The Dragon Tamer","The Marked","The Mystic","Wandering Minibosses"],"gold_per_floor":[119,119,84,14,94,94,120,120,120,135,150,175,175,198,198,297,297,308,308,308,327,403,403,429,43,43,78,97,23,33,62,62,167,167,184,31,0,0,0,326,326,336,336,351,363,411,425,436,436,451],"floor_reached":51,"language":"ENG","playtime":3213,"items_purged":["ReplayTheSpireMod:Splinters"],"score":1503,"play_id":"eb82f553-4c66-495e-a26f-95347adcbab6","local_time":"20210112160951","is_ascension_mode":true,"campfire_choices":[{"data":"ekkoTheBoyWhoShatteredTime:PlayTheBeat","floor":6.0,"key":"SMITH"},{"data":"ekkoTheBoyWhoShatteredTime:ItemsAfterimage","floor":8.0,"key":"SMITH"},{"data":"ekkoTheBoyWhoShatteredTime:Chronobreak","floor":13.0,"key":"SMITH"},{"floor":15.0,"key":"REST"},{"floor":23.0,"key":"REST"},{"floor":32.0,"key":"REST"},{"data":"ekkoTheBoyWhoShatteredTime:HauntingGuise","floor":41,"key":"SMITH"},{"data":"ekkoTheBoyWhoShatteredTime:Unleashed","floor":49,"key":"SMITH"}],"circlet_count":0,"master_deck":["ekkoTheBoyWhoShatteredTime:Strike","ekkoTheBoyWhoShatteredTime:Strike","ekkoTheBoyWhoShatteredTime:Strike","ekkoTheBoyWhoShatteredTime:Strike","ekkoTheBoyWhoShatteredTime:Strike","ekkoTheBoyWhoShatteredTime:Defend","ekkoTheBoyWhoShatteredTime:Defend","ekkoTheBoyWhoShatteredTime:Defend","ekkoTheBoyWhoShatteredTime:Defend","ekkoTheBoyWhoShatteredTime:TimeMaster","ekkoTheBoyWhoShatteredTime:Powered","ekkoTheBoyWhoShatteredTime:NeedlesslyLargeRod","ekkoTheBoyWhoShatteredTime:AfterimageTease","ekkoTheBoyWhoShatteredTime:QuickBreak","ekkoTheBoyWhoShatteredTime:CommittedStrike","ekkoTheBoyWhoShatteredTime:WideSlice","ekkoTheBoyWhoShatteredTime:Greed","ekkoTheBoyWhoShatteredTime:ItemsAfterimage+1","ekkoTheBoyWhoShatteredTime:Playful+1","ekkoTheBoyWhoShatteredTime:HauntingGuise+1","ekkoTheBoyWhoShatteredTime:NeedlesslyLargeRod","ekkoTheBoyWhoShatteredTime:Greed","ekkoTheBoyWhoShatteredTime:PlayTheBeat+1","ekkoTheBoyWhoShatteredTime:BansheesVeil","ekkoTheBoyWhoShatteredTime:Confident","ekkoTheBoyWhoShatteredTime:Chronobreak+1","ekkoTheBoyWhoShatteredTime:KeepingMomentum","ekkoTheBoyWhoShatteredTime:Periocharge+1","ekkoTheBoyWhoShatteredTime:Dash","Eruption+1","ekkoTheBoyWhoShatteredTime:FeelIt+1","ekkoTheBoyWhoShatteredTime:HextechProtobelt","ekkoTheBoyWhoShatteredTime:OverloadingWeapon+1","ekkoTheBoyWhoShatteredTime:AfterimageTease","ekkoTheBoyWhoShatteredTime:AfterimageTease+1","ekkoTheBoyWhoShatteredTime:RecallingPunch+1","ekkoTheBoyWhoShatteredTime:Confident+1","ekkoTheBoyWhoShatteredTime:Unleashed+1","ekkoTheBoyWhoShatteredTime:NashorsTooth","ekkoTheBoyWhoShatteredTime:NashorsTooth","ekkoTheBoyWhoShatteredTime:GrandeFinale","ekkoTheBoyWhoShatteredTime:NashorsTooth","ekkoTheBoyWhoShatteredTime:Dash","ekkoTheBoyWhoShatteredTime:DefensiveStance+1","ekkoTheBoyWhoShatteredTime:KneeNSwordCombo+1","ekkoTheBoyWhoShatteredTime:Unleashed"],"relics":["ekkoTheBoyWhoShatteredTime:zDriveResonance","Peace Pipe","jedi:HeartOfTheCards","ekkoTheBoyWhoShatteredTime:ChainArmlet","Orrery","ReplayTheSpireMod:Ring of Addiction","Potion Belt","Chameleon Ring","Ring of Hypnosis","jedi:matchstick","Replay:Multitool","Pen Nib","Odd Mushroom","ReplayTheSpireMod:DimensionalGlitch","Bloody Idol","Toy Ornithopter","Replay:Accelerometer","jedi:fakemustache","Gremlin Food","White_Cape","Vajra","ReplayTheSpireMod:TigerMarble","energizedSpire:NeverEndingSparkler","Guide Book","Red Mask","Old Coin","Ornamental Fan","Replay:Rubber Ducky"],"acts_visited":["Exordium","TheCity","TheBeyond"],"potions_floor_usage":[33,33,33,40,45,46,50,50],"damage_taken":[{"damage":8.0,"enemies":"Small Slimes","floor":1.0,"turns":3.0},{"damage":17.0,"enemies":"3 Sentries","floor":7.0,"turns":5.0},{"damage":0.0,"enemies":"2 Louse","floor":10.0,"turns":2.0},{"damage":0.0,"enemies":"Cultist","floor":11.0,"turns":2.0},{"damage":10.0,"enemies":"Replay:BlueRogue","floor":12.0,"turns":3.0},{"damage":13.0,"enemies":"The Mushroom Lair","floor":14.0,"turns":4.0},{"damage":3.0,"enemies":"The Guardian","floor":16.0,"turns":7.0},{"damage":29.0,"enemies":"Shell Parasite","floor":18.0,"turns":4.0},{"damage":50.0,"enemies":"3 Byrds","floor":21.0,"turns":4.0},{"damage":13.0,"enemies":"Book of Stabbing","floor":24.0,"turns":3.0},{"damage":15.0,"enemies":"Gremlin Leader","floor":27.0,"turns":4.0},{"damage":15.0,"enemies":"Centurion and Healer","floor":28.0,"turns":3.0},{"damage":3.0,"enemies":"Sentry and Sphere","floor":30.0,"turns":2.0},{"damage":25.0,"enemies":"Replay:Snechameleon","floor":31.0,"turns":4.0},{"damage":0,"enemies":"Automaton","floor":33,"turns":3},{"damage":21,"enemies":"3 Shapes","floor":35,"turns":3},{"damage":0,"enemies":"Nemesis","floor":40,"turns":2},{"damage":10,"enemies":"Orb Walker","floor":42,"turns":2},{"damage":0,"enemies":"Jaw Worm Horde","floor":44,"turns":3},{"damage":0,"enemies":"Sphere and 2 Shapes","floor":45,"turns":4},{"damage":3,"enemies":"Reptomancer","floor":46,"turns":3},{"damage":0,"enemies":"Spire Growth","floor":47,"turns":4},{"damage":0,"enemies":"Transient","floor":48,"turns":5},{"damage":12,"enemies":"Donu and Deca","floor":50,"turns":5}],"seed_played":"4385037795133878171","potions_obtained":[{"floor":2.0,"key":"Regen Potion"},{"floor":2.0,"key":"FearPotion"},{"floor":2.0,"key":"FearPotion"},{"floor":10.0,"key":"Energy Potion"},{"floor":11.0,"key":"Reflective Coating"},{"floor":12.0,"key":"LifebloodPotion"},{"floor":21.0,"key":"SkillPotion"},{"floor":22.0,"key":"Fruit Juice"},{"floor":22.0,"key":"PowerPotion"},{"floor":24.0,"key":"Venom Potion"},{"floor":30.0,"key":"Reflective Coating"},{"floor":33,"key":"EssenceOfSteel"},{"floor":35,"key":"ColorlessPotion"},{"floor":44,"key":"Fire Potion"},{"floor":46,"key":"SpeedPotion"},{"floor":48,"key":"ekkoTheBoyWhoShatteredTime:BottledSheen"}],"is_trial":false,"path_per_floor":["M","?","?","$","?","R","E","R","T","M","M","E","R","?","R","B",null,"M","?","?","M","?","R","E","$","T","E","M","$","M","E","R","B",null,"M","$","?","?","?","E","R","M","T","M","M","E","M","M","R","B",null],"character_chosen":"EKKO_THE_BOY_WHO_SHATTERED_TIME","items_purchased":["ekkoTheBoyWhoShatteredTime:NeedlesslyLargeRod","jedi:HeartOfTheCards","ekkoTheBoyWhoShatteredTime:AfterimageTease","ekkoTheBoyWhoShatteredTime:QuickBreak","ekkoTheBoyWhoShatteredTime:ChainArmlet","Orrery","ekkoTheBoyWhoShatteredTime:HauntingGuise","ekkoTheBoyWhoShatteredTime:NeedlesslyLargeRod","ekkoTheBoyWhoShatteredTime:PlayTheBeat","jedi:fakemustache","Gremlin Food","DuplicationPotion","Guide Book"],"campfire_rested":3,"item_purchase_floors":[0,0,0,0,0,0,0,0,4,25,25,29,36],"current_hp_per_floor":[62,62,78,78,78,76,59,59,59,59,64,54,54,41,63,60,69,40,40,5,8,25,48,43,63,63,53,46,51,53,33,54,68,72,59,64,64,64,64,69,69,64,64,67,67,67,67,67,67,61],"gold":451,"neow_bonus":"","is_daily":false,"chose_seed":false,"campfire_upgraded":5,"win_rate":0.0,"timestamp":1610489391,"path_taken":["M","?","?","$","?","R","E","R","T","M","M","E","R","?","R","BOSS","M","?","?","M","?","R","E","$","T","E","M","$","M","E","R","BOSS","M","$","?","?","?","E","R","?","T","M","M","E","M","M","R","BOSS"],"items_purchased_type":["Card","Relic","Card","Card","Relic","Relic","Card","Card","Card","Relic","Relic","Potion","Relic"],"build_version":"2020-12-22","purchased_purges":1,"victory":true,"max_hp_per_floor":[78,78,78,78,78,76,76,76,76,76,74,74,74,74,74,72,72,72,72,70,70,77,77,77,77,77,77,75,75,75,75,73,73,73,73,73,71,71,71,69,69,69,69,67,67,67,67,67,67,65],"relic_stats":{"Peace Pipe":0,"counters":[83,273],"Ornamental Fan":[76],"Bloody Idol":59,"Pen Nib":[21],"obtain_stats":[{"Replay:Accelerometer":24,"Vajra":27,"theMarked:SpiritSword":34,"Bottled Tornado":43,"ekkoTheBoyWhoShatteredTime:ChainArmlet":0,"Boot":14,"Old Coin":40,"ekkoTheBoyWhoShatteredTime:PairOfMasks":0,"jedi:firstaidkit":4,"Philosopher\u0027s Stone":17,"theMarked:VonisonLock":24,"Kunai":26,"Toxic Egg 2":39,"Pear":20,"Ring of Hypnosis":2,"ReplayTheSpireMod:CursedCoin":38,"Blue Candle":5,"Replay:Grab Bag":17,"ReplayTheSpireMod:Ring of Addiction":2,"Ring of Chaos":17,"Pen Nib":12,"Replay:Kaleidoscope":7,"jedi:HeartOfTheCards":0,"Bottled Flame":26,"energizedSpire:NeverEndingSparkler":34,"Bird Faced Urn":0,"Snecko Eye":17,"Onion Ring":11,"ReplayTheSpireMod:TigerMarble":45,"Grinning Jar":9,"ReplayTheSpireMod:DimensionalGlitch":0,"StrikeDummy":6,"Abe\u0027s Treasure":17,"Lantern":21,"Regal Pillow":44,"Replay:Multitool":9,"Replay:Mystery Machine":0,"jedi:Pinwheel":0,"White_Cape":26,"Replay:Rubber Ducky":24,"Chameleon Ring":7,"Matryoshka":26,"Mummified Hand":4,"jedi:matchstick":38,"Red Mask":37,"Replay:Bottled Snecko":3,"ekkoTheBoyWhoShatteredTime:zDriveResonance":0,"Potion Belt":9,"Gremlin Food":25,"theMarked:NailFile":41,"BargainBundle":24,"theMarked:Gun":14,"Golden Idol":2,"Guide Book":13,"jedi:purplefairy":6,"PreservedInsect":8,"Replay:WaspNest":13,"The Courier":14,"jedi:crownofsimplicity":0,"Orichalcum":38,"Odd Mushroom":14,"White Beast Statue":43,"Peace Pipe":0,"jedi:fakemustache":25,"theMarked:ArtifactOfAir":0,"Busted Crown":17,"jedi:ominousloannote":4,"Ornamental Fan":43,"Bloody Idol":20,"Orrery":0,"Bag of Marbles":6,"Toy Ornithopter":22},{"Replay:Accelerometer":69,"Vajra":70,"theMarked:SpiritSword":14,"Bottled Tornado":17,"ekkoTheBoyWhoShatteredTime:ChainArmlet":59,"Boot":43,"Old Coin":76,"ekkoTheBoyWhoShatteredTime:PairOfMasks":38,"jedi:firstaidkit":39,"Philosopher\u0027s Stone":31,"theMarked:VonisonLock":10,"Kunai":10,"Toxic Egg 2":16,"Pear":32,"Ring of Hypnosis":60,"ReplayTheSpireMod:CursedCoin":53,"Blue Candle":39,"Replay:Grab Bag":44,"ReplayTheSpireMod:Ring of Addiction":60,"Ring of Chaos":44,"Pen Nib":64,"Replay:Kaleidoscope":27,"jedi:HeartOfTheCards":59,"Bottled Flame":47,"energizedSpire:NeverEndingSparkler":74,"Bird Faced Urn":38,"Snecko Eye":44,"Onion Ring":4,"ReplayTheSpireMod:TigerMarble":19,"Grinning Jar":3,"ReplayTheSpireMod:DimensionalGlitch":0,"StrikeDummy":2,"Abe\u0027s Treasure":7,"Lantern":46,"Regal Pillow":57,"Replay:Multitool":61,"Replay:Mystery Machine":23,"jedi:Pinwheel":38,"White_Cape":69,"Replay:Rubber Ducky":36,"Chameleon Ring":3,"Matryoshka":37,"Mummified Hand":39,"jedi:matchstick":53,"Red Mask":75,"Replay:Bottled Snecko":24,"ekkoTheBoyWhoShatteredTime:zDriveResonance":0,"Potion Belt":41,"Gremlin Food":69,"theMarked:NailFile":17,"BargainBundle":10,"theMarked:Gun":6,"Golden Idol":1,"Guide Book":5,"jedi:purplefairy":27,"PreservedInsect":28,"Replay:WaspNest":30,"The Courier":30,"jedi:crownofsimplicity":23,"Orichalcum":53,"Odd Mushroom":65,"White Beast Statue":57,"Peace Pipe":59,"jedi:fakemustache":69,"theMarked:ArtifactOfAir":0,"Busted Crown":44,"jedi:ominousloannote":39,"Ornamental Fan":77,"Bloody Idol":67,"Orrery":59,"Bag of Marbles":40,"Toy Ornithopter":68},{"Replay:Accelerometer":226,"Vajra":230,"theMarked:SpiritSword":43,"Bottled Tornado":53,"ekkoTheBoyWhoShatteredTime:ChainArmlet":189,"Boot":137,"Old Coin":247,"ekkoTheBoyWhoShatteredTime:PairOfMasks":121,"jedi:firstaidkit":125,"Philosopher\u0027s Stone":101,"theMarked:VonisonLock":30,"Kunai":30,"Toxic Egg 2":47,"Pear":104,"Ring of Hypnosis":192,"ReplayTheSpireMod:CursedCoin":166,"Blue Candle":125,"Replay:Grab Bag":141,"ReplayTheSpireMod:Ring of Addiction":192,"Ring of Chaos":141,"Pen Nib":204,"Replay:Kaleidoscope":87,"jedi:HeartOfTheCards":189,"Bottled Flame":150,"energizedSpire:NeverEndingSparkler":242,"Bird Faced Urn":121,"Snecko Eye":141,"Onion Ring":16,"ReplayTheSpireMod:TigerMarble":58,"Grinning Jar":14,"ReplayTheSpireMod:DimensionalGlitch":0,"StrikeDummy":9,"Abe\u0027s Treasure":23,"Lantern":146,"Regal Pillow":183,"Replay:Multitool":197,"Replay:Mystery Machine":75,"jedi:Pinwheel":121,"White_Cape":226,"Replay:Rubber Ducky":116,"Chameleon Ring":14,"Matryoshka":119,"Mummified Hand":125,"jedi:matchstick":166,"Red Mask":245,"Replay:Bottled Snecko":77,"ekkoTheBoyWhoShatteredTime:zDriveResonance":0,"Potion Belt":131,"Gremlin Food":226,"theMarked:NailFile":53,"BargainBundle":30,"theMarked:Gun":19,"Golden Idol":3,"Guide Book":17,"jedi:purplefairy":87,"PreservedInsect":91,"Replay:WaspNest":95,"The Courier":95,"jedi:crownofsimplicity":75,"Orichalcum":166,"Odd Mushroom":208,"White Beast Statue":183,"Peace Pipe":189,"jedi:fakemustache":226,"theMarked:ArtifactOfAir":0,"Busted Crown":141,"jedi:ominousloannote":125,"Ornamental Fan":249,"Bloody Idol":219,"Orrery":189,"Bag of Marbles":129,"Toy Ornithopter":223}],"Toy Ornithopter":26},"card_choices":[{"not_picked":["ekkoTheBoyWhoShatteredTime:AfterimageHit","ekkoTheBoyWhoShatteredTime:HauntedAfterimage"],"picked":"ekkoTheBoyWhoShatteredTime:CommittedStrike","floor":0.0},{"not_picked":["ekkoTheBoyWhoShatteredTime:SneakHit","ekkoTheBoyWhoShatteredTime:HailOfBlades"],"picked":"ekkoTheBoyWhoShatteredTime:WideSlice","floor":0.0},{"not_picked":["ekkoTheBoyWhoShatteredTime:KneeNSwordCombo","ekkoTheBoyWhoShatteredTime:AfterimageHit"],"picked":"ekkoTheBoyWhoShatteredTime:Greed","floor":0.0},{"not_picked":["ekkoTheBoyWhoShatteredTime:WaitForKeyTiming","ekkoTheBoyWhoShatteredTime:SneakHit"],"picked":"ekkoTheBoyWhoShatteredTime:ItemsAfterimage","floor":0.0},{"not_picked":["ekkoTheBoyWhoShatteredTime:Acceleration","ekkoTheBoyWhoShatteredTime:AfterimageHit"],"picked":"ekkoTheBoyWhoShatteredTime:Playful","floor":0.0},{"not_picked":["ekkoTheBoyWhoShatteredTime:Playful","ekkoTheBoyWhoShatteredTime:Leap"],"picked":"ekkoTheBoyWhoShatteredTime:Greed","floor":1.0},{"not_picked":["ekkoTheBoyWhoShatteredTime:PhaseDive","ekkoTheBoyWhoShatteredTime:HauntingGuise"],"picked":"ekkoTheBoyWhoShatteredTime:BansheesVeil","floor":7.0},{"not_picked":["ekkoTheBoyWhoShatteredTime:NaggingBlow","ekkoTheBoyWhoShatteredTime:PhaseDive","ekkoTheBoyWhoShatteredTime:WideSlice"],"picked":"SKIP","floor":10.0},{"not_picked":["ekkoTheBoyWhoShatteredTime:SneakHit","ekkoTheBoyWhoShatteredTime:ItemsAfterimage"],"picked":"ekkoTheBoyWhoShatteredTime:Confident","floor":11.0},{"not_picked":["ekkoTheBoyWhoShatteredTime:AfterimageSetup","ekkoTheBoyWhoShatteredTime:SpHit"],"picked":"ekkoTheBoyWhoShatteredTime:Chronobreak","floor":12.0},{"not_picked":["ekkoTheBoyWhoShatteredTime:MicCheck","ekkoTheBoyWhoShatteredTime:NaggingBlow"],"picked":"ekkoTheBoyWhoShatteredTime:KeepingMomentum","floor":14.0},{"not_picked":["ekkoTheBoyWhoShatteredTime:Chronobreak","ekkoTheBoyWhoShatteredTime:DuplicateTimelines"],"picked":"ekkoTheBoyWhoShatteredTime:Periocharge","floor":16.0},{"not_picked":["ekkoTheBoyWhoShatteredTime:Backtrack","ekkoTheBoyWhoShatteredTime:NeedlesslyLargeRod"],"picked":"ekkoTheBoyWhoShatteredTime:Dash","floor":18.0},{"not_picked":["ekkoTheBoyWhoShatteredTime:BansheesVeil","ekkoTheBoyWhoShatteredTime:WideSlice+1"],"picked":"ekkoTheBoyWhoShatteredTime:FeelIt+1","floor":21.0},{"not_picked":["ekkoTheBoyWhoShatteredTime:Acceleration","ekkoTheBoyWhoShatteredTime:Leap"],"picked":"ekkoTheBoyWhoShatteredTime:HextechProtobelt","floor":22.0},{"not_picked":["ekkoTheBoyWhoShatteredTime:WaitForKeyTiming","ekkoTheBoyWhoShatteredTime:AfterimageDualStroke"],"picked":"ekkoTheBoyWhoShatteredTime:OverloadingWeapon","floor":24.0},{"not_picked":["ekkoTheBoyWhoShatteredTime:PlayTheBeat","ekkoTheBoyWhoShatteredTime:AfterimageHit+1"],"picked":"ekkoTheBoyWhoShatteredTime:AfterimageTease","floor":27.0},{"not_picked":["ekkoTheBoyWhoShatteredTime:PhaseDive","ekkoTheBoyWhoShatteredTime:BansheesVeil+1"],"picked":"ekkoTheBoyWhoShatteredTime:AfterimageTease+1","floor":28.0},{"not_picked":["ekkoTheBoyWhoShatteredTime:CommittedStrike","ekkoTheBoyWhoShatteredTime:WideSlice"],"picked":"ekkoTheBoyWhoShatteredTime:RecallingPunch+1","floor":30.0},{"not_picked":["ekkoTheBoyWhoShatteredTime:BansheesVeil","ekkoTheBoyWhoShatteredTime:Leap"],"picked":"ekkoTheBoyWhoShatteredTime:Confident+1","floor":31.0},{"not_picked":["ekkoTheBoyWhoShatteredTime:CatchUpTime","ekkoTheBoyWhoShatteredTime:GrandeFinale"],"picked":"ekkoTheBoyWhoShatteredTime:Unleashed","floor":33},{"not_picked":["ekkoTheBoyWhoShatteredTime:FeelIt","ekkoTheBoyWhoShatteredTime:Process"],"picked":"ekkoTheBoyWhoShatteredTime:NashorsTooth","floor":35},{"not_picked":["ekkoTheBoyWhoShatteredTime:FeelIt+1","ekkoTheBoyWhoShatteredTime:DodgeTraining+1"],"picked":"ekkoTheBoyWhoShatteredTime:GrandeFinale","floor":40},{"not_picked":["ekkoTheBoyWhoShatteredTime:Overflow","ekkoTheBoyWhoShatteredTime:SpHit","ekkoTheBoyWhoShatteredTime:PhaseDive+1"],"picked":"SKIP","floor":42},{"not_picked":["ekkoTheBoyWhoShatteredTime:WaitForKeyTiming+1","ekkoTheBoyWhoShatteredTime:BansheesVeil"],"picked":"ekkoTheBoyWhoShatteredTime:NashorsTooth","floor":44},{"not_picked":["ekkoTheBoyWhoShatteredTime:AfterimageBait+1","ekkoTheBoyWhoShatteredTime:NaggingBlow+1"],"picked":"ekkoTheBoyWhoShatteredTime:Dash","floor":45},{"not_picked":["ekkoTheBoyWhoShatteredTime:NaggingBlow+1","ekkoTheBoyWhoShatteredTime:HauntingGuise"],"picked":"ekkoTheBoyWhoShatteredTime:DefensiveStance+1","floor":46},{"not_picked":["ekkoTheBoyWhoShatteredTime:PhaseDive+1","ekkoTheBoyWhoShatteredTime:AfterimageTease"],"picked":"ekkoTheBoyWhoShatteredTime:KneeNSwordCombo+1","floor":47},{"not_picked":["ekkoTheBoyWhoShatteredTime:NeedlesslyLargeRod+1","ekkoTheBoyWhoShatteredTime:Backtrack+1"],"picked":"ekkoTheBoyWhoShatteredTime:Unleashed","floor":48}],"player_experience":1442609,"relics_obtained":[{"floor":2.0,"key":"ReplayTheSpireMod:Ring of Addiction"},{"floor":2.0,"key":"Potion Belt"},{"floor":2.0,"key":"Chameleon Ring"},{"floor":2.0,"key":"Ring of Hypnosis"},{"floor":7.0,"key":"jedi:matchstick"},{"floor":9.0,"key":"Replay:Multitool"},{"floor":12.0,"key":"Pen Nib"},{"floor":14.0,"key":"Odd Mushroom"},{"floor":22.0,"key":"Toy Ornithopter"},{"floor":24.0,"key":"Replay:Accelerometer"},{"floor":26.0,"key":"White_Cape"},{"floor":27.0,"key":"Vajra"},{"floor":31.0,"key":"ReplayTheSpireMod:TigerMarble"},{"floor":40,"key":"Old Coin"},{"floor":43,"key":"Ornamental Fan"},{"floor":46,"key":"Replay:Rubber Ducky"}],"event_choices":[{"damage_healed":19.0,"max_hp_gain":0.0,"max_hp_loss":0.0,"gold_gain":0.0,"event_name":"The Cleric","player_choice":"Healed","floor":3.0,"gold_loss":35.0,"damage_taken":0.0},{"damage_healed":0.0,"max_hp_gain":0.0,"max_hp_loss":0.0,"gold_gain":0.0,"event_name":"Mushrooms","player_choice":"Fought Mushrooms","floor":14.0,"gold_loss":0.0,"damage_taken":0.0},{"cards_removed":["ekkoTheBoyWhoShatteredTime:HauntingGuise"],"damage_healed":0.0,"max_hp_gain":0.0,"max_hp_loss":0.0,"gold_gain":0.0,"event_name":"betterNote:BetterNote","player_choice":"Take \u0026 Give","floor":19.0,"gold_loss":0.0,"damage_taken":0.0,"cards_obtained":["Eruption"]},{"damage_healed":0.0,"max_hp_gain":40.0,"max_hp_loss":5.0,"gold_gain":0.0,"event_name":"betterAltar:BetterAltar","player_choice":" Idol ","floor":20.0,"potions_obtained":[],"relics_lost":[],"gold_loss":0.0,"damage_taken":35.0,"relics_obtained":["Bloody Idol"]},{"damage_healed":0,"gold_gain":0,"player_choice":"Paid","damage_taken":0,"relics_obtained":["Red Mask"],"max_hp_gain":0,"max_hp_loss":0,"event_name":"Tomb of Lord Red Mask","floor":37,"gold_loss":31},{"damage_healed":0,"gold_gain":0,"player_choice":"Ignored","damage_taken":0,"max_hp_gain":0,"max_hp_loss":0,"event_name":"Mysterious Sphere","floor":38,"gold_loss":0},{"damage_healed":0,"gold_gain":0,"player_choice":"Copied","damage_taken":0,"max_hp_gain":0,"max_hp_loss":0,"event_name":"Duplicator","floor":39,"gold_loss":0,"cards_obtained":["ekkoTheBoyWhoShatteredTime:NashorsTooth"]}],"is_beta":false,"boss_relics":[{"not_picked":["energizedSpire:MagnifyingGlass","energizedSpire:StickyHand"],"picked":"ReplayTheSpireMod:DimensionalGlitch"},{"not_picked":["Replay:Drink Me","Astrolabe"],"picked":"energizedSpire:NeverEndingSparkler"}],"items_purged_floors":[25],"is_endless":false,"potions_floor_spawned":[10,11,12,21,24,30,33,35,44,46,48],"ascension_level":7}}