{"host":"ekha54jsiuuqgn65","time":1610468690,"event":{"mods":["BaseMod","Colored Map","Conspire","Lobotomy","LobotomyExtend","Minty Spire (QoL Compilation)","Quick Restart","Replay The Spire","StSLib","SuperFastMode","The Marked","[IsaacMod]ÒÔÈö¼âËþ","vexMod","¡¾ÒÅÎï¿¨ÅÆ¡¿REMEMod"],"gold_per_floor":[113,113,113,113,124,124,124,174,198,98,109,109,109,121,121,254,254,267,29,110,110,110],"floor_reached":21,"playtime":757,"items_purged":[],"score":242,"play_id":"bbb8ca84-0bba-4e30-95c7-bd0ed78daf50","local_time":"20210113002450","is_ascension_mode":false,"campfire_choices":[{"floor":6,"key":"RECALL"},{"data":"REME_ACTH","floor":12,"key":"SMITH"},{"floor":15,"key":"REST"}],"circlet_count":0,"master_deck":["conspire:GhostlyStrike","conspire:GhostlyStrike","conspire:GhostlyStrike","conspire:GhostlyStrike","conspire:GhostlyStrike","conspire:GhostlyDefend","conspire:GhostlyDefend","conspire:GhostlyDefend","conspire:GhostlyDefend","Bash","SuicideKing","REME_ACTH+1","Flex","FairyFestival","LittleHelper","SpiderBud","Perfected Strike","conspire:SpireCoStock+1","conspire:SpireCoStock+1","Bloodbath","Bomb","OSAHOGD","REME_ACTH","QueenBee","Reckless Charge+1","MHz","Dark Embrace+1","QueenOfHatred"],"relics":["Burning Blood","HushsDoor","REME_ComplimentaryCards","CogitoBucket","LetterFromLob","BookOfRevelations","RedMistMask","Juzu Bracelet","Replay:Bottled Flurry","MealTicket","Blue Doll","Heaven_r","Ooze Armor","AspirationHeart","vexMod:Dragonfruit"],"acts_visited":["Exordium","TheCity"],"potions_floor_usage":[16,16,16],"damage_taken":[{"damage":6,"enemies":"Jaw Worm","floor":1,"turns":2},{"damage":0,"enemies":"Cultist","floor":5,"turns":3},{"damage":20,"enemies":"Hiden Room Battle","floor":8,"turns":3},{"damage":0,"enemies":"Small Slimes","floor":11,"turns":1},{"damage":45,"enemies":"Exordium Thugs","floor":13,"turns":2},{"damage":0,"enemies":"Exordium Thugs","floor":14,"turns":2},{"damage":51,"enemies":"Hexaghost","floor":16,"turns":7},{"damage":28,"enemies":"3 Byrds","floor":18,"turns":3},{"damage":13,"enemies":"Shell Parasite","floor":20,"turns":2}],"seed_played":"6503040677001055021","potions_obtained":[{"floor":8,"key":"Elixir"},{"floor":11,"key":"FearPotion"},{"floor":14,"key":"BloodPotion"},{"floor":16,"key":"Languid Potion"},{"floor":18,"key":"Languid Potion"}],"is_trial":false,"path_per_floor":["M","?","$","?","M","R","?","?","T","?","M","R","M","M","R","B",null,"M","$","M","?"],"character_chosen":"IRONCLAD","items_purchased":["vexMod:Dragonfruit"],"campfire_rested":1,"item_purchase_floors":[19],"current_hp_per_floor":[80,65,65,65,74,74,74,48,48,48,54,54,17,23,47,19,80,68,88,81,0,0],"gold":110,"neow_bonus":"","is_daily":false,"chose_seed":false,"campfire_upgraded":1,"win_rate":0.0,"timestamp":1610468690,"path_taken":["M","?","?","?","M","R","?","?","T","?","M","R","M","M","R","BOSS","M","$","M","?"],"items_purchased_type":["Relic"],"build_version":"2020-12-22","purchased_purges":0,"victory":false,"max_hp_per_floor":[80,80,80,80,80,80,80,80,80,80,80,80,80,80,80,80,80,90,95,95,95,95],"card_choices":[{"not_picked":[],"picked":"SuicideKing","floor":0},{"not_picked":["Twin Strike","Sword Boomerang"],"picked":"Flex","floor":1},{"not_picked":["QueenBee","UniverseFragment"],"picked":"FairyFestival","floor":1},{"not_picked":["Massacre","Whirlwind"],"picked":"Bomb","floor":5},{"not_picked":["CherryBlossoms","BigBadWolf"],"picked":"LittleHelper","floor":5},{"not_picked":["SilentOrchestra","BodiesMountain"],"picked":"SpiderBud","floor":8},{"not_picked":["Shrug It Off","Cleave"],"picked":"Perfected Strike","floor":8},{"not_picked":["conspire:ExplosiveBarrier","Warcry"],"picked":"Bomb","floor":11},{"not_picked":["Freischutz","WallGazer"],"picked":"Bloodbath","floor":11},{"not_picked":["Shockwave","Shrug It Off"],"picked":"Bomb","floor":14},{"not_picked":["Variant","SingingMachine"],"picked":"OSAHOGD","floor":14},{"not_picked":["Replay:Many Hands","Demonic Infusion"],"picked":"REME_ACTH","floor":16},{"not_picked":["BigBadWolf","Porccubus"],"picked":"QueenBee","floor":16},{"not_picked":["Iron Wave","Evolve"],"picked":"Reckless Charge+1","floor":18},{"not_picked":["ShyLook","Woodsman"],"picked":"MHz","floor":18},{"not_picked":["Twin Strike","Fire Breathing+1"],"picked":"Dark Embrace+1","floor":20},{"not_picked":["BeautyBeast","GalaxyChild"],"picked":"QueenOfHatred","floor":20}],"player_experience":13393,"relics_obtained":[{"floor":1,"key":"LetterFromLob"},{"floor":5,"key":"RedMistMask"},{"floor":8,"key":"Replay:Bottled Flurry"},{"floor":8,"key":"MealTicket"},{"floor":9,"key":"Blue Doll"}],"event_choices":[{"damage_healed":0,"gold_gain":0,"player_choice":"Agree","damage_taken":0,"max_hp_gain":0,"max_hp_loss":0,"event_name":"conspire:LoneGhost","floor":4,"gold_loss":0},{"damage_healed":0,"gold_gain":0,"player_choice":"Box","damage_taken":0,"relics_obtained":["Juzu Bracelet"],"max_hp_gain":0,"max_hp_loss":0,"event_name":"Big Fish","floor":7,"gold_loss":0,"cards_obtained":["Regret"]},{"damage_healed":0,"gold_gain":0,"player_choice":"Fight","damage_taken":0,"max_hp_gain":0,"max_hp_loss":0,"event_name":"HidenRoomEvent","floor":8,"gold_loss":0},{"damage_healed":0,"gold_gain":0,"player_choice":"Invest 2","damage_taken":0,"max_hp_gain":0,"max_hp_loss":0,"event_name":"conspire:Investor","floor":10,"gold_loss":0}],"is_beta":false,"boss_relics":[{"not_picked":["vexMod:DeviousBotling","Empty Cage"],"picked":"Ooze Armor"},{"not_picked":[]}],"items_purged_floors":[],"is_endless":false,"potions_floor_spawned":[8,11,14,16,18],"ascension_level":0}}