{"host":"8kweeulvvasqx820","time":1610489460,"event":{"mods":["Aspiration","BaseMod","Better Altar","Better Match","Better Note","Better Sensory Stone","Better Skull","Better Third Choice","BetterRewards","Colored Map","Conspire","Displayed Cursed Tome","Downfall","Hubris","Infinite Spire","Jorbs\u0027s Wanderer Trilogy","Minty Spire (QoL Compilation)","Relic Stats","Replay The Spire","Spicy Shops","StSLib","SuperFastMode","Swap Starting Deck Mod","The Construct","The Marked","The Servant 0.9.4","everything is the same but u backflip on backflip","slay the spire mod where everything is the same but ironclad has a cowboy hat"],"gold_per_floor":[109,109,109,121,167,212,10,42,42,42,77,77,77,103,103,207,207,226,118,118,128,128,159,159,193,219,219,13,30,30,50,50,50,50],"floor_reached":33,"language":"ENG","playtime":3310,"items_purged":["stsjorbsmod:Strike_Wanderer","stsjorbsmod:Strike_Wanderer","stsjorbsmod:Strike_Wanderer"],"score":349,"play_id":"6e88daa5-c9e8-40d7-ba88-1de791b73223","local_time":"20210112171100","is_ascension_mode":false,"campfire_choices":[{"data":"stsjorbsmod:TinyHut","floor":10,"key":"SMITH"},{"data":"Pot Of Greed","floor":12,"key":"SMITH"},{"data":"Pot Of Greed","floor":15,"key":"SMITH"},{"data":"Protect","floor":24,"key":"SMITH"},{"data":"stsjorbsmod:Inferno","floor":30,"key":"SMITH"},{"data":"stsjorbsmod:BurningFlask","floor":32,"key":"SMITH"}],"circlet_count":0,"master_deck":["stsjorbsmod:ForbiddenGrimoire+1","stsjorbsmod:Strike_Wanderer","stsjorbsmod:Defend_Wanderer","stsjorbsmod:Defend_Wanderer","stsjorbsmod:Defend_Wanderer","stsjorbsmod:Defend_Wanderer","stsjorbsmod:EyeOfTheStorm","stsjorbsmod:TinyHut+1","stsjorbsmod:Materialize","Pot Of Greed+1","Pot Of Greed+1","stsjorbsmod:UnseenServant","stsjorbsmod:BurningFlask+1","stsjorbsmod:FindFamiliar","stsjorbsmod:ParryingBlow","stsjorbsmod:Inferno+1","stsjorbsmod:Rediscovery","stsjorbsmod:MageArmor","stsjorbsmod:BlackTentacles+1","stsjorbsmod:BlackTentacles","Protect+1","stsjorbsmod:Firebolt+1","stsjorbsmod:WanderingMind","stsjorbsmod:Prestidigitation","stsjorbsmod:SmithingStrike+1"],"relics":["hubris:DeckOfHolding","Guardian:ModeShifter","Replay:Accelerometer","hubris:IronBody","Incense Burner","infinitespire:Chaos","Omamori","Replay:Baseball","Simple Rune","hubris:TerracottaHorce","hubris:EmptyBottle","Replay:Bottled Snecko","infinitespire:Lucky Rock","Whetstone","hubris:BottledHeart"],"acts_visited":["Exordium","TheCity"],"potions_floor_usage":[6,16,18,23,25,25,25,29,29,33],"damage_taken":[{"damage":0,"enemies":"Small Slimes","floor":1,"turns":3},{"damage":0,"enemies":"Jaw Worm","floor":4,"turns":6},{"damage":8,"enemies":"Replay:BlueRogue","floor":6,"turns":7},{"damage":15,"enemies":"Gremlin Nob","floor":8,"turns":4},{"damage":21,"enemies":"3 Sentries","floor":11,"turns":7},{"damage":1,"enemies":"conspire:RoseBush","floor":14,"turns":3},{"damage":15,"enemies":"Hexaghost","floor":16,"turns":7},{"damage":8,"enemies":"Shell Parasite","floor":18,"turns":4},{"damage":1,"enemies":"Chosen","floor":21,"turns":4},{"damage":8,"enemies":"conspire:SneckoGhost","floor":23,"turns":5},{"damage":34,"enemies":"Gremlin Leader","floor":25,"turns":7},{"damage":0,"enemies":"3 Cultists","floor":29,"turns":4},{"damage":0,"enemies":"Cultist and Chosen","floor":31,"turns":7},{"damage":14,"enemies":"conspire:MysteriousRune","floor":33,"turns":7}],"seed_played":"5013414982742574413","potions_obtained":[{"floor":4,"key":"construct:ShiftPotion"},{"floor":8,"key":"stsjorbsmod:BurningPotion"},{"floor":13,"key":"Energy Potion"},{"floor":13,"key":"Ancient Potion"},{"floor":13,"key":"Milkshake"},{"floor":14,"key":"Weak Potion"},{"floor":16,"key":"Venom Potion"},{"floor":23,"key":"GamblersBrew"},{"floor":31,"key":"Flashbang"}],"is_trial":false,"path_per_floor":["M","?","?","M","T","E","$","E","T","R","E","R","?","M","R_BF","B",null,"M","$","?","M","AVR","E","R","E","T","?","$","M","R","M","R","B"],"character_chosen":"WANDERER","items_purchased":["infinitespire:Chaos","stsjorbsmod:BurningFlask","stsjorbsmod:BlackTentacles","DistilledChaos"],"campfire_rested":0,"item_purchase_floors":[7,7,19,28],"current_hp_per_floor":[68,68,68,68,68,63,63,50,50,50,29,29,29,28,28,13,56,48,48,48,47,47,39,39,5,5,1,1,1,1,1,1,0,0],"gold":50,"neow_bonus":"NOSTALGIA","is_daily":false,"chose_seed":false,"campfire_upgraded":6,"win_rate":0.0,"timestamp":1610489460,"path_taken":["M","?","?","M","?","E","$","E","T","R","E","R","?","M","R_BF","BOSS","M","?","?","M","AVR","E","R","E","T","?","?","M","R","M","R","BOSS"],"items_purchased_type":["Relic","Card","Card","Potion"],"build_version":"2020-12-22","purchased_purges":3,"victory":false,"max_hp_per_floor":[68,68,68,68,68,68,68,70,70,70,70,70,70,70,70,70,70,70,70,70,70,70,70,70,70,70,1,1,1,1,1,1,1,1],"relic_stats":{"counters":[45,227],"Whetstone":["stsjorbsmod:Strike_Wanderer","stsjorbsmod:BlackTentacles"],"obtain_stats":[{"Replay:Accelerometer":7,"SacredBark":17,"Uniform":0,"Incense Burner":7,"Whetstone":26,"hubris:EmptyBottle":0,"Bottled Tornado":26,"Boot":6,"conspire:InfiniteJournal":25,"hubris:TerracottaHorce":17,"hubris:BlackHole":19,"Replay:Bandana":11,"hubris:DeckOfHolding":7,"hubris:IronBody":7,"Replay:Bottled Snecko":23,"infinitespire:Chaos":7,"hubris:TinFlute":14,"aspiration:VileToxins":9,"Lee\u0027s Waffle":23,"conspire:TreasureMap":23,"NeowsBlessing":0,"Happy Flower":30,"aspiration:Nostalgia":0,"infinitespire:EmptyRelic":7,"Guardian:ModeShifter":7,"aspiration:TrustyKnives":8,"hubris:MedicalManual":23,"Omamori":8,"infinitespire:Lucky Rock":25,"War Paint":5,"Anchor":22,"Replay:Baseball":9,"hubris:BottledHeart":27,"Simple Rune":0,"PureWater":0,"Grinning Jar":6,"Toy Ornithopter":16,"Meat on the Bone":14},{"Replay:Accelerometer":34,"SacredBark":23,"Uniform":0,"Incense Burner":34,"Whetstone":42,"hubris:EmptyBottle":13,"Bottled Tornado":28,"Boot":19,"conspire:InfiniteJournal":11,"hubris:TerracottaHorce":38,"hubris:BlackHole":7,"Replay:Bandana":4,"hubris:DeckOfHolding":34,"hubris:IronBody":34,"Replay:Bottled Snecko":41,"infinitespire:Chaos":34,"hubris:TinFlute":5,"aspiration:VileToxins":20,"Lee\u0027s Waffle":9,"conspire:TreasureMap":9,"NeowsBlessing":0,"Happy Flower":29,"aspiration:Nostalgia":31,"infinitespire:EmptyRelic":34,"Guardian:ModeShifter":34,"aspiration:TrustyKnives":3,"hubris:MedicalManual":27,"Omamori":35,"infinitespire:Lucky Rock":42,"War Paint":33,"Anchor":26,"Replay:Baseball":35,"hubris:BottledHeart":42,"Simple Rune":13,"PureWater":31,"Grinning Jar":34,"Toy Ornithopter":6,"Meat on the Bone":22},{"Replay:Accelerometer":168,"SacredBark":106,"Uniform":0,"Incense Burner":168,"Whetstone":209,"hubris:EmptyBottle":61,"Bottled Tornado":134,"Boot":82,"conspire:InfiniteJournal":48,"hubris:TerracottaHorce":189,"hubris:BlackHole":28,"Replay:Bandana":7,"hubris:DeckOfHolding":168,"hubris:IronBody":168,"Replay:Bottled Snecko":202,"infinitespire:Chaos":168,"hubris:TinFlute":9,"aspiration:VileToxins":86,"Lee\u0027s Waffle":32,"conspire:TreasureMap":32,"NeowsBlessing":0,"Happy Flower":141,"aspiration:Nostalgia":152,"infinitespire:EmptyRelic":168,"Guardian:ModeShifter":168,"aspiration:TrustyKnives":3,"hubris:MedicalManual":128,"Omamori":172,"infinitespire:Lucky Rock":209,"War Paint":161,"Anchor":120,"Replay:Baseball":172,"hubris:BottledHeart":209,"Simple Rune":61,"PureWater":152,"Grinning Jar":168,"Toy Ornithopter":13,"Meat on the Bone":96}]},"card_choices":[{"not_picked":["stsjorbsmod:ArcaneWeapon","stsjorbsmod:Prepare","stsjorbsmod:DoubleCheck"],"picked":"SKIP","floor":1},{"not_picked":["stsjorbsmod:Firebolt","stsjorbsmod:MistyStep"],"picked":"stsjorbsmod:Materialize","floor":4},{"not_picked":["stsjorbsmod:LoseGrip","stsjorbsmod:BurningFlask"],"picked":"stsjorbsmod:UnseenServant","floor":6},{"not_picked":["stsjorbsmod:DisguiseSelf","stsjorbsmod:PurgeMind"],"picked":"stsjorbsmod:FindFamiliar","floor":8},{"not_picked":["stsjorbsmod:DisguiseSelf","stsjorbsmod:Index"],"picked":"stsjorbsmod:ParryingBlow","floor":11},{"not_picked":["stsjorbsmod:Rest","stsjorbsmod:Hibernate"],"picked":"stsjorbsmod:Inferno","floor":14},{"not_picked":["stsjorbsmod:Fear","stsjorbsmod:Determination"],"picked":"stsjorbsmod:Rediscovery","floor":16},{"not_picked":["stsjorbsmod:Counterspell","stsjorbsmod:MistyStep+1"],"picked":"stsjorbsmod:MageArmor","floor":18},{"not_picked":["stsjorbsmod:DisguiseSelf","stsjorbsmod:LoseGrip"],"picked":"stsjorbsmod:Firebolt+1","floor":21},{"not_picked":["stsjorbsmod:FracturedMind","stsjorbsmod:MagicMissiles"],"picked":"stsjorbsmod:WanderingMind","floor":23},{"not_picked":["stsjorbsmod:Index","stsjorbsmod:MagicMissiles","stsjorbsmod:OldPocket"],"picked":"SKIP","floor":25},{"not_picked":["stsjorbsmod:PurgeMind","stsjorbsmod:FracturedMind"],"picked":"stsjorbsmod:Prestidigitation","floor":29},{"not_picked":["stsjorbsmod:Firebolt","stsjorbsmod:Hibernate"],"picked":"stsjorbsmod:SmithingStrike+1","floor":31}],"player_experience":77519,"relics_obtained":[{"floor":5,"key":"War Paint"},{"floor":6,"key":"Grinning Jar"},{"floor":8,"key":"Omamori"},{"floor":9,"key":"Replay:Baseball"},{"floor":11,"key":"Simple Rune"},{"floor":23,"key":"Replay:Bottled Snecko"},{"floor":25,"key":"infinitespire:Lucky Rock"},{"floor":26,"key":"Whetstone"}],"event_choices":[{"damage_healed":0,"gold_gain":0,"player_choice":"Got Potions","damage_taken":0,"max_hp_gain":0,"max_hp_loss":0,"event_name":"Lab","floor":13,"gold_loss":0},{"cards_removed":["stsjorbsmod:MageArmor"],"damage_healed":0,"gold_gain":0,"player_choice":"Take \u0026 Give","damage_taken":0,"max_hp_gain":0,"max_hp_loss":0,"event_name":"betterNote:BetterNote","floor":20,"gold_loss":0,"cards_obtained":["Protect"]}],"is_beta":false,"boss_relics":[{"not_picked":["Snecko Eye","Ring of Chaos"],"picked":"hubris:TerracottaHorce"}],"items_purged_floors":[19,22,28],"is_endless":false,"potions_floor_spawned":[4,8,14,16,23,31],"killed_by":"conspire:MysteriousRune","ascension_level":0}}