{"host":"obplhmlw33xb91v8","time":1610438854,"event":{"mods":["BaseMod","Block Reminder","Curses Come First","Evolution","Minty Spire (QoL Compilation)","Quick Restart","Relic Stats","Spicy Shops","StSLib","Uncapped","Waifu the Spire","slay the spire mod where everything is the same but ironclad has a cowboy hat"],"gold_per_floor":[114,65,65,86,51,51,91,91,138,179,179,198,214,232,232,361,361,379,379,393,493,493,493],"floor_reached":22,"playtime":653,"items_purged":[],"score":223,"play_id":"ea7b5212-cc37-4411-a6c3-87124ed8782a","local_time":"20210112030734","is_ascension_mode":true,"campfire_choices":[{"data":"Zap","floor":6,"key":"SMITH"},{"data":"Dualcast","floor":8,"key":"SMITH"},{"floor":15,"key":"REST"}],"circlet_count":0,"master_deck":["Compile Driver+1","Compile Driver","Strike_B","Strike_B+1","Defend_B","Defend_B","Defend_B","Defend_B","Zap+1","Dualcast+1","Ball Lightning","Hello World","Biased Cognition","Storm","Barrage","Electrodynamics"],"relics":["EVO:Axolotl","Philosopher\u0027s Stone","Golden Idol","Whetstone","Boot","Mummified Hand","WarpedTongs","Inserter"],"acts_visited":["Exordium","TheCity"],"potions_floor_usage":[16,16,16,22,22],"damage_taken":[{"damage":1,"enemies":"Cultist","floor":1,"turns":4},{"damage":0,"enemies":"2 Louse","floor":4,"turns":3},{"damage":19,"enemies":"3 Sentries","floor":7,"turns":6},{"damage":16,"enemies":"Lagavulin","floor":10,"turns":5},{"damage":1,"enemies":"Small Slimes","floor":12,"turns":2},{"damage":5,"enemies":"Gremlin Gang","floor":13,"turns":3},{"damage":30,"enemies":"Exordium Thugs","floor":14,"turns":4},{"damage":26,"enemies":"Hexaghost","floor":16,"turns":6},{"damage":55,"enemies":"3 Byrds","floor":18,"turns":3},{"damage":4,"enemies":"Chosen","floor":20,"turns":3},{"damage":16,"enemies":"Centurion and Healer","floor":22,"turns":1}],"seed_played":"4708672364302001225","potions_obtained":[{"floor":7,"key":"EssenceOfSteel"},{"floor":10,"key":"LiquidBronze"},{"floor":14,"key":"Regen Potion"},{"floor":16,"key":"Weak Potion"},{"floor":20,"key":"Explosive Potion"}],"is_trial":false,"path_per_floor":["M","$","?","M","?","R","E","R","T","E","?","M","M","M","R","B",null,"M","?","M","?","M"],"character_chosen":"DEFECT","items_purchased":["Hello World"],"campfire_rested":1,"item_purchase_floors":[2],"current_hp_per_floor":[74,74,56,56,74,74,55,55,55,39,39,38,33,3,25,14,75,20,20,16,16,0,0],"gold":493,"neow_bonus":"BOSS_RELIC","is_daily":false,"chose_seed":false,"campfire_upgraded":2,"win_rate":0.0,"timestamp":1610438854,"path_taken":["M","?","?","M","?","R","E","R","T","E","?","M","M","M","R","BOSS","M","?","?","?","?"],"items_purchased_type":["Card"],"build_version":"2020-12-22","purchased_purges":0,"victory":false,"max_hp_per_floor":[75,75,75,75,75,75,75,75,75,75,75,75,75,75,75,75,75,75,75,75,75,75,75],"relic_stats":{"Inserter":[3],"counters":[11,40],"Golden Idol":64,"Mummified Hand":[17],"Whetstone":["Strike_B","Compile Driver"],"Boot":[18],"obtain_stats":[{"Inserter":17,"Golden Idol":3,"Mummified Hand":10,"Philosopher\u0027s Stone":0,"EVO:Axolotl":0,"Whetstone":7,"Cracked Core":0,"Boot":9,"WarpedTongs":11},{"Inserter":8,"Golden Idol":1,"Mummified Hand":4,"Philosopher\u0027s Stone":0,"EVO:Axolotl":0,"Whetstone":3,"Cracked Core":0,"Boot":3,"WarpedTongs":4},{"Inserter":33,"Golden Idol":4,"Mummified Hand":18,"Philosopher\u0027s Stone":0,"EVO:Axolotl":0,"Whetstone":13,"Cracked Core":0,"Boot":13,"WarpedTongs":18}],"WarpedTongs":[22]},"card_choices":[{"not_picked":["Scrape","Tempest"],"picked":"Ball Lightning","floor":1},{"not_picked":["BootSequence","Gash","Scrape"],"picked":"SKIP","floor":4},{"not_picked":["Reprogram","Stack","Steam"],"picked":"SKIP","floor":7},{"not_picked":["Ball Lightning","Steam"],"picked":"Biased Cognition","floor":10},{"not_picked":["Turbo","Compile Driver"],"picked":"Storm","floor":12},{"not_picked":["Turbo","Cold Snap"],"picked":"Barrage","floor":13},{"not_picked":["Turbo","Rip and Tear","Chaos"],"picked":"SKIP","floor":14},{"not_picked":["Buffer","Meteor Strike"],"picked":"Electrodynamics","floor":16},{"not_picked":["Rebound","Compile Driver","Redo"],"picked":"SKIP","floor":18},{"not_picked":["Steam+1","Leap","Darkness"],"picked":"SKIP","floor":20}],"player_experience":168866,"relics_obtained":[{"floor":7,"key":"Whetstone"},{"floor":9,"key":"Boot"},{"floor":10,"key":"Mummified Hand"}],"event_choices":[{"damage_healed":0,"gold_gain":0,"player_choice":"Take Damage","damage_taken":18,"relics_obtained":["Golden Idol"],"max_hp_gain":0,"max_hp_loss":0,"event_name":"Golden Idol","floor":3,"gold_loss":0},{"damage_healed":18,"gold_gain":0,"player_choice":"Healed","damage_taken":0,"max_hp_gain":0,"max_hp_loss":0,"event_name":"The Cleric","floor":5,"gold_loss":35},{"damage_healed":0,"gold_gain":0,"player_choice":"Rummage","damage_taken":0,"relics_obtained":["WarpedTongs"],"max_hp_gain":0,"max_hp_loss":0,"event_name":"Accursed Blacksmith","floor":11,"gold_loss":0,"cards_obtained":["Pain"]},{"cards_removed":["Pain"],"damage_healed":0,"gold_gain":0,"player_choice":"Removed Curses","damage_taken":0,"max_hp_gain":0,"max_hp_loss":0,"event_name":"Fountain of Cleansing","floor":19,"gold_loss":0},{"damage_healed":0,"gold_gain":100,"player_choice":"Pray","damage_taken":0,"max_hp_gain":0,"max_hp_loss":0,"event_name":"Golden Shrine","floor":21,"gold_loss":0}],"is_beta":false,"boss_relics":[{"not_picked":["Fusion Hammer","Ectoplasm"],"picked":"Inserter"}],"items_purged_floors":[],"is_endless":false,"potions_floor_spawned":[7,10,14,16,20],"killed_by":"Centurion and Healer","ascension_level":3}}