{"host":"dhr6iszse2qz12e2","time":1610473533,"event":{"mods":["100% Spire Juice","2.2 Compatiblity","A Magickal Journey","Act Like it!","BaseMod","Bestiary","Better Note","BetterRewards","Colored Map","Downfall","Gensokyo","Hermit","Hubris","Infinite Spire","Marisa????????","Minty Spire (QoL Compilation)","Permanent Neow","Quick Restart","Reimu??????","Replay The Spire","Shop Mod","StSLib","Td1madao Mod","The Administrix","The Animator","The Bug Knight","The Cursed","The Gatherer","The Hierophant","The IronCluck","The Jungle","The Servant 0.9.4","everything is the same but u backflip on backflip","slay the spire mod where everything is the same but ironclad has a cowboy hat","??????REMEMod"],"gold_per_floor":[113,113,113,128,142,142,159,159,159,184,184],"floor_reached":10,"playtime":582,"items_purged":[],"score":68,"play_id":"9c83f996-855d-4a45-80be-2ef490d89e77","local_time":"20210112194533","is_ascension_mode":false,"campfire_choices":[{"data":"hermit:OverwhelmingPower","floor":6,"key":"SMITH"},{"data":"TheCursedMod:Grudge","floor":8,"key":"SMITH"}],"circlet_count":0,"master_deck":["hermit:Strike_Hermit","hermit:Strike_Hermit","hermit:Strike_Hermit","hermit:Strike_Hermit","hermit:Defend_Hermit","hermit:Defend_Hermit","hermit:Defend_Hermit","hermit:Defend_Hermit","hermit:Snapshot","hermit:Covet","hermit:OverwhelmingPower+1","hermit:ItchyTrigger","Decay","hermit:Glare","TheCursedMod:Grudge+1"],"relics":["hermit:Momento","REME_ComplimentaryCards","hubris:DisguiseKit","Blue Doll","Replay:Towering Pillar of Hats"],"acts_visited":["Exordium"],"potions_floor_usage":[],"damage_taken":[{"damage":4,"enemies":"Cultist","floor":1,"turns":4},{"damage":2,"enemies":"2 Louse","floor":4,"turns":3},{"damage":9,"enemies":"Jaw Worm","floor":5,"turns":4},{"damage":19,"enemies":"Lots of Slimes","floor":7,"turns":5},{"damage":34,"enemies":"3 Sentries","floor":10,"turns":10}],"seed_played":"5935547234790446788","potions_obtained":[{"floor":10,"key":"Weak Potion"}],"is_trial":false,"path_per_floor":["M","?","?","M","M","R","M","R","T","E"],"character_chosen":"HERMIT","items_purchased":[],"campfire_rested":0,"item_purchase_floors":[],"current_hp_per_floor":[71,71,71,69,60,60,41,41,41,7,7],"gold":184,"neow_bonus":"ONE_RANDOM_RARE_CARD","is_daily":false,"chose_seed":false,"campfire_upgraded":2,"win_rate":0.0,"timestamp":1610473533,"path_taken":["M","?","?","M","?","R","M","R","T","E"],"items_purchased_type":[],"build_version":"2020-12-22","purchased_purges":0,"victory":false,"max_hp_per_floor":[75,75,75,75,75,75,75,75,75,75,75],"card_choices":[{"not_picked":["hermit:TakeAim","hermit:Vantage"],"picked":"hermit:ItchyTrigger","floor":1},{"not_picked":["hermit:HoleUp","hermit:Ricochet","TheCursedMod:CursedAmulet"],"picked":"hermit:Glare","floor":4},{"not_picked":["hermit:Gestalt","hermit:Headshot","hermit:CalledShot"],"picked":"TheCursedMod:Grudge","floor":5},{"not_picked":["hermit:Spite","hermit:LowProfile","hermit:RoundhouseKick","TheCursedMod:FleshFromBone"],"picked":"SKIP","floor":7}],"player_experience":468578,"relics_obtained":[{"floor":9,"key":"Blue Doll"},{"floor":10,"key":"Replay:Towering Pillar of Hats"}],"event_choices":[{"cards_removed":["hermit:OverwhelmingPower"],"damage_healed":0,"gold_gain":0,"player_choice":"Give","damage_taken":0,"max_hp_gain":0,"max_hp_loss":0,"event_name":"betterNote:BetterNote","floor":3,"gold_loss":0,"cards_obtained":["None"]}],"is_beta":false,"boss_relics":[],"items_purged_floors":[],"is_endless":false,"potions_floor_spawned":[10],"killed_by":"3 Sentries","ascension_level":0}}