{"host":"ecaj4hn004xnnrw9","time":1610489056,"event":{"mods":["AchievementEnabler","BaseMod","Better Third Choice","Hermit","Hubris","Infinite Spire","Jorbs\u0027s Wanderer Trilogy","Minty Spire (QoL Compilation)","Quick Restart","Shop Mod","StSLib","The Construct","The Jungle","The Runesmith"],"gold_per_floor":[113,126,142,158,158,158,187,187,187,204,204,241,241,258,258,365,365,388,265,267,273,299,301,301],"floor_reached":23,"language":"ENG","playtime":788,"items_purged":["Strike_B","Strike_B","Strike_B","Strike_B"],"score":259,"play_id":"8145ea39-b9e9-439b-b9a6-2672f8b50f9f","local_time":"20210112220416","is_ascension_mode":true,"campfire_choices":[{"data":"Beam Cell","floor":6,"key":"SMITH"},{"data":"Hologram","floor":13,"key":"SMITH"},{"data":"Dualcast","floor":15,"key":"SMITH"}],"circlet_count":0,"master_deck":["Defend_B+1","Defend_B","Defend_B+1","Defend_B","Zap","Dualcast+1","Doom and Gloom","Beam Cell+1","Lockon","Self Repair","Die Die Die","Cold Snap","Hologram+1","Creative AI","Cold Snap","infinitespire:NeuralNetwork"],"relics":["Inserter","StrikeDummy","Nunchaku","infinitespire:Midas Blood","War Paint","Incense Burner","Nuclear Battery","hubris:KleinBottle","Potion Belt"],"acts_visited":["Exordium","TheCity"],"potions_floor_usage":[4,7,7,7],"damage_taken":[{"damage":1,"enemies":"Cultist","floor":1,"turns":4},{"damage":5,"enemies":"Small Slimes","floor":2,"turns":3},{"damage":7,"enemies":"Jaw Worm","floor":3,"turns":3},{"damage":18,"enemies":"Lots of Slimes","floor":4,"turns":4},{"damage":15,"enemies":"Lagavulin","floor":7,"turns":5},{"damage":15,"enemies":"Exordium Wildlife","floor":10,"turns":3},{"damage":7,"enemies":"3 Sentries","floor":12,"turns":5},{"damage":6,"enemies":"Red Slaver","floor":14,"turns":2},{"damage":51,"enemies":"Slime Boss","floor":16,"turns":13},{"damage":17,"enemies":"Spheric Guardian","floor":18,"turns":6},{"damage":6,"enemies":"Gremlin Leader","floor":23,"turns":2}],"seed_played":"5238489179781645993","potions_obtained":[{"floor":2,"key":"EntropicBrew"},{"floor":7,"key":"PotionOfCapacity"},{"floor":10,"key":"FairyPotion"},{"floor":14,"key":"LiquidBronze"}],"is_trial":false,"path_per_floor":["M","M","M","M","?","R","E","?","T","M","?","E","R","M","R","B",null,"M","$","?","$","T","E"],"character_chosen":"DEFECT","items_purchased":["Cold Snap","hubris:KleinBottle"],"campfire_rested":0,"item_purchase_floors":[19,21],"current_hp_per_floor":[67,62,55,37,62,62,63,55,55,47,47,40,40,34,34,39,66,56,56,42,2,2,0,0],"gold":301,"neow_bonus":"BOSS_RELIC","is_daily":false,"chose_seed":false,"campfire_upgraded":3,"win_rate":0.0,"timestamp":1610489056,"path_taken":["M","M","M","M","?","R","E","?","T","M","?","E","R","?","R","BOSS","M","$","?","?","?","E"],"items_purchased_type":["Card","Relic"],"build_version":"2020-12-22","purchased_purges":4,"victory":false,"max_hp_per_floor":[75,75,75,75,75,75,75,75,75,75,75,75,75,75,75,75,75,75,75,80,80,80,80,80],"card_choices":[{"not_picked":["White Noise","Hologram"],"picked":"Doom and Gloom","floor":1},{"not_picked":["Turbo","Scrape"],"picked":"Beam Cell","floor":2},{"not_picked":["Heatsinks","Static Discharge"],"picked":"Lockon","floor":3},{"not_picked":["Beam Cell","Hologram"],"picked":"Self Repair","floor":4},{"not_picked":["Hologram","Go for the Eyes"],"picked":"Barrage","floor":7},{"not_picked":["Stack","Barrage"],"picked":"Cold Snap","floor":10},{"not_picked":["Melter","Double Energy"],"picked":"Hologram","floor":12},{"not_picked":["Force Field","Sunder","Barrage"],"picked":"SKIP","floor":14},{"not_picked":["Machine Learning","Fission"],"picked":"Creative AI","floor":16},{"not_picked":["Reinforced Body","Leap","Barrage+1"],"picked":"SKIP","floor":18},{"not_picked":["infinitespire:Execution","hubris:InfiniteBlow"],"picked":"infinitespire:NeuralNetwork","floor":21}],"player_experience":297775,"relics_obtained":[{"floor":7,"key":"StrikeDummy"},{"floor":9,"key":"infinitespire:Midas Blood"},{"floor":12,"key":"Incense Burner"},{"floor":22,"key":"Potion Belt"}],"event_choices":[{"damage_healed":25,"gold_gain":0,"player_choice":"Banana","damage_taken":0,"max_hp_gain":0,"max_hp_loss":0,"event_name":"Big Fish","floor":5,"gold_loss":0},{"cards_removed":["Barrage"],"damage_healed":0,"gold_gain":0,"player_choice":"Gave Card","damage_taken":0,"relics_obtained":["War Paint"],"max_hp_gain":0,"max_hp_loss":0,"event_name":"WeMeetAgain","floor":11,"gold_loss":0},{"damage_healed":0,"gold_gain":0,"player_choice":"Shed Blood","damage_taken":19,"max_hp_gain":5,"max_hp_loss":0,"event_name":"Forgotten Altar","floor":20,"gold_loss":0}],"is_beta":false,"boss_relics":[{"not_picked":["hubris:TerracottaHorce","Black Star"],"picked":"Nuclear Battery"}],"items_purged_floors":[19,21,21,21],"is_endless":false,"potions_floor_spawned":[2,4,7,10,14],"killed_by":"Gremlin Leader","ascension_level":6}}