{"host":"9kuc8qxv67wkis18","time":1610410543,"event":{"mods":["2.2 Compatiblity","AchievementEnabler","Aspiration","Astrologer","Bard","BaseMod","Beaked The Cultist","Bestiary","Better Note","Better Third Choice","Block Reminder","Challenge The Spire","ChefMod","Conspire","Curses Come First","GifTheSpireLib","Glutton Mod","Halation","Hermit","Highlight Path","Hubris","Infinite Spire","Jorbs\u0027s Wanderer Trilogy","Marked Mod","Melee Mod","Minty Spire (QoL Compilation)","Permanent Neow","Potionbrewer","Random Character Button","Rare Cards Sparkle","Replay The Spire","Shade Mod","Somnambulant","Spikes Relics","StSLib","Stuff the Spire","The Accelerator","The Blue Laboratory","The Caster","The Construct","The Cursed","The Disciple","The Florist","The Forsaken","The Hierophant","The Judge","The Juggle","The Jungle","The Marked","The Necromancer","The Showman","The Wild Card","TheArtist","Thieving Mod","everything is the same but u backflip on backflip","thorton","vexMod"],"gold_per_floor":[113,68,83,83,83,109,109,109,109,109,127,143,163,182,182,284,284,298,309,309,309,256,285,285,312,312,329,335,8,22,35,35,132,134,148,150,153,156,178,181,181],"floor_reached":40,"playtime":7377,"items_purged":["hermit:Defend_Hermit","hermit:Defend_Hermit"],"score":471,"play_id":"77aad37f-c4a9-449f-99c7-26ebd5687f2f","local_time":"20210111191543","is_ascension_mode":true,"campfire_choices":[{"floor":7,"key":"REST"},{"floor":15,"key":"REST"},{"data":"hermit:Maintenance","floor":24,"key":"SMITH"},{"floor":32,"key":"REST"}],"circlet_count":0,"master_deck":["hermit:Strike_Hermit","hermit:Strike_Hermit","hermit:Strike_Hermit","hermit:Strike_Hermit","hermit:Defend_Hermit","hermit:Defend_Hermit","hermit:Snapshot","hermit:Covet","hermit:HighCaliber","hermit:Maintenance","hermit:Maintenance+1","hermit:HighCaliber"],"relics":["hermit:Momento","halation:LettersToHer","Shuriken","Prayer Wheel","halation:RedSoulGem","StuffTheSpire:RunicConfusion","conspire:SpecialSausage","theForsaken:Lifeblossom","hubris:64BitClover","vexMod:InvisibilityCloak","thethorton:BankDeed","Du-Vu Doll","hubris:PeanutButter","StuffTheSpire:RunicHypercube"],"acts_visited":["Exordium","TheCity","TheBeyond"],"potions_floor_usage":[18,19,20,33],"damage_taken":[{"damage":2,"enemies":"Jaw Worm","floor":1,"turns":3},{"damage":0,"enemies":"Small Slimes","floor":3,"turns":3},{"damage":38,"enemies":"Gremlin Nob","floor":6,"turns":5},{"damage":0,"enemies":"2 Louse","floor":11,"turns":2},{"damage":7,"enemies":"Looter","floor":12,"turns":3},{"damage":0,"enemies":"Exordium Wildlife","floor":13,"turns":1},{"damage":7,"enemies":"Exordium Thugs","floor":14,"turns":4},{"damage":37,"enemies":"Hexaghost","floor":16,"turns":11},{"damage":11,"enemies":"Spheric Guardian","floor":18,"turns":4},{"damage":7,"enemies":"Shell Parasite","floor":19,"turns":4},{"damage":2,"enemies":"Snecko","floor":20,"turns":3},{"damage":30,"enemies":"Book of Stabbing","floor":23,"turns":6},{"damage":38,"enemies":"Slavers","floor":25,"turns":7},{"damage":6,"enemies":"Shelled Parasite and Fungi","floor":27,"turns":7},{"damage":4,"enemies":"conspire:HollyBat","floor":30,"turns":5},{"damage":0,"enemies":"Chosen and Byrds","floor":31,"turns":5},{"damage":32,"enemies":"conspire:MysteriousRune","floor":33,"turns":9},{"damage":0,"enemies":"Orb Walker","floor":35,"turns":2},{"damage":0,"enemies":"3 Shapes","floor":39,"turns":3},{"damage":74,"enemies":"Nightmare","floor":40,"turns":6}],"seed_played":"2597540503457519414","potions_obtained":[{"floor":6,"key":"SmokeBomb"},{"floor":11,"key":"blueLaboratory:BottledHope"},{"floor":13,"key":"blueLaboratory:BottleOfVodka"},{"floor":18,"key":"blueLaboratory:EnragingPotion"},{"floor":30,"key":"SpeedPotion"},{"floor":31,"key":"blueLaboratory:AbyssPotion"},{"floor":33,"key":"blueLaboratory:EnragingPotion"}],"is_trial":false,"path_per_floor":["M","$","M","?","$","E","R","?","T","$","M","M","M","M","R","B",null,"M","M","M","AVR","?","E","R","E","T","M","T","$","M","M","R","B",null,"M","$","?","?","M","NM"],"character_chosen":"HERMIT","items_purchased":["hermit:HighCaliber","hubris:PeanutButter"],"campfire_rested":3,"item_purchase_floors":[2,29],"current_hp_per_floor":[73,73,73,73,73,35,57,57,57,57,57,50,50,43,65,28,75,64,57,55,55,75,48,48,16,16,16,16,16,18,24,46,20,75,75,75,75,71,71,0,0],"gold":181,"neow_bonus":"RANDOM_COMMON_RELIC","is_daily":false,"chose_seed":false,"campfire_upgraded":1,"win_rate":0.0,"timestamp":1610410543,"path_taken":["M","$","M","?","$","E","R","?","T","?","M","M","M","M","R","BOSS","M","M","M","AVR","?","E","R","E","T","M","?","$","?","M","R","BOSS","M","$","?","?","M","NM"],"items_purchased_type":["Card","Relic"],"build_version":"2020-12-22","purchased_purges":2,"victory":false,"max_hp_per_floor":[75,75,75,75,75,75,75,75,75,75,75,75,75,75,75,75,75,75,75,75,75,75,75,75,75,75,75,75,75,75,75,75,75,75,75,75,75,71,71,71,71],"card_choices":[{"not_picked":["hermit:Cheat","hermit:CalledShot","hermit:LowProfile"],"picked":"SKIP","floor":1},{"not_picked":["hermit:HoleUp","hermit:Misfire","hermit:LuckOfTheDraw"],"picked":"SKIP","floor":3},{"not_picked":["hermit:Headshot","hermit:WideOpen","hermit:TrackingShot"],"picked":"SKIP","floor":6},{"not_picked":["hermit:TrackingShot","hermit:BlackWind"],"picked":"hermit:Maintenance","floor":11},{"not_picked":["hermit:PistolWhip","hermit:EyeOfTheStorm","hermit:Spite"],"picked":"SKIP","floor":11},{"not_picked":["hermit:CursedWeapon","hermit:TakeCover","hermit:NoHoldsBarred"],"picked":"SKIP","floor":12},{"not_picked":["hermit:Glare","hermit:Ricochet","hermit:Feint"],"picked":"SKIP","floor":12},{"not_picked":["hermit:HeroicBravado","hermit:ItchyTrigger","hermit:TrackingShot"],"picked":"SKIP","floor":13},{"not_picked":["hermit:PistolWhip","hermit:Quickdraw","hermit:Desperado"],"picked":"SKIP","floor":13},{"not_picked":["hermit:ShadowCloak","hermit:BodyArmor"],"picked":"hermit:Maintenance","floor":14},{"not_picked":["hermit:LoneWolf","hermit:DeadMansHand","hermit:Quickdraw"],"picked":"SKIP","floor":14},{"not_picked":["hermit:Scavenge+1","hermit:Headshot","hermit:EyeOfTheStorm"],"picked":"SKIP","floor":18},{"not_picked":["hermit:Dive","hermit:Deadeye","hermit:HoleUp"],"picked":"SKIP","floor":18},{"not_picked":["hermit:GoldenBullet","hermit:Misfire","hermit:Quickdraw"],"picked":"SKIP","floor":19},{"not_picked":["hermit:Glare+1","hermit:SprayPray","hermit:LuckOfTheDraw+1"],"picked":"SKIP","floor":19},{"not_picked":["hermit:LowProfile","hermit:Manifest","hermit:CalledShot"],"picked":"SKIP","floor":23},{"not_picked":["hermit:Coalescence","hermit:HeroicBravado","hermit:Manifest"],"picked":"SKIP","floor":25},{"not_picked":["hermit:LowProfile+1","hermit:ItchyTrigger"],"picked":"hermit:HighCaliber","floor":27},{"not_picked":["hermit:Virtue+1","hermit:Vantage","hermit:ItchyTrigger+1"],"picked":"SKIP","floor":27},{"not_picked":["hermit:BodyArmor","hermit:Headshot","hermit:TakeCover"],"picked":"SKIP","floor":30},{"not_picked":["hermit:Headshot","hermit:WideOpen","hermit:BodyArmor"],"picked":"SKIP","floor":30},{"not_picked":["hermit:Snipe","hermit:DeadOrAlive","hermit:Scavenge+1"],"picked":"SKIP","floor":31},{"not_picked":["hermit:Cheat+1","hermit:Shortfuse","hermit:TakeCover"],"picked":"SKIP","floor":31},{"not_picked":["hermit:BodyArmor+1","hermit:ShadowCloak+1","hermit:TakeAim+1"],"picked":"SKIP","floor":35},{"not_picked":["hermit:TakeCover+1","hermit:Cheat+1","hermit:SprayPray+1"],"picked":"SKIP","floor":35},{"not_picked":["hermit:LowProfile","hermit:ItchyTrigger","hermit:Enervate+1"],"picked":"SKIP","floor":39},{"not_picked":["hermit:PistolWhip","hermit:Spite+1","hermit:Enervate+1"],"picked":"SKIP","floor":39}],"player_experience":204078,"relics_obtained":[{"floor":4,"key":"Shuriken"},{"floor":6,"key":"Prayer Wheel"},{"floor":9,"key":"halation:LettersToHer"},{"floor":23,"key":"hubris:64BitClover"},{"floor":25,"key":"vexMod:InvisibilityCloak"},{"floor":26,"key":"halation:LettersToHer"},{"floor":26,"key":"thethorton:BankDeed"},{"floor":28,"key":"halation:LettersToHer"},{"floor":28,"key":"Du-Vu Doll"}],"event_choices":[{"damage_healed":0,"gold_gain":0,"player_choice":"Ignored","damage_taken":0,"max_hp_gain":0,"max_hp_loss":0,"event_name":"Tomb of Lord Red Mask","floor":37,"gold_loss":0},{"damage_healed":0,"gold_gain":0,"player_choice":"Max HP","damage_taken":0,"max_hp_gain":0,"max_hp_loss":4,"event_name":"Winding Halls","floor":38,"gold_loss":0}],"is_beta":false,"boss_relics":[{"not_picked":["Sandwich","ReplayTheSpireMod:DimensionalGlitch"],"picked":"StuffTheSpire:RunicConfusion"},{"not_picked":["Runic Dome","hubris:HollowSoul"],"picked":"StuffTheSpire:RunicHypercube"}],"items_purged_floors":[21,29],"is_endless":false,"potions_floor_spawned":[6,11,13,18,30,31,33,39],"killed_by":"Nightmare","ascension_level":2}}