{"host":"g2yp6paluzgljz05","time":1610415993,"event":{"mods":["BaseMod","Bestiary","Colored Map","Colored Powertips","DeckTracker","Highlight Path","Minty Spire (QoL Compilation)","Quick Restart"],"gold_per_floor":[111,36,36,57,11,44,59,59,59,99,117,157,173,173,173,173,173],"floor_reached":16,"playtime":751,"items_purged":["Strike_R"],"score":174,"play_id":"18526909-3906-4251-bf02-389bc4fd1473","local_time":"20210112124633","is_ascension_mode":true,"campfire_choices":[{"data":"Perfected Strike","floor":8,"key":"SMITH"},{"data":"Bash","floor":15,"key":"SMITH"}],"circlet_count":0,"master_deck":["Strike_R","Strike_R","Strike_R","Strike_R","Defend_R","Defend_R","Defend_R","Defend_R","Bash+1","Flame Barrier","Perfected Strike+1","Dropkick","Evolve","Wild Strike","Parasite"],"relics":["Burning Blood","NeowsBlessing","Golden Idol","Boot","Shuriken","Potion Belt","Pen Nib"],"acts_visited":["Exordium"],"potions_floor_usage":[10,12,13],"damage_taken":[{"damage":0,"enemies":"Small Slimes","floor":1,"turns":1},{"damage":0,"enemies":"Jaw Worm","floor":4,"turns":1},{"damage":0,"enemies":"Gremlin Nob","floor":6,"turns":1},{"damage":1,"enemies":"2 Louse","floor":7,"turns":2},{"damage":40,"enemies":"3 Sentries","floor":10,"turns":8},{"damage":5,"enemies":"Gremlin Gang","floor":11,"turns":4},{"damage":40,"enemies":"Lagavulin","floor":12,"turns":4},{"damage":2,"enemies":"3 Louse","floor":13,"turns":4},{"damage":36,"enemies":"Hexaghost","floor":16,"turns":4}],"seed_played":"-5056292282147956740","potions_obtained":[{"floor":1,"key":"EssenceOfSteel"},{"floor":4,"key":"AttackPotion"},{"floor":11,"key":"FearPotion"}],"is_trial":false,"path_per_floor":["M","$","?","M","$","E","M","R","T","E","M","E","M","?","R","B"],"character_chosen":"IRONCLAD","items_purchased":["Perfected Strike"],"campfire_rested":0,"item_purchase_floors":[5],"current_hp_per_floor":[80,80,60,66,66,72,77,77,77,43,44,10,14,34,34,0,0],"gold":173,"neow_bonus":"THREE_ENEMY_KILL","is_daily":false,"chose_seed":false,"campfire_upgraded":2,"win_rate":0.0,"timestamp":1610415993,"path_taken":["M","$","?","M","$","E","M","R","T","E","M","E","M","?","R","BOSS"],"items_purchased_type":["Card"],"build_version":"2020-12-22","purchased_purges":1,"victory":false,"max_hp_per_floor":[80,80,80,80,80,80,80,80,80,80,80,80,80,80,80,80,80],"card_choices":[{"not_picked":["Armaments","Warcry"],"picked":"Flame Barrier","floor":1},{"not_picked":["Flex","Wild Strike","Bloodletting"],"picked":"SKIP","floor":4},{"not_picked":["Thunderclap","Power Through","Carnage"],"picked":"SKIP","floor":6},{"not_picked":["Cleave","Fire Breathing","Carnage"],"picked":"SKIP","floor":7},{"not_picked":["Sever Soul","Shrug It Off"],"picked":"Dropkick","floor":10},{"not_picked":["Sword Boomerang","Flex"],"picked":"Evolve","floor":11},{"not_picked":["Dark Embrace","Dual Wield","Corruption"],"picked":"SKIP","floor":12},{"not_picked":["Havoc","Sword Boomerang"],"picked":"Wild Strike","floor":13}],"player_experience":170798,"relics_obtained":[{"floor":6,"key":"Boot"},{"floor":9,"key":"Shuriken"},{"floor":10,"key":"Potion Belt"},{"floor":12,"key":"Pen Nib"}],"event_choices":[{"damage_healed":0,"gold_gain":0,"player_choice":"Take Damage","damage_taken":20,"relics_obtained":["Golden Idol"],"max_hp_gain":0,"max_hp_loss":0,"event_name":"Golden Idol","floor":3,"gold_loss":0},{"damage_healed":20,"gold_gain":0,"player_choice":"Healed and dodged fight","damage_taken":0,"max_hp_gain":0,"max_hp_loss":0,"event_name":"Mushrooms","floor":14,"gold_loss":0,"cards_obtained":["Parasite"]}],"is_beta":false,"boss_relics":[],"items_purged_floors":[2],"is_endless":false,"potions_floor_spawned":[1,4,11],"killed_by":"Hexaghost","ascension_level":4}}