{"host":"i7jfea87xc8lz16p","time":1610480735,"event":{"mods":["AchievementEnabler","BaseMod","Colored Powertips","Minty Spire (QoL Compilation)","Relic Stats"],"gold_per_floor":[112,126,143,161,41,366,366,366,445,445,477,477,506,506,506,580,580,591,616,616,635,635,665,665,665,665],"floor_reached":25,"language":"ENG","playtime":1215,"items_purged":["Strike_R"],"score":474,"play_id":"537bc7b7-3a09-4330-9f0a-96d220284fad","local_time":"20210112204535","is_ascension_mode":true,"campfire_choices":[{"floor":7.0,"key":"REST"},{"floor":12.0,"key":"REST"},{"floor":15.0,"key":"REST"},{"floor":24,"key":"REST"}],"circlet_count":0,"master_deck":["AscendersBane","Strike_R","Strike_R","Strike_R","Strike_R","Defend_R","Defend_R","Defend_R","Defend_R","Bash","Shrug It Off","Whirlwind+1","Feel No Pain","Second Wind","Headbutt","Shockwave","Feed","Havoc","Sever Soul","Shrug It Off","RitualDagger","Dark Embrace+1"],"relics":["Busted Crown","Old Coin","Blue Candle","MealTicket","Incense Burner","Turnip","Velvet Choker","Red Mask","Anchor"],"acts_visited":["Exordium","TheCity"],"potions_floor_usage":[19,23,25],"damage_taken":[{"damage":3.0,"enemies":"2 Louse","floor":1.0,"turns":3.0},{"damage":2.0,"enemies":"Small Slimes","floor":2.0,"turns":4.0},{"damage":4.0,"enemies":"Jaw Worm","floor":3.0,"turns":3.0},{"damage":8.0,"enemies":"Blue Slaver","floor":4.0,"turns":3.0},{"damage":45.0,"enemies":"Gremlin Nob","floor":6.0,"turns":5.0},{"damage":9.0,"enemies":"3 Sentries","floor":11.0,"turns":4.0},{"damage":28.0,"enemies":"Gremlin Nob","floor":13.0,"turns":4.0},{"damage":35.0,"enemies":"The Guardian","floor":16.0,"turns":14.0},{"damage":0,"enemies":"3 Byrds","floor":18,"turns":4},{"damage":0,"enemies":"Masked Bandits","floor":19,"turns":2},{"damage":19,"enemies":"2 Thieves","floor":21,"turns":5},{"damage":54,"enemies":"Book of Stabbing","floor":23,"turns":7},{"damage":28,"enemies":"Shelled Parasite and Fungi","floor":25,"turns":2}],"seed_played":"-2316408881174224202","potions_obtained":[{"floor":2.0,"key":"Strength Potion"},{"floor":3.0,"key":"Regen Potion"},{"floor":13.0,"key":"Regen Potion"},{"floor":23,"key":"SkillPotion"}],"is_trial":false,"path_per_floor":["M","M","M","M","$","E","R","?","T","?","E","R","E","?","R","B",null,"M","?","?","M","?","E","R","M"],"character_chosen":"IRONCLAD","items_purchased":["Second Wind"],"campfire_rested":4,"item_purchase_floors":[5],"current_hp_per_floor":[65,63,59,51,51,6,28,28,28,28,19,41,25,20,42,7,58,61,64,64,48,42,2,27,0,0],"gold":665,"neow_bonus":"BOSS_RELIC","is_daily":false,"chose_seed":false,"campfire_upgraded":0,"win_rate":0.0,"timestamp":1610480735,"path_taken":["M","M","M","M","$","E","R","?","T","?","E","R","E","?","R","BOSS","M","?","?","M","?","E","R","M"],"items_purchased_type":["Card"],"build_version":"2020-12-22","purchased_purges":1,"victory":false,"max_hp_per_floor":[75,75,75,75,75,75,75,75,75,75,75,75,75,75,75,75,75,78,81,81,84,84,84,84,84,84],"relic_stats":{"Busted Crown":24,"counters":[13,60],"Blue Candle":[0],"MealTicket":0,"Turnip":[2],"obtain_stats":[{"Anchor":23,"Busted Crown":0,"Blue Candle":9,"Velvet Choker":17,"MealTicket":10,"Turnip":13,"Incense Burner":11,"Red Mask":19,"Burning Blood":0,"Old Coin":6},{"Anchor":12,"Busted Crown":0,"Blue Candle":5,"Velvet Choker":8,"MealTicket":5,"Turnip":7,"Incense Burner":6,"Red Mask":10,"Burning Blood":0,"Old Coin":5},{"Anchor":58,"Busted Crown":0,"Blue Candle":18,"Velvet Choker":40,"MealTicket":18,"Turnip":26,"Incense Burner":22,"Red Mask":46,"Burning Blood":0,"Old Coin":18}]},"card_choices":[{"not_picked":[],"picked":"Shrug It Off","floor":1.0},{"not_picked":[],"picked":"Whirlwind","floor":2.0},{"not_picked":[],"picked":"Feel No Pain","floor":3.0},{"not_picked":["Ghostly Armor"],"picked":"SKIP","floor":4.0},{"not_picked":["Clash"],"picked":"SKIP","floor":6.0},{"not_picked":[],"picked":"Headbutt","floor":11.0},{"not_picked":[],"picked":"Shockwave","floor":13.0},{"not_picked":[],"picked":"Feed","floor":16.0},{"not_picked":[],"picked":"Havoc","floor":18},{"not_picked":[],"picked":"Sever Soul","floor":19},{"not_picked":["Wild Strike"],"picked":"SKIP","floor":21},{"not_picked":[],"picked":"Dark Embrace+1","floor":23}],"player_experience":1762343,"relics_obtained":[{"floor":6.0,"key":"Old Coin"},{"floor":9.0,"key":"Blue Candle"},{"floor":11.0,"key":"Incense Burner"},{"floor":13.0,"key":"Turnip"},{"floor":19,"key":"Red Mask"},{"floor":23,"key":"Anchor"}],"event_choices":[{"damage_healed":0.0,"max_hp_gain":0.0,"max_hp_loss":0.0,"gold_gain":0.0,"event_name":"Living Wall","player_choice":"Grow","floor":8.0,"gold_loss":0.0,"damage_taken":0.0,"cards_upgraded":["Whirlwind"]},{"damage_healed":0.0,"max_hp_gain":0.0,"max_hp_loss":0.0,"gold_gain":0.0,"event_name":"Dead Adventurer","player_choice":"Searched \u00271\u0027 times","floor":10.0,"gold_loss":0.0,"damage_taken":0.0,"relics_obtained":["MealTicket"]},{"damage_healed":0.0,"max_hp_gain":0.0,"max_hp_loss":0.0,"gold_gain":0.0,"event_name":"Scrap Ooze","player_choice":"Fled","floor":14.0,"gold_loss":0.0,"damage_taken":5.0},{"damage_healed":0,"gold_gain":0,"player_choice":"Fought Bandits","damage_taken":0,"max_hp_gain":0,"max_hp_loss":0,"event_name":"Masked Bandits","floor":19,"gold_loss":0},{"damage_healed":0,"gold_gain":0,"player_choice":"Read","damage_taken":0,"max_hp_gain":0,"max_hp_loss":0,"event_name":"The Library","floor":20,"gold_loss":0,"cards_obtained":["Shrug It Off"]},{"damage_healed":0,"gold_gain":0,"player_choice":"Joined the Cult","damage_taken":6,"max_hp_gain":0,"max_hp_loss":0,"event_name":"Nest","floor":22,"gold_loss":0,"cards_obtained":["RitualDagger"]}],"is_beta":false,"boss_relics":[{"not_picked":["Cursed Key","Mark of Pain"],"picked":"Velvet Choker"}],"items_purged_floors":[5],"is_endless":false,"potions_floor_spawned":[2,3,11,13,18,23],"killed_by":"Shelled Parasite and Fungi","ascension_level":20}}