{"host":"y3iy5gb13b300rns","time":1610441897,"event":{"mods":["BaseMod","Bestiary","Curses Come First","Minty Spire (QoL Compilation)","Replay The Spire","StSLib","The Runesmith"],"gold_per_floor":[116,132,142,157,157,157,157,332,357,375,430,439,448,37,37,176,176,208,208,253,124,133,133,84,93,93,102,159,10,49,149,149,281,281,323,423,98,131,158,158,232,232,301,73,125,125,0,0,0,24],"floor_reached":51,"playtime":2466,"items_purged":["Spot Weakness"],"score":732,"play_id":"70b66e83-ec96-490c-af62-426b0b520162","local_time":"20210112025817","daily_mods":["Draft","Heirloom","Flight"],"is_ascension_mode":false,"campfire_choices":[{"floor":6.0,"key":"REST"},{"data":"DevaForm","floor":7.0,"key":"SMITH"},{"data":"Echo Form","floor":12.0,"key":"SMITH"},{"floor":15.0,"key":"DIG"},{"floor":23,"key":"REST"},{"floor":27,"key":"REST"},{"floor":32,"key":"REST"},{"floor":40,"key":"REST"},{"floor":42,"key":"REST"},{"floor":46,"key":"REST"},{"floor":49,"key":"REST"}],"circlet_count":0,"master_deck":["Demon Form","Wraith Form v2","Echo Form+1","DevaForm+1","Runesmith:CreatorForm","Disarm","Anger","Armaments","Havoc","Clash","Pommel Strike","Clothesline","True Grit","Second Wind","Rage","Rage","Flame Barrier","Armaments","Anger","Perfected Strike","Thunderclap","Perfected Strike","Impervious","Heavy Blade","Feed","Sword Boomerang+1","Sword Boomerang","Berserk","Perfected Strike","Pain","Inflame","Searing Blow+1","Pommel Strike+1","Feed","ReplayTheSpireMod:Muscle Training+1","Dramatic Entrance","Hemokinesis","Trip","Secret Weapon","Violence","Combust","ReplayReversal+1"],"relics":["Burning Blood","replay:Trail_Library","Gambling Chip","CeramicFish","Golden Idol","Pen Nib","Replay:Bandana","ClockworkSouvenir","Toy Ornithopter","Replay:Towering Pillar of Hats","Fusion Hammer","WarpedTongs","Garlic","Bronze Scales","SlaversCollar","Replay:Bottled Steam","InkBottle","Replay:Ringing Soul","Cauldron","Red Mask"],"acts_visited":["Exordium","TheCity","TheBeyond"],"potions_floor_usage":[16,18,28,28,33,33,33,35,41,41,45,45,50,50],"damage_taken":[{"damage":1.0,"enemies":"Jaw Worm","floor":1.0,"turns":2.0},{"damage":0.0,"enemies":"Small Slimes","floor":2.0,"turns":4.0},{"damage":0.0,"enemies":"2 Louse","floor":3.0,"turns":7.0},{"damage":21.0,"enemies":"Large Slime","floor":4.0,"turns":7.0},{"damage":35,"enemies":"Hexaghost","floor":16,"turns":6},{"damage":10,"enemies":"Shell Parasite","floor":18,"turns":5},{"damage":3,"enemies":"Spheric Guardian","floor":20,"turns":4},{"damage":50,"enemies":"3 Cultists","floor":28,"turns":5},{"damage":11,"enemies":"Shelled Parasite and Fungi","floor":30,"turns":3},{"damage":24,"enemies":"Champ","floor":33,"turns":8},{"damage":26,"enemies":"3 Darklings","floor":35,"turns":5},{"damage":22,"enemies":"Orb Walker","floor":38,"turns":4},{"damage":69,"enemies":"Reptomancer","floor":41,"turns":7},{"damage":0,"enemies":"Spire Growth","floor":45,"turns":4},{"damage":75,"enemies":"Donu and Deca","floor":50,"turns":8}],"seed_played":"-8924794698351899374","potions_obtained":[{"floor":1.0,"key":"BlessingOfTheForge"},{"floor":2.0,"key":"Swift Potion"},{"floor":20,"key":"BloodPotion"},{"floor":31,"key":"Milkshake"},{"floor":31,"key":"EssenceOfSteel"},{"floor":31,"key":"LiquidBronze"},{"floor":33,"key":"Explosive Potion"},{"floor":35,"key":"PowerPotion"},{"floor":38,"key":"Block Potion"},{"floor":44,"key":"BlessingOfTheForge"},{"floor":44,"key":"SteroidPotion"},{"floor":44,"key":"LifebloodPotion"},{"floor":45,"key":"AttackPotion"}],"is_trial":true,"path_per_floor":["M","M","M","M","?","R","R","?","T","?","T","R","?","$","R","B",null,"M","?","M","$","?","R","$","?","T","R","M","$","M","?","R","B",null,"M","?","$","M","?","R","E","R","T","$","M","R","?","?","R","B",null],"character_chosen":"IRONCLAD","items_purchased":["ClockworkSouvenir","Heavy Blade","Toy Ornithopter","DistilledChaos","Berserk","Adrenaline Potion","Bronze Scales","Replay:Bottled Steam","Dramatic Entrance","Cauldron"],"campfire_rested":8,"item_purchase_floors":[14,14,14,14,21,24,29,37,37,44],"current_hp_per_floor":[80,80,80,65,58,80,80,80,80,80,80,80,80,80,80,51,80,80,80,80,80,80,80,80,80,80,80,60,60,55,55,79,76,83,65,65,65,49,39,63,10,34,34,34,53,78,78,78,86,22],"gold":24,"neow_bonus":"","is_daily":false,"chose_seed":false,"campfire_upgraded":2,"win_rate":0.0,"timestamp":1610441897,"path_taken":["M","M","M","M","?","R","R","?","T","?","?","R","?","?","R","BOSS","M","?","?","$","?","R","$","?","T","R","?","?","?","?","R","BOSS","M","?","$","?","?","R","E","R","T","$","M","R","?","?","R","BOSS"],"items_purchased_type":["Relic","Card","Relic","Potion","Card","Potion","Relic","Relic","Card","Relic"],"build_version":"2020-12-22","purchased_purges":1,"victory":true,"max_hp_per_floor":[80,80,80,80,80,80,80,80,80,80,80,80,80,80,80,80,80,80,80,80,80,80,80,80,80,80,80,83,83,83,83,83,83,83,83,83,83,83,83,83,83,83,83,83,86,86,86,86,86,86],"card_choices":[{"not_picked":["Intimidate","Dark Embrace"],"picked":"Disarm","floor":0.0},{"not_picked":["Flex","Dropkick"],"picked":"Anger","floor":0.0},{"not_picked":["Run Through","Rage"],"picked":"Armaments","floor":0.0},{"not_picked":["ReplayTheSpireMod:Limb From Limb","ReplayTheSpireMod:LeadingStrike"],"picked":"Havoc","floor":0.0},{"not_picked":["Cleave","Pommel Strike"],"picked":"Clash","floor":0.0},{"not_picked":["Twin Strike","Warcry"],"picked":"Pommel Strike","floor":0.0},{"not_picked":["Pommel Strike","ReplayTheSpireMod:Limb From Limb"],"picked":"Clothesline","floor":0.0},{"not_picked":["Flex","Thunderclap"],"picked":"True Grit","floor":0.0},{"not_picked":["Body Slam","Rage"],"picked":"Second Wind","floor":0.0},{"not_picked":["Headbutt","Fire Breathing"],"picked":"Rage","floor":0.0},{"not_picked":["Twin Strike","Flex"],"picked":"Rage","floor":0.0},{"not_picked":["Burning Pact","Entrench"],"picked":"Flame Barrier","floor":0.0},{"not_picked":["Sword Boomerang","Havoc"],"picked":"Armaments","floor":0.0},{"not_picked":["Twin Strike","Armaments"],"picked":"Anger","floor":0.0},{"not_picked":["Warcry","Wild Strike"],"picked":"Clothesline","floor":0.0},{"not_picked":["Body Slam","Whirlwind","ReplayTheSpireMod:Corrosion Curse"],"picked":"SKIP","floor":1.0},{"not_picked":["Sword Boomerang","Shrug It Off"],"picked":"Perfected Strike","floor":2.0},{"not_picked":["Headbutt","ReplayTheSpireMod:Corrosion Curse","Shockwave"],"picked":"SKIP","floor":3.0},{"not_picked":["Replay:Undeath\u0027s Touch","Cleave"],"picked":"Thunderclap","floor":4.0},{"not_picked":["Demonic Infusion","Bludgeon"],"picked":"Feed","floor":16},{"not_picked":["Shrug It Off","Perfected Strike"],"picked":"Sword Boomerang+1","floor":18},{"not_picked":["Abandon","Intimidate"],"picked":"Sword Boomerang","floor":20},{"not_picked":["Cleave","Twin Strike"],"picked":"Searing Blow+1","floor":28},{"not_picked":["Armaments","Body Slam"],"picked":"Pommel Strike+1","floor":30},{"not_picked":["Fiend Fire","Demonic Infusion"],"picked":"Feed","floor":33},{"not_picked":["Havoc+1","Bloodletting+1"],"picked":"ReplayTheSpireMod:Muscle Training+1","floor":35},{"not_picked":["Iron Wave","Shockwave"],"picked":"Hemokinesis","floor":38},{"not_picked":["ReplayTheSpireMod:Necrogeddon","Survey Options"],"picked":"Trip","floor":39},{"not_picked":["ReplayTheSpireMod:Uncanny Aura","Replay:Bootleg Shield Generator"],"picked":"Secret Weapon","floor":39},{"not_picked":["ReplayTheSpireMod:Uncanny Aura","Blind"],"picked":"Violence","floor":39},{"not_picked":["Rampage","Rupture"],"picked":"Combust","floor":41},{"not_picked":["Havoc","Clothesline"],"picked":"ReplayReversal+1","floor":45}],"player_experience":419005,"relics_obtained":[{"floor":9.0,"key":"CeramicFish"},{"floor":11.0,"key":"Pen Nib"},{"floor":15.0,"key":"Replay:Towering Pillar of Hats"},{"floor":26,"key":"Garlic"},{"floor":41,"key":"InkBottle"},{"floor":43,"key":"Replay:Ringing Soul"}],"event_choices":[{"cards_removed":["Clothesline"],"damage_healed":0.0,"max_hp_gain":0.0,"max_hp_loss":0.0,"gold_gain":0.0,"event_name":"Golden Wing","player_choice":"Card Removal","floor":5.0,"gold_loss":0.0,"damage_taken":7.0},{"damage_healed":0.0,"max_hp_gain":0.0,"max_hp_loss":0.0,"gold_gain":175.0,"event_name":"Liars Game","player_choice":"AGREE","floor":8.0,"gold_loss":0.0,"damage_taken":0.0,"cards_obtained":["Doubt"]},{"damage_healed":0.0,"max_hp_gain":0.0,"max_hp_loss":0.0,"gold_gain":0.0,"event_name":"Golden Idol","player_choice":"Take Wound","floor":10.0,"gold_loss":0.0,"damage_taken":0.0,"relics_obtained":["Golden Idol"],"cards_obtained":["Injury"]},{"damage_healed":0.0,"max_hp_gain":0.0,"max_hp_loss":0.0,"gold_gain":0.0,"event_name":"Big Fish","player_choice":"Box","floor":13.0,"gold_loss":0.0,"damage_taken":0.0,"relics_obtained":["Replay:Bandana"],"cards_obtained":["Regret"]},{"cards_removed":["Regret","Injury","Doubt"],"damage_healed":0,"gold_gain":0,"player_choice":"Removed Curses","damage_taken":0,"max_hp_gain":0,"max_hp_loss":0,"event_name":"Fountain of Cleansing","floor":19,"gold_loss":0},{"damage_healed":0,"gold_gain":0,"player_choice":"Read","damage_taken":0,"max_hp_gain":0,"max_hp_loss":0,"event_name":"The Library","floor":22,"gold_loss":0,"cards_obtained":["Perfected Strike"]},{"damage_healed":0,"gold_gain":0,"player_choice":"Rummage","damage_taken":0,"relics_obtained":["WarpedTongs"],"max_hp_gain":0,"max_hp_loss":0,"event_name":"Accursed Blacksmith","floor":25,"gold_loss":0,"cards_obtained":["Pain"]},{"damage_healed":0,"gold_gain":100,"player_choice":"Pray","damage_taken":0,"max_hp_gain":0,"max_hp_loss":0,"event_name":"Golden Shrine","floor":36,"gold_loss":0},{"damage_healed":0,"gold_gain":0,"player_choice":"Memory 3","damage_taken":10,"max_hp_gain":0,"max_hp_loss":0,"event_name":"SensoryStone","floor":39,"gold_loss":0},{"damage_healed":0,"gold_gain":0,"player_choice":"Paid","damage_taken":0,"relics_obtained":["Red Mask"],"max_hp_gain":0,"max_hp_loss":0,"event_name":"Tomb of Lord Red Mask","floor":47,"gold_loss":125},{"damage_healed":0,"gold_gain":0,"player_choice":"Ignored","damage_taken":0,"max_hp_gain":0,"max_hp_loss":0,"event_name":"Mysterious Sphere","floor":48,"gold_loss":0}],"is_beta":false,"boss_relics":[{"not_picked":["Runic Dome","Runic Pyramid"],"picked":"Fusion Hammer"},{"not_picked":["Astrolabe","Empty Cage"],"picked":"SlaversCollar"}],"items_purged_floors":[44],"is_endless":false,"potions_floor_spawned":[1,2,20,33,35,38,45],"ascension_level":0}}