{"host":"dn6kke80v5f7isus","time":1610413798,"event":{"mods":["AchievementEnabler","Act Like it!","BaseMod","Colored Powertips","Custom Start","Defuse TimeMaze Blight","Downfall","Duelist Mod","Gremlin Skip","Highlight Path","Hubris","Infinite Spire","Minty Spire (QoL Compilation)","Rare Cards Sparkle","Replay The Spire","StSLib","Uncapped"],"gold_per_floor":[140,151,171,171,171,199,199,232,280,8708,8708,8738,8751,8751,8751,8823,8823,8841,8854,8235,8235,8334,8334,8346,8346,8373,8386,8386,8386,8398,8413,8413,8485,8585,8601,8601,8601,8601,8637,8637,8685,8685,8709,8104,8157,7465,7465,7497,7497,7537,7537,7537,6589,6664,6704],"floor_reached":56,"playtime":2056,"items_purged":["theDuelist:Sparks","theDuelist:Sparks","theDuelist:CastleWalls","theDuelist:CastleWalls","theDuelist:BabyDragon+1","theDuelist:NeoMagic","theDuelist:LesserDragon"],"score":1898,"play_id":"17fd52f3-4eea-4a9a-a74a-fdde80fe8aff","local_time":"20210111200958","is_ascension_mode":true,"campfire_choices":[{"data":"theDuelist:YamataDragon","floor":7.0,"key":"SMITH"},{"data":"theDuelist:DarkMagician","floor":15,"key":"SMITH"},{"floor":23,"key":"RECALL"},{"data":"theDuelist:BabyDragon","floor":25,"key":"SMITH"},{"floor":32,"key":"REST"},{"data":"theDuelist:Nameless:Power:ForbiddenLance","floor":40,"key":"SMITH"},{"data":"theDuelist:GravityLash","floor":42,"key":"SMITH"},{"floor":47,"key":"REST"},{"data":"ReplayTheSpireMod:Haul","floor":49,"key":"SMITH"},{"data":"theDuelist:Nameless:Power:ForbiddenLance+1","floor":52,"key":"SMITH"}],"circlet_count":0,"master_deck":["theDuelist:DarkMagician+1","theDuelist:YamataDragon+1","theDuelist:Blockman+1","theDuelist:FogKing+1","ReplayTheSpireMod:Haul+1","theDuelist:GravityLash+1","theDuelist:Nameless:Power:ForbiddenLance+2","theDuelist:Nameless:Greed:BerserkerCrush","theDuelist:Nameless:War:ForbiddenLance","theDuelist:Nameless:Greed:BerserkerCrush","theDuelist:SliferSky+1","theDuelist:AncientRules"],"relics":["theDuelist:MillenniumPuzzle","theDuelist:CardPoolRelic","theDuelist:CardPoolBasicRelic","theDuelist:BoosterPackPoolRelic","theDuelist:CardPoolAddRelic","theDuelist:CardPoolMinusRelic","theDuelist:CardPoolSaveRelic","theDuelist:CardPoolOptionsRelic","theDuelist:GiftAnubis","Pen Nib","Replay:Baseball","Centennial Puzzle","theDuelist:MerchantPendant","theDuelist:ResummonBranch","infinitespire:Lucky Rock","BargainBundle","Self Forming Clay","infinitespire:Burning Sword","infinitespire:ShieldingShard","Gremlin Horn","Guardian:PocketSentry","HoveringKite","Runic Capacitor","Replay:Wanted Poster","SacredBark","theDuelist:CardRewardRelicF","Cables","Red Skull","DollysMirror","Ornamental Fan","ReplayTheSpireMod:Lightbulb","ReplayTheSpireMod:TigerMarble","Bottled Tornado","Raider\u0027s Mask","Lizard Tail","theDuelist:BoosterPackTrapEgg","ClockworkSouvenir"],"acts_visited":["Exordium","TheCity","TheBeyond","TheEnding"],"potions_floor_usage":[16,27,30,33,41],"damage_taken":[{"damage":0.0,"enemies":"Cultist","floor":1.0,"turns":3.0},{"damage":0.0,"enemies":"2 Louse","floor":2.0,"turns":3.0},{"damage":0.0,"enemies":"Small Slimes","floor":3.0,"turns":4.0},{"damage":16.0,"enemies":"Gremlin Nob","floor":6.0,"turns":3.0},{"damage":51.0,"enemies":"Lagavulin","floor":8.0,"turns":6.0},{"damage":14,"enemies":"Gremlin Nob","floor":12,"turns":3},{"damage":3,"enemies":"2 Fungi Beasts","floor":13,"turns":3},{"damage":43,"enemies":"Fading Forest","floor":16,"turns":11},{"damage":3,"enemies":"Chosen","floor":18,"turns":3},{"damage":28,"enemies":"3 Byrds","floor":19,"turns":5},{"damage":0,"enemies":"Cultist and Chosen","floor":24,"turns":2},{"damage":4,"enemies":"3 Cultists","floor":27,"turns":3},{"damage":25,"enemies":"Shelled Parasite and Fungi","floor":30,"turns":3},{"damage":7,"enemies":"Snake Plant","floor":31,"turns":2},{"damage":153,"enemies":"Automaton","floor":33,"turns":9},{"damage":11,"enemies":"3 Shapes","floor":35,"turns":2},{"damage":0,"enemies":"3 Darklings","floor":39,"turns":1},{"damage":21,"enemies":"Reptomancer","floor":41,"turns":3},{"damage":0,"enemies":"4 Shapes","floor":45,"turns":1},{"damage":3,"enemies":"Spire Growth","floor":48,"turns":3},{"damage":37,"enemies":"hubris:GrandSnecko","floor":50,"turns":8},{"damage":34,"enemies":"Shield and Spear","floor":54,"turns":4},{"damage":110,"enemies":"The Heart","floor":55,"turns":8}],"seed_played":"494875435055495498","potions_obtained":[{"floor":2.0,"key":"theDuelist:BottledKuriboh"},{"floor":3.0,"key":"FocusPotion"},{"floor":18,"key":"DuplicationPotion"},{"floor":27,"key":"Fire Potion"},{"floor":39,"key":"PowerPotion"}],"is_trial":false,"path_per_floor":["M","M","M","?","?","E","R","E","T","$","?","E","M","?","R","B",null,"M","M","$","T","?","R","M","R","T","M","AVR","?","M","M","R","B",null,"M","AVR","?","?","M","R","E","R","T","$","M","$","R","M","R","B",null,"R","$","E","B",null],"character_chosen":"THE_DUELIST","items_purchased":["Centennial Puzzle","theDuelist:MerchantPendant","theDuelist:ResummonBranch","infinitespire:Lucky Rock","BargainBundle","infinitespire:ShieldingShard","Gremlin Horn","DollysMirror","Ornamental Fan","ReplayTheSpireMod:Lightbulb","ReplayTheSpireMod:TigerMarble","Bottled Tornado","Raider\u0027s Mask","Lizard Tail","theDuelist:BoosterPackTrapEgg","ClockworkSouvenir","theDuelist:AncientRules"],"campfire_rested":2,"item_purchase_floors":[10,10,10,10,10,20,20,44,44,44,46,46,46,53,53,53,53],"current_hp_per_floor":[80,80,80,80,80,64,64,13,13,188,188,174,171,171,171,136,175,172,144,144,144,144,144,144,144,144,140,140,140,115,108,164,11,144,133,133,133,147,147,147,126,126,126,126,126,126,186,183,183,146,188,188,188,154,44],"gold":6704,"neow_bonus":"TEN_PERCENT_HP_BONUS","is_daily":false,"chose_seed":false,"campfire_upgraded":7,"win_rate":0.0,"timestamp":1610413798,"path_taken":["M","M","M","?","?","E","R","E","T","$","?","E","M","?","R","BOSS","M","M","$","?","?","R","M","R","T","M","AVR","?","M","M","R","BOSS","M","AVR","?","?","M","R","E","R","T","$","M","$","R","M","R","BOSS","R","$","E","BOSS"],"items_purchased_type":["Relic","Relic","Relic","Relic","Relic","Relic","Relic","Relic","Relic","Relic","Relic","Relic","Relic","Relic","Relic","Relic","Card"],"build_version":"2020-12-22","purchased_purges":7,"victory":true,"max_hp_per_floor":[88,88,88,88,88,88,88,88,88,188,188,188,188,188,188,188,188,188,188,188,188,188,188,188,188,188,188,188,188,188,188,188,188,188,188,188,188,202,202,202,202,202,202,202,202,202,202,202,202,202,202,202,202,202,202],"card_choices":[{"not_picked":["theDuelist:MirageDragon","theDuelist:CurseDragon","theDuelist:GeminiElf","theDuelist:Duoterion","theDuelist:CoralDragon"],"picked":"SKIP","floor":1.0},{"not_picked":["theDuelist:DarkMagician","theDuelist:ExodiaRL","theDuelist:MysticalElf","theDuelist:DarkHorus","theDuelist:CharcoalInpachi"],"picked":"SKIP","floor":2.0},{"not_picked":["theDuelist:ClearKuriboh","theDuelist:Mudora","theDuelist:WormKing","theDuelist:EarthquakeGiant"],"picked":"theDuelist:Blockman","floor":3.0},{"not_picked":["theDuelist:SangaThunder","theDuelist:SafeZone","theDuelist:TornadoDragon","theDuelist:MoltenDestruction","theDuelist:CyberValley"],"picked":"SKIP","floor":6.0},{"not_picked":["theDuelist:SilentDoom+1","theDuelist:MetalDragon+1","theDuelist:BlacklandFireDragon+1"],"picked":"SKIP","floor":8.0},{"not_picked":["theDuelist:InariFire","theDuelist:TyrantWing","theDuelist:SystemDown","theDuelist:BoosterDragon"],"picked":"SKIP","floor":12},{"not_picked":["theDuelist:StatueAnguishPattern","theDuelist:AltarTribute","theDuelist:IcyCrevasse","theDuelist:ScrapIronScarecrow","theDuelist:JurassicImpact"],"picked":"SKIP","floor":13},{"not_picked":["theDuelist:AltarTribute","theDuelist:FairyBox","theDuelist:StarlightRoad","theDuelist:ScrapIronScarecrow","theDuelist:SafeZone"],"picked":"SKIP","floor":18},{"not_picked":["theDuelist:DarkMagician","theDuelist:MysticalElf","theDuelist:LesserDragon","theDuelist:OnslaughtFireKings","theDuelist:FlyingSaucer"],"picked":"SKIP","floor":19},{"not_picked":["theDuelist:ExodiaRA","theDuelist:BlizzardPrincess","theDuelist:Sabersaurus","theDuelist:GiantRex","theDuelist:RainbowMagician+1"],"picked":"SKIP","floor":24},{"not_picked":["theDuelist:MythicWaterDragon","theDuelist:CyberEltanin","theDuelist:MindAir","theDuelist:BlackBrachios","theDuelist:TimeWizard"],"picked":"SKIP","floor":27},{"not_picked":["theDuelist:YamataDragon","theDuelist:ViceDragon","theDuelist:MadSwordBeast","theDuelist:Beatraptor","theDuelist:TrihornedDragon"],"picked":"SKIP","floor":30},{"not_picked":["theDuelist:AltarTribute","theDuelist:StarlightRoad","theDuelist:ScrapIronScarecrow","theDuelist:SafeZone","theDuelist:DefenseDraw"],"picked":"SKIP","floor":31},{"not_picked":["theDuelist:RainbowDarkDragon+1","theDuelist:IrisEarthMother+1","theDuelist:RainbowMagician","theDuelist:RainbowKuriboh","theDuelist:RainbowOverdragon"],"picked":"SKIP","floor":35},{"not_picked":["theDuelist:TrihornedDragon","theDuelist:Kabazauls+1","theDuelist:CyberTwinDragon+1","theDuelist:BlackBrachios","theDuelist:BarrelDragon"],"picked":"SKIP","floor":39},{"not_picked":["theDuelist:SurvivalFittest+1","theDuelist:SliferSky","theDuelist:OceanDragonLord+1","theDuelist:LostWorld+1","theDuelist:DoomkaiserDragon"],"picked":"SKIP","floor":41},{"not_picked":["theDuelist:StatueAnguishPattern+1","theDuelist:GalaxySoldier+1","theDuelist:DragonMirror+1","theDuelist:MiraculousDescent+1"],"picked":"theDuelist:SliferSky+1","floor":45},{"not_picked":["theDuelist:SangaThunder","theDuelist:InjectionFairy","theDuelist:SpiritHarp","theDuelist:MegafleetDragon+1","theDuelist:SphereChaos"],"picked":"SKIP","floor":48},{"not_picked":["theDuelist:Kabazauls+1","theDuelist:BlackPtera+1","theDuelist:DragonPiper+1","theDuelist:DefenseDraw+6","theDuelist:DiffusionWaveMotion+1"],"picked":"SKIP","floor":54}],"player_experience":602773,"relics_obtained":[{"floor":6.0,"key":"theDuelist:GiftAnubis"},{"floor":8.0,"key":"Pen Nib"},{"floor":9.0,"key":"Replay:Baseball"},{"floor":12,"key":"Self Forming Clay"},{"floor":21,"key":"Guardian:PocketSentry"},{"floor":41,"key":"Cables"},{"floor":43,"key":"Red Skull"}],"event_choices":[{"damage_healed":0,"gold_gain":0,"player_choice":"Leave","duelist":true,"damage_taken":0,"max_hp_gain":0,"max_hp_loss":0,"event_name":"Egyptian Village","floor":11,"gold_loss":0},{"damage_healed":0,"gold_gain":0,"player_choice":"Leave","duelist":true,"damage_taken":0,"max_hp_gain":0,"max_hp_loss":0,"event_name":"Tomb of the Nameless","floor":14,"gold_loss":0},{"damage_healed":0,"gold_gain":99,"player_choice":"Stole From Cult","damage_taken":0,"max_hp_gain":0,"max_hp_loss":0,"event_name":"Nest","floor":22,"gold_loss":0},{"damage_healed":0,"gold_gain":0,"player_choice":"Leave","duelist":true,"damage_taken":0,"max_hp_gain":0,"max_hp_loss":0,"event_name":"Tomb of the Nameless","floor":29,"gold_loss":0},{"power_reward":4,"total_magic_score":30,"gold_gain":0,"greed_reward":4,"duelist":true,"damage_taken":0,"relics_obtained":[],"points":19,"war_reward":4,"max_hp_gain":14,"max_hp_loss":0,"spent_points":{"magic":0,"greed":4,"war":4,"power":4,"hunger":4},"event_name":"Nameless Tomb","hunger_reward":4,"floor":38,"gold_loss":0,"cards_obtained":["theDuelist:Nameless:Power:ForbiddenLance","theDuelist:Nameless:Greed:BerserkerCrush","theDuelist:Nameless:War:ForbiddenLance"]}],"is_beta":false,"boss_relics":[{"not_picked":["infinitespire:Cupcake","Mark of Pain"],"picked":"infinitespire:Burning Sword"},{"not_picked":["Painkiller Herb","Ring of Chaos"],"picked":"Replay:Wanted Poster"}],"items_purged_floors":[10,10,20,28,36,46,53],"is_endless":false,"potions_floor_spawned":[2,3,6,18,19,24,27,39],"ascension_level":13}}