{"host":"22tt21bn45sbv98g","time":1610462171,"event":{"mods":["Act Like it!","BaseMod","Downfall","Gensokyo","Minty Spire (QoL Compilation)","SOS（斯巴达之子）","StSLib","The Blackbeard","The Servant 0.9.4","Youmu（魂魄妖梦）","【功能Mod】聪明的最终Boss"],"gold_per_floor":[123,123,198,198,51,81,96,96,96],"floor_reached":8,"playtime":245,"items_purged":[],"score":79,"play_id":"d2111fd1-f23e-436b-b03c-ff0034332c03","local_time":"20210112223611","is_ascension_mode":false,"campfire_choices":[],"circlet_count":0,"master_deck":["Attack_a","Attack_a","Attack_b","Shoot","Shoot","Provocation","Defend_Dante","Defend_Dante","Defend_Dante","Defend_Dante","Redorb","SSScard","Stylechange","Weaponchange"],"relics":["SSS","Combocheck","NeowsBlessing","Happy Flower","Nunchaku","Juzu Bracelet"],"acts_visited":["Exordium"],"potions_floor_usage":[],"damage_taken":[{"damage":0,"enemies":"Small Slimes","floor":1,"turns":1},{"damage":0,"enemies":"3 Sentries","floor":6,"turns":1},{"damage":0,"enemies":"Cultist","floor":7,"turns":1},{"damage":72,"enemies":"Gremlin Nob","floor":8,"turns":6}],"seed_played":"974735701202850617","potions_obtained":[],"is_trial":false,"path_per_floor":["M","?","?","?","$","E","M","E"],"character_chosen":"DANTE","items_purchased":["Nunchaku"],"campfire_rested":0,"item_purchase_floors":[5],"current_hp_per_floor":[80,73,62,80,80,80,80,8,8],"gold":96,"neow_bonus":"THREE_ENEMY_KILL","is_daily":false,"chose_seed":false,"campfire_upgraded":0,"win_rate":0.0,"timestamp":1610462171,"path_taken":["M","?","?","?","$","E","M","E"],"items_purchased_type":["Relic"],"build_version":"2020-12-22","purchased_purges":0,"victory":false,"max_hp_per_floor":[80,80,80,80,80,80,80,80,80],"card_choices":[{"not_picked":["Weaponupgrade","LucifercomboA"],"picked":"SSScard","floor":1},{"not_picked":["Pandora","BeastUppercut"],"picked":"Stylechange","floor":6},{"not_picked":["Pandora","CoyoteA"],"picked":"Weaponchange","floor":7}],"player_experience":270195,"relics_obtained":[{"floor":6,"key":"Juzu Bracelet"}],"event_choices":[{"damage_healed":0,"gold_gain":0,"player_choice":"Success","damage_taken":7,"relics_obtained":["Happy Flower"],"max_hp_gain":0,"max_hp_loss":0,"event_name":"Scrap Ooze","floor":2,"gold_loss":0},{"damage_healed":0,"gold_gain":75,"player_choice":"Gather Gold","damage_taken":11,"max_hp_gain":0,"max_hp_loss":0,"event_name":"World of Goop","floor":3,"gold_loss":0},{"damage_healed":26,"gold_gain":0,"player_choice":"Banana","damage_taken":0,"max_hp_gain":0,"max_hp_loss":0,"event_name":"Big Fish","floor":4,"gold_loss":0}],"is_beta":false,"boss_relics":[],"items_purged_floors":[],"is_endless":false,"potions_floor_spawned":[],"killed_by":"Gremlin Nob","ascension_level":0}}