{"host":"wg29woj1pduqw9vg","time":1610438416,"event":{"mods":["BaseMod","Bestiary","Better Third Choice","Colored Map","Downfall","Highlight Path","Minty Spire (QoL Compilation)","Quick Restart","StSLib"],"gold_per_floor":[99,114,50,62,62,62,117,117,137,137,157,157,186,286,298,399,399,399,418,418,434,434,494,564,414,472,53,53,108,159,41,57,155,205,205,257,13,28,41,91,91,91,105,121,121,137,165,178,193,193],"floor_reached":51,"playtime":3499,"items_purged":["champ:Strike","champ:Strike"],"score":885,"play_id":"20e0c048-ac1d-4981-922f-aa31ef960af4","local_time":"20210112000016","is_ascension_mode":false,"campfire_choices":[{"data":"champ:Execute","floor":1,"key":"SMITH"},{"data":"champ:RecklessLeap","floor":10,"key":"SMITH"},{"data":"champ:BerserkerStyle","floor":12,"key":"SMITH"},{"floor":18,"key":"RECALL"},{"floor":25,"key":"REST"},{"floor":28,"key":"REST"},{"floor":35,"key":"REST"},{"floor":42,"key":"REST"},{"floor":45,"key":"REST"}],"circlet_count":0,"master_deck":["champ:Strike","champ:Defend","champ:Defend","champ:Defend","champ:Defend","champ:Execute+1","champ:Taunt","champ:PerfectedStrike","champ:GutPunch","champ:FaceSlap","champ:RecklessLeap+1","champ:BerserkerStyle+1","champ:Riposte+1","champ:HoldFirm","champ:ArenaPreparation","champ:Encircle","champ:AdrenalArmor+1","champ:PerfectedStrike","champ:Backstep+1","champ:CalledShot","champ:BringItOn","champ:MurderStrike+1","champ:FanOfKnives+1","champ:StanceDance","champ:Duel+1","champ:Lariat","champ:HeartStrike+1","champ:BerserkerStyle+1"],"relics":["champ:ChampionCrown","Nunchaku","Bag of Marbles","Happy Flower","Fusion Hammer","downfall:KnowingSkull","downfall:HeartBlessingBlue","downfall:HeartBlessingRed","champ:BerserkersGuideToSlaughter","HornCleat","Molten Egg 2","Tiny House","Potion Belt","Ginger","Bottled Tornado","Sundial"],"acts_visited":["Exordium","TheCity","TheBeyond"],"potions_floor_usage":[16,23,26,29,29,33,33,39,40,43,44,44,44,46,47,48,50,50,50,50],"damage_taken":[{"damage":5,"enemies":"2 Louse","floor":2,"turns":2},{"damage":15,"enemies":"downfall:FleeingMerchant","floor":3,"turns":4},{"damage":0,"enemies":"Small Slimes","floor":4,"turns":3},{"damage":1,"enemies":"Jaw Worm","floor":9,"turns":2},{"damage":26,"enemies":"2 Fungi Beasts","floor":11,"turns":3},{"damage":26,"enemies":"Lagavulin","floor":13,"turns":4},{"damage":19,"enemies":"Red Slaver","floor":15,"turns":3},{"damage":62,"enemies":"downfall:Ironclad","floor":16,"turns":4},{"damage":36,"enemies":"3 Byrds","floor":19,"turns":5},{"damage":28,"enemies":"Snake Plant","floor":21,"turns":3},{"damage":41,"enemies":"Snecko","floor":23,"turns":3},{"damage":21,"enemies":"Shelled Parasite and Fungi","floor":26,"turns":3},{"damage":65,"enemies":"downfall:FleeingMerchant","floor":27,"turns":4},{"damage":33,"enemies":"Snake Plant","floor":29,"turns":2},{"damage":23,"enemies":"Snecko","floor":30,"turns":4},{"damage":57,"enemies":"downfall:FleeingMerchant","floor":31,"turns":4},{"damage":34,"enemies":"Centurion and Healer","floor":32,"turns":6},{"damage":64,"enemies":"downfall:Defect","floor":33,"turns":8},{"damage":31,"enemies":"Orb Walker","floor":36,"turns":2},{"damage":35,"enemies":"3 Shapes","floor":38,"turns":6},{"damage":51,"enemies":"3 Darklings","floor":39,"turns":5},{"damage":60,"enemies":"Mind Bloom Boss Battle","floor":40,"turns":8},{"damage":47,"enemies":"Transient","floor":43,"turns":5},{"damage":45,"enemies":"Jaw Worm Horde","floor":44,"turns":3},{"damage":63,"enemies":"Writhing Mass","floor":46,"turns":3},{"damage":50,"enemies":"Giant Head","floor":47,"turns":4},{"damage":16,"enemies":"Spire Growth","floor":48,"turns":3},{"damage":59,"enemies":"Sphere and 2 Shapes","floor":49,"turns":6},{"damage":81,"enemies":"downfall:Watcher","floor":50,"turns":5}],"seed_played":"-2482383054870028853","potions_obtained":[{"floor":2,"key":"SkillPotion"},{"floor":9,"key":"GamblersBrew"},{"floor":15,"key":"SneckoOil"},{"floor":21,"key":"SpeedPotion"},{"floor":29,"key":"SmokeBomb"},{"floor":33,"key":"champ:OpenerPotion"},{"floor":34,"key":"champ:CounterPotion"},{"floor":38,"key":"Energy Potion"},{"floor":47,"key":"DuplicationPotion"}],"is_trial":false,"path_per_floor":["R","M","$","M","?","?","T","T","M","R","M","R","E","?","M","B",null,"R","M","?","M","?","M","T","R","M","$","R","M","M","$","M","B",null,"R","M","$","M","M","?","T","R","M","M","R","M","E","M","M","B",null],"character_chosen":"THE_CHAMP","items_purchased":["champ:GutPunch","champ:BerserkersGuideToSlaughter","HornCleat","Molten Egg 2","champ:CalledShot","DistilledChaos","Potion Belt"],"campfire_rested":5,"item_purchase_floors":[3,27,27,31,31,31,37],"current_hp_per_floor":[90,90,90,90,90,95,95,95,94,94,91,91,91,91,82,54,95,95,95,95,95,86,83,83,105,102,97,105,91,98,103,105,105,110,110,105,105,110,106,99,99,110,110,115,115,107,112,114,99,104],"gold":193,"neow_bonus":"REMOVE_CARD","is_daily":false,"chose_seed":false,"campfire_upgraded":3,"win_rate":0.0,"timestamp":1610438416,"path_taken":["R","M","$","M","?","?","T","?","M","R","M","R","E","?","M","BOSS","R","M","?","?","?","?","T","R","M","$","R","M","M","$","M","BOSS","R","M","$","M","?","?","T","R","M","M","R","M","E","M","M","BOSS"],"items_purchased_type":["Card","Relic","Relic","Relic","Card","Potion","Relic"],"build_version":"2020-12-22","purchased_purges":2,"victory":true,"max_hp_per_floor":[90,90,90,90,90,95,95,95,95,95,95,95,95,95,95,95,95,95,95,95,95,95,95,95,105,105,105,105,105,105,105,105,105,110,110,110,110,110,110,110,110,110,110,115,115,115,115,115,115,115],"card_choices":[{"not_picked":["champ:FocusedDefense","champ:PerfectedStrike","champ:HeartStrike"],"picked":"SKIP","floor":2},{"not_picked":["champ:HeartStrike","champ:BringItOn"],"picked":"champ:PerfectedStrike","floor":3},{"not_picked":["champ:FanOfKnives","champ:CrookedStrike"],"picked":"champ:FaceSlap","floor":4},{"not_picked":["champ:Backstep","champ:PerfectedStrike"],"picked":"champ:RecklessLeap","floor":9},{"not_picked":["champ:BladeFlurry","champ:GladiatorsShout"],"picked":"champ:BerserkerStyle","floor":11},{"not_picked":["champ:SteelEdge","champ:PerfectedStrike"],"picked":"champ:Riposte","floor":13},{"not_picked":["champ:BladeFlurry","champ:FlashCut","champ:ViciousMockery"],"picked":"SKIP","floor":15},{"not_picked":["champ:MurderStrike","champ:StrikeOfGenius"],"picked":"champ:HoldFirm","floor":16},{"not_picked":["champ:GutPunch+1","champ:BerserkersShout","champ:Haymaker"],"picked":"SKIP","floor":19},{"not_picked":["champ:TornadoPunch","champ:GutPunch+1"],"picked":"champ:ArenaPreparation","floor":21},{"not_picked":["champ:DeathBlow","champ:PreciseThrust+1"],"picked":"champ:Encircle","floor":23},{"not_picked":["champ:ShieldWall","champ:IronFortress"],"picked":"champ:AdrenalArmor+1","floor":26},{"not_picked":["champ:Circumvent","champ:Haymaker","champ:PerfectedStrike"],"picked":"SKIP","floor":27},{"not_picked":["champ:EndlessRage+1","champ:BerserkersShout"],"picked":"champ:PerfectedStrike","floor":29},{"not_picked":["champ:DancingMaster","champ:Haymaker","champ:TornadoPunch"],"picked":"SKIP","floor":30},{"not_picked":["champ:Duel","champ:BladeFlurry"],"picked":"champ:Backstep+1","floor":31},{"not_picked":["champ:AdrenalArmor","champ:Circumvent+1"],"picked":"champ:BringItOn","floor":32},{"not_picked":["champ:ShieldSlam+1","champ:PerfectForm"],"picked":"champ:MurderStrike+1","floor":33},{"not_picked":["champ:TornadoPunch+1","champ:GladiatorsShout"],"picked":"champ:FanOfKnives+1","floor":34},{"not_picked":["champ:Haymaker+1","champ:CrookedStrike+1"],"picked":"champ:StanceDance","floor":36},{"not_picked":["champ:Devastate+1","champ:StanceDance","champ:Encircle+1"],"picked":"SKIP","floor":38},{"not_picked":["champ:BringItOn","champ:FocusedDefense"],"picked":"champ:Duel+1","floor":39},{"not_picked":["champ:AdrenalArmor+1","champ:FalseCounter"],"picked":"champ:Lariat","floor":43},{"not_picked":["champ:RisingSlash+1","champ:AdrenalArmor","champ:DefensiveShout+1"],"picked":"SKIP","floor":44},{"not_picked":["champ:FanOfKnives+1","champ:PreciseThrust+1","champ:RisingSlash+1"],"picked":"SKIP","floor":46},{"not_picked":["champ:Haymaker+1","champ:StrikeOfGenius"],"picked":"champ:HeartStrike+1","floor":47},{"not_picked":["champ:BladeFlurry+1","champ:FanOfKnives+1"],"picked":"champ:BerserkerStyle+1","floor":48},{"not_picked":["champ:Circumvent+1","champ:Backstep+1","champ:FaceSlap+1"],"picked":"SKIP","floor":49}],"player_experience":40201,"relics_obtained":[{"floor":7,"key":"Nunchaku"},{"floor":8,"key":"Bag of Marbles"},{"floor":13,"key":"Happy Flower"},{"floor":40,"key":"Ginger"},{"floor":41,"key":"Bottled Tornado"},{"floor":47,"key":"Sundial"}],"event_choices":[{"damage_healed":0,"gold_gain":0,"player_choice":"Donut","damage_taken":0,"max_hp_gain":5,"max_hp_loss":0,"event_name":"Big Fish","floor":6,"gold_loss":0},{"damage_healed":0,"gold_gain":0,"player_choice":"Leave","damage_taken":0,"max_hp_gain":0,"max_hp_loss":0,"event_name":"FaceTrader","floor":20,"gold_loss":0}],"is_beta":false,"boss_relics":[{"not_picked":["Calling Bell","SacredBark"],"picked":"Fusion Hammer"},{"not_picked":["Busted Crown","Coffee Dripper"],"picked":"Tiny House"}],"items_purged_floors":[31,37],"is_endless":false,"potions_floor_spawned":[2,9,15,21,29,33,38,39,43,47,49],"ascension_level":0}}