{"host":"dn6kke80v5f7isus","time":1610485243,"event":{"mods":["AchievementEnabler","Act Like it!","BaseMod","Colored Powertips","Custom Start","Defuse TimeMaze Blight","Downfall","Duelist Mod","Gremlin Skip","Highlight Path","Hubris","Infinite Spire","Minty Spire (QoL Compilation)","Rare Cards Sparkle","Replay The Spire","StSLib","Uncapped"],"gold_per_floor":[137,147,147,147,165,8196,8196,8215,8268,8293,8304,8318,8350,8365,8365,8442,8442,8456,8496,8496,8506,8506,8540,8557,8582,8608,8621,8632,8652,8652,8664,8664,8737,8737,8754,8754,8754,8764,8340,8372,8391,8391,8391,8419,8430,8443,8443,8460,8460,8460,8460,8460,7440,7466,7466],"floor_reached":56,"language":"ENG","playtime":2957,"items_purged":["theDuelist:Sparks","theDuelist:CastleWalls","theDuelist:Sparks+1"],"score":2130,"play_id":"1879d1fd-7b70-4f5c-a89b-139924193f53","local_time":"20210112160043","is_ascension_mode":true,"campfire_choices":[{"data":"theDuelist:DarkMagician","floor":7.0,"key":"SMITH"},{"floor":15.0,"key":"RECALL"},{"data":"theDuelist:InariFire","floor":30.0,"key":"SMITH"},{"data":"theDuelist:ApprenticeIllusionMagician+1","floor":42,"key":"SMITH"},{"floor":49,"key":"REST"},{"data":"theDuelist:ApprenticeIllusionMagician+3","floor":52,"key":"SMITH"}],"circlet_count":0,"master_deck":["theDuelist:CastleWalls+1","theDuelist:MysticalElf+1","theDuelist:MysticalElf+1","theDuelist:NeoMagic+1","theDuelist:NeoMagic+1","theDuelist:PowerKaishin+1","theDuelist:DarkMagician+1","J.A.X.+1","theDuelist:ApprenticeIllusionMagician+4","theDuelist:InariFire+1","theDuelist:ScrapFactory+1","theDuelist:SwordsBurning+1","theDuelist:InjectionFairy+1","infinitespire:Collect","theDuelist:BlockGolem+1","theDuelist:Mausoleum+1","theDuelist:SilentDoom+1","theDuelist:ApprenticeIllusionMagician+1","theDuelist:MudGolem+1","theDuelist:InfernoFireBlast","theDuelist:DiffusionWaveMotion","theDuelist:SpiritHarp","theDuelist:PowerKaishin","theDuelist:ThousandEyesIdol","theDuelist:ExodiaNecross+1"],"relics":["theDuelist:MillenniumPuzzle","theDuelist:CardPoolRelic","theDuelist:CardPoolBasicRelic","theDuelist:BoosterPackPoolRelic","theDuelist:CardPoolAddRelic","theDuelist:CardPoolMinusRelic","theDuelist:CardPoolSaveRelic","theDuelist:CardPoolOptionsRelic","theDuelist:YugiMirror","Pondfish Scales","Ancient Tea Set","theDuelist:SummonAnchor","theDuelist:DuelistOrichalcum","Garlic","Honey Jar","Replay:Wax Seal","Bronze Scales","Frozen Eye","hubris:Reverence","hubris:MysteriousPyramids","Whetstone","Akabeko","Replay:Mystery Machine","theDuelist:MerchantPendant","Onion Ring","infinitespire:PuzzleCube","theDuelist:CardRewardRelicF","infinitespire:Freezer"],"acts_visited":["Exordium","TheCity","TheBeyond","TheEnding"],"potions_floor_usage":[40,40,55,55,55],"damage_taken":[{"damage":0.0,"enemies":"Small Slimes","floor":1.0,"turns":3.0},{"damage":0.0,"enemies":"Jaw Worm","floor":2.0,"turns":4.0},{"damage":5.0,"enemies":"infinitespire:Voidling","floor":5.0,"turns":4.0},{"damage":7.0,"enemies":"Replay:BlueRogue","floor":6.0,"turns":8.0},{"damage":0.0,"enemies":"Gremlin Gang","floor":8.0,"turns":6.0},{"damage":0.0,"enemies":"Lagavulin","floor":10.0,"turns":5.0},{"damage":1.0,"enemies":"Large Slime","floor":11.0,"turns":5.0},{"damage":0.0,"enemies":"Exordium Thugs","floor":12.0,"turns":3.0},{"damage":14.0,"enemies":"Gremlin Nob","floor":13.0,"turns":3.0},{"damage":0.0,"enemies":"Blue Slaver","floor":14.0,"turns":3.0},{"damage":33.0,"enemies":"Fading Forest","floor":16.0,"turns":11.0},{"damage":0.0,"enemies":"2 Thieves","floor":18.0,"turns":5.0},{"damage":11.0,"enemies":"Shell Parasite","floor":21.0,"turns":6.0},{"damage":73.0,"enemies":"Slavers","floor":23.0,"turns":8.0},{"damage":3.0,"enemies":"Chosen and Byrds","floor":24.0,"turns":6.0},{"damage":15.0,"enemies":"theDuelist:KaibaA2","floor":25.0,"turns":8.0},{"damage":37.0,"enemies":"Snake Plant","floor":27.0,"turns":4.0},{"damage":59.0,"enemies":"Centurion and Healer","floor":28.0,"turns":6.0},{"damage":59.0,"enemies":"Cultist and Chosen","floor":29.0,"turns":7.0},{"damage":23.0,"enemies":"Chosen and Byrds","floor":31.0,"turns":7.0},{"damage":97.0,"enemies":"Automaton","floor":33.0,"turns":11.0},{"damage":95.0,"enemies":"3 Darklings","floor":35.0,"turns":9.0},{"damage":12.0,"enemies":"3 Shapes","floor":38.0,"turns":3.0},{"damage":30,"enemies":"Reptomancer","floor":40,"turns":6},{"damage":18,"enemies":"Maw","floor":41,"turns":5},{"damage":5,"enemies":"Giant Head","floor":44,"turns":6},{"damage":0,"enemies":"Transient","floor":45,"turns":5},{"damage":6,"enemies":"Sphere and 2 Shapes","floor":46,"turns":3},{"damage":8,"enemies":"Spire Growth","floor":48,"turns":3},{"damage":62,"enemies":"Donu and Deca","floor":50,"turns":6},{"damage":72,"enemies":"Shield and Spear","floor":54,"turns":4},{"damage":66,"enemies":"The Heart","floor":55,"turns":5}],"seed_played":"-3731250778701829990","potions_obtained":[{"floor":2.0,"key":"Ancient Potion"},{"floor":6.0,"key":"theDuelist:StunPotion"},{"floor":16.0,"key":"Swift Potion"},{"floor":19.0,"key":"theDuelist:SolderPotionB"},{"floor":28.0,"key":"theDuelist:LavaBottle"},{"floor":33.0,"key":"theDuelist:WaterBottle"},{"floor":38.0,"key":"LiquidMemories"},{"floor":40,"key":"theDuelist:CoolBottle"},{"floor":41,"key":"theDuelist:OrbBottle"},{"floor":45,"key":"theDuelist:FireBottle"}],"is_trial":false,"path_per_floor":["M","M","?","?","M","E","R","M","T","E","M","M","E","M","R","B",null,"M","?","?","M","?","E","M","E","T","M","M","M","R","M","R","B",null,"M","AVR","?","M","$","E","M","R","T","E","M","M","?","M","R","B",null,"R","$","E","B",null],"character_chosen":"THE_DUELIST","items_purchased":["Replay:Wax Seal","Bronze Scales","Frozen Eye","Akabeko","Replay:Mystery Machine","theDuelist:MerchantPendant","Onion Ring","infinitespire:PuzzleCube","theDuelist:CardRewardRelicF","FairyPotion","theDuelist:ThousandEyesIdol"],"campfire_rested":1,"item_purchase_floors":[39,39,39,53,53,53,53,53,53,53,53],"current_hp_per_floor":[63,63,63,63,63,156,156,156,156,156,155,155,141,141,141,130,160,160,104,104,93,93,120,117,102,102,65,6,101,101,78,129,32,136,41,41,41,34,34,154,136,136,136,131,146,140,140,132,170,108,155,155,155,83,22],"gold":7466,"neow_bonus":"RANDOM_EVENT","is_daily":false,"chose_seed":false,"campfire_upgraded":4,"win_rate":0.0,"timestamp":1610485243,"path_taken":["M","M","?","?","M","E","R","?","T","E","?","M","E","M","R","BOSS","M","?","?","M","?","E","M","E","T","M","M","?","R","M","R","BOSS","M","AVR","?","M","$","E","?","R","T","E","M","M","?","M","R","BOSS","R","$","E","BOSS"],"items_purchased_type":["Relic","Relic","Relic","Relic","Relic","Relic","Relic","Relic","Relic","Potion","Card"],"build_version":"2020-12-22","purchased_purges":3,"victory":true,"max_hp_per_floor":[70,70,70,70,70,170,170,170,170,170,170,170,170,170,170,170,170,170,170,170,170,170,170,170,170,170,170,170,170,170,170,170,170,170,170,170,170,170,170,170,170,170,170,170,170,170,170,170,170,170,170,170,170,170,170],"card_choices":[{"not_picked":["theDuelist:FrontierWiseman","theDuelist:BattleOx","theDuelist:BlackPendant","theDuelist:PotDichotomy","theDuelist:PreventRat"],"picked":"SKIP","floor":1.0},{"not_picked":["theDuelist:CosmicHorrorGangiel","theDuelist:SangaThunder","theDuelist:Mudballman","theDuelist:LordD","theDuelist:DoomShaman"],"picked":"SKIP","floor":2.0},{"not_picked":["theDuelist:DarkMagician","theDuelist:LordD","theDuelist:MysticalElf","theDuelist:OnslaughtFireKings","theDuelist:CallAtlanteans"],"picked":"SKIP","floor":5.0},{"not_picked":["theDuelist:BlizzardWarrior","theDuelist:DarkMagician","theDuelist:BlueDragonSummoner","theDuelist:MysticalElf","theDuelist:SpiritHarp"],"picked":"SKIP","floor":6.0},{"not_picked":["theDuelist:BlizzardWarrior","theDuelist:DarkMagician","theDuelist:BlueDragonSummoner","theDuelist:MysticalElf","theDuelist:SpiritHarp"],"picked":"SKIP","floor":6.0},{"not_picked":["theDuelist:SpellShatteringArrow","theDuelist:WhiteMagicalHat","theDuelist:SpiritHarp","theDuelist:CallAtlanteans","theDuelist:BlueDragonSummoner"],"picked":"SKIP","floor":8.0},{"not_picked":["theDuelist:VoidExpansion","theDuelist:StatueAnguishPattern","theDuelist:GoblinSecret","theDuelist:TimeWizard"],"picked":"SKIP","floor":10.0},{"not_picked":["theDuelist:RainbowDarkDragon","theDuelist:IrisEarthMother","theDuelist:RainbowMagician","theDuelist:QueenDragunDjinn","theDuelist:YellowBelliedOni"],"picked":"SKIP","floor":11.0},{"not_picked":["theDuelist:GauntletWarrior","theDuelist:GolemSentry","theDuelist:Sangan","theDuelist:AttackTheMoon","theDuelist:MillenniumGolem"],"picked":"SKIP","floor":12.0},{"not_picked":["theDuelist:ClearKuriboh","theDuelist:PurplePainOni","theDuelist:GolemSentry","theDuelist:FluteKuriboh","theDuelist:PotDichotomy"],"picked":"SKIP","floor":13.0},{"not_picked":["theDuelist:CrystalWingDragon","theDuelist:IrisEarthMother","theDuelist:RainbowMagician","theDuelist:QueenDragunDjinn","theDuelist:RainbowDarkDragon"],"picked":"SKIP","floor":14.0},{"not_picked":["theDuelist:SpellShatteringArrow","theDuelist:MagicalBlast","theDuelist:OnslaughtFireKings","theDuelist:CallAtlanteans","theDuelist:VoidExpansion"],"picked":"SKIP","floor":18.0},{"not_picked":["theDuelist:AirOrbCard","theDuelist:LavaOrbCard","theDuelist:TokenOrbCard","theDuelist:StormOrbCard","theDuelist:LightningOrbCard"],"picked":"SKIP","floor":21.0},{"not_picked":["theDuelist:FrontierWiseman+1","theDuelist:BlackPendant+1","theDuelist:GilfordLegend","theDuelist:PreventRat","theDuelist:PotDichotomy"],"picked":"SKIP","floor":23.0},{"not_picked":["theDuelist:LegendaryExodia","theDuelist:DarkPaladin","theDuelist:IceQueen","theDuelist:ThousandEyesRestrict"],"picked":"theDuelist:ApprenticeIllusionMagician","floor":24.0},{"not_picked":["theDuelist:VoidExpansion","theDuelist:GoblinSecret","theDuelist:WonderWand"],"picked":"theDuelist:InariFire","floor":25.0},{"not_picked":["theDuelist:QueenDragunDjinn","theDuelist:VoidVanishment","theDuelist:GateGuardian"],"picked":"SKIP","floor":27.0},{"not_picked":["theDuelist:EvilswarmHeliotrope","theDuelist:DummyGolem","theDuelist:LightningRodLord","theDuelist:HeavyStorm","theDuelist:AttackTheMoon"],"picked":"SKIP","floor":28.0},{"not_picked":["theDuelist:Mudora","theDuelist:MillenniumScorpion","theDuelist:ChangeHeart","theDuelist:GaiaMidNightSun"],"picked":"theDuelist:ScrapFactory+1","floor":29.0},{"not_picked":["theDuelist:LightningDarts+1","theDuelist:FlameTiger","theDuelist:GiantSoldierSteel+1","theDuelist:FeatherPho","theDuelist:Mudora+1"],"picked":"SKIP","floor":31.0},{"not_picked":["theDuelist:RainbowDarkDragon","theDuelist:GrandSpellbookTower","theDuelist:SwordsRevealing","theDuelist:ThousandEyesRestrict"],"picked":"theDuelist:SwordsBurning","floor":33.0},{"not_picked":["theDuelist:SpellShatteringArrow+1","theDuelist:SangaThunder+1","theDuelist:DarkMagician+1","theDuelist:BlizzardWarrior"],"picked":"theDuelist:InjectionFairy+1","floor":35.0},{"not_picked":["theDuelist:GemArmadillo","theDuelist:GemElephant","theDuelist:GraniteLoyalist","theDuelist:LabyrinthWall"],"picked":"theDuelist:BlockGolem","floor":38.0},{"not_picked":["theDuelist:Sangan","theDuelist:Kuribohrn","theDuelist:WingedKuribohLv9","theDuelist:Jinzo+1"],"picked":"theDuelist:Mausoleum+1","floor":40},{"not_picked":["theDuelist:SpellShatteringArrow","theDuelist:PowerKaishin+1","theDuelist:GiantTrunade","theDuelist:MagicalBlast"],"picked":"theDuelist:SilentDoom","floor":41},{"not_picked":["theDuelist:ClearKuriboh+1","theDuelist:Cloning","theDuelist:FuryFire+3","theDuelist:MagicalStone+1"],"picked":"theDuelist:ApprenticeIllusionMagician+1","floor":44},{"not_picked":["theDuelist:GaiaMidNightSun+1","theDuelist:Hinotama","theDuelist:RainbowOverdragon+1","theDuelist:WingedKuriboh"],"picked":"theDuelist:MudGolem+1","floor":45},{"not_picked":["theDuelist:SpellShatteringArrow","theDuelist:BlizzardWarrior+1","theDuelist:SangaThunder","theDuelist:NeoMagic"],"picked":"theDuelist:InfernoFireBlast","floor":46},{"not_picked":["theDuelist:SpellShatteringArrow+1","theDuelist:CallAtlanteans","theDuelist:LordD","theDuelist:GuardianAngel+1"],"picked":"theDuelist:DiffusionWaveMotion","floor":47},{"not_picked":["theDuelist:SpellShatteringArrow","theDuelist:WhiteMagicalHat","theDuelist:LordD","theDuelist:FrontierWiseman"],"picked":"theDuelist:SpiritHarp","floor":48},{"not_picked":["theDuelist:ContractExodia+1","theDuelist:ExodiaRL+1","theDuelist:ExodiaRA+1","theDuelist:ExodiaHead+65"],"picked":"theDuelist:ExodiaNecross+1","floor":54}],"player_experience":619427,"relics_obtained":[{"floor":6.0,"key":"theDuelist:YugiMirror"},{"floor":13.0,"key":"Pondfish Scales"},{"floor":23.0,"key":"Ancient Tea Set"},{"floor":25.0,"key":"theDuelist:SummonAnchor"},{"floor":26.0,"key":"theDuelist:DuelistOrichalcum"},{"floor":40,"key":"hubris:Reverence"},{"floor":43,"key":"hubris:MysteriousPyramids"},{"floor":44,"key":"Whetstone"},{"floor":54,"key":"infinitespire:Freezer"}],"event_choices":[{"damage_healed":0.0,"max_hp_gain":0.0,"max_hp_loss":0.0,"gold_gain":0.0,"event_name":"Liars Game","player_choice":"Ignored","floor":3.0,"gold_loss":0.0,"damage_taken":0.0},{"damage_healed":0.0,"max_hp_gain":0.0,"max_hp_loss":0.0,"gold_gain":0.0,"event_name":"FaceTrader","player_choice":"Leave","floor":4.0,"gold_loss":0.0,"damage_taken":0.0},{"damage_healed":0.0,"max_hp_gain":0.0,"max_hp_loss":0.0,"gold_gain":0.0,"event_name":"Egyptian Village","player_choice":"Leave","duelist":true,"floor":20.0,"gold_loss":0.0,"damage_taken":0.0},{"damage_healed":0.0,"max_hp_gain":0.0,"max_hp_loss":0.0,"gold_gain":0.0,"event_name":"Drug Dealer","player_choice":"Obtain J.A.X.","floor":22.0,"gold_loss":0.0,"damage_taken":0.0,"cards_obtained":["J.A.X."]},{"cards_removed":["theDuelist:Sparks"],"damage_healed":0.0,"max_hp_gain":0.0,"max_hp_loss":0.0,"gold_gain":0.0,"event_name":"Bonfire Elementals","player_choice":"Offered Basic","floor":37.0,"gold_loss":0.0,"damage_taken":0.0},{"damage_healed":0,"gold_gain":0,"player_choice":"Memory 1","damage_taken":0,"max_hp_gain":0,"max_hp_loss":0,"event_name":"SensoryStone","floor":47,"gold_loss":0}],"is_beta":false,"boss_relics":[{"not_picked":["hubris:RunicObelisk","theDuelist:MillenniumKey","hubris:VirtuousBlindfold"]},{"not_picked":["Snecko Eye","Ooze Armor","Replay:Bronze Core"]}],"items_purged_floors":[36,39,53],"is_endless":false,"potions_floor_spawned":[2,6,8,13,16,23,28,29,31,33,38,40,41,45],"ascension_level":16}}