{"host":"emw2hz5jk2llz0ec","time":1610455864,"event":{"mods":["AchievementEnabler","BaseMod","Colored Map","Colored Powertips","Highlight Path","Minty Spire (QoL Compilation)","Quick Restart","Relic Stats","StSLib","SuperFastMode","¡¾¹¦ÄÜMod¡¿Neow½±Àø"],"gold_per_floor":[116,126,137,62,75,107,118,50,50,61,75,87,87,101,101,201,201,221,234,234,87,186,186,206,225,296,307,307,60,60,79,79,177,177,187,62,162,177,192,192,192,203,251,269,281,309,322,322,322,322,322,322,25,59,59],"floor_reached":56,"playtime":4335,"items_purged":["Strike_R","Bash","Strike_R","Defend_R"],"score":1264,"play_id":"870628cc-b104-4486-9f34-3480d8da03ed","local_time":"20210112205104","is_ascension_mode":false,"campfire_choices":[{"data":"Armaments","floor":13.0,"key":"SMITH"},{"data":"Shockwave","floor":15.0,"key":"SMITH"},{"data":"Body Slam","floor":23.0,"key":"SMITH"},{"data":"Entrench","floor":30.0,"key":"SMITH"},{"data":"Power Through","floor":32.0,"key":"SMITH"},{"data":"Dark Embrace","floor":40.0,"key":"SMITH"},{"floor":49,"key":"RECALL"},{"data":"Evolve","floor":52,"key":"SMITH"}],"circlet_count":0,"master_deck":["Defend_R","Defend_R","Defend_R","Armaments+1","Rampage","Body Slam+1","Power Through+1","Evolve+1","Shockwave+1","Entrench+1","Impervious","Dark Embrace+1","Battle Trance","Second Wind","Burning Pact+1"],"relics":["Burning Blood","Pantograph","Bottled Lightning","Sozu","ClockworkSouvenir","TheAbacus","Empty Cage","StrikeDummy","Medical Kit","Bottled Tornado"],"acts_visited":["Exordium","TheCity","TheBeyond","TheEnding"],"potions_floor_usage":[],"damage_taken":[{"damage":1.0,"enemies":"Cultist","floor":1.0,"turns":3.0},{"damage":7.0,"enemies":"Jaw Worm","floor":2.0,"turns":4.0},{"damage":11.0,"enemies":"2 Louse","floor":3.0,"turns":4.0},{"damage":6.0,"enemies":"Blue Slaver","floor":5.0,"turns":5.0},{"damage":20.0,"enemies":"Gremlin Nob","floor":6.0,"turns":4.0},{"damage":5.0,"enemies":"3 Louse","floor":7.0,"turns":5.0},{"damage":8.0,"enemies":"Red Slaver","floor":10.0,"turns":6.0},{"damage":6.0,"enemies":"Blue Slaver","floor":11.0,"turns":4.0},{"damage":6.0,"enemies":"Gremlin Gang","floor":12.0,"turns":6.0},{"damage":5.0,"enemies":"Looter","floor":14.0,"turns":3.0},{"damage":34.0,"enemies":"Slime Boss","floor":16.0,"turns":14.0},{"damage":14.0,"enemies":"3 Byrds","floor":18.0,"turns":11.0},{"damage":12.0,"enemies":"Chosen","floor":19.0,"turns":5.0},{"damage":6.0,"enemies":"Snecko","floor":24.0,"turns":4.0},{"damage":16.0,"enemies":"Snake Plant","floor":25.0,"turns":4.0},{"damage":16.0,"enemies":"3 Cultists","floor":27.0,"turns":6.0},{"damage":5.0,"enemies":"Snecko","floor":31.0,"turns":5.0},{"damage":51.0,"enemies":"Collector","floor":33.0,"turns":7.0},{"damage":0.0,"enemies":"3 Shapes","floor":35.0,"turns":4.0},{"damage":11.0,"enemies":"3 Darklings","floor":38.0,"turns":6.0},{"damage":3.0,"enemies":"Spire Growth","floor":39.0,"turns":5.0},{"damage":2.0,"enemies":"Writhing Mass","floor":42.0,"turns":5.0},{"damage":12.0,"enemies":"Maw","floor":44.0,"turns":5.0},{"damage":0.0,"enemies":"3 Darklings","floor":45.0,"turns":3.0},{"damage":0,"enemies":"Nemesis","floor":46,"turns":5},{"damage":0,"enemies":"Writhing Mass","floor":47,"turns":4},{"damage":1,"enemies":"Time Eater","floor":50,"turns":5},{"damage":23,"enemies":"Shield and Spear","floor":54,"turns":6},{"damage":1,"enemies":"The Heart","floor":55,"turns":9}],"seed_played":"2690759054294214814","potions_obtained":[{"floor":0.0,"key":"SneckoOil"},{"floor":0.0,"key":"BloodPotion"},{"floor":0.0,"key":"ElixirPotion"},{"floor":1.0,"key":"EssenceOfSteel"},{"floor":7.0,"key":"SmokeBomb"},{"floor":10.0,"key":"SkillPotion"},{"floor":11.0,"key":"BloodPotion"}],"is_trial":false,"path_per_floor":["M","M","M","$","M","E","M","$","T","M","M","M","R","M","R","B",null,"M","M","?","$","?","R","M","M","T","M","?","$","R","M","R","B",null,"M","$","?","M","M","R","?","M","T","M","M","E","M","?","R","B",null,"R","$","E","B",null],"character_chosen":"IRONCLAD","items_purchased":["Evolve","ClockworkSouvenir","TheAbacus","Medical Kit"],"campfire_rested":0,"item_purchase_floors":[8,21,29,53],"current_hp_per_floor":[80,79,74,74,74,60,61,61,61,59,59,59,59,60,60,52,80,72,66,51,51,51,51,51,41,41,31,31,31,31,32,32,12,85,85,85,85,80,83,83,83,85,85,79,85,85,85,85,85,85,85,85,85,68,85],"gold":59,"neow_bonus":"THREE_SMALL_POTIONS","is_daily":false,"chose_seed":false,"campfire_upgraded":7,"win_rate":0.0,"timestamp":1610455864,"path_taken":["M","M","M","$","M","E","M","$","T","M","M","?","R","M","R","BOSS","M","M","?","$","?","R","M","M","T","M","?","?","R","M","R","BOSS","M","$","?","?","M","R","?","M","T","?","M","E","M","?","R","BOSS","R","$","E","BOSS"],"items_purchased_type":["Card","Relic","Relic","Relic"],"build_version":"2020-12-22","purchased_purges":4,"victory":true,"max_hp_per_floor":[80,80,80,80,80,80,80,80,80,80,80,80,80,80,80,80,80,80,80,85,85,85,85,85,85,85,85,85,85,85,85,85,85,85,85,85,85,85,85,85,85,85,85,85,85,85,85,85,85,85,85,85,85,85,85],"relic_stats":{"Sozu":6,"TheAbacus":[396],"counters":[29,157],"Pantograph":62,"Medical Kit":[5],"obtain_stats":[{"Sozu":17,"TheAbacus":29,"Pantograph":6,"Bottled Lightning":9,"Bottled Tornado":54,"Empty Cage":34,"StrikeDummy":46,"Medical Kit":53,"Burning Blood":0,"ClockworkSouvenir":21},{"Sozu":11,"TheAbacus":16,"Pantograph":5,"Bottled Lightning":6,"Bottled Tornado":28,"Empty Cage":18,"StrikeDummy":25,"Medical Kit":27,"Burning Blood":0,"ClockworkSouvenir":13},{"Sozu":58,"TheAbacus":88,"Pantograph":20,"Bottled Lightning":25,"Bottled Tornado":148,"Empty Cage":100,"StrikeDummy":133,"Medical Kit":142,"Burning Blood":0,"ClockworkSouvenir":74}],"Burning Blood":139},"card_choices":[{"not_picked":["Wild Strike","Headbutt"],"picked":"Armaments","floor":1.0},{"not_picked":["Pommel Strike","Body Slam"],"picked":"Rampage","floor":2.0},{"not_picked":["Iron Wave","Havoc","True Grit"],"picked":"SKIP","floor":3.0},{"not_picked":["Impervious","Flex"],"picked":"Body Slam","floor":5.0},{"not_picked":["Berserk","Rupture","Sever Soul"],"picked":"SKIP","floor":6.0},{"not_picked":["Spot Weakness","Heavy Blade"],"picked":"Power Through","floor":7.0},{"not_picked":["Twin Strike","Flame Barrier"],"picked":"Shockwave","floor":10.0},{"not_picked":["Battle Trance","Flame Barrier"],"picked":"Entrench","floor":11.0},{"not_picked":["Feel No Pain","Cleave","Body Slam"],"picked":"SKIP","floor":12.0},{"not_picked":["Havoc","Armaments","Bloodletting"],"picked":"SKIP","floor":14.0},{"not_picked":["Fiend Fire","Brutality"],"picked":"Impervious","floor":16.0},{"not_picked":["Disarm+1","Havoc"],"picked":"Dark Embrace","floor":18.0},{"not_picked":["Warcry","Twin Strike","Pommel Strike"],"picked":"SKIP","floor":19.0},{"not_picked":["Flex+1","Iron Wave","Rage+1"],"picked":"SKIP","floor":24.0},{"not_picked":["Sword Boomerang+1","Cleave"],"picked":"Fiend Fire","floor":25.0},{"not_picked":["Twin Strike","Spot Weakness","Searing Blow+1"],"picked":"SKIP","floor":27.0},{"not_picked":["True Grit","Pummel+1"],"picked":"Battle Trance","floor":31.0},{"not_picked":["Wild Strike","Thunderclap","Shrug It Off"],"picked":"SKIP","floor":35.0},{"not_picked":["Sword Boomerang+1","Havoc"],"picked":"Second Wind","floor":38.0},{"not_picked":["Flex+1","Perfected Strike+1","Pommel Strike"],"picked":"SKIP","floor":39.0},{"not_picked":["Body Slam+1","Seeing Red"],"picked":"Burning Pact+1","floor":42.0},{"not_picked":["Twin Strike+1","Corruption","Wild Strike+1"],"picked":"SKIP","floor":44.0},{"not_picked":["Shockwave","Inflame+1","Anger"],"picked":"SKIP","floor":45.0},{"not_picked":["Warcry+1","Thunderclap","Dual Wield"],"picked":"SKIP","floor":46},{"not_picked":["Heavy Blade","Warcry","Thunderclap+1"],"picked":"SKIP","floor":47},{"not_picked":["Twin Strike","Perfected Strike+1","Flex"],"picked":"SKIP","floor":54}],"player_experience":300210,"relics_obtained":[{"floor":6.0,"key":"Pantograph"},{"floor":9.0,"key":"Bottled Lightning"},{"floor":46,"key":"StrikeDummy"},{"floor":54,"key":"Bottled Tornado"}],"event_choices":[{"damage_healed":0.0,"max_hp_gain":5.0,"max_hp_loss":0.0,"gold_gain":0.0,"event_name":"Forgotten Altar","player_choice":"Shed Blood","floor":20.0,"gold_loss":0.0,"damage_taken":20.0},{"damage_healed":0.0,"max_hp_gain":0.0,"max_hp_loss":0.0,"gold_gain":99.0,"event_name":"Nest","player_choice":"Stole From Cult","floor":22.0,"gold_loss":0.0,"damage_taken":0.0},{"cards_removed":["Strike_R"],"damage_healed":0.0,"max_hp_gain":0.0,"max_hp_loss":0.0,"gold_gain":0.0,"event_name":"Back to Basics","player_choice":"Elegance","floor":28.0,"gold_loss":0.0,"damage_taken":0.0},{"damage_healed":0.0,"max_hp_gain":0.0,"max_hp_loss":0.0,"gold_gain":100.0,"event_name":"Golden Shrine","player_choice":"Pray","floor":37.0,"gold_loss":0.0,"damage_taken":0.0},{"damage_healed":0.0,"max_hp_gain":0.0,"max_hp_loss":0.0,"gold_gain":0.0,"event_name":"Duplicator","player_choice":"Ignored","floor":41.0,"gold_loss":0.0,"damage_taken":0.0},{"cards_removed":["Fiend Fire"],"damage_healed":0,"gold_gain":0,"player_choice":"Removed Attack","damage_taken":0,"max_hp_gain":0,"max_hp_loss":0,"event_name":"Falling","floor":48,"gold_loss":0}],"is_beta":false,"boss_relics":[{"not_picked":["Mark of Pain","Black Blood"],"picked":"Sozu"},{"not_picked":["Fusion Hammer","Philosopher\u0027s Stone"],"picked":"Empty Cage"}],"items_purged_floors":[4,29,36,53],"is_endless":false,"potions_floor_spawned":[1,7,10,11,16,18,24,25,31,39,42,47],"ascension_level":0}}