{"host":"qswkx8hggytna0kc","time":1610423906,"event":{"mods":["Aspiration","BaseMod","BetterRewards","Colored Map","Colored Powertips","Highlight Path","Hubris","Mimic Mod","Minty Spire (QoL Compilation)","MostiFishMod","Quick Restart","Replay The Spire","StSLib","SuperFastMode"],"gold_per_floor":[113,129,146,162,175,209,17,17,62,62,89,99,129,148,148,223,223,240,253,271,271,0,0,0],"floor_reached":23,"playtime":735,"items_purged":[],"score":376,"play_id":"9ef1fd72-e28c-4954-9c25-979314487ca4","local_time":"20210112115826","is_ascension_mode":true,"campfire_choices":[{"data":"Zap","floor":8.0,"key":"SMITH"},{"data":"Dualcast","floor":10.0,"key":"SMITH"},{"data":"Hologram","floor":15.0,"key":"SMITH"}],"circlet_count":0,"master_deck":["AscendersBane","Strike_B","Strike_B","Strike_B","Strike_B","Defend_B","Defend_B","Defend_B","Defend_B","Zap+1","Dualcast+1","Go for the Eyes","Self Repair","Go for the Eyes","Beam Cell","FTL","Beam Cell","Scrape","Turbo","Hologram+1","Go for the Eyes","Beam Cell","MostiFishMod:DawningShadow","Gash","ReplayTheSpireMod:Reroute Power","Crystallizer"],"relics":["Cracked Core","DaveBox","Omamori","MostiFishMod:AdaptiveDefenses","SynthV:TestCard","Replay:Mystery Machine","Runic Capacitor","hubris:TenFootPole","ReplayTheSpireMod:TigerMarble","Geode","HaiYi:Twilight","hubris:Towel"],"acts_visited":["Exordium","TheCity"],"potions_floor_usage":[],"damage_taken":[{"damage":9.0,"enemies":"2 Louse","floor":1.0,"turns":3.0},{"damage":7.0,"enemies":"Jaw Worm","floor":2.0,"turns":3.0},{"damage":1.0,"enemies":"Small Slimes","floor":3.0,"turns":4.0},{"damage":15.0,"enemies":"Looter","floor":4.0,"turns":4.0},{"damage":30.0,"enemies":"3 Louse","floor":5.0,"turns":4.0},{"damage":17.0,"enemies":"Gremlin Nob","floor":6.0,"turns":4.0},{"damage":25.0,"enemies":"Lagavulin","floor":11.0,"turns":6.0},{"damage":14.0,"enemies":"Gremlin Gang","floor":12.0,"turns":5.0},{"damage":27.0,"enemies":"Replay:BlueRogue","floor":13.0,"turns":6.0},{"damage":0.0,"enemies":"Looter","floor":14.0,"turns":1.0},{"damage":60.0,"enemies":"Fading Forest","floor":16.0,"turns":11.0},{"damage":16.0,"enemies":"Spheric Guardian","floor":18.0,"turns":4.0},{"damage":15.0,"enemies":"3 Byrds","floor":19.0,"turns":6.0},{"damage":76,"enemies":"Shelled Parasite and Fungi","floor":20,"turns":7},{"damage":10,"enemies":"Book of Stabbing","floor":23,"turns":1}],"seed_played":"-2837685375492700300","potions_obtained":[{"floor":1.0,"key":"Fruit Juice"},{"floor":2.0,"key":"SteroidPotion"},{"floor":6.0,"key":"Venom Potion"},{"floor":14.0,"key":"GamblersBrew"},{"floor":16.0,"key":"EssenceOfDarkness"}],"is_trial":false,"path_per_floor":["M","M","M","M","M","E","$","R","T","R","E","M","E","M","R","B",null,"M","M","M","?","?","E"],"character_chosen":"DEFECT","items_purchased":["Runic Capacitor","Scrape"],"campfire_rested":0,"item_purchase_floors":[7,7],"current_hp_per_floor":[68,69,75,74,65,66,66,66,66,66,58,66,56,56,56,34,66,72,64,10,10,10,0,0],"gold":0,"neow_bonus":"RANDOM_COMMON_RELIC","is_daily":false,"chose_seed":false,"campfire_upgraded":3,"win_rate":0.0,"timestamp":1610423906,"path_taken":["M","M","M","M","M","E","$","R","T","R","E","M","E","M","R","BOSS","M","M","M","?","?","E"],"items_purchased_type":["Relic","Card"],"build_version":"2020-12-22","purchased_purges":0,"victory":false,"max_hp_per_floor":[76,76,76,76,76,76,76,76,76,76,76,76,76,76,76,76,76,76,76,76,76,76,76,76],"card_choices":[{"not_picked":["MostiFishMod:GatherIntelligence","Sweeping Beam"],"picked":"Go for the Eyes","floor":1.0},{"not_picked":["MostiFishMod:ReprogramOld","Stack","Cold Snap","BasicCrystalCard"],"picked":"Self Repair","floor":2.0},{"not_picked":["Rip and Tear","Coolheaded","Blizzard","Streamline"],"picked":"Go for the Eyes","floor":3.0},{"not_picked":["hubris:DoWhile","Panic Button","Reinforced Body","MostiFishMod:FluxCapactior"],"picked":"Beam Cell","floor":4.0},{"not_picked":["Self Repair","Chaos","Go for the Eyes","Doom and Gloom"],"picked":"FTL","floor":5.0},{"not_picked":["Rebound","Cold Snap","Hologram","FIFO Queue"],"picked":"Beam Cell","floor":6.0},{"not_picked":["Consume","Barrage","Undo","Beam Cell"],"picked":"Turbo","floor":11.0},{"not_picked":["Self Repair","MostiFishMod:FluxCapactior","Ball Lightning","MostiFishMod:PushDownKick"],"picked":"Hologram","floor":12.0},{"not_picked":["Amplify","Self Repair","Blizzard","Redo"],"picked":"Go for the Eyes","floor":13.0},{"not_picked":["Redo","Conserve Battery","Rebound","Coolheaded"],"picked":"Beam Cell","floor":14.0},{"not_picked":["Core Surge","MostiFishMod:DeathFromBelow","Biased Cognition","Echo Form"],"picked":"MostiFishMod:DawningShadow","floor":16.0},{"not_picked":["Steam","ReplayTheSpireMod:System Scan","Conserve Battery","Ball Lightning"],"picked":"Gash","floor":18.0},{"not_picked":["hubris:PowerSurge","Rebound","Redo","Barrage"],"picked":"ReplayTheSpireMod:Reroute Power","floor":19.0},{"not_picked":["Panic Button","Compile Driver","Turbo","Storm"],"picked":"Crystallizer","floor":20}],"player_experience":272014,"relics_obtained":[{"floor":1.0,"key":"SynthV:TestCard"},{"floor":6.0,"key":"Replay:Mystery Machine"},{"floor":9.0,"key":"hubris:TenFootPole"},{"floor":11.0,"key":"ReplayTheSpireMod:TigerMarble"},{"floor":13.0,"key":"Geode"}],"event_choices":[{"damage_healed":0,"gold_gain":0,"player_choice":"Paid Fearfully","damage_taken":0,"max_hp_gain":0,"max_hp_loss":0,"event_name":"Masked Bandits","floor":22,"gold_loss":271}],"is_beta":false,"boss_relics":[{"not_picked":["hubris:HollowSoul","Velvet Choker"],"picked":"HaiYi:Twilight"}],"items_purged_floors":[],"is_endless":false,"potions_floor_spawned":[1,2,6,14,16,18,19],"killed_by":"Book of Stabbing","ascension_level":15}}