{"host":"69vai7pma7zqkhbs","time":1610448552,"event":{"mods":["BaseMod","Duelist Mod","GifTheSpireLib","Hermit","Minty Spire (QoL Compilation)","Quick Restart","StSLib","The Judge","The Senshi"],"gold_per_floor":[119,44,58,58,82,125,125,225,252,252,271,271,352,373,373,373,373],"floor_reached":16,"playtime":912,"items_purged":["Strike_R"],"score":130,"play_id":"94345b3d-23c4-4329-832c-6e9b80bcf87e","local_time":"20210112214912","is_ascension_mode":true,"campfire_choices":[{"floor":7,"key":"REST"},{"data":"Body Slam","floor":10,"key":"SMITH"},{"floor":15,"key":"REST"}],"circlet_count":0,"master_deck":["Strike_R","Strike_R","Strike_R","Defend_R","Defend_R","Defend_R","Defend_R","Bash","Body Slam+1","Battle Trance","Entrench"],"relics":["Burning Blood","Golden Idol","Dream Catcher","Akabeko","Frozen Egg 2","Omamori"],"acts_visited":["Exordium"],"potions_floor_usage":[6,13,13],"damage_taken":[{"damage":5,"enemies":"Cultist","floor":1,"turns":4},{"damage":1,"enemies":"Small Slimes","floor":3,"turns":5},{"damage":0,"enemies":"2 Louse","floor":5,"turns":4},{"damage":60,"enemies":"3 Sentries","floor":6,"turns":18},{"damage":0,"enemies":"Red Slaver","floor":11,"turns":3},{"damage":31,"enemies":"3 Sentries","floor":13,"turns":12},{"damage":2,"enemies":"Looter","floor":14,"turns":3},{"damage":44,"enemies":"Hexaghost","floor":16,"turns":9}],"seed_played":"6448346563419194921","potions_obtained":[{"floor":3,"key":"Explosive Potion"},{"floor":5,"key":"PowerPotion"},{"floor":6,"key":"BloodPotion"}],"is_trial":false,"path_per_floor":["M","$","M","?","M","E","R","?","T","R","M","?","?","M","R","B"],"character_chosen":"IRONCLAD","items_purchased":[],"campfire_rested":2,"item_purchase_floors":[],"current_hp_per_floor":[73,73,78,58,64,10,34,34,34,34,40,22,13,17,41,0,0],"gold":373,"neow_bonus":"REMOVE_CARD","is_daily":false,"chose_seed":false,"campfire_upgraded":1,"win_rate":0.0,"timestamp":1610448552,"path_taken":["M","?","M","?","M","E","R","?","T","R","?","?","?","M","R","BOSS"],"items_purchased_type":[],"build_version":"2020-12-22","purchased_purges":1,"victory":false,"max_hp_per_floor":[80,80,80,80,80,80,80,80,80,80,80,80,80,80,80,80,80],"card_choices":[{"not_picked":["Wild Strike","Pummel","Second Wind"],"picked":"SKIP","floor":1},{"not_picked":["Ghostly Armor","Anger"],"picked":"Body Slam","floor":3},{"not_picked":["Sword Boomerang","Juggernaut","Feel No Pain"],"picked":"SKIP","floor":5},{"not_picked":["Sword Boomerang","Feed"],"picked":"Battle Trance","floor":6},{"not_picked":["Anger","Armaments"],"picked":"Entrench","floor":7},{"not_picked":["Uppercut","Pommel Strike","Clash"],"picked":"SKIP","floor":11},{"not_picked":["Heavy Blade","Burning Pact","Headbutt"],"picked":"SKIP","floor":14}],"player_experience":1215192,"relics_obtained":[{"floor":6,"key":"Dream Catcher"},{"floor":9,"key":"Akabeko"},{"floor":13,"key":"Omamori"}],"event_choices":[{"damage_healed":0,"gold_gain":0,"player_choice":"Take Damage","damage_taken":20,"relics_obtained":["Golden Idol"],"max_hp_gain":0,"max_hp_loss":0,"event_name":"Golden Idol","floor":4,"gold_loss":0},{"damage_healed":0,"gold_gain":100,"player_choice":"Gold","damage_taken":0,"max_hp_gain":0,"max_hp_loss":0,"event_name":"Wheel of Change","floor":8,"gold_loss":0},{"damage_healed":0,"gold_gain":0,"player_choice":"Success","damage_taken":18,"relics_obtained":["Frozen Egg 2"],"max_hp_gain":0,"max_hp_loss":0,"event_name":"Scrap Ooze","floor":12,"gold_loss":0},{"damage_healed":0,"gold_gain":0,"player_choice":"Searched \u00271\u0027 times","damage_taken":0,"max_hp_gain":0,"max_hp_loss":0,"event_name":"Dead Adventurer","floor":13,"gold_loss":0}],"is_beta":false,"boss_relics":[],"items_purged_floors":[2],"is_endless":false,"potions_floor_spawned":[3,5,6],"killed_by":"Hexaghost","ascension_level":6}}