{"host":"qxeepl7ydvsgmfdb","time":1610457715,"event":{"mods":["AchievementEnabler","BaseMod","Colored Powertips","Minty Spire (QoL Compilation)","Quick Restart","slay the spire mod where everything is the same but ironclad has a cowboy hat"],"gold_per_floor":[118,293,304,304,11,37,47,72,72,87,101,101,126,154,154,154,154],"floor_reached":16,"playtime":587,"items_purged":[],"score":174,"play_id":"9b72993d-9214-4d8b-99b4-560b035f6d2c","local_time":"20210112082155","is_ascension_mode":true,"campfire_choices":[{"floor":12.0,"key":"REST"},{"floor":15.0,"key":"REST"}],"circlet_count":0,"master_deck":["Strike_G","Strike_G","Strike_G","Strike_G","Strike_G","Defend_G","Defend_G","Defend_G","Defend_G","Defend_G","Survivor","Neutralize","Slice+1","Doubt","Backstab","Quick Slash","Cloak And Dagger","Dagger Spray","Slice"],"relics":["Ring of the Snake","NeowsBlessing","Pantograph","Potion Belt","Incense Burner","Singing Bowl","Letter Opener","Odd Mushroom"],"acts_visited":["Exordium"],"potions_floor_usage":[],"damage_taken":[{"damage":0.0,"enemies":"2 Louse","floor":1.0,"turns":1.0},{"damage":0.0,"enemies":"Jaw Worm","floor":3.0,"turns":1.0},{"damage":0.0,"enemies":"3 Sentries","floor":6.0,"turns":1.0},{"damage":0.0,"enemies":"Cultist","floor":7.0,"turns":3.0},{"damage":40.0,"enemies":"Lagavulin","floor":8.0,"turns":7.0},{"damage":6.0,"enemies":"Looter","floor":10.0,"turns":4.0},{"damage":3.0,"enemies":"Exordium Thugs","floor":11.0,"turns":5.0},{"damage":12.0,"enemies":"3 Sentries","floor":13.0,"turns":6.0},{"damage":17.0,"enemies":"The Mushroom Lair","floor":14.0,"turns":4.0},{"damage":0,"enemies":"Hexaghost","floor":16,"turns":1}],"seed_played":"5589305283386484256","potions_obtained":[{"floor":3.0,"key":"SneckoOil"},{"floor":7.0,"key":"AttackPotion"},{"floor":11.0,"key":"ColorlessPotion"}],"is_trial":false,"path_per_floor":["M","?","M","?","$","E","M","E","T","M","M","R","E","?","R","B"],"character_chosen":"THE_SILENT","items_purchased":["Pantograph","Backstab"],"campfire_rested":2,"item_purchase_floors":[5,5],"current_hp_per_floor":[70,70,70,70,70,70,70,30,30,26,23,44,32,17,39,64,64],"gold":154,"neow_bonus":"THREE_ENEMY_KILL","is_daily":false,"chose_seed":false,"campfire_upgraded":0,"win_rate":0.0,"timestamp":1610457715,"path_taken":["M","?","M","?","$","E","M","E","T","M","M","R","E","?","R","BOSS"],"items_purchased_type":["Relic","Card"],"build_version":"2020-12-22","purchased_purges":0,"victory":false,"max_hp_per_floor":[70,70,70,70,70,70,70,70,70,72,72,72,72,74,74,74,74],"card_choices":[{"not_picked":["Dagger Spray","Quick Slash"],"picked":"Slice","floor":1.0},{"not_picked":["Predator","Footwork","Outmaneuver"],"picked":"SKIP","floor":3.0},{"not_picked":["Prepared","Skewer"],"picked":"Quick Slash","floor":6.0},{"not_picked":["Reflex","Escape Plan","Terror"],"picked":"SKIP","floor":7.0},{"not_picked":["Terror","Deflect"],"picked":"Cloak And Dagger","floor":8.0},{"not_picked":["Bane","Prepared","Doppelganger"],"picked":"Singing Bowl","floor":10.0},{"not_picked":["Backflip","Skewer"],"picked":"Dagger Spray","floor":11.0},{"not_picked":["Calculated Gamble","Deflect"],"picked":"Slice","floor":13.0},{"not_picked":["Calculated Gamble","Dodge and Roll","PiercingWail"],"picked":"Singing Bowl","floor":14.0}],"player_experience":125804,"relics_obtained":[{"floor":6.0,"key":"Potion Belt"},{"floor":8.0,"key":"Incense Burner"},{"floor":9.0,"key":"Singing Bowl"},{"floor":13.0,"key":"Letter Opener"},{"floor":14.0,"key":"Odd Mushroom"}],"event_choices":[{"damage_healed":0.0,"max_hp_gain":0.0,"max_hp_loss":0.0,"gold_gain":175.0,"event_name":"Liars Game","player_choice":"AGREE","floor":2.0,"gold_loss":0.0,"damage_taken":0.0,"cards_obtained":["Doubt"]},{"damage_healed":0.0,"max_hp_gain":0.0,"max_hp_loss":0.0,"gold_gain":0.0,"event_name":"Living Wall","player_choice":"Grow","floor":4.0,"gold_loss":0.0,"damage_taken":0.0,"cards_upgraded":["Slice"]},{"damage_healed":0.0,"max_hp_gain":0.0,"max_hp_loss":0.0,"gold_gain":0.0,"event_name":"Mushrooms","player_choice":"Fought Mushrooms","floor":14.0,"gold_loss":0.0,"damage_taken":0.0}],"is_beta":false,"boss_relics":[],"items_purged_floors":[],"is_endless":false,"potions_floor_spawned":[3,7,11],"killed_by":"Hexaghost","ascension_level":4}}