{"host":"ty2cix8xj6r3ad26","time":1610456946,"event":{"mods":["AchievementEnabler","BaseMod","BetterRewards","Infinite Spire","Minty Spire (QoL Compilation)","StSLib","SuperFastMode"],"gold_per_floor":[110,121,137,152,152,182,182,7,7,23,23,42,71,87,87,183,183,196,496,521,521,521,521,547,564,591,591,618,618,632,661,661,760,760,771,771,771,681,697,731,747,765,765,475,488,522,538,548,548,645,645,658,652,652,652,663,687,510,524,548,548,554,554,558,553,553,613,613,618,612,612,229,328,328,334,334,361,361,343,340,166,165,165,224,224,213,193,193,71,71,69,69,55,55,55,55,54,45,19,19,96,96,109,109,10,10,10,31,31,45,45,45,51,51,76,110,122,227,239,259,15,114,137,144,144,144,166,190,228,58,56,72,80,80,128,128,119,119,116,116,112,112,148,148,148,145,145,150,157,141,141,180,180,180,1,41,131],"floor_reached":158,"playtime":8009,"items_purged":["Strike_G","Defend_G","Strike_G","Defend_G","Defend_G","Writhe","Survivor","Transmutation","Deflect","Adrenaline+1","Adrenaline+1","Bandage Up+1"],"score":7034,"play_id":"155d3ced-36fd-4418-9396-bde6e73104f8","local_time":"20210112150906","is_ascension_mode":true,"campfire_choices":[{"data":"Phantasmal Killer","floor":7,"key":"SMITH"},{"data":"Bouncing Flask","floor":11,"key":"SMITH"},{"data":"Neutralize","floor":15,"key":"SMITH"},{"data":"Infinite Blades","floor":23,"key":"SMITH"},{"data":"infinitespire:Execution","floor":29,"key":"SMITH"},{"data":"Adrenaline","floor":32,"key":"SMITH"},{"data":"After Image","floor":49,"key":"SMITH"},{"data":"Burst","floor":61,"key":"SMITH"},{"data":"infinitespire:UltimateForm","floor":63,"key":"SMITH"},{"data":"infinitespire:FutureSight","floor":66,"key":"SMITH"},{"data":"infinitespire:TheBestDefense","floor":74,"key":"SMITH"},{"data":"Trip","floor":76,"key":"SMITH"},{"data":"Footwork","floor":78,"key":"SMITH"},{"data":"Adrenaline","floor":83,"key":"SMITH"},{"data":"Madness","floor":92,"key":"SMITH"},{"data":"Thinking Ahead","floor":95,"key":"SMITH"},{"data":"Bandage Up","floor":100,"key":"SMITH"},{"data":"Master of Strategy","floor":109,"key":"PURGE"},{"data":"Thinking Ahead+1","floor":112,"key":"PURGE"},{"data":"All Out Attack","floor":117,"key":"PURGE"},{"data":"Terror+1","floor":126,"key":"PURGE"},{"data":"Madness+1","floor":134,"key":"PURGE"},{"data":"Blur","floor":142,"key":"SMITH"},{"data":"Adrenaline+1","floor":151,"key":"PURGE"},{"data":"1","floor":154,"key":"LIFT"}],"circlet_count":0,"master_deck":["AscendersBane","Neutralize+1","Infinite Blades+1","Phantasmal Killer+1","Bouncing Flask+1","Bite+1","Bite+1","Bite+1","infinitespire:Execution+1","Crippling Poison+1","After Image+1","Footwork+1","infinitespire:FutureSight+1","Backstab+1","Burst+1","Concentrate+1","infinitespire:UltimateForm+1","infinitespire:TheBestDefense+1","J.A.X.+1","Sadistic Nature+1","Trip+1","Dark Shackles","Dark Shackles","After Image+1","Blur+1","Sadistic Nature+1","infinitespire:TheBestDefense+1"],"relics":["Ring of the Snake","Membership Card","Singing Bowl","CaptainsWheel","Vajra","Mercury Hourglass","infinitespire:Lychee Nut","Unceasing Top","HandDrill","War Paint","Bronze Scales","Snake Skull","TwistedFunnel","Sundial","Shuriken","Runic Pyramid","Old Coin","Akabeko","Nunchaku","Lantern","Strange Spoon","StoneCalendar","Bag of Preparation","Coffee Dripper","infinitespire:Golems Mask","Pear","Blood Vial","infinitespire:EmpoweringShard","Philosopher\u0027s Stone","infinitespire:Satchel","Whetstone","Regal Pillow","Bag of Marbles","Frozen Egg 2","Runic Dome","Gremlin Horn","Toy Ornithopter","The Specimen","Dream Catcher","TungstenRod","HornCleat","SlaversCollar","Paper Crane","infinitespire:Eraser","Orichalcum","The Courier","Peace Pipe","Sozu","Mummified Hand","Golden Idol","Bottled Flame","Kunai","infinitespire:CheckeredPen","Toolbox","Odd Mushroom","MawBank","WristBlade","infinitespire:ShieldingShard","Pen Nib","infinitespire:WardingShard","Boot","StrikeDummy","Omamori","Smiling Mask","PreservedInsect","Juzu Bracelet","Bottled Lightning","Busted Crown","FossilizedHelix","Ring of the Serpent","Potion Belt","infinitespire:Bottled Soul","Blue Candle","Calling Bell","Girya","Question Card","Centennial Puzzle","DollysMirror","infinitespire:Lucky Rock"],"acts_visited":["Exordium","TheCity","TheBeyond","Exordium","TheCity","TheBeyond","Exordium","TheCity","TheBeyond","TheEnding"],"potions_floor_usage":[6,6,13,13,24,40,50,65,69,84,132,152],"damage_taken":[{"damage":0,"enemies":"Cultist","floor":1,"turns":3},{"damage":0,"enemies":"Small Slimes","floor":2,"turns":3},{"damage":0,"enemies":"Jaw Worm","floor":3,"turns":3},{"damage":0,"enemies":"Exordium Thugs","floor":4,"turns":3},{"damage":5,"enemies":"3 Sentries","floor":6,"turns":5},{"damage":0,"enemies":"Looter","floor":10,"turns":2},{"damage":0,"enemies":"3 Louse","floor":12,"turns":2},{"damage":0,"enemies":"Lagavulin","floor":13,"turns":3},{"damage":0,"enemies":"Red Slaver","floor":14,"turns":3},{"damage":7,"enemies":"The Guardian","floor":16,"turns":7},{"damage":0,"enemies":"Spheric Guardian","floor":18,"turns":2},{"damage":36,"enemies":"Nightmare","floor":24,"turns":6},{"damage":0,"enemies":"Chosen","floor":25,"turns":3},{"damage":0,"enemies":"Slavers","floor":28,"turns":1},{"damage":10,"enemies":"Snake Plant","floor":30,"turns":2},{"damage":0,"enemies":"Gremlin Leader","floor":31,"turns":3},{"damage":0,"enemies":"Automaton","floor":33,"turns":5},{"damage":0,"enemies":"Orb Walker","floor":35,"turns":2},{"damage":5,"enemies":"3 Darklings","floor":39,"turns":3},{"damage":0,"enemies":"Giant Head","floor":40,"turns":3},{"damage":2,"enemies":"Writhing Mass","floor":41,"turns":2},{"damage":4,"enemies":"Maw","floor":42,"turns":3},{"damage":0,"enemies":"Sphere and 2 Shapes","floor":45,"turns":3},{"damage":0,"enemies":"Reptomancer","floor":46,"turns":3},{"damage":0,"enemies":"4 Shapes","floor":47,"turns":2},{"damage":16,"enemies":"Jaw Worm Horde","floor":48,"turns":2},{"damage":12,"enemies":"infinitespire:MassOfShapes","floor":50,"turns":4},{"damage":0,"enemies":"2 Louse","floor":52,"turns":1},{"damage":0,"enemies":"Jaw Worm","floor":53,"turns":1},{"damage":0,"enemies":"Cultist","floor":56,"turns":2},{"damage":0,"enemies":"3 Sentries","floor":57,"turns":1},{"damage":0,"enemies":"Gremlin Nob","floor":59,"turns":2},{"damage":0,"enemies":"Large Slime","floor":62,"turns":1},{"damage":0,"enemies":"Red Slaver","floor":64,"turns":1},{"damage":7,"enemies":"Nightmare","floor":65,"turns":4},{"damage":5,"enemies":"The Guardian","floor":67,"turns":3},{"damage":0,"enemies":"Spheric Guardian","floor":69,"turns":1},{"damage":0,"enemies":"Chosen","floor":70,"turns":2},{"damage":3,"enemies":"Slavers","floor":75,"turns":2},{"damage":3,"enemies":"3 Cultists","floor":79,"turns":2},{"damage":67,"enemies":"Nightmare","floor":80,"turns":4},{"damage":0,"enemies":"Snecko","floor":82,"turns":1},{"damage":2,"enemies":"Collector","floor":84,"turns":3},{"damage":2,"enemies":"3 Shapes","floor":86,"turns":2},{"damage":2,"enemies":"3 Darklings","floor":87,"turns":2},{"damage":0,"enemies":"Reptomancer","floor":91,"turns":2},{"damage":4,"enemies":"Giant Head","floor":93,"turns":3},{"damage":2,"enemies":"4 Shapes","floor":97,"turns":2},{"damage":0,"enemies":"Reptomancer","floor":98,"turns":2},{"damage":0,"enemies":"Maw","floor":99,"turns":3},{"damage":0,"enemies":"Donu and Deca","floor":101,"turns":2},{"damage":0,"enemies":"2 Louse","floor":103,"turns":1},{"damage":0,"enemies":"Lagavulin","floor":108,"turns":2},{"damage":0,"enemies":"Gremlin Nob","floor":110,"turns":2},{"damage":0,"enemies":"Cultist","floor":113,"turns":1},{"damage":0,"enemies":"The Mushroom Lair","floor":115,"turns":1},{"damage":0,"enemies":"Lagavulin","floor":116,"turns":1},{"damage":2,"enemies":"Slime Boss","floor":118,"turns":3},{"damage":2,"enemies":"3 Byrds","floor":120,"turns":2},{"damage":0,"enemies":"2 Thieves","floor":124,"turns":2},{"damage":0,"enemies":"Snake Plant","floor":125,"turns":2},{"damage":0,"enemies":"Book of Stabbing","floor":127,"turns":2},{"damage":0,"enemies":"Slavers","floor":129,"turns":3},{"damage":0,"enemies":"Snecko","floor":131,"turns":3},{"damage":0,"enemies":"Nightmare","floor":132,"turns":3},{"damage":0,"enemies":"Sentry and Sphere","floor":133,"turns":2},{"damage":46,"enemies":"infinitespire:LordOfFortification","floor":135,"turns":6},{"damage":0,"enemies":"3 Darklings","floor":137,"turns":2},{"damage":0,"enemies":"3 Shapes","floor":138,"turns":2},{"damage":0,"enemies":"Jaw Worm Horde","floor":139,"turns":2},{"damage":0,"enemies":"Spire Growth","floor":141,"turns":2},{"damage":0,"enemies":"Mind Bloom Boss Battle","floor":143,"turns":3},{"damage":0,"enemies":"Writhing Mass","floor":146,"turns":2},{"damage":0,"enemies":"4 Shapes","floor":148,"turns":2},{"damage":0,"enemies":"Giant Head","floor":149,"turns":3},{"damage":0,"enemies":"Maw","floor":150,"turns":3},{"damage":4,"enemies":"infinitespire:LordOfFortification","floor":152,"turns":6},{"damage":6,"enemies":"Shield and Spear","floor":156,"turns":2},{"damage":17,"enemies":"The Heart","floor":157,"turns":7}],"seed_played":"4388848282195710169","potions_obtained":[{"floor":1,"key":"LiquidMemories"},{"floor":3,"key":"Dexterity Potion"},{"floor":6,"key":"LiquidMemories"},{"floor":13,"key":"Fruit Juice"},{"floor":14,"key":"ColorlessPotion"},{"floor":28,"key":"GhostInAJar"},{"floor":33,"key":"Poison Potion"},{"floor":42,"key":"EssenceOfSteel"},{"floor":53,"key":"FearPotion"},{"floor":56,"key":"Swift Potion"},{"floor":59,"key":"LiquidBronze"},{"floor":67,"key":"Energy Potion"},{"floor":80,"key":"BlessingOfTheForge"},{"floor":82,"key":"FearPotion"},{"floor":86,"key":"SpeedPotion"},{"floor":97,"key":"Block Potion"}],"is_trial":false,"path_per_floor":["M","M","M","M","?","E","R","$","T","M","R","M","E","M","R","B",null,"M","?","T","?","?","R","NM","M","T","AVR","E","R","M","E","R","B",null,"M","?","AVR","?","M","E","M","M","T","$","M","E","M","M","R","B",null,"M","M","?","AVR","M","E","$","E","T","R","M","R","M","NM","R","B",null,"M","M","?","$","?","R","E","R","T","R","M","NM","$","M","R","B",null,"M","M","?","$","?","E","R","E","T","R","?","M","E","M","R","B",null,"M","?","$","?","?","E","R","E","T","R","M","AVR","?","E","R","B",null,"M","$","?","T","M","M","R","E","T","E","$","M","NM","M","R","B",null,"M","M","M","?","M","R","?","AVR","T","M","?","M","E","M","R","B",null,"R","$","E","B",null],"character_chosen":"THE_SILENT","items_purchased":["Membership Card","Singing Bowl","Deflect","Thinking Ahead","Infinite Blades","Vajra","Mercury Hourglass","Cloak And Dagger","Noxious Fumes","HandDrill","Master of Strategy","Backflip","War Paint","Fire Potion","Fire Potion","Snake Skull","TwistedFunnel","Bouncing Flask","Pear","Blood Vial","Whetstone","Sadistic Nature+1","Gremlin Horn","Trip","CultistPotion","Toy Ornithopter","HornCleat","Bandage Up","Paper Crane","Mummified Hand","infinitespire:ShieldingShard","Pen Nib","infinitespire:WardingShard","PreservedInsect","Juzu Bracelet","Sadistic Nature+1","DollysMirror"],"campfire_rested":0,"item_purchase_floors":[0,0,0,0,0,0,0,0,0,0,0,0,0,0,0,8,8,8,44,44,58,72,72,72,72,72,81,81,89,105,121,121,121,130,130,155,155],"current_hp_per_floor":[28,35,42,50,50,53,53,53,53,60,60,65,73,75,75,69,74,77,77,77,63,57,57,28,39,39,39,41,41,44,61,61,65,65,65,65,65,65,67,69,69,67,67,77,83,83,85,76,76,88,89,91,91,91,91,93,95,95,97,97,97,99,99,101,96,96,105,105,107,109,109,109,109,109,111,111,111,111,113,53,53,63,63,89,109,117,119,110,110,110,119,119,119,119,119,119,121,121,123,123,125,125,127,127,127,97,73,92,92,108,108,108,115,115,119,123,123,139,139,141,141,141,141,143,145,145,147,147,149,149,151,155,157,157,143,155,161,163,165,165,167,167,169,169,169,171,171,173,175,177,177,179,179,179,179,181,178],"gold":131,"neow_bonus":"","is_daily":false,"chose_seed":false,"campfire_upgraded":18,"win_rate":0.0,"timestamp":1610456946,"path_taken":["M","?","M","M","?","E","R","?","T","M","R","M","E","M","R","BOSS","M","?","?","?","?","R","NM","M","T","AVR","E","R","M","E","R","BOSS","M","?","AVR","?","M","E","M","M","T","$","M","E","M","M","R","BOSS","M","M","?","AVR","?","E","$","E","T","R","M","R","M","NM","R","BOSS","M","M","?","$","?","R","E","R","T","R","M","NM","$","M","R","BOSS","M","M","?","$","?","E","R","E","T","R","?","?","E","M","R","BOSS","M","?","?","?","?","E","R","E","T","R","M","AVR","?","E","R","BOSS","M","$","?","?","M","M","R","E","T","E","?","M","NM","M","R","BOSS","M","M","M","?","M","R","?","AVR","T","M","?","M","E","M","R","BOSS","R","$","E","BOSS"],"items_purchased_type":["Relic","Relic","Card","Card","Card","Relic","Relic","Card","Card","Relic","Card","Card","Relic","Potion","Potion","Relic","Relic","Card","Relic","Relic","Relic","Card","Relic","Card","Potion","Relic","Relic","Card","Relic","Relic","Relic","Relic","Relic","Relic","Relic","Card","Relic"],"build_version":"2020-12-22","purchased_purges":12,"victory":true,"max_hp_per_floor":[54,56,58,60,60,62,62,62,62,64,64,66,73,75,75,75,75,77,77,77,82,57,57,57,59,59,59,61,61,63,65,65,65,65,65,65,65,65,67,69,69,71,71,81,83,83,85,87,87,89,89,91,91,91,91,93,95,95,97,97,97,99,99,101,103,103,105,105,107,109,109,109,109,109,111,111,111,111,113,113,113,115,115,115,115,117,119,119,119,119,119,119,119,119,119,119,121,121,123,123,125,125,127,127,127,127,127,129,129,131,131,131,133,133,135,137,137,139,139,141,141,141,141,143,145,145,147,147,149,149,151,155,157,157,159,159,161,163,165,165,167,167,169,169,169,171,171,173,175,177,177,179,179,179,179,181,183],"card_choices":[{"not_picked":["Concentrate","Deflect","Caltrops"],"picked":"Singing Bowl","floor":1},{"not_picked":["Underhanded Strike","Prepared","Heel Hook"],"picked":"Singing Bowl","floor":2},{"not_picked":["Prepared","Bane","Tactician"],"picked":"Singing Bowl","floor":3},{"not_picked":["Dodge and Roll","Backflip","Bane"],"picked":"Singing Bowl","floor":4},{"not_picked":["Acrobatics","Dodge and Roll","Tactician"],"picked":"Singing Bowl","floor":6},{"not_picked":["Backflip","Deadly Poison","Malaise"],"picked":"Singing Bowl","floor":10},{"not_picked":["Dodge and Roll","Dagger Spray","Blade Dance"],"picked":"Singing Bowl","floor":12},{"not_picked":["Endless Agony","Quick Slash","Blade Dance"],"picked":"Singing Bowl","floor":13},{"not_picked":["Underhanded Strike","Masterful Stab","Bouncing Flask"],"picked":"Singing Bowl","floor":14},{"not_picked":["Wraith Form v2","Grand Finale"],"picked":"Adrenaline","floor":16},{"not_picked":["Quick Slash+1","Acrobatics","Bane"],"picked":"Singing Bowl","floor":18},{"not_picked":["infinitespire:Collect","infinitespire:NeuralNetwork"],"picked":"infinitespire:Execution","floor":24},{"not_picked":["Quick Slash+1","Adrenaline"],"picked":"Crippling Poison+1","floor":24},{"not_picked":["Dagger Spray","Outmaneuver","Dagger Throw"],"picked":"Singing Bowl","floor":25},{"not_picked":["Heel Hook+1","Accuracy+1","Flechettes"],"picked":"Singing Bowl","floor":28},{"not_picked":["Dodge and Roll+1","Endless Agony","Dagger Throw"],"picked":"Singing Bowl","floor":30},{"not_picked":["Deflect","Bane+1","Acrobatics"],"picked":"Singing Bowl","floor":31},{"not_picked":["Malaise","Storm of Steel"],"picked":"After Image","floor":33},{"not_picked":["Accuracy+1","Reflex+1"],"picked":"Footwork","floor":35},{"not_picked":["Acrobatics","Deadly Poison","Slice+1"],"picked":"Singing Bowl","floor":39},{"not_picked":["Endless Agony","Sucker Punch+1","Cloak And Dagger"],"picked":"Singing Bowl","floor":40},{"not_picked":["Outmaneuver+1","PiercingWail+1"],"picked":"Backstab+1","floor":41},{"not_picked":["Calculated Gamble","Outmaneuver","Slice+1"],"picked":"Singing Bowl","floor":42},{"not_picked":["Underhanded Strike+1","Venomology","Backflip"],"picked":"Singing Bowl","floor":45},{"not_picked":["Acrobatics","Slice+1"],"picked":"Burst","floor":46},{"not_picked":["Slice","Cloak And Dagger","Noxious Fumes"],"picked":"Singing Bowl","floor":47},{"not_picked":["Reflex+1","Backflip+1","Cloak And Dagger"],"picked":"Singing Bowl","floor":48},{"not_picked":["Glass Knife","Burst","Night Terror"],"picked":"Singing Bowl","floor":50},{"not_picked":["Deflect","Poisoned Stab","Prepared"],"picked":"Singing Bowl","floor":52},{"not_picked":["Quick Slash","Leg Sweep"],"picked":"Concentrate","floor":53},{"not_picked":["Dodge and Roll","Underhanded Strike","Blade Dance"],"picked":"Singing Bowl","floor":56},{"not_picked":["Venomology","Backflip","Expertise"],"picked":"Singing Bowl","floor":57},{"not_picked":["Quick Slash","Deflect","Dagger Spray"],"picked":"Singing Bowl","floor":59},{"not_picked":["Backflip","Prepared","Blur"],"picked":"Singing Bowl","floor":62},{"not_picked":["Crippling Poison","All Out Attack","Glass Knife"],"picked":"Singing Bowl","floor":64},{"not_picked":["PiercingWail","Expertise","Blade Dance"],"picked":"Singing Bowl","floor":65},{"not_picked":["Grand Finale","Die Die Die","Corpse Explosion"],"picked":"Singing Bowl","floor":67},{"not_picked":["infinitespire:Oblivion","infinitespire:Collect"],"picked":"infinitespire:TheBestDefense","floor":67},{"not_picked":["Acrobatics","Underhanded Strike+1","Blade Dance"],"picked":"Singing Bowl","floor":69},{"not_picked":["Leg Sweep","Setup","Poisoned Stab"],"picked":"Singing Bowl","floor":70},{"not_picked":["Phantasmal Killer","Cloak And Dagger","Underhanded Strike"],"picked":"Singing Bowl","floor":75},{"not_picked":["Prepared","Cloak And Dagger","Backflip+1"],"picked":"Singing Bowl","floor":79},{"not_picked":["Burst","Accuracy+1"],"picked":"Adrenaline","floor":80},{"not_picked":["Deadly Poison","Finisher","Sucker Punch"],"picked":"Singing Bowl","floor":82},{"not_picked":["Bullet Time","Storm of Steel"],"picked":"Adrenaline","floor":84},{"not_picked":["Dagger Throw","PiercingWail","Bane+1"],"picked":"Singing Bowl","floor":86},{"not_picked":["Sucker Punch+1","Skewer","Endless Agony"],"picked":"Singing Bowl","floor":87},{"not_picked":["Finesse","Madness"],"picked":"Dark Shackles","floor":88},{"not_picked":["Swift Strike","Trip"],"picked":"Madness","floor":88},{"not_picked":["Blind","Finesse"],"picked":"Dark Shackles","floor":88},{"not_picked":["Backstab","Quick Slash+1"],"picked":"After Image+1","floor":91},{"not_picked":["Dagger Spray+1","Dodge and Roll"],"picked":"Terror+1","floor":93},{"not_picked":["Underhanded Strike+1","Prepared+1","Flechettes"],"picked":"Singing Bowl","floor":97},{"not_picked":["Cloak And Dagger","Backflip+1"],"picked":"Blur","floor":98},{"not_picked":["Predator+1","Flying Knee","Poisoned Stab"],"picked":"Singing Bowl","floor":99},{"not_picked":["Malaise","Tools of the Trade+1","Die Die Die"],"picked":"Singing Bowl","floor":101},{"not_picked":["Dodge and Roll","Finisher","Bouncing Flask"],"picked":"Singing Bowl","floor":103},{"not_picked":["Endless Agony","Outmaneuver","Tactician"],"picked":"Singing Bowl","floor":108},{"not_picked":["Phantasmal Killer","Deadly Poison","Heel Hook"],"picked":"Singing Bowl","floor":110},{"not_picked":["Backstab","Flying Knee","Bane"],"picked":"Singing Bowl","floor":113},{"not_picked":["PiercingWail","Sucker Punch","Bane"],"picked":"Singing Bowl","floor":115},{"not_picked":["Bane","Reflex","Concentrate"],"picked":"Singing Bowl","floor":116},{"not_picked":["Corpse Explosion","Night Terror","Wraith Form v2+1"],"picked":"Singing Bowl","floor":118},{"not_picked":["Quick Slash","Skewer","Outmaneuver"],"picked":"Singing Bowl","floor":120},{"not_picked":["Footwork+1","Sucker Punch","Blade Dance"],"picked":"Singing Bowl","floor":124},{"not_picked":["Acrobatics","Blade Dance","Accuracy+1"],"picked":"Singing Bowl","floor":125},{"not_picked":["Cloak And Dagger+1","Deadly Poison","Slice+1"],"picked":"Singing Bowl","floor":127},{"not_picked":["Noxious Fumes+1","Slice","Endless Agony"],"picked":"Singing Bowl","floor":129},{"not_picked":["Deflect","Outmaneuver+1","Acrobatics"],"picked":"Singing Bowl","floor":131},{"not_picked":["infinitespire:Collect","infinitespire:UltimateForm","infinitespire:TheBestDefense"],"picked":"Singing Bowl","floor":132},{"not_picked":["Burst","Eviscerate+1","Leg Sweep+1"],"picked":"Singing Bowl","floor":132},{"not_picked":["Slice","Leg Sweep","Quick Slash"],"picked":"Singing Bowl","floor":133},{"not_picked":["After Image+1","Malaise","Tools of the Trade+1"],"picked":"Singing Bowl","floor":135},{"not_picked":["Calculated Gamble+1"],"picked":"Singing Bowl","floor":137},{"not_picked":["Deadly Poison"],"picked":"Singing Bowl","floor":138},{"not_picked":["Tactician"],"picked":"Singing Bowl","floor":139},{"not_picked":["Deflect"],"picked":"Singing Bowl","floor":141},{"not_picked":["Flying Knee"],"picked":"Singing Bowl","floor":143},{"not_picked":["Deflect+1"],"picked":"Singing Bowl","floor":146},{"not_picked":["Underhanded Strike+1"],"picked":"Singing Bowl","floor":148},{"not_picked":["Crippling Poison"],"picked":"Singing Bowl","floor":149},{"not_picked":["Concentrate+1"],"picked":"Singing Bowl","floor":150},{"not_picked":["Storm of Steel"],"picked":"Singing Bowl","floor":152},{"not_picked":["PiercingWail+1","Slice+1"],"picked":"Singing Bowl","floor":156},{"not_picked":["Die Die Die","Burst"],"picked":"Singing Bowl","floor":157}],"player_experience":476476,"relics_obtained":[{"floor":6,"key":"Bronze Scales"},{"floor":9,"key":"Sundial"},{"floor":13,"key":"Shuriken"},{"floor":20,"key":"Akabeko"},{"floor":24,"key":"Nunchaku"},{"floor":26,"key":"Lantern"},{"floor":28,"key":"StoneCalendar"},{"floor":31,"key":"Bag of Preparation"},{"floor":40,"key":"infinitespire:Golems Mask"},{"floor":46,"key":"infinitespire:EmpoweringShard"},{"floor":57,"key":"infinitespire:Satchel"},{"floor":59,"key":"Regal Pillow"},{"floor":60,"key":"Bag of Marbles"},{"floor":65,"key":"Frozen Egg 2"},{"floor":75,"key":"The Specimen"},{"floor":77,"key":"Dream Catcher"},{"floor":80,"key":"TungstenRod"},{"floor":91,"key":"infinitespire:Eraser"},{"floor":93,"key":"Orichalcum"},{"floor":94,"key":"The Courier"},{"floor":98,"key":"Peace Pipe"},{"floor":108,"key":"Bottled Flame"},{"floor":110,"key":"Kunai"},{"floor":111,"key":"infinitespire:CheckeredPen"},{"floor":115,"key":"Odd Mushroom"},{"floor":116,"key":"MawBank"},{"floor":123,"key":"Boot"},{"floor":127,"key":"StrikeDummy"},{"floor":128,"key":"Omamori"},{"floor":129,"key":"Smiling Mask"},{"floor":132,"key":"Bottled Lightning"},{"floor":143,"key":"FossilizedHelix"},{"floor":145,"key":"infinitespire:Bottled Soul"},{"floor":149,"key":"Blue Candle"},{"floor":153,"key":"Girya"},{"floor":153,"key":"Question Card"},{"floor":153,"key":"Centennial Puzzle"},{"floor":156,"key":"infinitespire:Lucky Rock"}],"event_choices":[{"damage_healed":0,"gold_gain":0,"player_choice":"1 cards matched","damage_taken":0,"max_hp_gain":0,"max_hp_loss":0,"event_name":"Match and Keep!","floor":5,"gold_loss":0,"cards_obtained":["Phantasmal Killer"]},{"damage_healed":0,"gold_gain":0,"player_choice":"1 cards matched","damage_taken":0,"max_hp_gain":0,"max_hp_loss":0,"event_name":"Match and Keep!","floor":5,"gold_loss":0,"cards_obtained":["Phantasmal Killer"]},{"damage_healed":0,"gold_gain":0,"player_choice":"Opened","damage_taken":0,"relics_obtained":["Old Coin"],"max_hp_gain":0,"max_hp_loss":0,"event_name":"The Mausoleum","floor":19,"gold_loss":0,"cards_obtained":["Writhe"]},{"damage_healed":0,"gold_gain":0,"player_choice":"Shed Blood","damage_taken":19,"max_hp_gain":5,"max_hp_loss":0,"event_name":"Forgotten Altar","floor":21,"gold_loss":0},{"damage_healed":0,"gold_gain":0,"player_choice":"Became a vampire","damage_taken":0,"max_hp_gain":0,"max_hp_loss":25,"event_name":"Vampires","floor":22,"gold_loss":0,"cards_obtained":["Bite","Bite","Bite","Bite","Bite"]},{"cards_removed":["Bite"],"damage_healed":0,"gold_gain":0,"player_choice":"Removed Attack","damage_taken":0,"max_hp_gain":0,"max_hp_loss":0,"event_name":"Falling","floor":36,"gold_loss":0},{"cards_removed":["Backflip"],"damage_healed":0,"gold_gain":0,"player_choice":"Upgrade and Remove","damage_taken":0,"max_hp_gain":0,"max_hp_loss":0,"event_name":"Designer","floor":38,"gold_loss":90,"cards_upgraded":["Bite"]},{"damage_healed":0,"gold_gain":0,"cards_transformed":["Bite"],"player_choice":"Transformed","damage_taken":0,"max_hp_gain":0,"max_hp_loss":0,"event_name":"Transmorgrifier","floor":54,"gold_loss":0,"cards_obtained":["Transmutation"]},{"damage_healed":0,"gold_gain":0,"player_choice":"Obtain J.A.X.","damage_taken":0,"max_hp_gain":0,"max_hp_loss":0,"event_name":"Drug Dealer","floor":71,"gold_loss":0,"cards_obtained":["J.A.X."]},{"damage_healed":0,"gold_gain":99,"player_choice":"Stole From Cult","damage_taken":0,"max_hp_gain":0,"max_hp_loss":0,"event_name":"Nest","floor":73,"gold_loss":0},{"damage_healed":0,"gold_gain":0,"player_choice":"Memory 3","damage_taken":10,"max_hp_gain":0,"max_hp_loss":0,"event_name":"SensoryStone","floor":88,"gold_loss":0},{"cards_removed":["Defend_G"],"damage_healed":0,"gold_gain":0,"player_choice":"Removed Skill","damage_taken":0,"max_hp_gain":0,"max_hp_loss":0,"event_name":"Falling","floor":90,"gold_loss":0},{"damage_healed":0,"gold_gain":0,"player_choice":"Forge","damage_taken":0,"max_hp_gain":0,"max_hp_loss":0,"event_name":"Accursed Blacksmith","floor":96,"gold_loss":0,"cards_upgraded":["Adrenaline"]},{"damage_healed":0,"gold_gain":0,"cards_transformed":["Defend_G"],"player_choice":"Transformed","damage_taken":0,"max_hp_gain":0,"max_hp_loss":0,"event_name":"Transmorgrifier","floor":104,"gold_loss":0,"cards_obtained":["All Out Attack"]},{"damage_healed":0,"gold_gain":0,"player_choice":"Take Damage","damage_taken":31,"relics_obtained":["Golden Idol"],"max_hp_gain":0,"max_hp_loss":0,"event_name":"Golden Idol","floor":106,"gold_loss":0},{"damage_healed":0,"gold_gain":0,"player_choice":"Entered Light","damage_taken":25,"max_hp_gain":0,"max_hp_loss":0,"event_name":"Shining Light","floor":107,"gold_loss":0,"cards_upgraded":["J.A.X.","Concentrate"]},{"damage_healed":0,"gold_gain":0,"player_choice":"Fought Mushrooms","damage_taken":0,"max_hp_gain":0,"max_hp_loss":0,"event_name":"Mushrooms","floor":115,"gold_loss":0},{"damage_healed":0,"gold_gain":99,"player_choice":"Stole From Cult","damage_taken":0,"max_hp_gain":0,"max_hp_loss":0,"event_name":"Nest","floor":122,"gold_loss":0},{"cards_removed":["Noxious Fumes"],"damage_healed":0,"gold_gain":0,"player_choice":"Removed Power","damage_taken":0,"max_hp_gain":0,"max_hp_loss":0,"event_name":"Falling","floor":140,"gold_loss":0},{"damage_healed":0,"gold_gain":0,"player_choice":"Fight","damage_taken":0,"max_hp_gain":0,"max_hp_loss":0,"event_name":"MindBloom","floor":143,"gold_loss":0},{"cards_removed":["Cloak And Dagger"],"damage_healed":0,"gold_gain":0,"player_choice":"Purged","damage_taken":0,"max_hp_gain":0,"max_hp_loss":0,"event_name":"Purifier","floor":147,"gold_loss":0}],"is_beta":false,"boss_relics":[{"not_picked":["SacredBark","Ectoplasm"],"picked":"Runic Pyramid"},{"not_picked":["Astrolabe","Velvet Choker"],"picked":"Coffee Dripper"},{"not_picked":["Cursed Key","Black Star"],"picked":"Philosopher\u0027s Stone"},{"not_picked":["Pandora\u0027s Box","Ring of the Serpent"],"picked":"Runic Dome"},{"not_picked":["Empty Cage","Velvet Choker"],"picked":"SlaversCollar"},{"not_picked":["Fusion Hammer","Tiny House"],"picked":"Sozu"},{"not_picked":["Fusion Hammer","Empty Cage"],"picked":"WristBlade"},{"not_picked":["Tiny House","Cursed Key"],"picked":"Busted Crown"},{"not_picked":["Velvet Choker","infinitespire:Cupcake"],"picked":"Calling Bell"}],"items_purged_floors":[0,0,0,0,27,37,44,58,114,130,144,155],"is_endless":true,"potions_floor_spawned":[1,3,6,13,14,28,33,35,39,42,46,53,56,59,67,79,80,82,86,87,97,101,103,108,115,120,131,132,138,141,150,157],"ascension_level":11}}