{"host":"mfnyjbfkyfsz33u9","time":1610459702,"event":{"mods":["2.2 Compatiblity","BaseMod","Colored Powertips","Downfall","Marisa£¨Ùöéë¡¡Øª×âÞÞ£©","Minty Spire (QoL Compilation)","Rare Cards Sparkle","Replay The Spire","StSLib","SuperFastMode","The Cursed"],"gold_per_floor":[114,114,127,137,155,184,259,259,259,270,295,245,245,274,286,395,407,437,461,485,412,424,436,474,589,601,643,38,73,23,51,51,153,153,165,165,63,0,16,51,51,79,128,128,128,53,70,98,98,98,98,98,19,49,49],"floor_reached":56,"playtime":1975,"items_purged":["Madness"],"score":1633,"play_id":"9abbeb7c-7a2a-4edd-a67e-142d4a62cf96","local_time":"20210112225502","is_ascension_mode":true,"campfire_choices":[{"data":"Flex","floor":8,"key":"SMITH"},{"data":"Replay:Many Hands","floor":13,"key":"SMITH"},{"data":"Limit Break","floor":15,"key":"SMITH"},{"data":"Armaments","floor":23,"key":"SMITH"},{"data":"Corruption","floor":32,"key":"SMITH"},{"floor":41,"key":"RECALL"},{"data":"ReplayTheSpireMod:LeadingStrike","floor":49,"key":"SMITH"},{"data":"Madness","floor":52,"key":"SMITH"}],"circlet_count":0,"master_deck":["Strike_R","Strike_R","Strike_R","Defend_R","Defend_R","Defend_R","Defend_R","Bash","Limit Break+1","Wild Strike","Flex+1","Abandon","ReplayTheSpireMod:Strike From Hell","Replay:Undeath\u0027s Touch","ReplayTheSpireMod:LeadingStrike+1","Replay:Many Hands+1","ReplayTheSpireMod:Muscle Training","Demonic Infusion","Defy Death","Burning Pact","Armaments+1","Spot Weakness","Offering","Havoc","Midas Touch","Clothesline+1","Corruption+1","Feed+1","ReplayTheSpireMod:Stacked+1","Evolve+1","Shrug It Off","Battle Trance","Power Through","Madness+1","Parasite","Fire Breathing"],"relics":["Burning Blood","Juzu Bracelet","Orichalcum","Pantograph","MawBank","SlaversCollar","Replay:Kaleidoscope","MutagenicStrength","Replay:Accelerometer","Charon\u0027s Ashes","Replay:Rubber Ducky","Happy Flower","Molten Egg 2","ReplayFunnel","CaptainsWheel","Coffee Dripper","Red Mask","FossilizedHelix","Mirror","ReplayTheSpireMod:Ring of Collecting","ReplayTheSpireMod:Ring of Exchange","Ice Cream","HornCleat"],"acts_visited":["Exordium","TheCity","TheBeyond","TheEnding"],"potions_floor_usage":[6,6,11,14,18,24,29,29,33,48,55],"damage_taken":[{"damage":5,"enemies":"Small Slimes","floor":1,"turns":4},{"damage":0,"enemies":"Cultist","floor":3,"turns":2},{"damage":0,"enemies":"2 Louse","floor":4,"turns":3},{"damage":5,"enemies":"Looter","floor":5,"turns":3},{"damage":6,"enemies":"Gremlin Nob","floor":6,"turns":3},{"damage":15,"enemies":"Exordium Wildlife","floor":10,"turns":3},{"damage":12,"enemies":"Replay:BlueRogue","floor":11,"turns":4},{"damage":0,"enemies":"Gremlin Nob","floor":14,"turns":3},{"damage":26,"enemies":"Slime Boss","floor":16,"turns":8},{"damage":10,"enemies":"Chosen","floor":18,"turns":4},{"damage":11,"enemies":"3 Byrds","floor":19,"turns":6},{"damage":38,"enemies":"Snake Plant","floor":20,"turns":5},{"damage":2,"enemies":"Book of Stabbing","floor":24,"turns":2},{"damage":30,"enemies":"Gremlin Leader","floor":27,"turns":3},{"damage":7,"enemies":"Slavers","floor":29,"turns":2},{"damage":6,"enemies":"Book of Stabbing","floor":31,"turns":1},{"damage":38,"enemies":"Champ","floor":33,"turns":7},{"damage":8,"enemies":"3 Shapes","floor":35,"turns":4},{"damage":6,"enemies":"3 Darklings","floor":39,"turns":4},{"damage":14,"enemies":"Nemesis","floor":40,"turns":4},{"damage":0,"enemies":"Giant Head","floor":42,"turns":7},{"damage":20,"enemies":"Writhing Mass","floor":47,"turns":5},{"damage":6,"enemies":"Reptomancer","floor":48,"turns":2},{"damage":20,"enemies":"Donu and Deca","floor":50,"turns":6},{"damage":52,"enemies":"Shield and Spear","floor":54,"turns":5},{"damage":56,"enemies":"The Heart","floor":55,"turns":8}],"seed_played":"-7051949440155675027","potions_obtained":[{"floor":2,"key":"hexamod:EctoCoolerPotion"},{"floor":2,"key":"champ:CounterPotion"},{"floor":2,"key":"PowerPotion"},{"floor":4,"key":"hexamod:EctoCoolerPotion"},{"floor":6,"key":"FearPotion"},{"floor":11,"key":"AttackPotion"},{"floor":16,"key":"GamblersBrew"},{"floor":19,"key":"BlessingOfTheForge"},{"floor":20,"key":"Energy Potion"},{"floor":29,"key":"FairyPotion"},{"floor":31,"key":"Fire Potion"},{"floor":39,"key":"Ancient Potion"},{"floor":40,"key":"Adrenaline Potion"}],"is_trial":false,"path_per_floor":["M","?","M","M","M","E","?","R","T","M","E","?","R","E","R","B",null,"M","M","M","?","?","R","E","?","T","E","$","E","?","E","R","B",null,"M","?","$","?","M","E","R","E","T","?","?","$","M","E","R","B",null,"R","$","E","B",null],"character_chosen":"IRONCLAD","items_purchased":["Midas Touch","Happy Flower","Molten Egg 2","AttackPotion","Evolve+1","Shrug It Off","Fire Breathing"],"campfire_rested":0,"item_purchase_floors":[28,28,28,28,37,37,53],"current_hp_per_floor":[80,80,80,80,80,80,69,69,69,60,54,54,54,60,60,60,80,76,71,39,39,39,39,43,43,43,19,19,18,18,18,18,11,80,78,78,78,78,78,70,70,76,76,66,66,66,52,56,56,71,88,88,88,42,17],"gold":49,"neow_bonus":"ONE_RANDOM_RARE_CARD","is_daily":false,"chose_seed":false,"campfire_upgraded":7,"win_rate":0.0,"timestamp":1610459702,"path_taken":["M","?","M","M","?","E","?","R","T","M","E","?","R","E","R","BOSS","M","M","M","?","?","R","E","?","T","E","$","E","?","E","R","BOSS","M","?","$","?","M","E","R","E","T","?","?","?","M","E","R","BOSS","R","$","E","BOSS"],"items_purchased_type":["Card","Relic","Relic","Potion","Card","Card","Card"],"build_version":"2020-12-22","purchased_purges":1,"victory":true,"max_hp_per_floor":[80,80,80,80,80,80,80,80,80,80,80,80,80,80,80,80,80,80,80,80,80,80,80,80,80,80,80,80,80,80,80,80,80,80,80,80,80,80,80,80,80,80,80,80,80,80,80,84,84,88,88,88,88,88,88],"card_choices":[{"not_picked":["Body Slam","Anger"],"picked":"Wild Strike","floor":1},{"not_picked":["Replay:Undeath\u0027s Touch","Body Slam"],"picked":"Flex","floor":3},{"not_picked":["Heavy Blade","Twin Strike"],"picked":"Abandon","floor":4},{"not_picked":["Pummel","Twin Strike"],"picked":"ReplayTheSpireMod:Strike From Hell","floor":5},{"not_picked":["Brutality","Cleave"],"picked":"Replay:Undeath\u0027s Touch","floor":6},{"not_picked":["Perfected Strike","ReplayTheSpireMod:Corrosion Curse"],"picked":"ReplayTheSpireMod:LeadingStrike","floor":10},{"not_picked":["ReplayTheSpireMod:Stacked","Infernal Blade"],"picked":"Replay:Many Hands","floor":11},{"not_picked":["Thunderclap","Evolve"],"picked":"ReplayTheSpireMod:Muscle Training","floor":14},{"not_picked":["Eclipse","Hemogenesis"],"picked":"Demonic Infusion","floor":16},{"not_picked":["Dark Embrace","Wild Strike"],"picked":"Defy Death","floor":18},{"not_picked":["Replay:Undeath\u0027s Touch+1","Run Through"],"picked":"Burning Pact","floor":19},{"not_picked":["Headbutt","Warcry"],"picked":"Armaments","floor":20},{"not_picked":["Uppercut+1","Rampage","ReplayTheSpireMod:Strike From Hell"],"picked":"SKIP","floor":24},{"not_picked":["Headbutt","Seeing Red"],"picked":"Spot Weakness","floor":25},{"not_picked":["Warcry","Twin Strike"],"picked":"Offering","floor":25},{"not_picked":["Seeing Red","Iron Wave+1"],"picked":"Havoc","floor":27},{"not_picked":["Fire Breathing","Inflame"],"picked":"Clothesline+1","floor":29},{"not_picked":["Evolve+1","Bloodletting"],"picked":"Corruption","floor":31},{"not_picked":["Berserk","Brutality"],"picked":"Feed+1","floor":33},{"not_picked":["Cleave+1","ReplayTheSpireMod:Strike From Hell+1"],"picked":"ReplayTheSpireMod:Stacked+1","floor":35},{"not_picked":["Whirlwind+1","Pommel Strike+1"],"picked":"Battle Trance","floor":39},{"not_picked":["Limit Break","Sentinel"],"picked":"Power Through","floor":40},{"not_picked":["Defy Death+1","Run Through+1","Twin Strike+1"],"picked":"SKIP","floor":42},{"not_picked":["True Grit","Flame Barrier+1","Entrench+1"],"picked":"SKIP","floor":47},{"not_picked":["Pommel Strike+1","Spot Weakness","Thunderclap+1"],"picked":"SKIP","floor":48},{"not_picked":["Heavy Blade+1","Flex+1","Armaments"],"picked":"SKIP","floor":54}],"player_experience":40582,"relics_obtained":[{"floor":6,"key":"Juzu Bracelet"},{"floor":9,"key":"Orichalcum"},{"floor":11,"key":"Pantograph"},{"floor":14,"key":"MawBank"},{"floor":24,"key":"Replay:Accelerometer"},{"floor":26,"key":"Charon\u0027s Ashes"},{"floor":27,"key":"Replay:Rubber Ducky"},{"floor":29,"key":"ReplayFunnel"},{"floor":31,"key":"CaptainsWheel"},{"floor":40,"key":"FossilizedHelix"},{"floor":42,"key":"Mirror"},{"floor":45,"key":"ReplayTheSpireMod:Ring of Collecting"},{"floor":45,"key":"ReplayTheSpireMod:Ring of Exchange"},{"floor":48,"key":"Ice Cream"},{"floor":54,"key":"HornCleat"}],"event_choices":[{"damage_healed":0,"gold_gain":0,"player_choice":"Got Potions","damage_taken":0,"max_hp_gain":0,"max_hp_loss":0,"event_name":"Lab","floor":2,"gold_loss":0},{"damage_healed":0,"gold_gain":75,"player_choice":"Gather Gold","damage_taken":11,"max_hp_gain":0,"max_hp_loss":0,"event_name":"World of Goop","floor":7,"gold_loss":0},{"cards_removed":["Strike_R"],"damage_healed":0,"gold_gain":0,"player_choice":"Card Removal","damage_taken":0,"max_hp_gain":0,"max_hp_loss":0,"event_name":"The Cleric","floor":12,"gold_loss":50},{"damage_healed":0,"gold_gain":0,"player_choice":"Obtained Relic","damage_taken":0,"relics_obtained":["Replay:Kaleidoscope"],"max_hp_gain":0,"max_hp_loss":0,"event_name":"Addict","floor":21,"gold_loss":85},{"damage_healed":0,"gold_gain":0,"player_choice":"Inject Mutagens","damage_taken":0,"relics_obtained":["MutagenicStrength"],"max_hp_gain":0,"max_hp_loss":0,"event_name":"Drug Dealer","floor":22,"gold_loss":0},{"damage_healed":0,"gold_gain":0,"player_choice":"Bet on Murderer","damage_taken":0,"max_hp_gain":0,"max_hp_loss":0,"event_name":"The Joust","floor":30,"gold_loss":50},{"cards_removed":["Strike_R"],"damage_healed":0,"gold_gain":0,"player_choice":"Offered Basic","damage_taken":0,"max_hp_gain":0,"max_hp_loss":0,"event_name":"Bonfire Elementals","floor":36,"gold_loss":0},{"damage_healed":0,"gold_gain":0,"player_choice":"Paid","damage_taken":0,"relics_obtained":["Red Mask"],"max_hp_gain":0,"max_hp_loss":0,"event_name":"Tomb of Lord Red Mask","floor":38,"gold_loss":63},{"damage_healed":0,"gold_gain":0,"player_choice":"Embrace Madness","damage_taken":10,"max_hp_gain":0,"max_hp_loss":0,"event_name":"Winding Halls","floor":44,"gold_loss":0,"cards_obtained":["Madness","Madness"]}],"is_beta":false,"boss_relics":[{"not_picked":["Sozu","Velvet Choker"],"picked":"SlaversCollar"},{"not_picked":["Ooze Armor","Snecko Eye"],"picked":"Coffee Dripper"}],"items_purged_floors":[46],"is_endless":false,"potions_floor_spawned":[4,6,11,16,19,20,29,31,39,40,42],"ascension_level":1}}