{"host":"njb27ds59h4j3ikk","time":1610414317,"event":{"mods":["AchievementEnabler","BaseMod","Better Altar","Better Match","Better Note","Better Sensory Stone","Better Skull","Better Third Choice","BetterRewards","Downfall","Hermit","Hubris","Minty Spire (QoL Compilation)","Permanent Neow","Quarter Circle Forward PUNCH!","Quick Restart","Rare Cards Sparkle","Replay The Spire","Shop Mod","StSLib","Trackpad","Transform Curses"],"gold_per_floor":[114,114,132,132,27,27,61,61,61,76,76,26,26,26,55,66,16,120,120,130,96,96,107,73,100,100,50,50,83,101,126,142,102,52,157,157,170,185,185,324,249,199,233,248,248,173,123,149,161,196,146,146],"floor_reached":53,"playtime":2541,"items_purged":[],"score":973,"play_id":"918d073a-96d9-44e3-99c0-5624dc65ca38","local_time":"20210111201837","is_ascension_mode":true,"campfire_choices":[{"data":"Slimebound:Schlurp","floor":6,"key":"SMITH"},{"data":"Slimebound:SplitSpecialist","floor":12,"key":"SMITH"},{"data":"Slimebound:SlimeBarrage","floor":17,"key":"SMITH"},{"data":"Replay:SS_hec_4","floor":27,"key":"SMITH"},{"data":"Mayhem","floor":42,"key":"SMITH"},{"data":"Slimebound:RainOfGoop","floor":47,"key":"SMITH"},{"data":"Slimebound:MinionMaster","floor":51,"key":"SMITH"}],"circlet_count":0,"master_deck":["Slimebound:Strike_Slimebound+1","Slimebound:Strike_Slimebound","Slimebound:Strike_Slimebound","Slimebound:Tackle+1","Slimebound:Defend_Slimebound","Slimebound:Defend_Slimebound","Slimebound:Defend_Slimebound","Slimebound:Defend_Slimebound","Slimebound:Split","Slimebound:CorrosiveSpit","Discovery+1","Slimebound:Schlurp+1","Slimebound:MassFeed+1","Slimebound:SplitSpecialist+1","Slimebound:LeechEnergy","Replay:SS_hec_4+1","Slimebound:SamplingLick","Slimebound:SlimeBarrage+1","Slimebound:MinionMaster+1","Slimebound:GrowthPunch","Slimebound:DivideAndConquer+1","Slimebound:Gluttony+1","Slimebound:SpikyOuterGoop+1","Slimebound:LeadByExample+1","Slimebound:PrepareCrush","Slimebound:OozeBath","Slimebound:SlimeSpikes+1","Slimebound:RainOfGoop+1","Slimebound:GoopTackle","Crow Ritual","Mayhem+1","Slimebound:ViciousTackle","Slimebound:ViciousTackle+1","hubris:DuctTapeCard","Slimebound:GoopSpray","ReplayTheSpireMod:Brewmster","Slimebound:DouseInSlime","Slimebound:HauntingLick+1","Slimebound:TongueLash+1","Slimebound:Equalize+1"],"relics":["Slimebound:AbsorbEndCombat","Slimebound:GreedOozeRelic","hubris:Icosahedron","Pocketwatch","Replay:Bottled Steam","hubris:Potato","hubris:BottledRain","The Courier","FossilizedHelix","Whetstone","Snecko Eye","MerchantsRug","trackpad:Compendium","hubris:DuctTape","Boot","Mercury Hourglass"],"acts_visited":["Exordium","TheCity","TheBeyond"],"potions_floor_usage":[15,18,25,25,25,31,31,33,35,35,37,43,48,52,52,52,52,52,52],"damage_taken":[{"damage":13,"enemies":"Cultist","floor":1,"turns":3},{"damage":14,"enemies":"Small Slimes","floor":3,"turns":3},{"damage":16,"enemies":"Replay:BlueRogue","floor":7,"turns":3},{"damage":17,"enemies":"Jaw Worm","floor":10,"turns":2},{"damage":17,"enemies":"Lagavulin","floor":15,"turns":4},{"damage":16,"enemies":"2 Fungi Beasts","floor":16,"turns":3},{"damage":20,"enemies":"Slime Boss","floor":18,"turns":6},{"damage":24,"enemies":"2 Thieves","floor":20,"turns":3},{"damage":0,"enemies":"Spheric Guardian","floor":23,"turns":3},{"damage":37,"enemies":"Slavers","floor":25,"turns":4},{"damage":34,"enemies":"Book of Stabbing","floor":29,"turns":4},{"damage":26,"enemies":"3 Cultists","floor":30,"turns":5},{"damage":68,"enemies":"Slavers","floor":31,"turns":5},{"damage":8,"enemies":"Centurion and Healer","floor":32,"turns":3},{"damage":61,"enemies":"Champ","floor":35,"turns":8},{"damage":16,"enemies":"3 Shapes","floor":37,"turns":4},{"damage":18,"enemies":"Orb Walker","floor":38,"turns":3},{"damage":28,"enemies":"R_Hoarder","floor":43,"turns":6},{"damage":22,"enemies":"Spire Growth","floor":44,"turns":3},{"damage":0,"enemies":"Reptomancer","floor":48,"turns":3},{"damage":9,"enemies":"3 Darklings","floor":49,"turns":2},{"damage":48,"enemies":"R_Hoarder","floor":50,"turns":6},{"damage":94,"enemies":"Donu and Deca","floor":52,"turns":7}],"seed_played":"-6959271198924656119","potions_obtained":[{"floor":1,"key":"CultistPotion"},{"floor":7,"key":"ColorlessPotion"},{"floor":16,"key":"Toxic Potion"},{"floor":18,"key":"AttackPotion"},{"floor":20,"key":"Elixir"},{"floor":22,"key":"Death Potion"},{"floor":29,"key":"SpeedPotion"},{"floor":30,"key":"SpeedPotion"},{"floor":33,"key":"Energy Potion"},{"floor":33,"key":"EntropicBrew"},{"floor":33,"key":"Fruit Juice"},{"floor":37,"key":"champ:CounterPotion"}],"is_trial":false,"path_per_floor":["M","?","M","?","$","R","E","PTL","PTL","M","T","R","?","?","E","M","R","B",null,"M","$","?","M","$","E","T","R","T","E","M","E","M","?","R","B",null,"M","M","?","$","?","R","E","M","T","?","R","E","M","E","R","B",null],"character_chosen":"SLIMEBOUND","items_purchased":["Slimebound:MassFeed+1","Slimebound:DivideAndConquer+1","Slimebound:SamplingLick+1","MerchantsRug"],"campfire_rested":0,"item_purchase_floors":[5,21,24,40],"current_hp_per_floor":[58,58,60,60,60,60,63,63,63,59,59,59,59,59,54,50,50,54,68,62,62,62,76,76,59,59,59,59,45,55,25,41,46,72,47,93,77,71,71,71,71,71,63,53,53,53,53,81,84,65,65,31],"gold":146,"neow_bonus":"RANDOM_COLORLESS","is_daily":false,"chose_seed":false,"campfire_upgraded":7,"win_rate":0.0,"timestamp":1610414317,"path_taken":["M","?","M","?","$","R","E","PTL","PTL","M","T","R","?","?","E","M","R","BOSS","M","$","?","?","?","E","?","R","T","E","?","E","M","?","R","BOSS","M","?","?","$","?","R","E","?","T","?","R","E","M","E","R","BOSS"],"items_purchased_type":["Card","Card","Card","Relic"],"build_version":"2020-12-22","purchased_purges":0,"victory":true,"max_hp_per_floor":[60,60,60,60,60,60,64,64,64,64,64,64,64,64,68,68,68,68,68,76,76,76,76,76,76,76,76,76,76,80,84,84,89,89,93,93,93,93,93,93,93,93,93,93,93,93,93,93,93,93,93,93],"card_choices":[{"not_picked":["Forethought","Madness"],"picked":"Discovery","floor":0},{"not_picked":["Slimebound:ViciousTackle","Slimebound:FinishingTackle"],"picked":"Slimebound:Schlurp","floor":1},{"not_picked":["Slimebound:ServeAndProtect","Slimebound:Replication"],"picked":"Slimebound:HauntingLick","floor":3},{"not_picked":["Slimebound:SlimeSpikes","Slimebound:Schlurp"],"picked":"Slimebound:SplitSpecialist","floor":7},{"not_picked":["Slimebound:DivideAndConquer","Slimebound:Schlurp"],"picked":"Slimebound:LeechEnergy","floor":10},{"not_picked":["Blind","expansioncontent:DonusPower"],"picked":"Replay:SS_hec_4","floor":14},{"not_picked":["Slimebound:LeechEnergy","Slimebound:ComboTackle"],"picked":"Slimebound:SamplingLick","floor":15},{"not_picked":["Slimebound:SplitSpecialist","Slimebound:SplitLeeching"],"picked":"Slimebound:SlimeBarrage","floor":16},{"not_picked":["Slimebound:CheckThePlaybook","Slimebound:WasteNot"],"picked":"Slimebound:MinionMaster","floor":18},{"not_picked":["Slimebound:ViciousTackle","Slimebound:SplitBruiser"],"picked":"Slimebound:GrowthPunch","floor":20},{"not_picked":["Slimebound:GrowthPunch","Slimebound:Recollect"],"picked":"Slimebound:Gluttony+1","floor":23},{"not_picked":["Slimebound:FinishingTackle","Slimebound:SplitAcid"],"picked":"Slimebound:SpikyOuterGoop","floor":25},{"not_picked":["Slimebound:ComboTackle","Slimebound:CheckThePlaybook"],"picked":"Slimebound:Nibble","floor":29},{"not_picked":["Slimebound:SlimeSpikes","Slimebound:SplitMire","Slimebound:GrowthPunch"],"picked":"SKIP","floor":30},{"not_picked":["Slimebound:FinishingTackle","Slimebound:LevelUp"],"picked":"Slimebound:LeadByExample+1","floor":31},{"not_picked":["Slimebound:FinishingTackle","Slimebound:LeechEnergy"],"picked":"Slimebound:PrepareCrush","floor":32},{"not_picked":["Slimebound:CheckThePlaybook","Slimebound:SelfFormingGoo"],"picked":"Slimebound:OozeBath","floor":35},{"not_picked":["Slimebound:LeechEnergy+1","Slimebound:DivideAndConquer"],"picked":"Slimebound:SlimeSpikes+1","floor":37},{"not_picked":["Slimebound:LevelUp","Slimebound:ServeAndProtect"],"picked":"Slimebound:RainOfGoop","floor":38},{"not_picked":["Slimebound:Dissolve","Slimebound:LivingWall"],"picked":"Slimebound:GoopTackle","floor":41},{"not_picked":["Transmutation","hubris:EnhanceAbility"],"picked":"Crow Ritual","floor":41},{"not_picked":["Thinking Ahead","Violence"],"picked":"Mayhem","floor":41},{"not_picked":["Slimebound:SlimeSpikes","Slimebound:LeechEnergy"],"picked":"Slimebound:ViciousTackle","floor":43},{"not_picked":["Slimebound:Dissolve+1","Slimebound:SamplingLick"],"picked":"Slimebound:ViciousTackle+1","floor":44},{"not_picked":["Slimebound:ServeAndProtect","Slimebound:LeechEnergy"],"picked":"Slimebound:GoopSpray","floor":46},{"not_picked":["Panache","expansioncontent:DashGenerateEvil"],"picked":"ReplayTheSpireMod:Brewmster","floor":46},{"not_picked":["Slimebound:TagTeam","Slimebound:CheckThePlaybook"],"picked":"Slimebound:DouseInSlime","floor":46},{"not_picked":["Slimebound:SlimeSlap","Slimebound:Dissolve+1"],"picked":"Slimebound:HauntingLick+1","floor":48},{"not_picked":["Slimebound:GoopSpray","Slimebound:Nibble"],"picked":"Slimebound:TongueLash+1","floor":49},{"not_picked":["Slimebound:RollThrough","Slimebound:DivideAndConquer"],"picked":"Slimebound:Equalize+1","floor":50}],"player_experience":1239733,"relics_obtained":[{"floor":7,"key":"Pocketwatch"},{"floor":11,"key":"Replay:Bottled Steam"},{"floor":15,"key":"Replay:Bottled Flurry"},{"floor":25,"key":"hubris:BottledRain"},{"floor":26,"key":"The Courier"},{"floor":28,"key":"FossilizedHelix"},{"floor":29,"key":"Whetstone"},{"floor":31,"key":"Incense Burner"},{"floor":43,"key":"trackpad:Compendium"},{"floor":45,"key":"hubris:DuctTape"},{"floor":48,"key":"Boot"},{"floor":50,"key":"Mercury Hourglass"}],"event_choices":[{"damage_healed":0,"gold_gain":0,"player_choice":"Grow","damage_taken":0,"max_hp_gain":0,"max_hp_loss":0,"event_name":"Living Wall","floor":13,"gold_loss":0,"cards_upgraded":["Discovery"]},{"damage_healed":0,"gold_gain":1,"player_choice":"1","damage_taken":0,"max_hp_gain":0,"max_hp_loss":0,"event_name":"betterStone:BetterStone","floor":14,"gold_loss":0},{"damage_healed":0,"gold_gain":0,"player_choice":"Got Potions","damage_taken":0,"max_hp_gain":0,"max_hp_loss":0,"event_name":"Lab","floor":22,"gold_loss":0},{"damage_healed":0,"gold_gain":0,"player_choice":"Bought 3 Potions","damage_taken":0,"max_hp_gain":0,"max_hp_loss":0,"event_name":"The Woman in Blue","floor":33,"gold_loss":0},{"cards_removed":["Slimebound:HauntingLick"],"damage_healed":0,"gold_gain":0,"player_choice":"Removed Skill","damage_taken":0,"max_hp_gain":0,"max_hp_loss":0,"event_name":"Falling","floor":39,"gold_loss":0},{"damage_healed":0,"gold_gain":0,"player_choice":"1","damage_taken":0,"max_hp_gain":0,"max_hp_loss":0,"event_name":"betterMatch:BetterMatch","floor":41,"gold_loss":0,"cards_obtained":["betterMatch:UncommonCard","betterMatch:ColorlessRareCard","betterMatch:ColorlessRareCard"]},{"damage_healed":0,"gold_gain":0,"player_choice":"Random: Orange","damage_taken":0,"max_hp_gain":0,"max_hp_loss":0,"event_name":"betterThird:BetterPortal","floor":46,"gold_loss":0},{"damage_healed":0,"gold_gain":0,"player_choice":"1","damage_taken":0,"max_hp_gain":0,"max_hp_loss":0,"event_name":"betterMatch:BetterMatch","floor":46,"gold_loss":0,"cards_obtained":["betterMatch:CommonCard","betterMatch:ColorlessRareCard","betterMatch:RareCard"]}],"is_beta":false,"boss_relics":[{"not_picked":["trackpad:StolenKidneys","hubris:RunicObelisk"],"picked":"hubris:Backtick"},{"not_picked":["Runic Pyramid","Busted Crown"],"picked":"Snecko Eye"}],"items_purged_floors":[],"is_endless":false,"potions_floor_spawned":[1,7,16,18,20,23,29,30,35,37,50],"ascension_level":1}}