{"host":"cnq91ghfhf6lz0gv","time":1610424086,"event":{"mods":["BaseMod","Clockwork Mod","Colored Map","Colored Powertips","Conspire","Downfall","Googly Eyes","Highlight Path","Minty Spire (QoL Compilation)","Replay The Spire","StSLib","SuperFastMode","The IronCluck","The Showman","slay the spire mod where everything is the same but ironclad has a cowboy hat"],"gold_per_floor":[119,137,62,62,62,62,62,78,102,102,125,25,25,24,24,24,24],"floor_reached":16,"playtime":742,"items_purged":["Clockwork:Strike","Clockwork:Strike"],"score":90,"play_id":"76cde822-f69d-42ff-8288-2975956b7ae3","local_time":"20210111230126","is_ascension_mode":false,"campfire_choices":[{"data":"Clockwork:RitualDaggerMk0","floor":6,"key":"SMITH"},{"data":"Clockwork:Tinker","floor":13,"key":"SMITH"},{"data":"Clockwork:Improve","floor":15,"key":"SMITH"}],"circlet_count":0,"master_deck":["Clockwork:Strike+1","Clockwork:Strike","Clockwork:Shield","Clockwork:Shield","Clockwork:Shield","Clockwork:Shield","Clockwork:Tinker+1","Clockwork:WarmUp","Clockwork:Improve+1","Clockwork:RitualDaggerMk0+1","Clockwork:TimeOut"],"relics":["Clockwork:MomentumEngine","Golden Idol"],"acts_visited":["Exordium"],"potions_floor_usage":[],"damage_taken":[{"damage":14,"enemies":"Small Slimes","floor":1,"turns":7},{"damage":1,"enemies":"2 Louse","floor":2,"turns":7},{"damage":4,"enemies":"Cultist","floor":8,"turns":7},{"damage":0,"enemies":"Blue Slaver","floor":11,"turns":9},{"damage":0,"enemies":"Exordium Thugs","floor":14,"turns":5},{"damage":49,"enemies":"Fading Forest","floor":16,"turns":10}],"seed_played":"-490468841509510354","potions_obtained":[{"floor":2,"key":"Strength Potion"}],"is_trial":false,"path_per_floor":["M","M","$","?","?","R","?","M","T","?","M","$","R","M","R","B"],"character_chosen":"CLOCKWORK","items_purchased":[],"campfire_rested":0,"item_purchase_floors":[],"current_hp_per_floor":[79,78,78,78,59,59,59,55,55,32,32,32,32,32,32,0,0],"gold":24,"neow_bonus":"TEN_PERCENT_HP_BONUS","is_daily":false,"chose_seed":false,"campfire_upgraded":3,"win_rate":0.0,"timestamp":1610424086,"path_taken":["M","M","$","?","?","R","?","?","T","?","M","?","R","M","R","BOSS"],"items_purchased_type":[],"build_version":"2020-12-22","purchased_purges":2,"victory":false,"max_hp_per_floor":[93,93,93,93,93,93,93,93,93,93,93,93,93,93,93,93,93],"card_choices":[{"not_picked":["Clockwork:ReserveSystems","Clockwork:HeadStart"],"picked":"Clockwork:Improve","floor":1},{"not_picked":["Clockwork:MechanicalBulk","Clockwork:SearchingStrike"],"picked":"Clockwork:RitualDaggerMk0","floor":2},{"not_picked":["Clockwork:Minimalism","Clockwork:CogBarrier"],"picked":"Clockwork:TimeOut","floor":8},{"not_picked":["Clockwork:EnthusiasticStrike","Clockwork:PerfectedShield","Clockwork:RevUp"],"picked":"SKIP","floor":11},{"not_picked":["Clockwork:Roundhouse","Clockwork:CraftVarja","Clockwork:CogToss"],"picked":"SKIP","floor":14}],"player_experience":177532,"relics_obtained":[],"event_choices":[{"damage_healed":0,"gold_gain":0,"player_choice":"Ignored","damage_taken":0,"max_hp_gain":0,"max_hp_loss":0,"event_name":"Liars Game","floor":4,"gold_loss":0},{"damage_healed":0,"gold_gain":0,"player_choice":"Entered Light","damage_taken":19,"max_hp_gain":0,"max_hp_loss":0,"event_name":"Shining Light","floor":5,"gold_loss":0,"cards_upgraded":["Clockwork:Handicap","Clockwork:Strike"]},{"damage_healed":0,"gold_gain":0,"player_choice":"0 cards matched","damage_taken":0,"max_hp_gain":0,"max_hp_loss":0,"event_name":"Match and Keep!","floor":7,"gold_loss":0,"cards_obtained":[]},{"damage_healed":0,"gold_gain":0,"player_choice":"Take Damage","damage_taken":23,"relics_obtained":["Golden Idol"],"max_hp_gain":0,"max_hp_loss":0,"event_name":"Golden Idol","floor":10,"gold_loss":0}],"is_beta":false,"boss_relics":[],"items_purged_floors":[3,12],"is_endless":false,"potions_floor_spawned":[2],"killed_by":"Fading Forest","ascension_level":0}}