{"host":"w3q5ijqu8eoknil3","time":1610442598,"event":{"mods":["AchievementEnabler","BaseMod","Block Reminder","Colored Map","Colored Powertips","Curses Come First","Dark Map","Minty Spire (QoL Compilation)","Quick Restart","Relic Stats","StSLib","ojb\u0027s Better Paths Mod","ojb\u0027s Info Mod","slay the spire mod where everything is the same but ironclad has a cowboy hat"],"gold_per_floor":[117,117,117,117,132,163,187,205,205,205,230,70,90,125,125,221,221,246,246,4,25,25,25],"floor_reached":22,"playtime":672,"items_purged":["Strike_G+1"],"score":467,"play_id":"0ca7ea0e-d961-4f21-a017-ecd9ba3d54fc","local_time":"20210112090958","is_ascension_mode":true,"campfire_choices":[{"data":"Bouncing Flask","floor":10,"key":"SMITH"},{"data":"Neutralize","floor":15,"key":"SMITH"}],"circlet_count":0,"master_deck":["AscendersBane","Defend_G","Defend_G","Defend_G","Defend_G","Defend_G","Survivor","Neutralize+1","Bouncing Flask+1","Deadly Poison","Footwork","Outmaneuver","Finisher+1","Dagger Spray","Unload","Dagger Spray","A Thousand Cuts","Catalyst+1","Night Terror+1","Dodge and Roll+1","Flying Knee+1","Leg Sweep"],"relics":["Ring of the Snake","NeowsBlessing","Golden Idol","Juzu Bracelet","Ninja Scroll","Whetstone","ClockworkSouvenir","Boot","Astrolabe","Enchiridion","Membership Card"],"acts_visited":["Exordium","TheCity"],"potions_floor_usage":[11,14,16],"damage_taken":[{"damage":0,"enemies":"2 Louse","floor":1,"turns":1},{"damage":0,"enemies":"Small Slimes","floor":5,"turns":1},{"damage":0,"enemies":"Lagavulin","floor":6,"turns":1},{"damage":0,"enemies":"Jaw Worm","floor":7,"turns":3},{"damage":10,"enemies":"Exordium Thugs","floor":8,"turns":6},{"damage":4,"enemies":"Exordium Wildlife","floor":11,"turns":2},{"damage":0,"enemies":"Large Slime","floor":13,"turns":1},{"damage":0,"enemies":"Gremlin Nob","floor":14,"turns":2},{"damage":13,"enemies":"Hexaghost","floor":16,"turns":7},{"damage":0,"enemies":"3 Byrds","floor":18,"turns":3},{"damage":9,"enemies":"Shell Parasite","floor":21,"turns":5},{"damage":21,"enemies":"Shelled Parasite and Fungi","floor":22,"turns":4}],"seed_played":"4391599079821030025","potions_obtained":[{"floor":1,"key":"FearPotion"},{"floor":6,"key":"ColorlessPotion"},{"floor":8,"key":"Explosive Potion"},{"floor":11,"key":"FearPotion"}],"is_trial":false,"path_per_floor":["M","?","?","?","M","E","M","M","T","R","M","$","M","E","R","B",null,"M","?","$","M","M"],"character_chosen":"THE_SILENT","items_purchased":["ClockworkSouvenir","Membership Card","Leg Sweep"],"campfire_rested":0,"item_purchase_floors":[12,20,20],"current_hp_per_floor":[59,59,54,47,47,47,47,37,37,37,33,33,33,33,33,20,50,50,29,29,20,0,0],"gold":25,"neow_bonus":"THREE_ENEMY_KILL","is_daily":false,"chose_seed":false,"campfire_upgraded":2,"win_rate":0.0,"timestamp":1610442598,"path_taken":["M","?","?","?","M","E","M","M","T","R","M","$","M","E","R","BOSS","M","?","$","M","M"],"items_purchased_type":["Relic","Relic","Card"],"build_version":"2020-12-22","purchased_purges":1,"victory":false,"max_hp_per_floor":[66,60,60,60,60,60,60,60,60,60,60,60,60,60,60,60,60,60,60,60,60,60,60],"relic_stats":{"counters":[12,36],"Golden Idol":62,"Astrolabe":["Catalyst","Night Terror","Dodge and Roll"],"Juzu Bracelet":0,"Whetstone":["Strike_G","Finisher"],"Boot":[57],"obtain_stats":[{"NeowsBlessing":0,"Golden Idol":2,"Ninja Scroll":6,"Astrolabe":17,"Enchiridion":19,"Juzu Bracelet":3,"Whetstone":9,"Membership Card":20,"Boot":14,"Ring of the Snake":0,"ClockworkSouvenir":12},{"NeowsBlessing":0,"Golden Idol":1,"Ninja Scroll":3,"Astrolabe":9,"Enchiridion":10,"Juzu Bracelet":1,"Whetstone":5,"Membership Card":10,"Boot":8,"Ring of the Snake":0,"ClockworkSouvenir":6},{"NeowsBlessing":0,"Golden Idol":1,"Ninja Scroll":3,"Astrolabe":24,"Enchiridion":27,"Juzu Bracelet":1,"Whetstone":12,"Membership Card":27,"Boot":17,"Ring of the Snake":0,"ClockworkSouvenir":14}],"Ring of the Snake":[22]},"card_choices":[{"not_picked":["Reflex","Distraction"],"picked":"Bouncing Flask","floor":1},{"not_picked":["Caltrops","Escape Plan"],"picked":"Deadly Poison","floor":5},{"not_picked":["Noxious Fumes","Quick Slash"],"picked":"Footwork","floor":6},{"not_picked":["Slice","Bane"],"picked":"Outmaneuver","floor":7},{"not_picked":["Outmaneuver","Leg Sweep"],"picked":"Finisher","floor":8},{"not_picked":["Acrobatics","Skewer"],"picked":"Dagger Spray","floor":11},{"not_picked":["Prepared","Underhanded Strike"],"picked":"Unload","floor":13},{"not_picked":["Deadly Poison","Setup"],"picked":"Dagger Spray","floor":14},{"not_picked":["Wraith Form v2","Tools of the Trade"],"picked":"A Thousand Cuts","floor":16},{"not_picked":["Dagger Throw","Deadly Poison"],"picked":"Flying Knee+1","floor":18},{"not_picked":["Dagger Spray","Slice","Dodge and Roll"],"picked":"SKIP","floor":21}],"player_experience":968831,"relics_obtained":[{"floor":6,"key":"Ninja Scroll"},{"floor":9,"key":"Whetstone"},{"floor":14,"key":"Boot"},{"floor":19,"key":"Enchiridion"}],"event_choices":[{"damage_healed":0,"gold_gain":0,"player_choice":"Lose Max HP","damage_taken":0,"relics_obtained":["Golden Idol"],"max_hp_gain":0,"max_hp_loss":6,"event_name":"Golden Idol","floor":2,"gold_loss":0},{"damage_healed":0,"gold_gain":0,"player_choice":"Success","damage_taken":5,"relics_obtained":["Juzu Bracelet"],"max_hp_gain":0,"max_hp_loss":0,"event_name":"Scrap Ooze","floor":3,"gold_loss":0},{"cards_removed":["Strike_G"],"damage_healed":0,"gold_gain":0,"player_choice":"Card Removal","damage_taken":7,"max_hp_gain":0,"max_hp_loss":0,"event_name":"Golden Wing","floor":4,"gold_loss":0},{"damage_healed":0,"gold_gain":0,"player_choice":"Obtained Book","damage_taken":21,"max_hp_gain":0,"max_hp_loss":0,"event_name":"Cursed Tome","floor":19,"gold_loss":0}],"is_beta":false,"boss_relics":[{"not_picked":["Runic Dome","WristBlade"],"picked":"Astrolabe"}],"items_purged_floors":[20],"is_endless":false,"potions_floor_spawned":[1,6,7,8,11],"killed_by":"Shelled Parasite and Fungi","ascension_level":18}}