{"host":"g01l53quoe6lrer0","time":1610462719,"event":{"mods":["2.2 Compatiblity","AchievementEnabler","BaseMod","Colored Map","Highlight Path","Keyboard Shortcuts","Minty Spire (QoL Compilation)","Permanent Neow","StSLib","SuperFastMode","everything is the same but u backflip on backflip"],"gold_per_floor":[109,122,72,87,105,105,136,153,199,209,239,239,209,61,61,61,61],"floor_reached":16,"playtime":1981,"items_purged":["Strike_B"],"score":179,"play_id":"51a81efd-657d-498e-9048-ce764e9a98c3","local_time":"20210112234519","is_ascension_mode":true,"campfire_choices":[{"data":"Zap","floor":6.0,"key":"SMITH"},{"floor":12,"key":"REST"},{"data":"Dualcast","floor":15,"key":"SMITH"}],"circlet_count":0,"master_deck":["AscendersBane","Strike_B","Strike_B","Defend_B","Defend_B","Defend_B","Defend_B","Zap+1","Dualcast+1","Core Surge","Rip and Tear","Skim","BootSequence","Rebound","Loop","Leap","Self Repair"],"relics":["Cracked Core","Gremlin Horn","Akabeko","Kunai"],"acts_visited":["Exordium"],"potions_floor_usage":[8,11,16,16],"damage_taken":[{"damage":7.0,"enemies":"Jaw Worm","floor":1.0,"turns":3.0},{"damage":0.0,"enemies":"2 Louse","floor":2.0,"turns":2.0},{"damage":1.0,"enemies":"Cultist","floor":4.0,"turns":3.0},{"damage":9.0,"enemies":"Red Slaver","floor":5.0,"turns":3.0},{"damage":20,"enemies":"3 Sentries","floor":7,"turns":5},{"damage":3,"enemies":"Blue Slaver","floor":8,"turns":3},{"damage":8,"enemies":"Exordium Thugs","floor":10,"turns":5},{"damage":15,"enemies":"Lagavulin","floor":11,"turns":6},{"damage":0,"enemies":"Hexaghost","floor":16,"turns":2}],"seed_played":"-2769428665223990317","potions_obtained":[{"floor":1.0,"key":"GamblersBrew"},{"floor":4.0,"key":"Dexterity Potion"},{"floor":7,"key":"Explosive Potion"},{"floor":8,"key":"Fruit Juice"},{"floor":13,"key":"FocusPotion"},{"floor":13,"key":"Regen Potion"}],"is_trial":false,"path_per_floor":["M","M","?","M","M","R","E","M","T","M","E","R","?","$","R","B"],"character_chosen":"DEFECT","items_purchased":["Self Repair"],"campfire_rested":1,"item_purchase_floors":[14],"current_hp_per_floor":[61,61,61,60,51,51,31,33,33,25,10,34,34,34,34,39,39],"gold":61,"neow_bonus":"ONE_RANDOM_RARE_CARD","is_daily":false,"chose_seed":false,"campfire_upgraded":2,"win_rate":0.0,"timestamp":1610462719,"path_taken":["M","M","?","M","M","R","E","M","T","M","E","R","?","$","R","BOSS"],"items_purchased_type":["Card"],"build_version":"2020-12-22","purchased_purges":1,"victory":false,"max_hp_per_floor":[75,75,75,75,75,75,75,80,80,80,80,80,80,80,80,80,80],"card_choices":[{"not_picked":["Reinforced Body","Barrage"],"picked":"Rip and Tear","floor":1.0},{"not_picked":["Sweeping Beam","Hello World"],"picked":"Skim","floor":2.0},{"not_picked":["Beam Cell","Compile Driver"],"picked":"BootSequence","floor":4.0},{"not_picked":["Stack","Go for the Eyes"],"picked":"Rebound","floor":5.0},{"not_picked":["Leap","Streamline"],"picked":"Loop","floor":7},{"not_picked":["Meteor Strike","Ball Lightning"],"picked":"Leap","floor":8},{"not_picked":["Skim","Storm","Leap"],"picked":"SKIP","floor":10},{"not_picked":["Streamline","Sweeping Beam","Go for the Eyes"],"picked":"SKIP","floor":11}],"player_experience":160667,"relics_obtained":[{"floor":7,"key":"Gremlin Horn"},{"floor":9,"key":"Akabeko"},{"floor":11,"key":"Kunai"}],"event_choices":[{"cards_removed":["Strike_B"],"damage_healed":0.0,"max_hp_gain":0.0,"max_hp_loss":0.0,"gold_gain":0.0,"event_name":"The Cleric","player_choice":"Card Removal","floor":3.0,"gold_loss":50.0,"damage_taken":0.0},{"damage_healed":0,"gold_gain":0,"player_choice":"Bought 2 Potions","damage_taken":0,"max_hp_gain":0,"max_hp_loss":0,"event_name":"The Woman in Blue","floor":13,"gold_loss":0}],"is_beta":false,"boss_relics":[],"items_purged_floors":[14],"is_endless":false,"potions_floor_spawned":[1,4,7,8],"killed_by":"Hexaghost","ascension_level":12}}