{"host":"w9yruvs4bqht6bhw","time":1610420796,"event":{"mods":["BaseMod","Colored Powertips","Minty Spire (QoL Compilation)"],"gold_per_floor":[110,129,204,204,169,169,189,205,228,241,271,271,282,269,269,373,373,385,385,245,255,268,268,268,268],"floor_reached":24,"playtime":906,"items_purged":[],"score":276,"play_id":"a9a9ce4c-db86-41f0-b72d-b7db4fbbb767","local_time":"20210111220636","is_ascension_mode":true,"campfire_choices":[{"data":"Bash","floor":6,"key":"SMITH"},{"data":"Battle Trance","floor":12,"key":"SMITH"},{"data":"Disarm","floor":15,"key":"SMITH"},{"floor":23,"key":"REST"}],"circlet_count":0,"master_deck":["Strike_R","Strike_R","Strike_R","Strike_R","Strike_R","Defend_R","Defend_R","Defend_R","Defend_R","Bash+1","Spot Weakness","Battle Trance+1","Shrug It Off","Disarm+1","Immolate","Body Slam+1","Blind","Whirlwind+1","Uppercut+1"],"relics":["Burning Blood","MealTicket"],"acts_visited":["Exordium","TheCity"],"potions_floor_usage":[10,13,21,24,24],"damage_taken":[{"damage":12,"enemies":"Jaw Worm","floor":1,"turns":2},{"damage":3,"enemies":"2 Louse","floor":2,"turns":3},{"damage":1,"enemies":"Small Slimes","floor":7,"turns":3},{"damage":12,"enemies":"Looter","floor":8,"turns":3},{"damage":28,"enemies":"Gremlin Gang","floor":10,"turns":6},{"damage":14,"enemies":"2 Fungi Beasts","floor":13,"turns":4},{"damage":11,"enemies":"Exordium Thugs","floor":14,"turns":4},{"damage":39,"enemies":"The Guardian","floor":16,"turns":15},{"damage":29,"enemies":"3 Byrds","floor":18,"turns":5},{"damage":34,"enemies":"Spheric Guardian","floor":21,"turns":6},{"damage":28,"enemies":"Shelled Parasite and Fungi","floor":22,"turns":7},{"damage":42,"enemies":"Slavers","floor":24,"turns":2}],"seed_played":"-2431816667985651505","potions_obtained":[{"floor":1,"key":"Weak Potion"},{"floor":2,"key":"BloodPotion"},{"floor":13,"key":"GamblersBrew"},{"floor":18,"key":"LiquidBronze"}],"is_trial":false,"path_per_floor":["M","M","?","?","?","R","M","M","T","M","?","R","M","M","R","B",null,"M","?","$","M","M","R","E"],"character_chosen":"IRONCLAD","items_purchased":["Blind","Fire Potion"],"campfire_rested":1,"item_purchase_floors":[20,20],"current_hp_per_floor":[74,77,66,66,88,88,88,82,82,77,77,77,69,64,64,31,74,51,51,66,38,16,42,0,0],"gold":268,"neow_bonus":"TEN_PERCENT_HP_BONUS","is_daily":false,"chose_seed":false,"campfire_upgraded":3,"win_rate":0.0,"timestamp":1610420796,"path_taken":["M","M","?","?","?","R","M","M","T","?","?","R","M","M","R","BOSS","M","?","$","M","M","R","E"],"items_purchased_type":["Card","Potion"],"build_version":"2020-12-22","purchased_purges":0,"victory":false,"max_hp_per_floor":[88,88,88,88,88,88,88,88,88,88,88,88,88,88,88,88,88,88,88,88,88,88,88,88,88],"card_choices":[{"not_picked":["Rupture","Clash"],"picked":"Spot Weakness","floor":1},{"not_picked":["Clothesline","Havoc"],"picked":"Battle Trance","floor":2},{"not_picked":["Iron Wave","Entrench","Cleave"],"picked":"SKIP","floor":7},{"not_picked":["Infernal Blade","Sword Boomerang"],"picked":"Shrug It Off","floor":8},{"not_picked":["Clash","Body Slam","Perfected Strike"],"picked":"SKIP","floor":10},{"not_picked":["Armaments","Dark Embrace"],"picked":"Disarm","floor":13},{"not_picked":["Thunderclap","Dropkick","Perfected Strike"],"picked":"SKIP","floor":14},{"not_picked":["Demon Form","Offering"],"picked":"Immolate","floor":16},{"not_picked":["Entrench","Iron Wave+1"],"picked":"Body Slam+1","floor":18},{"not_picked":["True Grit","Second Wind"],"picked":"Whirlwind+1","floor":21},{"not_picked":["Rampage","Sentinel+1"],"picked":"Uppercut+1","floor":22}],"player_experience":378311,"relics_obtained":[{"floor":9,"key":"MealTicket"}],"event_choices":[{"damage_healed":0,"gold_gain":75,"player_choice":"Gather Gold","damage_taken":11,"max_hp_gain":0,"max_hp_loss":0,"event_name":"World of Goop","floor":3,"gold_loss":0},{"damage_healed":0,"gold_gain":0,"player_choice":"Ignored","damage_taken":0,"max_hp_gain":0,"max_hp_loss":0,"event_name":"Liars Game","floor":4,"gold_loss":0},{"damage_healed":22,"gold_gain":0,"player_choice":"Healed","damage_taken":0,"max_hp_gain":0,"max_hp_loss":0,"event_name":"The Cleric","floor":5,"gold_loss":35},{"damage_healed":0,"gold_gain":30,"player_choice":"Searched \u00271\u0027 times","damage_taken":0,"max_hp_gain":0,"max_hp_loss":0,"event_name":"Dead Adventurer","floor":11,"gold_loss":0},{"damage_healed":0,"gold_gain":0,"player_choice":"Ignored","damage_taken":0,"max_hp_gain":0,"max_hp_loss":0,"event_name":"WeMeetAgain","floor":19,"gold_loss":0}],"is_beta":false,"boss_relics":[{"not_picked":["Ectoplasm","Cursed Key","Fusion Hammer"]}],"items_purged_floors":[],"is_endless":false,"potions_floor_spawned":[1,2,13,18],"killed_by":"Slavers","ascension_level":9}}