{"host":"ek3xvuouaw6vk9if","time":1610412738,"event":{"mods":["BaseMod","BetterRewards","Hubris","Minty Spire (QoL Compilation)","Permanent Neow","Quick Restart","Relic Stats","Replay The Spire","StSLib","The Bladedancer"],"gold_per_floor":[115,115,115,115,115,115,115,115],"floor_reached":7,"playtime":288,"items_purged":["blademaster:Strike"],"score":43,"play_id":"0ee5717e-def5-4746-9a86-362cd1129cbb","local_time":"20210111195218","is_ascension_mode":true,"campfire_choices":[{"data":"hubris:DuctTapeCard","floor":6,"key":"SMITH"}],"circlet_count":0,"master_deck":["blademaster:Strike","blademaster:Strike","blademaster:Strike","blademaster:Defend","blademaster:Defend","blademaster:Defend","blademaster:Defend","blademaster:RagingBlow","blademaster:HighVoltage","blademaster:Blockade+1","hubris:DuctTapeCard+2"],"relics":["blademaster:DancersAmulet","hubris:DuctTape","hubris:Icosahedron"],"acts_visited":["Exordium"],"potions_floor_usage":[],"damage_taken":[{"damage":0,"enemies":"Jaw Worm","floor":1,"turns":5},{"damage":75,"enemies":"Gremlin Nob","floor":7,"turns":6}],"seed_played":"7691750821881266935","potions_obtained":[{"floor":1,"key":"LiquidBronze"}],"is_trial":false,"path_per_floor":["M","?","?","$","?","R","E"],"character_chosen":"THE_BLADEMASTER","items_purchased":["blademaster:Blockade","Replay:Sssssssssshield","blademaster:ParryingStrike+1","hubris:DuctTape"],"campfire_rested":0,"item_purchase_floors":[0,0,0,0],"current_hp_per_floor":[67,67,67,67,67,67,0,0],"gold":115,"neow_bonus":"","is_daily":false,"chose_seed":false,"campfire_upgraded":1,"win_rate":0.0,"timestamp":1610412738,"path_taken":["M","?","?","$","?","R","E"],"items_purchased_type":["Card","Card","Card","Relic"],"build_version":"2020-12-22","purchased_purges":1,"victory":false,"max_hp_per_floor":[75,75,75,75,75,75,75,75],"relic_stats":{"counters":[76,342],"obtain_stats":[{"blademaster:BonusFuryPerk":44,"Vajra":10,"Boot":42,"Replay:Wanted Poster":34,"Sundial":43,"blademaster:LightningChargePerk":40,"blademaster:FinisherDrawCardPerk":13,"blademaster:DextrousPerk":48,"blademaster:ComboEveryTurnPerk":25,"Kunai":45,"Toxic Egg 2":40,"Replay:Bottled Steam":9,"Happy Flower":41,"hubris:DuctTape":0,"blademaster:StrongPerk":6,"blademaster:BonusComboPerk":7,"Oddly Smooth Stone":36,"Eternal Feather":9,"Ring of Chaos":34,"War Paint":0,"MutagenicStrength":21,"blademaster:WindChargePerk":46,"Grinning Jar":27,"StrikeDummy":6,"ReplayTheSpireMod:DimensionalGlitch":34,"Meat on the Bone":13,"ReplayFunnel":13,"Darkstone Periapt":40,"Singing Bowl":43,"Painkiller Herb":17,"Mango":48,"Juzu Bracelet":26,"Pet Ghost":23,"hubris:Icosahedron":36,"Matryoshka":26,"Pantograph":3,"Gambling Chip":7,"hubris:ScarierMask":17,"hubris:FunFungus":25,"Red Mask":20,"Gremlin Food":10,"ReplayTheSpireMod:Ninjato":26,"Replay:WaspNest":0,"blademaster:RandomBladePerk":23,"Omamori":46,"blademaster:OnAttackedChargePerk":23,"hubris:Towel":12,"Orichalcum":40,"Strange Spoon":0,"Anchor":43,"blademaster:FuryEveryTurnPerk":13,"hubris:Spice":44,"blademaster:BleedingMoreDamagePerk":11,"hubris:BundleOfHerbs":24,"Snack Pack":43,"Coffee Dripper":17,"Art of War":24,"blademaster:DancersAmulet":0,"Bottled Lightning":9,"ReplayTheSpireMod:Lightbulb":7},{"blademaster:BonusFuryPerk":48,"Vajra":55,"Boot":47,"Replay:Wanted Poster":42,"Sundial":71,"blademaster:LightningChargePerk":21,"blademaster:FinisherDrawCardPerk":33,"blademaster:DextrousPerk":26,"blademaster:ComboEveryTurnPerk":40,"Kunai":72,"Toxic Egg 2":21,"Replay:Bottled Steam":4,"Happy Flower":21,"hubris:DuctTape":74,"blademaster:StrongPerk":3,"blademaster:BonusComboPerk":31,"Oddly Smooth Stone":67,"Eternal Feather":31,"Ring of Chaos":66,"War Paint":27,"MutagenicStrength":37,"blademaster:WindChargePerk":49,"Grinning Jar":64,"StrikeDummy":3,"ReplayTheSpireMod:DimensionalGlitch":16,"Meat on the Bone":33,"ReplayFunnel":5,"Darkstone Periapt":71,"Singing Bowl":71,"Painkiller Herb":6,"Mango":26,"Juzu Bracelet":40,"Pet Ghost":39,"hubris:Icosahedron":43,"Matryoshka":64,"Pantograph":2,"Gambling Chip":55,"hubris:ScarierMask":35,"hubris:FunFungus":40,"Red Mask":61,"Gremlin Food":55,"ReplayTheSpireMod:Ninjato":12,"Replay:WaspNest":50,"blademaster:RandomBladePerk":39,"Omamori":49,"blademaster:OnAttackedChargePerk":63,"hubris:Towel":32,"Orichalcum":46,"Strange Spoon":27,"Anchor":47,"blademaster:FuryEveryTurnPerk":5,"hubris:Spice":48,"blademaster:BleedingMoreDamagePerk":56,"hubris:BundleOfHerbs":39,"Snack Pack":22,"Coffee Dripper":58,"Art of War":63,"blademaster:DancersAmulet":0,"Bottled Lightning":55,"ReplayTheSpireMod:Lightbulb":31},{"blademaster:BonusFuryPerk":201,"Vajra":236,"Boot":196,"Replay:Wanted Poster":170,"Sundial":314,"blademaster:LightningChargePerk":72,"blademaster:FinisherDrawCardPerk":116,"blademaster:DextrousPerk":89,"blademaster:ComboEveryTurnPerk":156,"Kunai":320,"Toxic Egg 2":72,"Replay:Bottled Steam":13,"Happy Flower":72,"hubris:DuctTape":331,"blademaster:StrongPerk":11,"blademaster:BonusComboPerk":110,"Oddly Smooth Stone":297,"Eternal Feather":110,"Ring of Chaos":294,"War Paint":95,"MutagenicStrength":143,"blademaster:WindChargePerk":208,"Grinning Jar":284,"StrikeDummy":11,"ReplayTheSpireMod:DimensionalGlitch":54,"Meat on the Bone":116,"ReplayFunnel":16,"Darkstone Periapt":314,"Singing Bowl":314,"Painkiller Herb":20,"Mango":89,"Juzu Bracelet":156,"Pet Ghost":151,"hubris:Icosahedron":174,"Matryoshka":284,"Pantograph":6,"Gambling Chip":236,"hubris:ScarierMask":131,"hubris:FunFungus":156,"Red Mask":264,"Gremlin Food":236,"ReplayTheSpireMod:Ninjato":37,"Replay:WaspNest":216,"blademaster:RandomBladePerk":151,"Omamori":208,"blademaster:OnAttackedChargePerk":273,"hubris:Towel":113,"Orichalcum":189,"Strange Spoon":95,"Anchor":196,"blademaster:FuryEveryTurnPerk":16,"hubris:Spice":201,"blademaster:BleedingMoreDamagePerk":239,"hubris:BundleOfHerbs":151,"Snack Pack":75,"Coffee Dripper":251,"Art of War":273,"blademaster:DancersAmulet":0,"Bottled Lightning":236,"ReplayTheSpireMod:Lightbulb":110}]},"card_choices":[{"not_picked":["blademaster:AirSlash","blademaster:Cut","blademaster:LeechingStrike"],"picked":"SKIP","floor":1}],"player_experience":528591,"relics_obtained":[],"event_choices":[{"damage_healed":0,"gold_gain":0,"player_choice":"Ignored","damage_taken":0,"max_hp_gain":0,"max_hp_loss":0,"event_name":"Liars Game","floor":2,"gold_loss":0}],"is_beta":false,"boss_relics":[],"items_purged_floors":[0],"is_endless":false,"potions_floor_spawned":[1],"killed_by":"Gremlin Nob","ascension_level":3}}