{"host":"mai03x2ekbjy4059","time":1610478623,"event":{"mods":["2.2 Compatiblity","BaseMod","DeckTracker","Downfall","Highlight Path","Keyboard Shortcuts","Minty Spire (QoL Compilation)","Permanent Neow","Quick Restart","StSLib","SuperFastMode","everything is the same but u backflip on backflip"],"gold_per_floor":[99,99,99,99,99,49,49,49,64,14,40,51,84,115,137,149,149],"floor_reached":16,"language":"ENG","playtime":742,"items_purged":[],"score":133,"play_id":"05e34a02-1562-44f7-9fbe-81a9122138b9","local_time":"20210113041023","is_ascension_mode":false,"campfire_choices":[{"data":"Slimebound:CorrosiveSpit","floor":1,"key":"SMITH"},{"data":"Slimebound:AcidTongue","floor":6,"key":"SMITH"},{"data":"Slimebound:SamplingLick","floor":10,"key":"SMITH"}],"circlet_count":0,"master_deck":["Slimebound:Strike_Slimebound","Slimebound:Strike_Slimebound","Slimebound:Strike_Slimebound","Slimebound:Tackle","Slimebound:Defend_Slimebound","Slimebound:Defend_Slimebound","Slimebound:Defend_Slimebound","Slimebound:Defend_Slimebound","Slimebound:Split","Slimebound:CorrosiveSpit+1","Slimebound:AcidTongue+1","Slimebound:ViciousTackle","Slimebound:FormOfPuddle","Slimebound:SamplingLick+1","Slimebound:LeechEnergy","Slimebound:LevelUp","Slimebound:Equalize","Slimebound:SpikyOuterGoop","Slimebound:AcidTongue"],"relics":["Slimebound:AbsorbEndCombat","downfall:HeartsMalice","Slimebound:GreedOozeRelic","Vajra","Singing Bowl","Blue Candle","MawBank"],"acts_visited":[],"potions_floor_usage":[11,12,13,13,13,16,16],"damage_taken":[{"damage":0,"enemies":"Small Slimes","floor":2,"turns":1},{"damage":0,"enemies":"Jaw Worm","floor":5,"turns":1},{"damage":0,"enemies":"Cultist","floor":8,"turns":1},{"damage":19,"enemies":"2 Fungi Beasts","floor":9,"turns":3},{"damage":27,"enemies":"3 Sentries","floor":11,"turns":7},{"damage":5,"enemies":"Exordium Thugs","floor":12,"turns":3},{"damage":4,"enemies":"Gremlin Nob","floor":13,"turns":2},{"damage":10,"enemies":"Large Slime","floor":14,"turns":4},{"damage":21,"enemies":"Blue Slaver","floor":15,"turns":4},{"damage":20,"enemies":"downfall:Watcher","floor":16,"turns":5}],"seed_played":"5797860866815245273","potions_obtained":[{"floor":9,"key":"DistilledChaos"},{"floor":11,"key":"DistilledChaos"},{"floor":12,"key":"EntropicBrew"},{"floor":15,"key":"Swift Potion"}],"is_trial":false,"path_per_floor":["R","M","?","?","M","R","T","M","M","R","E","M","E","M","M","B"],"character_chosen":"SLIMEBOUND","items_purchased":[],"campfire_rested":0,"item_purchase_floors":[],"current_hp_per_floor":[60,60,60,35,35,35,35,35,22,22,7,6,16,22,7,0,0,0],"gold":149,"neow_bonus":"THREE_ENEMY_KILL","is_daily":false,"chose_seed":false,"campfire_upgraded":3,"win_rate":0.0,"timestamp":1610478623,"path_taken":["R","M","?","?","M","R","T","M","M","R","E","M","E","M","M","BOSS"],"items_purchased_type":[],"build_version":"2020-12-22","purchased_purges":0,"victory":false,"max_hp_per_floor":[60,60,60,60,60,60,60,60,60,60,60,60,60,60,60,60,60,60],"card_choices":[{"not_picked":["Slimebound:ViciousTackle","Slimebound:LeechEnergy"],"picked":"Slimebound:AcidTongue","floor":2},{"not_picked":["Slimebound:SlimeSpikes","Slimebound:GrowthPunch"],"picked":"Slimebound:ViciousTackle","floor":5},{"not_picked":["Slimebound:PressTheAttack","Slimebound:FinishingTackle"],"picked":"Slimebound:FormOfPuddle","floor":8},{"not_picked":["Slimebound:SlimeBarrage","Slimebound:FinishingTackle"],"picked":"Slimebound:SamplingLick","floor":9},{"not_picked":["Slimebound:RollThrough","Slimebound:PressTheAttack"],"picked":"Slimebound:LeechEnergy","floor":11},{"not_picked":["Slimebound:PressTheAttack","Slimebound:Equalize"],"picked":"Slimebound:LevelUp","floor":12},{"not_picked":["Slimebound:ViciousTackle","Slimebound:ForwardTackle"],"picked":"Slimebound:Equalize","floor":13},{"not_picked":["Slimebound:SplitAcid","Slimebound:SplitMire"],"picked":"Slimebound:SpikyOuterGoop","floor":14},{"not_picked":["Slimebound:FlameTackle","Slimebound:ForwardTackle"],"picked":"Slimebound:AcidTongue","floor":15}],"player_experience":1056634,"relics_obtained":[{"floor":7,"key":"Singing Bowl"},{"floor":11,"key":"Blue Candle"},{"floor":13,"key":"MawBank"}],"event_choices":[{"damage_healed":0,"gold_gain":0,"player_choice":"Success","damage_taken":25,"relics_obtained":["Vajra"],"max_hp_gain":0,"max_hp_loss":0,"event_name":"Scrap Ooze","floor":4,"gold_loss":0}],"is_beta":false,"boss_relics":[],"items_purged_floors":[],"is_endless":false,"potions_floor_spawned":[9,11,12,15],"killed_by":"downfall:Watcher","ascension_level":0}}