{"host":"6he3f0ic6yesrium","time":1610465713,"event":{"mods":["BaseMod","Better Altar","Better Match","Better Note","Better Sensory Stone","Better Skull","Better Third Choice","Colored Map","Conspire","Hubris","Marisa????????","Minty Spire (QoL Compilation)","Replay The Spire","Shade Mod","StSLib","The Alterego","The Mystic","The Necromancer","The Runesmith"],"gold_per_floor":[118,129,3,18,38,38,38,38,120,54,87,12,30,57,57,156,156,173,37,51,51,61,61,71,71,71,71,271,297,297,309,309,404,504,515,732,535,545,598,598,598],"floor_reached":40,"playtime":1938,"items_purged":["Regret","Runesmith:Strike_RS"],"score":514,"play_id":"bb66515e-d489-4451-9428-ba7ccb74b408","local_time":"20210112103513","is_ascension_mode":false,"campfire_choices":[{"data":"Runesmith:HeatExchange","floor":7,"key":"SMITH"},{"floor":15,"key":"REST"},{"data":"Runesmith:BackupBattery","floor":23,"key":"SMITH"},{"data":"Runesmith:BackupBattery+1","floor":25,"key":"SMITH"},{"data":"Runesmith:BackupBattery+2","floor":27,"key":"SMITH"},{"floor":30,"key":"REST"},{"floor":32,"key":"REST"}],"circlet_count":0,"master_deck":["Runesmith:Strike_RS","Runesmith:Strike_RS","Runesmith:Strike_RS","Runesmith:Defend_RS","Runesmith:Defend_RS","Runesmith:Defend_RS","Runesmith:Defend_RS","Runesmith:CraftFirestone+1","Runesmith:Fortify","Runesmith:RuneHurl+1","Runesmith:CraftMagma","Runesmith:HeatExchange+1","Runesmith:RuneHurl+1","Runesmith:ShiftingStrike","Runesmith:Accelerate","Runesmith:BackupBattery+3","Runesmith:CraftIncendium","Runesmith:Terraform","Apotheosis+1","Runesmith:FissionHammer","Runesmith:CraftMagma","Runesmith:ChiselStab","Runesmith:FissionHammer","CurseOfTheBell","Runesmith:CraftIncendium","Runesmith:RuneHurl+1","Runesmith:RuneHurl+1","Runesmith:ChiselStab","Runesmith:CraftIndustria","Runesmith:HeatedChisel+1","Runesmith:LightningRod","Runesmith:HeatExchange+1","Runesmith:UnlimitedPower","Runesmith:CraftProtectio","Runesmith:CraftProtectio","Runesmith:ChaoticBlast+1"],"relics":["Runesmith:BrokenRuby","Snack Pack","ReplayTheSpireMod:CursedCoin","Runesmith:MiniCore","Onion Ring","Calling Bell","Runesmith:AutoHammer","conspire:DeflatedDodgeball","Ice Cream","Replay:Bottled Eggs","Replay:Wanted Poster","ReplayTheSpireMod:TigerMarble","CatCart"],"acts_visited":["Exordium","TheCity","TheBeyond"],"potions_floor_usage":[13,16,18,18,24,31,33,38,39],"damage_taken":[{"damage":0,"enemies":"Small Slimes","floor":1,"turns":3},{"damage":0,"enemies":"Jaw Worm","floor":2,"turns":2},{"damage":7,"enemies":"2 Louse","floor":4,"turns":3},{"damage":7,"enemies":"Exordium Wildlife","floor":5,"turns":4},{"damage":14,"enemies":"Gremlin Nob","floor":11,"turns":3},{"damage":0,"enemies":"Large Slime","floor":13,"turns":3},{"damage":0,"enemies":"3 Sentries","floor":14,"turns":4},{"damage":5,"enemies":"Slime Boss","floor":16,"turns":4},{"damage":6,"enemies":"conspire:FuzzyDice","floor":18,"turns":4},{"damage":5,"enemies":"Shell Parasite","floor":20,"turns":2},{"damage":0,"enemies":"conspire:HollyBat","floor":22,"turns":8},{"damage":12,"enemies":"Snecko","floor":24,"turns":2},{"damage":30,"enemies":"conspire:SneckoGhost","floor":29,"turns":5},{"damage":21,"enemies":"Snake Plant","floor":31,"turns":2},{"damage":7,"enemies":"Champ","floor":33,"turns":8},{"damage":8,"enemies":"Orb Walker","floor":35,"turns":4},{"damage":17,"enemies":"3 Shapes","floor":38,"turns":4},{"damage":4,"enemies":"Orin","floor":39,"turns":8},{"damage":46,"enemies":"Spire Growth","floor":40,"turns":5}],"seed_played":"-3346790508314425278","potions_obtained":[{"floor":2,"key":"SteroidPotion"},{"floor":11,"key":"Weak Potion"},{"floor":13,"key":"FearPotion"},{"floor":14,"key":"LifebloodPotion"},{"floor":18,"key":"SneckoOil"},{"floor":21,"key":"SteroidPotion"},{"floor":21,"key":"BlessingOfTheForge"},{"floor":22,"key":"Death Potion"},{"floor":31,"key":"Adrenaline Potion"},{"floor":35,"key":"PowerPotion"}],"is_trial":false,"path_per_floor":["M","M","$","M","M","?","R","?","T","$","E","$","M","E","R","B",null,"M","$","M","?","M","R","M","R","T","R","?","E","R","M","R","B",null,"M","?","$","M","?","M"],"character_chosen":"RUNESMITH_CLASS","items_purchased":["Runesmith:CraftMagma","Runesmith:HeatExchange","Runesmith:RuneHurl","ReplayTheSpireMod:CursedCoin","Runesmith:FissionHammer","Runesmith:CraftMagma","Runesmith:RuneHurl","Runesmith:UnlimitedPower","Runesmith:CraftProtectio"],"campfire_rested":3,"item_purchase_floors":[3,3,3,10,10,10,19,37,37],"current_hp_per_floor":[70,70,70,63,56,56,56,56,56,56,42,42,42,42,63,60,70,64,64,59,59,61,61,49,49,49,49,49,21,42,23,44,47,70,62,31,31,16,16,0,0],"gold":598,"neow_bonus":"UPGRADE_CARD","is_daily":false,"chose_seed":false,"campfire_upgraded":4,"win_rate":0.0,"timestamp":1610465713,"path_taken":["M","M","$","M","M","?","R","?","T","?","E","$","?","E","R","BOSS","M","$","M","?","M","R","M","R","T","R","?","E","R","?","R","BOSS","M","?","$","?","?","M"],"items_purchased_type":["Card","Card","Card","Relic","Card","Card","Card","Card","Card"],"build_version":"2020-12-22","purchased_purges":2,"victory":false,"max_hp_per_floor":[70,70,70,70,70,70,70,70,70,70,70,70,70,70,70,70,70,70,70,70,70,70,70,70,70,70,70,70,70,70,70,70,70,70,70,70,70,70,70,70,70],"card_choices":[{"not_picked":["Runesmith:UnstableHammer","Runesmith:MakeshiftArmor"],"picked":"Runesmith:RuneHurl","floor":1},{"not_picked":["Runesmith:HammerThrow","Runesmith:PoweredAnvil","Runesmith:ShiftingStrike"],"picked":"SKIP","floor":2},{"not_picked":["Runesmith:HeatExchange","Runesmith:Prism","Runesmith:Retool"],"picked":"SKIP","floor":4},{"not_picked":["Runesmith:WhiteBalance","Runesmith:ShiftingStrike","Runesmith:Empowerment"],"picked":"SKIP","floor":5},{"not_picked":["Runesmith:RuneHurl","Runesmith:WhiteBalance"],"picked":"Runesmith:ChiselStab","floor":11},{"not_picked":["Runesmith:HeatedChisel","Runesmith:GenerateForcefield","Runesmith:Repurpose"],"picked":"SKIP","floor":13},{"not_picked":["Runesmith:CraftVitae","Runesmith:Electrocute","Runesmith:EnergizedChisel"],"picked":"SKIP","floor":14},{"not_picked":["Runesmith:GenerateForcefield","Runesmith:UnlimitedPower"],"picked":"Runesmith:FissionHammer","floor":16},{"not_picked":["Runesmith:OneForEveryone","Runesmith:CraftObretio+1"],"picked":"Runesmith:CraftIncendium","floor":18},{"not_picked":["Runesmith:RuneHurl+1","Runesmith:HeatedChisel+1","Runesmith:Reinforce"],"picked":"SKIP","floor":20},{"not_picked":["Runesmith:Overpower","Runesmith:HammerThrow","Runesmith:StaticCage"],"picked":"SKIP","floor":22},{"not_picked":["Runesmith:MakeshiftArmor","Runesmith:Empowerment"],"picked":"Runesmith:ChiselStab","floor":24},{"not_picked":["Runesmith:Duplicate","Runesmith:ReplicatingBarrier"],"picked":"Runesmith:CraftIndustria","floor":28},{"not_picked":["Runesmith:RuneHurl+1","Runesmith:CraftVitae","Runesmith:CraftMagma+1"],"picked":"SKIP","floor":29},{"not_picked":["Runesmith:UnstableHammer+1","Runesmith:RuneHurl+1"],"picked":"Runesmith:HeatedChisel+1","floor":31},{"not_picked":["Runesmith:DuctTape","Runesmith:GrandSlam"],"picked":"Runesmith:LightningRod","floor":33},{"not_picked":["Runesmith:UnstableHammer","Runesmith:CraftSpiculum+1"],"picked":"Runesmith:HeatExchange+1","floor":35},{"not_picked":["Runesmith:CraftProtectio+1","Runesmith:UnstableHammer+1"],"picked":"Runesmith:ChaoticBlast+1","floor":38}],"player_experience":301848,"relics_obtained":[{"floor":9,"key":"Snack Pack"},{"floor":11,"key":"Runesmith:MiniCore"},{"floor":14,"key":"Onion Ring"},{"floor":17,"key":"Runesmith:AutoHammer"},{"floor":17,"key":"conspire:DeflatedDodgeball"},{"floor":17,"key":"Ice Cream"},{"floor":26,"key":"Pet Ghost"},{"floor":29,"key":"Replay:Bottled Eggs"},{"floor":39,"key":"CatCart"}],"event_choices":[{"damage_healed":56,"gold_gain":0,"player_choice":"Embrace","damage_taken":0,"max_hp_gain":0,"max_hp_loss":70,"event_name":"betterThird:BetterShining","floor":8,"gold_loss":0},{"damage_healed":0,"gold_gain":0,"player_choice":"Got Potions","damage_taken":0,"max_hp_gain":0,"max_hp_loss":0,"event_name":"Lab","floor":21,"gold_loss":0},{"damage_healed":0,"gold_gain":0,"player_choice":"Random: Green","damage_taken":0,"max_hp_gain":0,"max_hp_loss":0,"event_name":"betterThird:BetterPortal","floor":36,"gold_loss":0},{"damage_healed":0,"gold_gain":217,"player_choice":"GO GO RE ","damage_taken":35,"relics_obtained":["ReplayTheSpireMod:TigerMarble"],"max_hp_gain":0,"max_hp_loss":0,"event_name":"betterSkull:BetterSkull","floor":36,"gold_loss":0,"cards_upgraded":[]},{"damage_healed":0,"gold_gain":0,"player_choice":"Fight","damage_taken":0,"max_hp_gain":0,"max_hp_loss":0,"event_name":"OrinTheCat","floor":39,"gold_loss":0}],"is_beta":false,"boss_relics":[{"not_picked":["Replay:Grab Bag","hubris:ScarierMask"],"picked":"Calling Bell"},{"not_picked":["hubris:CrackedHourglass","hubris:BlackHole"],"picked":"Replay:Wanted Poster"}],"items_purged_floors":[12,19],"is_endless":false,"potions_floor_spawned":[2,11,13,14,18,22,31,35],"killed_by":"Spire Growth","ascension_level":0}}