{"host":"xrbutm0tzv4qwo7u","time":1610480646,"event":{"mods":["AchievementEnabler","BaseMod","Colored Map","Colored Powertips","Dark Map","Hermit","Minty Spire (QoL Compilation)","Quick Restart","Rare Cards Sparkle","Relic Stats","StSLib","The Cursed","The Marked"],"gold_per_floor":[365,384,396,49,63,63,91,91,117,151,170,186,203,213,213,310,310,321,0,0,16,31,31,31,31,31],"floor_reached":25,"language":"ENG","playtime":893,"items_purged":[],"score":228,"play_id":"bce3c2db-edae-49b4-b91c-148e65df40a2","local_time":"20210112134406","is_ascension_mode":true,"campfire_choices":[{"floor":6,"key":"RECALL"},{"data":"Zap","floor":8,"key":"SMITH"},{"floor":15,"key":"REST"},{"data":"Aggregate","floor":23,"key":"SMITH"}],"circlet_count":0,"master_deck":["Strike_B","Strike_B","Strike_B","Strike_B","Defend_B","Defend_B","Defend_B","Defend_B","Zap+1","Dualcast","Glacier","Ball Lightning","Consume","Ball Lightning","Coolheaded","Aggregate+1","Doom and Gloom","Redo","Glacier","Amplify","Capacitor","Multi-Cast","CurseOfTheBell","Hologram+1","Capacitor","Thunder Strike","Dramatic Entrance","Cold Snap","Hello World+1"],"relics":["Cracked Core","Lantern","Lee\u0027s Waffle","Nunchaku","Orichalcum","Calling Bell","Centennial Puzzle","Darkstone Periapt","Gambling Chip"],"acts_visited":["Exordium","TheCity"],"potions_floor_usage":[16,16,16,25],"damage_taken":[{"damage":6,"enemies":"Cultist","floor":1,"turns":3},{"damage":0,"enemies":"2 Louse","floor":2,"turns":3},{"damage":1,"enemies":"Jaw Worm","floor":3,"turns":4},{"damage":15,"enemies":"Gremlin Gang","floor":5,"turns":4},{"damage":30,"enemies":"3 Sentries","floor":7,"turns":6},{"damage":12,"enemies":"Gremlin Nob","floor":10,"turns":4},{"damage":2,"enemies":"Exordium Thugs","floor":11,"turns":3},{"damage":0,"enemies":"Looter","floor":12,"turns":3},{"damage":6,"enemies":"Exordium Wildlife","floor":13,"turns":3},{"damage":0,"enemies":"Lots of Slimes","floor":14,"turns":2},{"damage":34,"enemies":"The Guardian","floor":16,"turns":9},{"damage":16,"enemies":"3 Byrds","floor":18,"turns":5},{"damage":19,"enemies":"2 Thieves","floor":21,"turns":4},{"damage":16,"enemies":"Centurion and Healer","floor":22,"turns":9},{"damage":37,"enemies":"Gremlin Leader","floor":25,"turns":2}],"seed_played":"3072086871468372359","potions_obtained":[{"floor":1,"key":"EntropicBrew"},{"floor":10,"key":"GamblersBrew"},{"floor":13,"key":"Fire Potion"},{"floor":14,"key":"Block Potion"},{"floor":16,"key":"ColorlessPotion"},{"floor":20,"key":"SpeedPotion"},{"floor":20,"key":"FocusPotion"}],"is_trial":false,"path_per_floor":["M","M","M","$","M","R","E","R","T","E","M","M","M","M","R","B",null,"M","$","?","M","M","R","?","E"],"character_chosen":"DEFECT","items_purchased":["Lantern","Ball Lightning","Lee\u0027s Waffle","Capacitor","Thunder Strike","Dramatic Entrance"],"campfire_rested":1,"item_purchase_floors":[4,4,4,19,19,19],"current_hp_per_floor":[48,48,47,82,67,67,37,37,37,25,23,23,17,17,41,7,82,66,66,66,47,31,31,31,0,0],"gold":31,"neow_bonus":"TWO_FIFTY_GOLD","is_daily":false,"chose_seed":false,"campfire_upgraded":2,"win_rate":0.0,"timestamp":1610480646,"path_taken":["M","M","?","$","?","R","E","R","T","E","M","M","M","?","R","BOSS","M","$","?","M","?","R","?","E"],"items_purchased_type":["Relic","Card","Relic","Card","Card","Card"],"build_version":"2020-12-22","purchased_purges":0,"victory":false,"max_hp_per_floor":[75,75,75,82,82,82,82,82,82,82,82,82,82,82,82,82,82,82,82,82,82,82,82,82,82,82],"relic_stats":{"Darkstone Periapt":0,"Lee\u0027s Waffle":35,"Nunchaku":[5],"Centennial Puzzle":[12],"counters":[15,64],"Gambling Chip":[5],"Orichalcum":[36],"obtain_stats":[{"Calling Bell":17,"Darkstone Periapt":17,"Lantern":4,"Lee\u0027s Waffle":4,"Nunchaku":7,"Centennial Puzzle":17,"Gambling Chip":17,"Orichalcum":10,"Cracked Core":0},{"Calling Bell":11,"Darkstone Periapt":11,"Lantern":3,"Lee\u0027s Waffle":3,"Nunchaku":5,"Centennial Puzzle":11,"Gambling Chip":11,"Orichalcum":6,"Cracked Core":0},{"Calling Bell":44,"Darkstone Periapt":44,"Lantern":10,"Lee\u0027s Waffle":10,"Nunchaku":20,"Centennial Puzzle":44,"Gambling Chip":44,"Orichalcum":24,"Cracked Core":0}]},"card_choices":[{"not_picked":["Beam Cell","Undo"],"picked":"Glacier","floor":1},{"not_picked":["Static Discharge","Melter"],"picked":"Ball Lightning","floor":2},{"not_picked":["Sweeping Beam","Compile Driver"],"picked":"Consume","floor":3},{"not_picked":["Multi-Cast","Redo"],"picked":"Coolheaded","floor":5},{"not_picked":["Static Discharge","Force Field"],"picked":"Aggregate","floor":7},{"not_picked":["Sweeping Beam","Stack"],"picked":"Doom and Gloom","floor":10},{"not_picked":["Gash","Heatsinks"],"picked":"Redo","floor":11},{"not_picked":["Conserve Battery","Undo"],"picked":"Glacier","floor":12},{"not_picked":["Darkness","Beam Cell"],"picked":"Amplify","floor":13},{"not_picked":["Rip and Tear","Cold Snap"],"picked":"Capacitor","floor":14},{"not_picked":["Machine Learning","Fission"],"picked":"Multi-Cast","floor":16},{"not_picked":["Blizzard","Skim"],"picked":"Hologram+1","floor":18},{"not_picked":["Rebound","Steam Power"],"picked":"Cold Snap","floor":21},{"not_picked":["Steam Power","Aggregate"],"picked":"Hello World","floor":22}],"player_experience":48189,"relics_obtained":[{"floor":7,"key":"Nunchaku"},{"floor":10,"key":"Orichalcum"},{"floor":17,"key":"Centennial Puzzle"},{"floor":17,"key":"Darkstone Periapt"},{"floor":17,"key":"Gambling Chip"}],"event_choices":[{"damage_healed":0,"gold_gain":0,"player_choice":"Got Potions","damage_taken":0,"max_hp_gain":0,"max_hp_loss":0,"event_name":"Lab","floor":20,"gold_loss":0},{"damage_healed":0,"gold_gain":0,"player_choice":"Upgraded","damage_taken":0,"max_hp_gain":0,"max_hp_loss":0,"event_name":"Upgrade Shrine","floor":24,"gold_loss":0,"cards_upgraded":["Hello World"]}],"is_beta":false,"boss_relics":[{"not_picked":["Cursed Key","Fusion Hammer"],"picked":"Calling Bell"}],"items_purged_floors":[],"is_endless":false,"potions_floor_spawned":[1,10,13,14,16,21],"killed_by":"Gremlin Leader","ascension_level":1}}