{"host":"2ga6f6u0quhqjsab","time":1610449003,"event":{"mods":["BaseMod","BetterRewards","Colored Map","Colored Powertips","Dota2Spire","Downfall","GifTheSpireLib","Highlight Path","Minty Spire (QoL Compilation)","MostiFishMod","Quick Restart","Red Circlet Mod","Relic Stats","Replay The Spire","StSLib","The Cursed","The Mystic"],"gold_per_floor":[99,99,99,29,29,29,29,39,24,42,69,119,44,58,78,178,178,103,114,114,131,147,147,147,13,30,81,91,91,91,91],"floor_reached":29,"playtime":1288,"items_purged":["Spreading Infection"],"score":240,"play_id":"682bfa45-4e28-4fce-8b15-975d8c4d141f","local_time":"20210112185643","is_ascension_mode":false,"campfire_choices":[{"floor":6,"key":"RECALL"},{"data":"Guardian:Orbwalk","floor":13,"key":"SMITH"},{"data":"Replay:UnknownCurse","floor":18,"key":"PURGE"}],"circlet_count":0,"master_deck":["Guardian:Strike_Guardian","Guardian:Strike_Guardian","Guardian:Strike_Guardian","Guardian:Strike_Guardian","Guardian:Defend_Guardian+1","Guardian:Defend_Guardian+1","Guardian:Defend_Guardian+1","Guardian:Defend_Guardian+1","Guardian:CurlUp","Guardian:TwinSlam+1","Guardian:PrimingBeam","Guardian:EvasiveProtocol","Guardian:Orbwalk+1","Guardian:Emergency","Guardian:Recover","Guardian:PolyBeam","Guardian:Reroute","Guardian:ShieldCharger","Guardian:Repulse","Guardian:AncientConstruct","Guardian:ShieldSpikes","Guardian:VentSteam","Guardian:ShieldCharger","Guardian:DonusPower","Guardian:DecasProtection","Shame","Guardian:PrimingBeam+1"],"relics":["Guardian:ModeShifter","DaveBox","downfall:HeartsMalice","ImprovedEquipment","Replay:Mystery Machine","Ring of Fury","Ring of Greed","The Courier","MealTicket","downfall:HeartBlessingRed","Busted Crown","downfall:HeartBlessingBlue","downfall:KnowingSkull","Replay:Bottled Eggs"],"acts_visited":["Exordium","TheCity"],"potions_floor_usage":[16,21,28,29,29],"damage_taken":[{"damage":0,"enemies":"Small Slimes","floor":2,"turns":1},{"damage":0,"enemies":"downfall:FleeingMerchant","floor":4,"turns":1},{"damage":0,"enemies":"Jaw Worm","floor":5,"turns":1},{"damage":0,"enemies":"2 Louse","floor":8,"turns":2},{"damage":5,"enemies":"downfall:FleeingMerchant","floor":9,"turns":4},{"damage":3,"enemies":"2 Fungi Beasts","floor":10,"turns":4},{"damage":11,"enemies":"Lots of Slimes","floor":14,"turns":4},{"damage":12,"enemies":"3 Louse","floor":15,"turns":2},{"damage":29,"enemies":"downfall:Watcher","floor":16,"turns":9},{"damage":17,"enemies":"Shell Parasite","floor":19,"turns":5},{"damage":0,"enemies":"Spheric Guardian","floor":21,"turns":2},{"damage":17,"enemies":"Snake Plant","floor":22,"turns":5},{"damage":1,"enemies":"downfall:FleeingMerchant","floor":25,"turns":4},{"damage":7,"enemies":"Chosen and Byrds","floor":26,"turns":6},{"damage":18,"enemies":"Snecko","floor":27,"turns":6},{"damage":18,"enemies":"3 Cultists","floor":28,"turns":6},{"damage":0,"enemies":"Book of Stabbing","floor":29,"turns":1}],"seed_played":"-5829502883465053248","potions_obtained":[{"floor":10,"key":"Fire Potion"},{"floor":14,"key":"Regen Potion"},{"floor":15,"key":"Explosive Potion"},{"floor":21,"key":"Death Potion"},{"floor":22,"key":"Milkshake"},{"floor":26,"key":"champ:CounterPotion"}],"is_trial":false,"path_per_floor":["R_BF","M","?","$","M","R","T","M","$","M","T","?","R","M","M","B",null,"R_BF","M","?","M","M","?","T","$","M","M","M","E"],"character_chosen":"GUARDIAN","items_purchased":["Guardian:Orbwalk","Guardian:DonusPower"],"campfire_rested":0,"item_purchase_floors":[4,25],"current_hp_per_floor":[80,80,80,80,80,80,80,80,75,72,72,72,72,61,49,35,80,90,73,55,55,38,30,30,44,37,19,1,1,1,1],"gold":91,"neow_bonus":"THREE_ENEMY_KILL","is_daily":false,"chose_seed":false,"campfire_upgraded":1,"win_rate":0.0,"timestamp":1610449003,"path_taken":["R_BF","M","?","$","M","R","T","M","$","M","?","?","R","M","M","BOSS","R_BF","M","?","M","M","?","T","$","M","M","M","E"],"items_purchased_type":["Card","Card"],"build_version":"2020-12-22","purchased_purges":1,"victory":false,"max_hp_per_floor":[80,80,80,80,80,80,80,80,80,80,80,80,80,80,80,80,80,90,90,95,95,95,95,95,95,95,95,95,95,95,95],"relic_stats":{"Busted Crown":14,"counters":[17,60],"MealTicket":15,"obtain_stats":[{"DaveBox":0,"downfall:HeartBlessingRed":13,"ImprovedEquipment":5,"Guardian:ModeShifter":0,"downfall:HeartsMalice":0,"The Courier":12,"Ring of Greed":12,"Replay:Mystery Machine":11,"Busted Crown":17,"downfall:HeartBlessingBlue":18,"Ring of Fury":12,"MealTicket":12,"downfall:KnowingSkull":23,"Replay:Bottled Eggs":24},{"DaveBox":0,"downfall:HeartBlessingRed":6,"ImprovedEquipment":3,"Guardian:ModeShifter":0,"downfall:HeartsMalice":0,"The Courier":6,"Ring of Greed":6,"Replay:Mystery Machine":6,"Busted Crown":9,"downfall:HeartBlessingBlue":9,"Ring of Fury":6,"MealTicket":6,"downfall:KnowingSkull":12,"Replay:Bottled Eggs":12},{"DaveBox":0,"downfall:HeartBlessingRed":10,"ImprovedEquipment":0,"Guardian:ModeShifter":0,"downfall:HeartsMalice":0,"The Courier":10,"Ring of Greed":10,"Replay:Mystery Machine":10,"Busted Crown":25,"downfall:HeartBlessingBlue":25,"Ring of Fury":10,"MealTicket":10,"downfall:KnowingSkull":37,"Replay:Bottled Eggs":37}]},"card_choices":[{"not_picked":["Guardian:Gem_White","Guardian:ArmoredProtocol"],"picked":"Guardian:PrimingBeam","floor":2},{"not_picked":["Guardian:VentSteam","Guardian:RollAttack"],"picked":"Guardian:EvasiveProtocol","floor":4},{"not_picked":["Guardian:Incinerate","Guardian:RollAttack"],"picked":"Guardian:Emergency","floor":5},{"not_picked":["Guardian:VentSteam","Guardian:Clone"],"picked":"Guardian:Recover","floor":8},{"not_picked":["Guardian:Gem_Cyan","Guardian:Harden"],"picked":"Guardian:PolyBeam","floor":9},{"not_picked":["Guardian:BronzeOrb","Guardian:Clone"],"picked":"Guardian:Reroute","floor":10},{"not_picked":["Guardian:TemporalStrike","Guardian:Harden"],"picked":"Guardian:ShieldCharger","floor":14},{"not_picked":["Guardian:Recover","Guardian:ChargeCore"],"picked":"Guardian:Repulse","floor":15},{"not_picked":["Guardian:GemFinder","Guardian:RevengeProtocol"],"picked":"Guardian:AncientConstruct","floor":16},{"not_picked":[],"picked":"Guardian:ShieldSpikes","floor":19},{"not_picked":["Guardian:Reroute"],"picked":"SKIP","floor":21},{"not_picked":[],"picked":"Guardian:VentSteam","floor":22},{"not_picked":[],"picked":"Guardian:ShieldCharger","floor":25},{"not_picked":[],"picked":"Guardian:DecasProtection","floor":26},{"not_picked":["Guardian:PrismaticBarrier"],"picked":"SKIP","floor":27},{"not_picked":[],"picked":"Guardian:PrimingBeam+1","floor":28}],"player_experience":360383,"relics_obtained":[{"floor":11,"key":"Replay:Mystery Machine"},{"floor":12,"key":"Ring of Fury"},{"floor":12,"key":"Ring of Greed"},{"floor":12,"key":"The Courier"},{"floor":12,"key":"MealTicket"},{"floor":24,"key":"Replay:Bottled Eggs"}],"event_choices":[],"is_beta":false,"boss_relics":[{"not_picked":["HaiYi:Twilight","Empty Cage"],"picked":"Busted Crown"}],"items_purged_floors":[25],"is_endless":false,"potions_floor_spawned":[10,14,15,21,22,26],"killed_by":"Book of Stabbing","ascension_level":0}}