{"host":"7555f9q63b5ef0om","time":1610412135,"event":{"mods":["AchievementEnabler","Act Like it!","Bard","BaseMod","CapriCore","ChefMod","Colored Map","Conspire","Downfall","Elementarium","Energized Spire","Gensokyo","GungeonMod","Hallownest","Hermit","Hubris","Infinite Spire","Luminous","Marisa????????","Minty Spire (QoL Compilation)","Reimu??????","Remilia??????","Replay The Spire","Robot Space Explorer","Shade Mod","Shop Mod","StSLib","The Animator","The Bug Knight","The Cursed","The Dragon Tamer","The Factory","The Hierophant","The Immortal","The Jungle","The Marked","The Necromancer","The Servant 0.9.4","TheSwordswoman","TheWitcher","Waifu the Spire","Yakumo Yukari mod","vexMod"],"gold_per_floor":[119,136,136,136,21,21,56,56,105,0,0,19,59,67,67,162,162,176,91,91,96,96,102,104,104],"floor_reached":24,"playtime":1491,"items_purged":[],"score":219,"play_id":"035a93aa-4958-46f1-a231-3c4f70a51643","local_time":"20210112004215","is_ascension_mode":false,"campfire_choices":[{"data":"SnafuTest:FlashingRaid","floor":6,"key":"SMITH"},{"data":"SnafuTest:PowerMahakam","floor":8,"key":"SMITH"},{"data":"SnafuTest:SpellLifeDrain","floor":15,"key":"SMITH"}],"circlet_count":0,"master_deck":["SnafuTest:DefaultCommonAttack","SnafuTest:DefaultCommonAttack","SnafuTest:DefaultCommonAttack","SnafuTest:BountyHunt","SnafuTest:DefaultCommonSkill","SnafuTest:DefaultCommonSkill","SnafuTest:SignYrden+1","SnafuTest:FlashingRaid+1","SnafuTest:MCPlayGwent","SnafuTest:PowerMahakam+1","SnafuTest:SignQuen","SnafuTest:SpellLifeDrain+1","SnafuTest:AssassinOfKings","SnafuTest:BombNorthernWind","SnafuTest:SpellDispellingPush","SnafuTest:PayWeaponSmith","infinitespire:DeathsTouch","SnafuTest:MCSongOfPeace"],"relics":["SnafuTest:UnstableMutagenRelic","NeowsBlessing","hubris:Reverence","DemoMod:GnawedKey","Ancient Tea Set","DemoMod:Metronome","Hallownest:BankAccountRelic","conspire:SlowCooker","hubris:Potato"],"acts_visited":["Hallownest:Greenpath","TheCity"],"potions_floor_usage":[23],"damage_taken":[{"damage":3,"enemies":"2_ Uuma","floor":1,"turns":2},{"damage":0,"enemies":"Hallownest:monsterHuskWarrior","floor":2,"turns":1},{"damage":0,"enemies":"Hallownest:eliteVengeflyKing","floor":7,"turns":1},{"damage":7,"enemies":"Hallownest:monsterHuskGuard","floor":12,"turns":5},{"damage":0,"enemies":"Hallownest:Guard_and_Warrior","floor":14,"turns":9},{"damage":50,"enemies":"Hallownest:BossHornet","floor":16,"turns":15},{"damage":11,"enemies":"Shell Parasite","floor":18,"turns":8},{"damage":7,"enemies":"Spheric Guardian","floor":21,"turns":6},{"damage":22,"enemies":"3 Cultists","floor":23,"turns":4},{"damage":20,"enemies":"HollowMod:Nosk","floor":24,"turns":6}],"seed_played":"-5889948705721346827","potions_obtained":[{"floor":2,"key":"DemoMod:LeadSkinPotion"},{"floor":14,"key":"Block Potion"},{"floor":16,"key":"Explosive Potion"}],"is_trial":false,"path_per_floor":["M","M","?","T","$","R","E","R","T","?","?","M","$","M","R","B",null,"M","?","?","M","?","M","E"],"character_chosen":"THE_WITCHER","items_purchased":["DemoMod:GnawedKey"],"campfire_rested":0,"item_purchase_floors":[5],"current_hp_per_floor":[72,72,72,72,72,72,72,72,72,72,62,55,55,55,55,5,75,64,64,64,57,40,18,0,0],"gold":104,"neow_bonus":"THREE_ENEMY_KILL","is_daily":false,"chose_seed":false,"campfire_upgraded":3,"win_rate":0.0,"timestamp":1610412135,"path_taken":["M","M","?","?","?","R","E","R","T","?","?","M","$","?","R","BOSS","M","?","?","?","?","M","E"],"items_purchased_type":["Relic"],"build_version":"2020-12-22","purchased_purges":0,"victory":false,"max_hp_per_floor":[75,75,75,75,75,75,75,75,75,75,75,75,75,75,75,75,75,75,75,75,75,75,75,75,75],"card_choices":[{"not_picked":["SnafuTest:ArmoredSortie","SnafuTest:SpellSageOmniscience"],"picked":"SnafuTest:FlashingRaid","floor":1},{"not_picked":["SnafuTest:ArmoredSortie","SnafuTest:Offering"],"picked":"SnafuTest:MCPlayGwent","floor":2},{"not_picked":["SnafuTest:BombMoonDust","SnafuTest:ScholarsIntrigue"],"picked":"SnafuTest:PowerMahakam","floor":7},{"not_picked":["SnafuTest:SneakKill","SnafuTest:PowerVainGlory"],"picked":"SnafuTest:SignQuen","floor":12},{"not_picked":["SnafuTest:PowerHangmenTree","SnafuTest:SpellButterflyIllusion"],"picked":"SnafuTest:SpellLifeDrain","floor":14},{"not_picked":["SnafuTest:Amputation","SnafuTest:LeadingCharge"],"picked":"SnafuTest:AssassinOfKings","floor":16},{"not_picked":["SnafuTest:BlueWhale","SnafuTest:MCFeignDeath"],"picked":"SnafuTest:BombNorthernWind","floor":18},{"not_picked":["SnafuTest:CareTaker","SnafuTest:HermitsErudition+1"],"picked":"SnafuTest:PayWeaponSmith","floor":21},{"not_picked":["infinitespire:SealOfDarkness+","ReplayTheSpireMod:Haul"],"picked":"infinitespire:DeathsTouch","floor":22},{"not_picked":["SnafuTest:DesperateRemediation","SnafuTest:Shooting"],"picked":"SnafuTest:MCSongOfPeace","floor":23}],"player_experience":98781,"relics_obtained":[{"floor":4,"key":"hubris:Reverence"},{"floor":7,"key":"Ancient Tea Set"},{"floor":9,"key":"DemoMod:Metronome"}],"event_choices":[{"damage_healed":0,"gold_gain":0,"player_choice":"Obtained Relic","damage_taken":0,"relics_obtained":["hubris:Potato"],"max_hp_gain":0,"max_hp_loss":0,"event_name":"Addict","floor":19,"gold_loss":85},{"damage_healed":0,"gold_gain":0,"cards_transformed":["SnafuTest:DefaultCommonSkill"],"player_choice":"Transformed","damage_taken":0,"max_hp_gain":0,"max_hp_loss":0,"event_name":"Transmorgrifier","floor":20,"gold_loss":0,"cards_obtained":["SnafuTest:SpellDispellingPush"]}],"is_beta":false,"boss_relics":[{"not_picked":["Ring of Chaos","vexMod:NewClearReactor"],"picked":"conspire:SlowCooker"}],"items_purged_floors":[],"is_endless":false,"potions_floor_spawned":[2,14,16],"killed_by":"HollowMod:Nosk","ascension_level":0}}