{"host":"981nlwu0905dw1bz","time":1610466288,"event":{"mods":["AchievementEnabler","BaseMod","DeckTracker","Minty Spire (QoL Compilation)","Rare Cards Sparkle","SuperFastMode"],"gold_per_floor":[110,126,139,158,158,158,158,170,170,187,187,200,219,233,233,233,233],"floor_reached":16,"playtime":497,"items_purged":[],"score":152,"play_id":"b8e875cd-c4ef-4ee3-9717-cc22df564832","local_time":"20210113004448","is_ascension_mode":true,"campfire_choices":[{"data":"Cloak And Dagger","floor":6.0,"key":"SMITH"},{"floor":11,"key":"REST"},{"floor":15,"key":"REST"}],"circlet_count":0,"master_deck":["AscendersBane","Strike_G","Strike_G","Strike_G","Strike_G","Strike_G","Defend_G","Defend_G","Defend_G","Defend_G","Defend_G","Survivor","Neutralize","Cloak And Dagger+1","Poisoned Stab","Backflip","Noxious Fumes","Poisoned Stab","Deadly Poison","Cloak And Dagger"],"relics":["Ring of the Snake","Dream Catcher","Smiling Mask"],"acts_visited":["Exordium"],"potions_floor_usage":[16],"damage_taken":[{"damage":0.0,"enemies":"Small Slimes","floor":1.0,"turns":4.0},{"damage":3.0,"enemies":"Jaw Worm","floor":2.0,"turns":5.0},{"damage":2.0,"enemies":"Cultist","floor":3.0,"turns":4.0},{"damage":0.0,"enemies":"Looter","floor":4.0,"turns":4.0},{"damage":2,"enemies":"Blue Slaver","floor":8,"turns":4},{"damage":16,"enemies":"Exordium Wildlife","floor":10,"turns":5},{"damage":0,"enemies":"Looter","floor":12,"turns":4},{"damage":20,"enemies":"Lots of Slimes","floor":13,"turns":5},{"damage":3,"enemies":"Blue Slaver","floor":14,"turns":4},{"damage":64,"enemies":"Slime Boss","floor":16,"turns":6}],"seed_played":"-5763920878991982821","potions_obtained":[{"floor":2.0,"key":"SkillPotion"},{"floor":10,"key":"Dexterity Potion"},{"floor":12,"key":"LiquidBronze"}],"is_trial":false,"path_per_floor":["M","M","M","M","?","R","?","M","T","M","R","M","M","M","R","B"],"character_chosen":"THE_SILENT","items_purchased":[],"campfire_rested":2,"item_purchase_floors":[],"current_hp_per_floor":[63,60,58,58,58,58,58,56,56,40,61,61,41,38,59,0,0],"gold":233,"neow_bonus":"RANDOM_COMMON_RELIC","is_daily":false,"chose_seed":false,"campfire_upgraded":1,"win_rate":0.0,"timestamp":1610466288,"path_taken":["M","M","M","M","?","R","?","M","T","M","R","M","M","M","R","BOSS"],"items_purchased_type":[],"build_version":"2020-12-22","purchased_purges":0,"victory":false,"max_hp_per_floor":[70,70,70,70,70,70,70,70,70,70,70,70,70,70,70,70,70],"card_choices":[{"not_picked":["PiercingWail","Concentrate"],"picked":"Cloak And Dagger","floor":1.0},{"not_picked":["Expertise","Heel Hook","Underhanded Strike"],"picked":"SKIP","floor":2.0},{"not_picked":["Leg Sweep","Choke"],"picked":"Poisoned Stab","floor":3.0},{"not_picked":["Outmaneuver","Endless Agony"],"picked":"Backflip","floor":4.0},{"not_picked":["Setup","Bane"],"picked":"Noxious Fumes","floor":8},{"not_picked":["PiercingWail","Underhanded Strike","Predator"],"picked":"SKIP","floor":10},{"not_picked":["Flying Knee","Caltrops"],"picked":"Poisoned Stab","floor":11},{"not_picked":["Flying Knee","PiercingWail","Quick Slash"],"picked":"SKIP","floor":12},{"not_picked":["Infinite Blades","Dodge and Roll","Burst"],"picked":"SKIP","floor":13},{"not_picked":["Endless Agony","Dodge and Roll"],"picked":"Deadly Poison","floor":14},{"not_picked":["Flying Knee","Dagger Spray"],"picked":"Cloak And Dagger","floor":15}],"player_experience":543187,"relics_obtained":[{"floor":9,"key":"Smiling Mask"}],"event_choices":[{"damage_healed":0.0,"max_hp_gain":0.0,"max_hp_loss":0.0,"gold_gain":0.0,"event_name":"Liars Game","player_choice":"Ignored","floor":5.0,"gold_loss":0.0,"damage_taken":0.0},{"damage_healed":0,"gold_gain":0,"player_choice":"Searched \u00270\u0027 times","damage_taken":0,"max_hp_gain":0,"max_hp_loss":0,"event_name":"Dead Adventurer","floor":7,"gold_loss":0}],"is_beta":false,"boss_relics":[],"items_purged_floors":[],"is_endless":false,"potions_floor_spawned":[2,10,12,14],"killed_by":"Slime Boss","ascension_level":11}}