{"host":"2hea6pl5vmah38iy","time":1610479593,"event":{"mods":["AchievementEnabler","BaseMod","Colored Map","DeckTracker","Keyboard Shortcuts","Minty Spire (QoL Compilation)","Rare Cards Sparkle","StSLib","SuperFastMode","everything is the same but u backflip on backflip"],"gold_per_floor":[112,122,132,132,57,57,85,85,85,85,103,114,114,139,139,213,213,229,229,229],"floor_reached":19,"language":"KOR","playtime":704,"items_purged":[],"score":313,"play_id":"3f07c03a-661f-4927-b387-d0db926e0a95","local_time":"20210113042633","is_ascension_mode":true,"campfire_choices":[{"data":"Strike_B","floor":6,"key":"PURGE"},{"data":"Strike_B","floor":8,"key":"PURGE"},{"data":"Zap","floor":10,"key":"SMITH"},{"floor":15,"key":"REST"}],"circlet_count":0,"master_deck":["AscendersBane","Strike_B","Strike_B","Defend_B","Defend_B","Defend_B","Defend_B","Zap+1","Dualcast","Compile Driver","Ball Lightning","Coolheaded","Sunder","Streamline","Go for the Eyes+1","Echo Form","Gash+1"],"relics":["Cracked Core","Peace Pipe","Calipers","Blue Candle","FossilizedHelix","Molten Egg 2","Philosopher\u0027s Stone"],"acts_visited":["Exordium","TheCity"],"potions_floor_usage":[4,7,16],"damage_taken":[{"damage":3,"enemies":"Cultist","floor":1,"turns":3},{"damage":6,"enemies":"Jaw Worm","floor":2,"turns":3},{"damage":7,"enemies":"Small Slimes","floor":3,"turns":3},{"damage":0,"enemies":"Gremlin Gang","floor":4,"turns":1},{"damage":20,"enemies":"Lagavulin","floor":7,"turns":6},{"damage":5,"enemies":"2 Fungi Beasts","floor":11,"turns":4},{"damage":4,"enemies":"Looter","floor":12,"turns":3},{"damage":15,"enemies":"3 Sentries","floor":14,"turns":5},{"damage":19,"enemies":"The Guardian","floor":16,"turns":10},{"damage":51,"enemies":"3 Byrds","floor":18,"turns":5},{"damage":0,"enemies":"Chosen","floor":19,"turns":1}],"seed_played":"1435943962763135009","potions_obtained":[{"floor":1,"key":"Dexterity Potion"},{"floor":2,"key":"SmokeBomb"},{"floor":12,"key":"FocusPotion"}],"is_trial":false,"path_per_floor":["M","M","M","M","?","R","E","R","T","R","M","M","T","E","R","B",null,"M","M"],"character_chosen":"DEFECT","items_purchased":[],"campfire_rested":1,"item_purchase_floors":[],"current_hp_per_floor":[61,55,48,48,48,48,28,28,28,28,23,19,19,4,25,6,55,4,4,4],"gold":229,"neow_bonus":"ONE_RARE_RELIC","is_daily":false,"chose_seed":false,"campfire_upgraded":1,"win_rate":0.0,"timestamp":1610479593,"path_taken":["M","M","M","M","?","R","E","R","T","R","M","M","?","E","R","BOSS","M","M"],"items_purchased_type":[],"build_version":"2020-12-22","purchased_purges":0,"victory":false,"max_hp_per_floor":[71,71,71,71,71,71,71,71,71,71,71,71,71,71,71,71,71,71,71,71],"card_choices":[{"not_picked":["Turbo","Tempest"],"picked":"Compile Driver","floor":1},{"not_picked":["Turbo","Redo"],"picked":"Ball Lightning","floor":2},{"not_picked":["Conserve Battery","Loop","Rebound"],"picked":"SKIP","floor":3},{"not_picked":["Buffer","Redo"],"picked":"Coolheaded","floor":7},{"not_picked":["Capacitor","BootSequence"],"picked":"Sunder","floor":11},{"not_picked":["Steam","Melter"],"picked":"Streamline","floor":12},{"not_picked":["Lockon+1","Force Field"],"picked":"Go for the Eyes+1","floor":14},{"not_picked":["Thunder Strike+1","Creative AI"],"picked":"Echo Form","floor":16},{"not_picked":["Ball Lightning+1","Leap"],"picked":"Gash+1","floor":18}],"player_experience":471986,"relics_obtained":[{"floor":7,"key":"Calipers"},{"floor":9,"key":"Blue Candle"},{"floor":13,"key":"FossilizedHelix"},{"floor":14,"key":"Molten Egg 2"}],"event_choices":[{"cards_removed":["Regret"],"damage_healed":0,"gold_gain":0,"player_choice":"Card Removal","damage_taken":0,"max_hp_gain":0,"max_hp_loss":0,"event_name":"The Cleric","floor":5,"gold_loss":75}],"is_beta":false,"boss_relics":[{"not_picked":["Black Star","Coffee Dripper"],"picked":"Philosopher\u0027s Stone"}],"items_purged_floors":[],"is_endless":false,"potions_floor_spawned":[1,2,3,12],"killed_by":"Chosen","ascension_level":15}}