{"host":"qgpuimdto8vl2dfg","time":1610441086,"event":{"mods":["Act Like it!","BaseMod","Colored Powertips","Gensokyo","KinomotoSakuraMod(Ä¾Ö®±¾Ó£)","Koishi","Minty Spire (QoL Compilation)","Quick Restart","Relic Stats","Replay The Spire","Shop Mod","StSLib","The Administrix"],"gold_per_floor":[110,125,203,203,283,313,313,345,371,371,398,398,398,437,446,559,559,585,611,611,611,611,611,611],"floor_reached":23,"playtime":1382,"items_purged":[],"score":258,"play_id":"32564e39-ec4b-454f-9d76-dbed0da3c9fb","local_time":"20210112164446","is_ascension_mode":true,"campfire_choices":[{"data":"ClowCardTheVoice","floor":10.0,"key":"SMITH"},{"data":"ClowCardTheLight","floor":13.0,"key":"SMITH"},{"data":"ClowCardTheThrough","floor":15.0,"key":"SMITH"}],"circlet_count":0,"master_deck":["SakuraCardTheSword+","ClowCardTheSword","ClowCardTheShield","ClowCardTheShield","ClowCardTheShield","SpellCardSeal","SpellCardRelease","ClowCardTheDash","ClowCardTheVoice+1","ClowCardTheLight+1","ClowCardTheVoice","ClowCardTheThrough+1","ClowCardTheTime","ClowCardTheThrough","ClowCardTheShot+1","ClowCardTheFloat"],"relics":["KSMOD_SealedBook","KSMOD_SealedWand","NeowsBlessing","Garlic","Replay:PocketPolymizer","KSMOD_SwordJade","Juzu Bracelet","Replay:Rubber Ducky","Gensokyo:Mercy","CeramicFish","Replay:Grab Bag","KSMOD_DarknessWand","Philosopher\u0027s Stone","Black Star","Frozen Eye"],"acts_visited":["Exordium","Gensokyo:Gensokyo"],"potions_floor_usage":[],"damage_taken":[{"damage":0.0,"enemies":"Gensokyo:Gryphon","floor":1.0,"turns":1.0},{"damage":1.0,"enemies":"Gensokyo:2_Kodama","floor":2.0,"turns":3.0},{"damage":0.0,"enemies":"Gensokyo:Mamizou","floor":6.0,"turns":3.0},{"damage":1.0,"enemies":"Gensokyo:Cirno","floor":8.0,"turns":4.0},{"damage":16.0,"enemies":"Gensokyo:Aya","floor":11.0,"turns":6.0},{"damage":4.0,"enemies":"Gensokyo:Mamizou","floor":14.0,"turns":7.0},{"damage":9.0,"enemies":"Gensokyo:Kokoro","floor":16.0,"turns":15.0},{"damage":14.0,"enemies":"Gensokyo:Chomper","floor":18.0,"turns":5.0},{"damage":0.0,"enemies":"Gensokyo:2_Gloops","floor":19.0,"turns":5.0},{"damage":0,"enemies":"Gensokyo:Koishi","floor":23,"turns":1}],"seed_played":"-2385435798888904310","potions_obtained":[{"floor":1.0,"key":"CultistPotion"},{"floor":2.0,"key":"Energy Potion"},{"floor":19.0,"key":"Swift Potion"}],"is_trial":false,"path_per_floor":["M","M","T","?","?","E","?","E","T","R","E","?","R","E","R","B",null,"M","M","?","?","?","E"],"character_chosen":"KINOMOTOSAKURA","items_purchased":[],"campfire_rested":0,"item_purchase_floors":[],"current_hp_per_floor":[70,69,69,69,69,69,59,58,58,58,42,42,42,38,38,29,70,56,56,56,56,56,56,56],"gold":611,"neow_bonus":"THREE_ENEMY_KILL","is_daily":false,"chose_seed":false,"campfire_upgraded":3,"win_rate":0.0,"timestamp":1610441086,"path_taken":["M","?","?","?","?","E","?","E","T","R","E","?","R","E","R","BOSS","M","M","?","?","?","E"],"items_purchased_type":[],"build_version":"2020-12-22","purchased_purges":0,"victory":false,"max_hp_per_floor":[70,70,70,70,70,70,70,70,70,70,70,70,70,70,70,70,70,70,70,70,70,70,70,70],"relic_stats":{"counters":[10,49],"CeramicFish":45,"Juzu Bracelet":2,"Black Star":0,"obtain_stats":[{"Replay:PocketPolymizer":6,"NeowsBlessing":0,"KSMOD_SealedBook":0,"CeramicFish":14,"Replay:Grab Bag":17,"Juzu Bracelet":9,"Replay:Rubber Ducky":11,"Frozen Eye":23,"Gensokyo:Mercy":12,"KSMOD_DarknessWand":17,"KSMOD_SwordJade":8,"Philosopher\u0027s Stone":17,"KSMOD_SealedWand":0,"Garlic":3,"Black Star":17},{"Replay:PocketPolymizer":3,"NeowsBlessing":0,"KSMOD_SealedBook":0,"CeramicFish":6,"Replay:Grab Bag":7,"Juzu Bracelet":4,"Replay:Rubber Ducky":5,"Frozen Eye":9,"Gensokyo:Mercy":5,"KSMOD_DarknessWand":7,"KSMOD_SwordJade":4,"Philosopher\u0027s Stone":7,"KSMOD_SealedWand":0,"Garlic":2,"Black Star":7},{"Replay:PocketPolymizer":7,"NeowsBlessing":0,"KSMOD_SealedBook":0,"CeramicFish":24,"Replay:Grab Bag":39,"Juzu Bracelet":11,"Replay:Rubber Ducky":17,"Frozen Eye":49,"Gensokyo:Mercy":17,"KSMOD_DarknessWand":39,"KSMOD_SwordJade":11,"Philosopher\u0027s Stone":39,"KSMOD_SealedWand":0,"Garlic":4,"Black Star":39}]},"card_choices":[{"not_picked":["ClowCardTheSong","ClowCardTheRain","ClowCardTheCloud"],"picked":"SKIP","floor":1.0},{"not_picked":["ClowCardTheWood","ClowCardTheWave","ClowCardTheMaze"],"picked":"SKIP","floor":2.0},{"not_picked":["ClowCardThePower","ClowCardTheEarthy"],"picked":"ClowCardTheDash","floor":6.0},{"not_picked":["ClowCardTheCloud","ClowCardTheMaze"],"picked":"ClowCardTheVoice","floor":8.0},{"not_picked":["ClowCardTheIllusion","ClowCardTheCloud"],"picked":"ClowCardTheVoice","floor":11.0},{"not_picked":["ClowCardTheMove","ClowCardTheLibra"],"picked":"ClowCardTheBig","floor":14.0},{"not_picked":["ClowCardTheDash","ClowCardTheTime"],"picked":"ClowCardTheThrough","floor":16.0},{"not_picked":["ClowCardTheSleep+1","ClowCardTheVoice"],"picked":"ClowCardTheShot+1","floor":18.0},{"not_picked":["ClowCardTheWatery","ClowCardTheIllusion+1"],"picked":"ClowCardTheFloat","floor":19.0}],"player_experience":452975,"relics_obtained":[{"floor":3.0,"key":"Garlic"},{"floor":6.0,"key":"Replay:PocketPolymizer"},{"floor":8.0,"key":"KSMOD_SwordJade"},{"floor":9.0,"key":"Juzu Bracelet"},{"floor":11.0,"key":"Replay:Rubber Ducky"},{"floor":14.0,"key":"CeramicFish"}],"event_choices":[],"is_beta":false,"boss_relics":[{"not_picked":["Velvet Choker","Empty Cage"],"picked":"Replay:Grab Bag"},{"not_picked":["ChewingGum","Cursed Key"],"picked":"KSMOD_DarknessWand"},{"not_picked":["Runic Dome","Fusion Hammer"],"picked":"Philosopher\u0027s Stone"},{"not_picked":["Ring of Chaos","SacredBark"],"picked":"Black Star"}],"items_purged_floors":[],"is_endless":false,"potions_floor_spawned":[1,2,19],"killed_by":"Gensokyo:Koishi","ascension_level":2}}