{"host":"o7j6aatxjwpw1421","time":1610460453,"event":{"mods":["2.2 Compatiblity","AchievementEnabler","BaseMod","Colored Map","DeckTracker","Highlight Path","Keyboard Shortcuts","Minty Spire (QoL Compilation)","Permanent Neow","Quick Restart","StSLib","SuperFastMode","everything is the same but u backflip on backflip"],"gold_per_floor":[119,119,131,142,161,161,180,192,192,227,227,246,246,257,257,257,257],"floor_reached":16,"playtime":504,"items_purged":[],"score":207,"play_id":"2dd20bf0-4abb-4b8d-9044-b21d28e9cf54","local_time":"20210112230733","is_ascension_mode":true,"campfire_choices":[{"data":"Whirlwind","floor":6.0,"key":"SMITH"},{"data":"Limit Break","floor":11.0,"key":"SMITH"},{"data":"Wild Strike","floor":13.0,"key":"SMITH"},{"data":"Bash","floor":15.0,"key":"SMITH"}],"circlet_count":0,"master_deck":["AscendersBane","Strike_R","Strike_R","Strike_R","Strike_R","Defend_R","Defend_R","Defend_R","Bash+1","Exhume","Whirlwind+1","Wild Strike+1","Limit Break+1"],"relics":["Burning Blood","Bottled Flame","Pear"],"acts_visited":["Exordium"],"potions_floor_usage":[],"damage_taken":[{"damage":11.0,"enemies":"Small Slimes","floor":1.0,"turns":3.0},{"damage":7.0,"enemies":"Cultist","floor":3.0,"turns":4.0},{"damage":14.0,"enemies":"Jaw Worm","floor":4.0,"turns":4.0},{"damage":11.0,"enemies":"Gremlin Gang","floor":5.0,"turns":3.0},{"damage":0.0,"enemies":"2 Fungi Beasts","floor":7.0,"turns":2.0},{"damage":5.0,"enemies":"3 Louse","floor":8.0,"turns":3.0},{"damage":6.0,"enemies":"Gremlin Nob","floor":10.0,"turns":3.0},{"damage":0.0,"enemies":"Gremlin Gang","floor":12.0,"turns":1.0},{"damage":6.0,"enemies":"Exordium Wildlife","floor":14.0,"turns":4.0},{"damage":57,"enemies":"The Guardian","floor":16,"turns":9}],"seed_played":"3062243496845438582","potions_obtained":[{"floor":1.0,"key":"Ancient Potion"},{"floor":3.0,"key":"BlessingOfTheForge"},{"floor":4.0,"key":"AttackPotion"}],"is_trial":false,"path_per_floor":["M","?","M","M","M","R","M","M","T","E","R","M","R","M","R","B"],"character_chosen":"IRONCLAD","items_purchased":[],"campfire_rested":0,"item_purchase_floors":[],"current_hp_per_floor":[63,63,62,54,49,49,55,56,56,66,66,72,72,72,72,15,15],"gold":257,"neow_bonus":"TRANSFORM_TWO_CARDS","is_daily":false,"chose_seed":false,"campfire_upgraded":4,"win_rate":0.0,"timestamp":1610460453,"path_taken":["M","?","?","M","M","R","M","M","T","E","R","M","R","M","R","BOSS"],"items_purchased_type":[],"build_version":"2020-12-22","purchased_purges":0,"victory":false,"max_hp_per_floor":[68,68,68,68,68,68,68,68,68,78,78,78,78,78,78,78,78],"card_choices":[{"not_picked":["Sever Soul","Combust","Ghostly Armor"],"picked":"SKIP","floor":1.0},{"not_picked":["Havoc","Thunderclap","Ghostly Armor"],"picked":"SKIP","floor":3.0},{"not_picked":["Hemokinesis","Flex","Clash"],"picked":"SKIP","floor":4.0},{"not_picked":["Sentinel","Heavy Blade","Metallicize"],"picked":"SKIP","floor":5.0},{"not_picked":["Burning Pact","Warcry"],"picked":"Wild Strike","floor":7.0},{"not_picked":["Twin Strike","Disarm","Havoc"],"picked":"SKIP","floor":8.0},{"not_picked":["Ghostly Armor","Armaments"],"picked":"Limit Break","floor":10.0},{"not_picked":["Clothesline","Thunderclap","Heavy Blade"],"picked":"SKIP","floor":12.0},{"not_picked":["True Grit","Thunderclap","Cleave"],"picked":"SKIP","floor":14.0}],"player_experience":500183,"relics_obtained":[{"floor":9.0,"key":"Bottled Flame"},{"floor":10.0,"key":"Pear"}],"event_choices":[{"damage_healed":0.0,"max_hp_gain":0.0,"max_hp_loss":0.0,"gold_gain":0.0,"event_name":"Match and Keep!","player_choice":"0 cards matched","floor":2.0,"gold_loss":0.0,"damage_taken":0.0,"cards_obtained":[]}],"is_beta":false,"boss_relics":[],"items_purged_floors":[],"is_endless":false,"potions_floor_spawned":[1,3,4,7,8],"killed_by":"The Guardian","ascension_level":19}}