{"host":"xwog71r75u8mqwn1","time":1610411101,"event":{"mods":["BaseMod","Evolution","Minty Spire (QoL Compilation)","StSLib"],"gold_per_floor":[18,18,193,216,231,256,256,110,135,85,85,75,95,119,119,244,244,244,29,0,0,0,0,0,0,0,0,0,0,0,0,0,0,0,0,0,0,0,0,0,0,0,0,0,0,0,0,0,0,0],"floor_reached":51,"playtime":5672,"items_purged":["Doubt","Defend_P"],"score":911,"play_id":"acf29e94-fadf-41fe-ae98-f2a3566fb1e3","local_time":"20210111182501","is_ascension_mode":true,"campfire_choices":[{"floor":7,"key":"REST"},{"data":"WindmillStrike","floor":15,"key":"SMITH"},{"floor":30,"key":"REST"},{"data":"CutThroughFate","floor":32,"key":"SMITH"},{"floor":40,"key":"REST"},{"floor":44,"key":"REST"},{"floor":49,"key":"REST"}],"circlet_count":0,"master_deck":["FollowUp","Strike_P","Strike_P","Defend_P","Defend_P","Eruption","Vigilance","FearNoEvil","InnerPeace","FollowUp","Sanctity","LikeWater","InnerPeace","WindmillStrike+1","CutThroughFate","DeusExMachina","LikeWater","CutThroughFate+1","Swivel","Weave","Crescendo","Crescendo+1","ThirdEye","JustLucky","Wish","JustLucky","JustLucky+1","Parasite","FlurryOfBlows+1","FollowUp","Wireheading","Weave","Parasite","FlurryOfBlows+1"],"relics":["HolyWater","EVO:Axolotl","Ginger","Golden Idol","Anchor","Ectoplasm","Toy Ornithopter","Singing Bowl","Gremlin Horn","Kunai","White Beast Statue","Blood Vial","Red Mask","Damaru"],"acts_visited":["Exordium","TheCity","TheBeyond"],"potions_floor_usage":[16,31,33,33,35,36,39,45,48,50],"damage_taken":[{"damage":4,"enemies":"Small Slimes","floor":1,"turns":3},{"damage":0,"enemies":"2 Louse","floor":4,"turns":3},{"damage":16,"enemies":"Jaw Worm","floor":5,"turns":3},{"damage":6,"enemies":"Looter","floor":6,"turns":2},{"damage":1,"enemies":"Exordium Thugs","floor":12,"turns":4},{"damage":0,"enemies":"Gremlin Gang","floor":13,"turns":5},{"damage":0,"enemies":"Blue Slaver","floor":14,"turns":2},{"damage":45,"enemies":"Hexaghost","floor":16,"turns":10},{"damage":0,"enemies":"Spheric Guardian","floor":18,"turns":3},{"damage":6,"enemies":"Book of Stabbing","floor":23,"turns":6},{"damage":0,"enemies":"3 Byrds","floor":24,"turns":4},{"damage":38,"enemies":"Slavers","floor":25,"turns":8},{"damage":0,"enemies":"Gremlin Leader","floor":27,"turns":5},{"damage":12,"enemies":"Sentry and Sphere","floor":28,"turns":5},{"damage":0,"enemies":"Chosen and Byrds","floor":29,"turns":3},{"damage":14,"enemies":"Slavers","floor":31,"turns":4},{"damage":0,"enemies":"Automaton","floor":33,"turns":6},{"damage":9,"enemies":"3 Shapes","floor":35,"turns":5},{"damage":15,"enemies":"3 Darklings","floor":36,"turns":5},{"damage":2,"enemies":"Maw","floor":37,"turns":7},{"damage":31,"enemies":"Writhing Mass","floor":38,"turns":9},{"damage":22,"enemies":"Spire Growth","floor":39,"turns":4},{"damage":31,"enemies":"Nemesis","floor":41,"turns":9},{"damage":24,"enemies":"Jaw Worm Horde","floor":45,"turns":4},{"damage":0,"enemies":"Writhing Mass","floor":47,"turns":8},{"damage":35,"enemies":"Spire Growth","floor":48,"turns":5},{"damage":40,"enemies":"Awakened One","floor":50,"turns":20}],"seed_played":"-3692777157567663401","potions_obtained":[{"floor":5,"key":"SkillPotion"},{"floor":12,"key":"ColorlessPotion"},{"floor":13,"key":"Strength Potion"},{"floor":23,"key":"AttackPotion"},{"floor":31,"key":"Strength Potion"},{"floor":33,"key":"Fire Potion"},{"floor":35,"key":"AttackPotion"},{"floor":36,"key":"DistilledChaos"},{"floor":38,"key":"FairyPotion"},{"floor":39,"key":"Energy Potion"},{"floor":45,"key":"SpeedPotion"},{"floor":47,"key":"LiquidMemories"},{"floor":48,"key":"Weak Potion"}],"is_trial":false,"path_per_floor":["M","?","?","M","M","M","R","$","T","?","$","M","M","M","R","B",null,"M","$","?","?","$","E","M","E","T","E","M","M","R","E","R","B",null,"M","M","M","M","M","R","E","?","T","R","M","?","M","M","R","B",null],"character_chosen":"WATCHER","items_purchased":["LikeWater","LikeWater","CutThroughFate"],"campfire_rested":5,"item_purchase_floors":[8,19,19],"current_hp_per_floor":[68,50,50,50,34,28,49,49,49,49,49,48,48,48,48,3,72,72,72,72,72,72,66,66,28,28,28,18,18,40,31,31,41,74,68,58,58,27,12,35,4,4,4,27,10,10,14,20,44,11],"gold":0,"neow_bonus":"ONE_RARE_RELIC","is_daily":false,"chose_seed":false,"campfire_upgraded":2,"win_rate":0.0,"timestamp":1610411101,"path_taken":["M","?","?","M","M","M","R","?","T","?","$","M","?","?","R","BOSS","M","$","?","?","$","E","M","E","T","E","M","M","R","E","R","BOSS","M","?","M","M","M","R","E","?","T","R","M","?","M","?","R","BOSS"],"items_purchased_type":["Card","Card","Card"],"build_version":"2020-12-22","purchased_purges":2,"victory":true,"max_hp_per_floor":[72,72,72,72,72,72,72,72,72,72,72,72,72,72,72,72,72,72,72,72,72,72,72,72,72,72,72,74,74,74,74,74,74,74,74,74,76,76,78,78,78,78,78,78,78,78,80,80,80,80],"card_choices":[{"not_picked":["SashWhip","EmptyMind"],"picked":"FearNoEvil","floor":1},{"not_picked":["Wallop","SashWhip"],"picked":"InnerPeace","floor":4},{"not_picked":["WheelKick","Crescendo"],"picked":"FollowUp","floor":5},{"not_picked":["ReachHeaven","Blasphemy"],"picked":"Sanctity","floor":6},{"not_picked":["Pray","SashWhip"],"picked":"InnerPeace","floor":12},{"not_picked":["Protect","Evaluate"],"picked":"WindmillStrike","floor":13},{"not_picked":["WindmillStrike","FlurryOfBlows"],"picked":"CutThroughFate","floor":14},{"not_picked":["Scrawl","Blasphemy"],"picked":"DeusExMachina","floor":16},{"not_picked":["Prostrate","FlyingSleeves","MentalFortress"],"picked":"SKIP","floor":18},{"not_picked":["InnerPeace","Consecrate","BattleHymn"],"picked":"SKIP","floor":23},{"not_picked":["WheelKick","ClearTheMind"],"picked":"Weave","floor":24},{"not_picked":["EmptyFist","BowlingBash"],"picked":"Crescendo","floor":25},{"not_picked":["Swivel","Vault"],"picked":"Crescendo+1","floor":27},{"not_picked":["WaveOfTheHand+1","Protect","Halt"],"picked":"Singing Bowl","floor":28},{"not_picked":["ClearTheMind","Collect+1"],"picked":"ThirdEye","floor":29},{"not_picked":["Halt+1","Crescendo"],"picked":"JustLucky","floor":31},{"not_picked":["Omniscience","Scrawl"],"picked":"Wish","floor":33},{"not_picked":["Indignation","Consecrate"],"picked":"JustLucky","floor":35},{"not_picked":["EmptyFist+1","PathToVictory"],"picked":"JustLucky+1","floor":36},{"not_picked":["EmptyMind","SashWhip+1","Halt"],"picked":"Singing Bowl","floor":37},{"not_picked":["SandsOfTime+1","Study+1"],"picked":"FlurryOfBlows+1","floor":38},{"not_picked":["ForeignInfluence+1","FlyingSleeves+1","Meditate+1"],"picked":"Singing Bowl","floor":39},{"not_picked":["LessonLearned","Ragnarok"],"picked":"FollowUp","floor":41},{"not_picked":["BattleHymn","SandsOfTime"],"picked":"Wireheading","floor":45},{"not_picked":["Protect+1","FlyingSleeves","Crescendo"],"picked":"Singing Bowl","floor":47},{"not_picked":["ThirdEye+1","Prostrate+1"],"picked":"FlurryOfBlows+1","floor":48}],"player_experience":2441262,"relics_obtained":[{"floor":9,"key":"Anchor"},{"floor":23,"key":"Toy Ornithopter"},{"floor":25,"key":"Singing Bowl"},{"floor":26,"key":"Gremlin Horn"},{"floor":27,"key":"Kunai"},{"floor":31,"key":"White Beast Statue"},{"floor":41,"key":"Blood Vial"},{"floor":43,"key":"Damaru"}],"event_choices":[{"damage_healed":0,"gold_gain":0,"player_choice":"Take Damage","damage_taken":18,"relics_obtained":["Golden Idol"],"max_hp_gain":0,"max_hp_loss":0,"event_name":"Golden Idol","floor":2,"gold_loss":0},{"damage_healed":0,"gold_gain":175,"player_choice":"AGREE","damage_taken":0,"max_hp_gain":0,"max_hp_loss":0,"event_name":"Liars Game","floor":3,"gold_loss":0,"cards_obtained":["Doubt"]},{"cards_removed":["Strike_P"],"damage_healed":0,"gold_gain":0,"player_choice":"Card Removal","damage_taken":0,"max_hp_gain":0,"max_hp_loss":0,"event_name":"The Cleric","floor":10,"gold_loss":50},{"damage_healed":0,"gold_gain":0,"player_choice":"Paid Fearfully","damage_taken":0,"max_hp_gain":0,"max_hp_loss":0,"event_name":"Masked Bandits","floor":20,"gold_loss":29},{"damage_healed":0,"gold_gain":0,"cards_transformed":["Defend_P"],"player_choice":"Transformed","damage_taken":0,"max_hp_gain":0,"max_hp_loss":0,"event_name":"Transmorgrifier","floor":21,"gold_loss":0,"cards_obtained":["Swivel"]},{"damage_healed":0,"gold_gain":0,"player_choice":"Paid","damage_taken":0,"relics_obtained":["Red Mask"],"max_hp_gain":0,"max_hp_loss":0,"event_name":"Tomb of Lord Red Mask","floor":42,"gold_loss":0},{"damage_healed":0,"gold_gain":0,"player_choice":"Copied","damage_taken":0,"max_hp_gain":0,"max_hp_loss":0,"event_name":"Duplicator","floor":46,"gold_loss":0,"cards_obtained":["Weave"]}],"is_beta":false,"boss_relics":[{"not_picked":["Tiny House","Fusion Hammer"],"picked":"Ectoplasm"},{"not_picked":["Coffee Dripper","Busted Crown"],"picked":"HolyWater"}],"items_purged_floors":[8,19],"is_endless":false,"potions_floor_spawned":[5,12,13,23,24,27,29,31,33,35,36,37,38,39,41,45,47,48],"ascension_level":2}}