{"host":"eu5wvbbtjeiar27l","time":1610413985,"event":{"mods":["BaseMod","Colored Powertips","Conspire","Hubris","Infinite Spire","Minty Spire (QoL Compilation)","Rare Cards Sparkle","StSLib","vexMod"],"gold_per_floor":[118,118,138,138,12,37,52,52,79,79,112,126,126,142,142,268,268,291,291,311,311,21,56,73,73,73,257,257,257,105,105,105,202,202,216,216,232,245,101,130,130,130,130,143,143,18,18,18,18,115,115,121,121,113,77,79,94,94,44,44,8,8],"floor_reached":61,"playtime":4240,"items_purged":["Strike_G","Defend_G","Strike_G","Pain","Defend_G"],"score":785,"play_id":"292f59e8-35b2-4521-9782-69d5864d5314","local_time":"20210112011305","is_ascension_mode":false,"campfire_choices":[{"data":"Deadly Poison","floor":8,"key":"SMITH"},{"data":"After Image","floor":13,"key":"SMITH"},{"data":"Crippling Poison","floor":15,"key":"SMITH"},{"data":"Envenom","floor":25,"key":"SMITH"},{"data":"hubris:InfiniteBlow","floor":29,"key":"SMITH"},{"data":"hubris:InfiniteBlow+1","floor":32,"key":"SMITH"},{"data":"After Image","floor":41,"key":"SMITH"},{"data":"Sadistic Nature","floor":49,"key":"SMITH"},{"data":"Noxious Fumes","floor":58,"key":"SMITH"}],"circlet_count":0,"master_deck":["Strike_G","Strike_G","Defend_G+1","Defend_G","Survivor","Neutralize","Crippling Poison+1","Distraction","Cloak And Dagger+1","Deadly Poison+1","Quick Slash","Backflip","After Image+1","Crippling Poison+1","Envenom+1","Cloak And Dagger","hubris:InfiniteBlow+3","Cloak And Dagger","Sadistic Nature+1","Adrenaline","Cloak And Dagger","Dagger Spray","Choke","After Image+1","Blade Dance+1","Noxious Fumes+1","Acrobatics","hubris:Fate","Envenom+1","Noxious Fumes+1"],"relics":["Ring of the Snake","hubris:Icosahedron","Juzu Bracelet","War Paint","Bloody Idol","HornCleat","hubris:Backtick","Snake Skull","Bottled Lightning","infinitespire:PuzzleCube","hubris:MobiusCoin","hubris:Metronome","Lee\u0027s Waffle","Busted Crown","vexMod:PaidLearning","Dream Catcher","Molten Egg 2","Question Card","WarpedTongs","Omamori","WristBlade","hubris:CuriousFeather","hubris:SlimyHat"],"acts_visited":["Exordium","TheCity","TheBeyond","Exordium"],"potions_floor_usage":[23,24,50,61,61],"damage_taken":[{"damage":0,"enemies":"Small Slimes","floor":1,"turns":4},{"damage":10,"enemies":"Jaw Worm","floor":3,"turns":4},{"damage":11,"enemies":"Gremlin Nob","floor":6,"turns":5},{"damage":4,"enemies":"Cultist","floor":7,"turns":3},{"damage":12,"enemies":"3 Sentries","floor":11,"turns":11},{"damage":3,"enemies":"Exordium Wildlife","floor":12,"turns":2},{"damage":0,"enemies":"3 Louse","floor":14,"turns":3},{"damage":3,"enemies":"Hexaghost","floor":16,"turns":9},{"damage":6,"enemies":"Shell Parasite","floor":18,"turns":5},{"damage":21,"enemies":"2 Thieves","floor":20,"turns":4},{"damage":4,"enemies":"Nightmare","floor":23,"turns":7},{"damage":18,"enemies":"Shelled Parasite and Fungi","floor":24,"turns":6},{"damage":19,"enemies":"Book of Stabbing","floor":27,"turns":5},{"damage":56,"enemies":"Automaton","floor":33,"turns":9},{"damage":10,"enemies":"3 Darklings","floor":35,"turns":3},{"damage":3,"enemies":"Orb Walker","floor":37,"turns":2},{"damage":18,"enemies":"Jaw Worm Horde","floor":38,"turns":4},{"damage":22,"enemies":"Giant Head","floor":40,"turns":7},{"damage":4,"enemies":"3 Darklings","floor":44,"turns":2},{"damage":57,"enemies":"conspire:OrnateMirror","floor":50,"turns":7},{"damage":0,"enemies":"Cultist","floor":52,"turns":3},{"damage":0,"enemies":"Jaw Worm","floor":54,"turns":2},{"damage":0,"enemies":"Small Slimes","floor":56,"turns":2},{"damage":2,"enemies":"Gremlin Nob","floor":57,"turns":3},{"damage":74,"enemies":"Nightmare","floor":61,"turns":5}],"seed_played":"2600598878777981262","potions_obtained":[{"floor":1,"key":"AttackPotion"},{"floor":6,"key":"Dexterity Potion"},{"floor":11,"key":"DistilledChaos"},{"floor":14,"key":"SkillPotion"},{"floor":33,"key":"PowerPotion"},{"floor":35,"key":"Regen Potion"},{"floor":37,"key":"Energy Potion"},{"floor":52,"key":"LiquidBronze"}],"is_trial":false,"path_per_floor":["M","?","M","?","$","E","M","R","T","?","E","M","R","M","R","B",null,"M","AVR","M","?","$","NM","M","R","T","E","?","R","$","?","R","B",null,"M","?","M","M","$","E","R","AVR","T","M","?","$","T","?","R","B",null,"M","?","M","$","M","E","R","$","T","NM"],"character_chosen":"THE_SILENT","items_purchased":["Deadly Poison","Sadistic Nature","Lee\u0027s Waffle","vexMod:PaidLearning","Noxious Fumes"],"campfire_rested":0,"item_purchase_floors":[5,22,30,39,55],"current_hp_per_floor":[70,70,60,60,60,49,45,45,45,45,33,30,30,30,30,27,65,59,59,38,38,38,39,26,26,26,27,21,21,72,72,72,21,72,67,67,69,56,56,39,39,39,39,40,40,40,40,58,58,11,72,72,72,72,72,72,72,72,72,72,0,0],"gold":8,"neow_bonus":"THREE_CARDS","is_daily":false,"chose_seed":false,"campfire_upgraded":9,"win_rate":0.0,"timestamp":1610413985,"path_taken":["M","?","M","?","?","E","M","R","T","?","E","M","R","M","R","BOSS","M","AVR","M","?","$","NM","M","R","T","E","?","R","$","?","R","BOSS","M","?","M","M","$","E","R","AVR","T","M","?","$","?","?","R","BOSS","M","?","M","?","M","E","R","$","T","NM"],"items_purchased_type":["Card","Card","Relic","Relic","Card"],"build_version":"2020-12-22","purchased_purges":5,"victory":false,"max_hp_per_floor":[70,70,70,70,70,70,70,70,70,65,65,65,65,65,65,65,65,65,65,65,65,65,65,65,65,65,65,65,65,72,72,72,72,72,72,72,72,72,72,72,72,72,72,72,72,72,72,72,72,72,72,72,72,72,72,72,72,72,72,72,72,72],"card_choices":[{"not_picked":["Poisoned Stab","Calculated Gamble"],"picked":"Crippling Poison","floor":0},{"not_picked":["Masterful Stab","Sucker Punch"],"picked":"Distraction","floor":1},{"not_picked":["Underhanded Strike","Heel Hook"],"picked":"Cloak And Dagger","floor":3},{"not_picked":["Deflect","Slice"],"picked":"Quick Slash","floor":6},{"not_picked":["Caltrops","Skewer"],"picked":"Backflip","floor":7},{"not_picked":["Sucker Punch","Dodge and Roll","Dash"],"picked":"SKIP","floor":11},{"not_picked":["Poisoned Stab","Deadly Poison"],"picked":"After Image","floor":12},{"not_picked":["Infinite Blades","Dodge and Roll"],"picked":"Crippling Poison","floor":14},{"not_picked":["infinitespire:Neurotoxin","Die Die Die"],"picked":"Envenom","floor":16},{"not_picked":["conspire:DoublingDagger","Terror+1"],"picked":"Cloak And Dagger","floor":18},{"not_picked":["Dagger Spray+1","Poisoned Stab"],"picked":"Cloak And Dagger","floor":20},{"not_picked":["PiercingWail","Footwork"],"picked":"Adrenaline","floor":23},{"not_picked":["Quick Slash","Footwork"],"picked":"Cloak And Dagger","floor":24},{"not_picked":["Well Laid Plans+1","Flechettes"],"picked":"Dagger Spray","floor":27},{"not_picked":["Burst","Glass Knife"],"picked":"After Image","floor":33},{"not_picked":[],"picked":"Blade Dance+1","floor":35},{"not_picked":[],"picked":"Noxious Fumes","floor":37},{"not_picked":["Outmaneuver"],"picked":"SKIP","floor":38},{"not_picked":[],"picked":"Acrobatics","floor":40},{"not_picked":["Dodge and Roll","Heel Hook+1"],"picked":"SKIP","floor":44},{"not_picked":["After Image"],"picked":"Envenom","floor":50},{"not_picked":["Outmaneuver","Terror"],"picked":"SKIP","floor":52},{"not_picked":["PiercingWail","Deadly Poison"],"picked":"SKIP","floor":54},{"not_picked":["Prepared","Deflect"],"picked":"SKIP","floor":56},{"not_picked":["PiercingWail","Dagger Spray+1"],"picked":"SKIP","floor":57}],"player_experience":87353,"relics_obtained":[{"floor":6,"key":"Juzu Bracelet"},{"floor":9,"key":"War Paint"},{"floor":11,"key":"HornCleat"},{"floor":23,"key":"infinitespire:PuzzleCube"},{"floor":26,"key":"hubris:MobiusCoin"},{"floor":27,"key":"hubris:Metronome"},{"floor":40,"key":"Dream Catcher"},{"floor":43,"key":"Question Card"},{"floor":47,"key":"Omamori"},{"floor":57,"key":"hubris:CuriousFeather"},{"floor":60,"key":"hubris:SlimyHat"}],"event_choices":[{"damage_healed":0,"gold_gain":0,"player_choice":"Grow","damage_taken":0,"max_hp_gain":0,"max_hp_loss":0,"event_name":"Living Wall","floor":2,"gold_loss":0,"cards_upgraded":["Crippling Poison"]},{"damage_healed":0,"gold_gain":0,"player_choice":"Lose Max HP","damage_taken":0,"relics_obtained":["Golden Idol"],"max_hp_gain":0,"max_hp_loss":5,"event_name":"Golden Idol","floor":10,"gold_loss":0},{"damage_healed":0,"gold_gain":0,"player_choice":"Gave Idol","damage_taken":0,"relics_obtained":["Bloody Idol"],"max_hp_gain":0,"max_hp_loss":0,"event_name":"Forgotten Altar","floor":21,"relics_lost":["Golden Idol"],"gold_loss":0},{"damage_healed":0,"gold_gain":0,"player_choice":"Damaged","damage_taken":6,"max_hp_gain":0,"max_hp_loss":0,"event_name":"Wheel of Change","floor":28,"gold_loss":0},{"damage_healed":0,"gold_gain":0,"cards_transformed":["Strike_G"],"player_choice":"Transformed","damage_taken":0,"max_hp_gain":0,"max_hp_loss":0,"event_name":"Transmorgrifier","floor":31,"gold_loss":0,"cards_obtained":["Choke"]},{"cards_removed":["Defend_G"],"damage_healed":0,"gold_gain":0,"player_choice":"Purged","damage_taken":0,"max_hp_gain":0,"max_hp_loss":0,"event_name":"Purifier","floor":36,"gold_loss":0},{"damage_healed":0,"gold_gain":0,"player_choice":"Rummage","damage_taken":0,"relics_obtained":["WarpedTongs"],"max_hp_gain":0,"max_hp_loss":0,"event_name":"Accursed Blacksmith","floor":45,"gold_loss":0,"cards_obtained":["Pain"]},{"damage_healed":18,"gold_gain":0,"player_choice":"Writhe","damage_taken":0,"max_hp_gain":0,"max_hp_loss":0,"event_name":"Winding Halls","floor":48,"gold_loss":0,"cards_obtained":["Writhe"]},{"damage_healed":0,"gold_gain":0,"player_choice":"Upgraded","damage_taken":0,"max_hp_gain":0,"max_hp_loss":0,"event_name":"Upgrade Shrine","floor":53,"gold_loss":0,"cards_upgraded":["Envenom"]}],"is_beta":false,"boss_relics":[{"not_picked":["vexMod:MegatonBomb","hubris:TerracottaHorce"],"picked":"hubris:Backtick"},{"not_picked":["hubris:GrandSneckoEye","hubris:BlackHole"],"picked":"Busted Crown"},{"not_picked":["vexMod:BigBerry","vexMod:CursedCompass"],"picked":"WristBlade"}],"items_purged_floors":[5,19,22,46,59],"is_endless":true,"potions_floor_spawned":[1,6,11,14,16,18,33,35,37,38,44,52,56],"killed_by":"Nightmare","ascension_level":0}}