{"host":"l97fnvmr74b5xfzs","time":1610473025,"event":{"mods":["AchievementEnabler","BaseMod","Better Third Choice","Downfall","Evolution","Minty Spire (QoL Compilation)","Relic Stats","StSLib"],"gold_per_floor":[99,115,130,143,593,626,626,551,551,68,94,94,19,35,52,153,153,153,173,187,203,303,48,48,48,48,48,63,76,108,108,120,216,216,141,154,168,168,168,185,185,195,195,195,223,11,24,38,52,52],"floor_reached":51,"playtime":6589,"items_purged":["Slimebound:Icky","Guardian:Defend_Guardian","Slimebound:Icky"],"score":701,"play_id":"3188b3a6-501f-4253-989b-7c3503ede434","local_time":"20210112123705","is_ascension_mode":false,"campfire_choices":[{"data":"Guardian:TwinSlam","floor":1,"key":"SMITH"},{"floor":8,"key":"RECALL"},{"data":"Guardian:PrismaticBarrier","floor":13,"key":"SMITH"},{"data":"Guardian:EvasiveProtocol","floor":18,"key":"SMITH"},{"data":"Guardian:SpikerProtocol","floor":26,"key":"SMITH"},{"data":"Guardian:StasisField","floor":35,"key":"SMITH"},{"data":"Guardian:ArmoredProtocol","floor":44,"key":"SMITH"}],"circlet_count":0,"master_deck":["Guardian:Defend_Guardian+1","Guardian:Defend_Guardian+1","Guardian:CurlUp+1","Guardian:TwinSlam+1","Guardian:PrismaticBarrier+1","Slimebound:Icky","Guardian:PiercingHide+1","Parasite","Guardian:BronzeOrb+1","Guardian:EvasiveProtocol+1","Guardian:EvasiveProtocol+1","Guardian:ExploitGems+1","Guardian:Harden+1","Guardian:DonusPower+1","Guardian:ShieldCharger+1","Guardian:ChargeCore+1","Guardian:SpikerProtocol+1","Guardian:PrismaticBeam+1","Bite+1","Bite+1","Bite+1","Bite+1","Guardian:GuardianWhirl+1","Guardian:DonusPower+1","Guardian:SphericShield+1","Guardian:StasisField+1","CurseOfTheBell","Guardian:TemporalStrike+1","Guardian:ArmoredProtocol+1","Guardian:AncientConstruct","Guardian:DecasProtection+1","Guardian:Gem_Lightblue","Guardian:Gem_Crimson","Guardian:Gem_Lightblue"],"relics":["Guardian:ModeShifter","EVO:Axolotl","Sundial","Pantograph","Nunchaku","Smiling Mask","Philosopher\u0027s Stone","Turnip","Molten Egg 2","Anchor","Toy Ornithopter","Nloth\u0027s Gift","Calling Bell","Omamori","Letter Opener","Ginger","TungstenRod","InkBottle","Blood Vial","Lantern"],"acts_visited":["Exordium","TheCity","TheBeyond"],"potions_floor_usage":[6,10,16,16,22,29,30,30,32,40,50,50],"damage_taken":[{"damage":1,"enemies":"Jaw Worm","floor":2,"turns":5},{"damage":0,"enemies":"Small Slimes","floor":3,"turns":3},{"damage":0,"enemies":"2 Louse","floor":4,"turns":2},{"damage":59,"enemies":"Gremlin Nob","floor":6,"turns":8},{"damage":0,"enemies":"downfall:FleeingMerchant","floor":10,"turns":4},{"damage":0,"enemies":"Exordium Thugs","floor":14,"turns":5},{"damage":5,"enemies":"Large Slime","floor":15,"turns":7},{"damage":13,"enemies":"downfall:Watcher","floor":16,"turns":14},{"damage":1,"enemies":"Shell Parasite","floor":19,"turns":8},{"damage":2,"enemies":"Chosen","floor":20,"turns":6},{"damage":0,"enemies":"Snake Plant","floor":21,"turns":5},{"damage":8,"enemies":"downfall:Ironclad","floor":22,"turns":9},{"damage":14,"enemies":"downfall:FleeingMerchant","floor":23,"turns":4},{"damage":2,"enemies":"Centurion and Healer","floor":28,"turns":6},{"damage":18,"enemies":"Cultist and Chosen","floor":29,"turns":6},{"damage":13,"enemies":"Slavers","floor":30,"turns":3},{"damage":1,"enemies":"Snecko","floor":32,"turns":5},{"damage":41,"enemies":"downfall:Silent","floor":33,"turns":8},{"damage":0,"enemies":"3 Shapes","floor":36,"turns":5},{"damage":7,"enemies":"Orb Walker","floor":37,"turns":5},{"damage":28,"enemies":"Spire Growth","floor":40,"turns":6},{"damage":11,"enemies":"Transient","floor":42,"turns":5},{"damage":25,"enemies":"Reptomancer","floor":45,"turns":7},{"damage":6,"enemies":"downfall:FleeingMerchant","floor":46,"turns":4},{"damage":0,"enemies":"4 Shapes","floor":47,"turns":6},{"damage":16,"enemies":"Maw","floor":48,"turns":7},{"damage":0,"enemies":"3 Darklings","floor":49,"turns":4},{"damage":22,"enemies":"downfall:Ironclad","floor":50,"turns":18}],"seed_played":"2624153374754475217","potions_obtained":[{"floor":4,"key":"PowerPotion"},{"floor":6,"key":"ColorlessPotion"},{"floor":15,"key":"Slimebound:ThreeZeroPotion"},{"floor":19,"key":"champ:CounterPotion"},{"floor":28,"key":"Fire Potion"},{"floor":29,"key":"Guardian:BlockOnCardUsePotion"},{"floor":30,"key":"Swift Potion"},{"floor":36,"key":"Block Potion"},{"floor":42,"key":"Guardian:AcceleratePotion"},{"floor":47,"key":"SpeedPotion"},{"floor":48,"key":"Swift Potion"},{"floor":49,"key":"BlessingOfTheForge"}],"is_trial":false,"path_per_floor":["R","M","M","M","?","E","T","R","?","$","T","?","R","M","M","B",null,"R","M","M","M","?","$","T","?","R","?","M","M","E","?","M","B",null,"R","M","M","?","?","M","T","M","T","R","E","$","M","M","M","B",null],"character_chosen":"GUARDIAN","items_purchased":["Guardian:BronzeOrb","Guardian:Gem_Green","Pantograph","Block Potion","Guardian:SpikerProtocol","Guardian:PrismaticBeam+1","AttackPotion","Lantern"],"campfire_rested":0,"item_purchase_floors":[10,10,10,10,23,23,23,46],"current_hp_per_floor":[88,87,87,87,87,28,28,38,62,62,62,62,62,62,57,69,98,98,97,95,95,90,76,76,76,76,68,68,56,49,49,68,39,68,68,68,64,64,64,52,52,50,50,50,46,54,68,58,63,68],"gold":52,"neow_bonus":"TEN_PERCENT_HP_BONUS","is_daily":false,"chose_seed":false,"campfire_upgraded":6,"win_rate":0.0,"timestamp":1610473025,"path_taken":["R","M","M","M","?","E","T","R","?","$","?","?","R","M","M","BOSS","R","M","M","M","?","$","T","?","R","?","?","M","E","?","M","BOSS","R","M","M","?","?","M","T","M","?","R","E","$","?","?","M","BOSS"],"items_purchased_type":["Card","Card","Relic","Potion","Card","Card","Potion","Relic"],"build_version":"2020-12-22","purchased_purges":3,"victory":true,"max_hp_per_floor":[88,88,88,88,88,88,88,98,98,98,98,98,98,98,98,98,98,98,98,98,98,98,98,98,98,98,68,68,68,68,68,68,68,68,68,68,68,68,68,68,68,68,68,68,68,68,68,68,68,68],"relic_stats":{"counters":[28,175],"Letter Opener":[145],"Ginger":[6],"Smiling Mask":125,"Blood Vial":8,"Nunchaku":[28],"Sundial":[18],"Pantograph":31,"Turnip":[3],"Nloth\u0027s Gift":3,"obtain_stats":[{"Lantern":46,"downfall:HeartBlessingRed":13,"Guardian:ModeShifter":0,"downfall:HeartBlessingGreen":35,"Omamori":34,"EVO:Axolotl":0,"Letter Opener":34,"Ginger":34,"Smiling Mask":12,"Calling Bell":34,"Blood Vial":45,"Nunchaku":11,"Anchor":24,"Sundial":6,"downfall:HeartBlessingBlue":8,"Pantograph":10,"Philosopher\u0027s Stone":17,"Molten Egg 2":22,"Turnip":22,"Nloth\u0027s Gift":31,"Toy Ornithopter":30,"TungstenRod":41,"InkBottle":43},{"Lantern":24,"downfall:HeartBlessingRed":5,"Guardian:ModeShifter":0,"downfall:HeartBlessingGreen":18,"Omamori":18,"EVO:Axolotl":0,"Letter Opener":18,"Ginger":18,"Smiling Mask":5,"Calling Bell":18,"Blood Vial":23,"Nunchaku":5,"Anchor":13,"Sundial":4,"downfall:HeartBlessingBlue":4,"Pantograph":5,"Philosopher\u0027s Stone":8,"Molten Egg 2":12,"Turnip":12,"Nloth\u0027s Gift":16,"Toy Ornithopter":16,"TungstenRod":21,"InkBottle":22},{"Lantern":140,"downfall:HeartBlessingRed":22,"Guardian:ModeShifter":0,"downfall:HeartBlessingGreen":108,"Omamori":108,"EVO:Axolotl":0,"Letter Opener":108,"Ginger":108,"Smiling Mask":22,"Calling Bell":108,"Blood Vial":136,"Nunchaku":22,"Anchor":80,"Sundial":18,"downfall:HeartBlessingBlue":18,"Pantograph":22,"Philosopher\u0027s Stone":48,"Molten Egg 2":76,"Turnip":76,"Nloth\u0027s Gift":95,"Toy Ornithopter":95,"TungstenRod":124,"InkBottle":129}],"Toy Ornithopter":11,"TungstenRod":14,"InkBottle":[25]},"card_choices":[{"not_picked":["Guardian:TimeBomb","Guardian:Gem_Lightblue"],"picked":"Guardian:Gem_Cyan","floor":2},{"not_picked":["Guardian:CrystalBeam","Guardian:Harden"],"picked":"Guardian:PrismaticBarrier","floor":3},{"not_picked":["Guardian:WalkerClaw","Guardian:MultiBeam","Guardian:RefractedBeam"],"picked":"SKIP","floor":4},{"not_picked":["Guardian:PrimingBeam","Guardian:Reroute"],"picked":"Guardian:PiercingHide","floor":6},{"not_picked":["Guardian:WalkerClaw","Guardian:Gem_Cyan"],"picked":"Guardian:Gem_Crimson","floor":10},{"not_picked":["Guardian:PiercingHide","Guardian:ShieldCharger"],"picked":"Guardian:EvasiveProtocol","floor":14},{"not_picked":["Guardian:MultiBeam","Guardian:Gem_Green"],"picked":"Guardian:EvasiveProtocol","floor":15},{"not_picked":["Guardian:ConstructionForm","Guardian:FastForward"],"picked":"Guardian:ExploitGems","floor":16},{"not_picked":["Guardian:PiercingHide","Guardian:VentSteam"],"picked":"Guardian:Harden","floor":19},{"not_picked":["Guardian:PiercingHide","Guardian:Preprogram"],"picked":"Guardian:DonusPower","floor":20},{"not_picked":["Guardian:ShieldSpikes","Guardian:Gem_Red"],"picked":"Guardian:ShieldCharger+1","floor":21},{"not_picked":["Guardian:ShieldSpikes","Guardian:PrimingBeam+1"],"picked":"Guardian:Gem_Blue","floor":22},{"not_picked":["Guardian:Gem_Green","Guardian:EvasiveProtocol+1"],"picked":"Guardian:ChargeCore+1","floor":23},{"not_picked":["Guardian:Incinerate+1","Guardian:Gem_Red"],"picked":"Guardian:GuardianWhirl+1","floor":28},{"not_picked":["Guardian:ShieldCharger","Guardian:VentSteam"],"picked":"Guardian:DonusPower+1","floor":29},{"not_picked":["Guardian:TemporalStrike+1","Guardian:Gem_Cyan"],"picked":"Guardian:SphericShield","floor":30},{"not_picked":["Guardian:GuardianWhirl+1","Guardian:Emergency"],"picked":"Guardian:Gem_White","floor":32},{"not_picked":["Guardian:SphericShield","Guardian:ExploitGems"],"picked":"Guardian:StasisField","floor":33},{"not_picked":["Guardian:Planning","Guardian:TimeBomb"],"picked":"Guardian:TemporalStrike+1","floor":36},{"not_picked":["Guardian:ConstructionForm","Guardian:TimeCapacitor"],"picked":"Guardian:Gem_Crimson","floor":37},{"not_picked":["Guardian:ChargeCore+1","Guardian:PrimingBeam+1"],"picked":"Guardian:ArmoredProtocol","floor":40},{"not_picked":["Guardian:Reroute+1","Guardian:TemporalStrike+1","Guardian:EvasiveProtocol"],"picked":"SKIP","floor":42},{"not_picked":["Guardian:PrimingBeam+1","Guardian:BaubleBeam+1"],"picked":"Guardian:AncientConstruct","floor":45},{"not_picked":["Guardian:PrismaticBeam+1","Guardian:Gem_Red"],"picked":"Guardian:DecasProtection+1","floor":46},{"not_picked":["Guardian:AncientConstruct","Guardian:WalkerClaw+1"],"picked":"Guardian:Gem_Lightblue","floor":47},{"not_picked":["Guardian:Incinerate+1","Guardian:ShieldCharger"],"picked":"Guardian:Gem_Crimson","floor":48},{"not_picked":["Guardian:TemporalShield","Guardian:Planning+1"],"picked":"Guardian:Gem_Lightblue","floor":49}],"player_experience":283585,"relics_obtained":[{"floor":6,"key":"Sundial"},{"floor":11,"key":"Nunchaku"},{"floor":22,"key":"Turnip"},{"floor":22,"key":"Molten Egg 2"},{"floor":24,"key":"Anchor"},{"floor":30,"key":"Toy Ornithopter"},{"floor":34,"key":"Omamori"},{"floor":34,"key":"Letter Opener"},{"floor":34,"key":"Ginger"},{"floor":41,"key":"TungstenRod"},{"floor":43,"key":"InkBottle"},{"floor":45,"key":"Blood Vial"}],"event_choices":[{"damage_healed":24,"gold_gain":0,"player_choice":"Healed and dodged fight","damage_taken":0,"max_hp_gain":0,"max_hp_loss":0,"event_name":"Mushrooms","floor":9,"gold_loss":0,"cards_obtained":["Parasite"]},{"cards_removed":["Guardian:Defend_Guardian"],"damage_healed":0,"gold_gain":0,"player_choice":"Elegance","damage_taken":0,"max_hp_gain":0,"max_hp_loss":0,"event_name":"betterThird:BetterWriting","floor":25,"gold_loss":0},{"damage_healed":0,"gold_gain":0,"player_choice":"Became a vampire","damage_taken":0,"max_hp_gain":0,"max_hp_loss":30,"event_name":"Vampires","floor":27,"gold_loss":0,"cards_obtained":["Bite","Bite","Bite","Bite","Bite"]},{"cards_removed":["Bite"],"damage_healed":0,"gold_gain":0,"player_choice":"Removed Attack","damage_taken":0,"max_hp_gain":0,"max_hp_loss":0,"event_name":"Falling","floor":38,"gold_loss":0}],"is_beta":false,"boss_relics":[{"not_picked":["Astrolabe","SacredBark"],"picked":"Philosopher\u0027s Stone"},{"not_picked":["Velvet Choker","Tiny House"],"picked":"Calling Bell"}],"items_purged_floors":[10,23,46],"is_endless":false,"potions_floor_spawned":[4,6,15,19,28,29,30,36,42,47,48,49],"ascension_level":0}}