{"host":"fuszjwm6fqgjjp4d","time":1610438011,"event":{"mods":["BaseMod","Bestiary","Colored Map","DeckTracker","Minty Spire (QoL Compilation)","Permanent Neow","Relic Sorter","Relic Stats","StSLib"],"gold_per_floor":[116,266,266,341,360,386,399,409,433,98,113,131,141,170,170,170,170],"floor_reached":16,"playtime":4613,"items_purged":["Strike_P"],"score":250,"play_id":"8c89161b-b5d9-40ce-9f45-2a08bce1d90e","local_time":"20210112015331","is_ascension_mode":true,"campfire_choices":[{"data":"Brilliance","floor":15,"key":"SMITH"}],"circlet_count":0,"master_deck":["AscendersBane","Strike_P","Strike_P","Strike_P","Defend_P","Defend_P","Defend_P","Defend_P","Eruption","Vigilance","BowlingBash","Protect","ReachHeaven","FollowUp","FollowUp+1","Brilliance+1","EmptyFist","DeceiveReality","Adaptation","Conclude","FollowUp+1"],"relics":["PureWater","NeowsBlessing","Centennial Puzzle","Nunchaku","Whetstone"],"acts_visited":["Exordium"],"potions_floor_usage":[8,11,14],"damage_taken":[{"damage":0,"enemies":"2 Louse","floor":1,"turns":1},{"damage":0,"enemies":"Small Slimes","floor":5,"turns":1},{"damage":0,"enemies":"3 Sentries","floor":6,"turns":2},{"damage":2,"enemies":"Jaw Worm","floor":7,"turns":6},{"damage":0,"enemies":"Exordium Thugs","floor":8,"turns":2},{"damage":7,"enemies":"Gremlin Gang","floor":11,"turns":2},{"damage":1,"enemies":"Blue Slaver","floor":12,"turns":3},{"damage":0,"enemies":"Exordium Thugs","floor":13,"turns":3},{"damage":15,"enemies":"Lagavulin","floor":14,"turns":6},{"damage":26,"enemies":"The Guardian","floor":16,"turns":10}],"seed_played":"5129317805231280489","potions_obtained":[{"floor":5,"key":"LiquidMemories"},{"floor":8,"key":"Weak Potion"},{"floor":11,"key":"Fire Potion"},{"floor":14,"key":"GamblersBrew"}],"is_trial":false,"path_per_floor":["M","?","?","?","M","E","M","M","T","$","M","M","M","E","R","B"],"character_chosen":"WATCHER","items_purchased":["Brilliance","EmptyFist","DeceiveReality"],"campfire_rested":0,"item_purchase_floors":[10,10,10],"current_hp_per_floor":[61,61,61,50,50,50,48,48,48,48,41,40,40,25,25,0,0],"gold":170,"neow_bonus":"THREE_ENEMY_KILL","is_daily":false,"chose_seed":false,"campfire_upgraded":1,"win_rate":0.0,"timestamp":1610438011,"path_taken":["M","?","?","?","M","E","?","M","T","?","M","M","?","E","R","BOSS"],"items_purchased_type":["Card","Card","Card"],"build_version":"2020-12-22","purchased_purges":1,"victory":false,"max_hp_per_floor":[68,68,68,68,68,68,68,68,68,68,68,68,68,68,68,68,68],"relic_stats":{"Centennial Puzzle":[15],"Nunchaku":[4],"counters":[10,36],"Whetstone":["FollowUp","FollowUp"],"obtain_stats":[{"Centennial Puzzle":6,"Nunchaku":9,"NeowsBlessing":0,"Whetstone":14,"PureWater":0},{"Centennial Puzzle":3,"Nunchaku":5,"NeowsBlessing":0,"Whetstone":9,"PureWater":0},{"Centennial Puzzle":4,"Nunchaku":12,"NeowsBlessing":0,"Whetstone":26,"PureWater":0}]},"card_choices":[{"not_picked":["FlyingSleeves","JustLucky"],"picked":"BowlingBash","floor":1},{"not_picked":["Swivel","Consecrate"],"picked":"Protect","floor":5},{"not_picked":["EmptyMind","Vengeance"],"picked":"ReachHeaven","floor":6},{"not_picked":["Weave","SignatureMove"],"picked":"FollowUp","floor":7},{"not_picked":["Prostrate","SashWhip"],"picked":"FollowUp","floor":8},{"not_picked":["Prostrate","SashWhip"],"picked":"Adaptation","floor":11},{"not_picked":["ThirdEye","EmptyFist"],"picked":"Conclude","floor":12},{"not_picked":["Evaluate","Sanctity"],"picked":"FollowUp","floor":13},{"not_picked":["Blasphemy","Fasting2","CrushJoints"],"picked":"SKIP","floor":14}],"player_experience":1273366,"relics_obtained":[{"floor":6,"key":"Centennial Puzzle"},{"floor":9,"key":"Nunchaku"},{"floor":14,"key":"Whetstone"}],"event_choices":[{"damage_healed":0,"gold_gain":150,"player_choice":"AGREE","damage_taken":0,"max_hp_gain":0,"max_hp_loss":0,"event_name":"Liars Game","floor":2,"gold_loss":0,"cards_obtained":["Doubt"]},{"cards_removed":["Doubt"],"damage_healed":0,"gold_gain":0,"player_choice":"Forget","damage_taken":0,"max_hp_gain":0,"max_hp_loss":0,"event_name":"Living Wall","floor":3,"gold_loss":0},{"damage_healed":0,"gold_gain":75,"player_choice":"Gather Gold","damage_taken":11,"max_hp_gain":0,"max_hp_loss":0,"event_name":"World of Goop","floor":4,"gold_loss":0}],"is_beta":false,"boss_relics":[],"items_purged_floors":[10],"is_endless":false,"potions_floor_spawned":[5,8,11,14],"killed_by":"The Guardian","ascension_level":16}}