{"host":"ilhhjx796p2x2wmd","time":1610435861,"event":{"mods":["AchievementEnabler","BaseMod","BetterRewards","Colored Map","Colored Powertips","DeckTracker","Highlight Path","Minty Spire (QoL Compilation)","Permanent Neow","Rare Cards Sparkle","Shop Mod"],"gold_per_floor":[135,185,218,218,276,276,21,48,72,141,7,60,60,60],"floor_reached":13,"playtime":682,"items_purged":["Strike_G","Strike_G"],"score":132,"play_id":"29c8f2d3-82be-4bbe-96a2-e46b0a2d4d01","local_time":"20210112161741","is_ascension_mode":true,"campfire_choices":[{"floor":6,"key":"REST"}],"circlet_count":0,"master_deck":["Strike_G+1","Strike_G+1","Strike_G","Defend_G","Defend_G","Defend_G","Defend_G","Defend_G","Survivor","Neutralize","Decay","HandOfGreed","Dagger Spray","Poisoned Stab","Prepared","Master of Strategy","Deadly Poison","Expertise","Noxious Fumes","Burst"],"relics":["Ring of the Snake","Pen Nib","Akabeko","Snake Skull"],"acts_visited":["Exordium"],"potions_floor_usage":[8,8],"damage_taken":[{"damage":7.0,"enemies":"2 Louse","floor":1.0,"turns":2.0},{"damage":4,"enemies":"Small Slimes","floor":2,"turns":4},{"damage":17,"enemies":"Jaw Worm","floor":3,"turns":4},{"damage":1,"enemies":"Large Slime","floor":5,"turns":7},{"damage":0,"enemies":"Gremlin Nob","floor":8,"turns":2},{"damage":18,"enemies":"3 Sentries","floor":10,"turns":12},{"damage":10,"enemies":"Exordium Thugs","floor":12,"turns":4},{"damage":13,"enemies":"Lagavulin","floor":13,"turns":5}],"seed_played":"7156540911286891365","potions_obtained":[{"floor":1.0,"key":"PowerPotion"},{"floor":2,"key":"FearPotion"}],"is_trial":false,"path_per_floor":["M","M","M","?","M","R","$","E","T","E","$","M","E"],"character_chosen":"THE_SILENT","items_purchased":["Master of Strategy","Noxious Fumes"],"campfire_rested":1,"item_purchase_floors":[7,11],"current_hp_per_floor":[63,59,42,28,27,48,48,48,48,30,30,20,7,7],"gold":60,"neow_bonus":"RANDOM_COLORLESS_2","is_daily":false,"chose_seed":false,"campfire_upgraded":0,"win_rate":0.0,"timestamp":1610435861,"path_taken":["M","M","M","?","M","R","$","E","T","E","$","M","E"],"items_purchased_type":["Card","Card"],"build_version":"2020-12-22","purchased_purges":2,"victory":false,"max_hp_per_floor":[70,70,70,70,70,70,70,70,70,70,70,70,70,70],"card_choices":[{"not_picked":["Mayhem","The Bomb"],"picked":"HandOfGreed","floor":0.0},{"not_picked":["Dagger Throw","Underhanded Strike"],"picked":"Dagger Spray","floor":1.0},{"not_picked":["Dagger Spray","Bane"],"picked":"Poisoned Stab","floor":2},{"not_picked":["Envenom","Sucker Punch"],"picked":"Prepared","floor":3},{"not_picked":["Setup","PiercingWail","Deadly Poison"],"picked":"SKIP","floor":5},{"not_picked":["All Out Attack","Caltrops"],"picked":"Deadly Poison","floor":8},{"not_picked":["Finisher","Dodge and Roll"],"picked":"Expertise","floor":10},{"not_picked":["Dodge and Roll","Deflect"],"picked":"Burst","floor":12}],"player_experience":287179,"relics_obtained":[{"floor":8,"key":"Pen Nib"},{"floor":9,"key":"Akabeko"},{"floor":10,"key":"Snake Skull"}],"event_choices":[{"damage_healed":0,"gold_gain":0,"player_choice":"Entered Light","damage_taken":14,"max_hp_gain":0,"max_hp_loss":0,"event_name":"Shining Light","floor":4,"gold_loss":0,"cards_upgraded":["Strike_G","Strike_G"]}],"is_beta":false,"boss_relics":[],"items_purged_floors":[7,11],"is_endless":false,"potions_floor_spawned":[1,2],"killed_by":"Lagavulin","ascension_level":2}}