{"host":"wyyab92ltzc7szqr","time":1610451863,"event":{"mods":["Aspiration","BaseMod","Better Altar","Better Match","Better Note","Better Sensory Stone","Better Synergies","Better Third Choice","Conspire","Googly Eyes","Hubris","Infinite Spire","Mimic Mod","Minty Spire (QoL Compilation)","Quick Restart","Replay The Spire","StSLib","SuperFastMode","The Blue Laboratory","everything is the same but u backflip on backflip"],"gold_per_floor":[115,115,130,130,143,143,31,31,31,56,8,8,26,58,58,159,159,171,21,35,47,57,86,9,28,51,78,92,118,118,131,217,318,318,329,329,89,89,89,124,124,124],"floor_reached":41,"playtime":2017,"items_purged":[],"score":616,"play_id":"afb29801-eb28-489e-8847-c7e684769acb","local_time":"20210112114423","is_ascension_mode":true,"campfire_choices":[{"floor":6.0,"key":"RECALL"},{"data":"Adaptation","floor":8.0,"key":"SMITH"},{"data":"ClearTheMind","floor":15.0,"key":"SMITH"},{"floor":30,"key":"REST"}],"circlet_count":0,"master_deck":["Strike_P","Strike_P","Defend_P","Defend_P","Defend_P","Eruption","Vigilance","SignatureMove","FlurryOfBlows","ForeignInfluence+1","Steam","Replay:AtTheReady","FlurryOfBlows","Tantrum","Adaptation+1","Crescendo","Consecrate","ClearTheMind+1","Alpha","WaveOfTheHand","TalkToTheHand","Swivel","FollowUp","PathToVictory+1","TalkToTheHand","Devotion","Pot Of Greed","Pot Of Greed","Pot Of Greed","Replay:Vibes","FlurryOfBlows+1","Replay:DivineShield","CutThroughFate","Replay:LoomingThreat","FollowUp+1","Languid","Madness","Madness","Blind","Pot Of Greed","Sadistic Nature","Protect+1"],"relics":["PureWater","The Specimen","Medical Kit","aspiration:FetidBarrel","aspiration:MysteriousAuxiliaryCore","hubris:EmptyBottle","infinitespire:Chaos","infinitespire:PuzzleCube","Grinning Jar","Mango","SlaversCollar","Ring of Misfortune","Ring of Chaos","White Beast Statue","infinitespire:FocusingShard"],"acts_visited":["Exordium","TheCity","TheBeyond"],"potions_floor_usage":[29,29,31,35,40,40],"damage_taken":[{"damage":1.0,"enemies":"2 Louse","floor":1.0,"turns":2.0},{"damage":3.0,"enemies":"Jaw Worm","floor":3.0,"turns":2.0},{"damage":2.0,"enemies":"conspire:RoseBush","floor":5.0,"turns":2.0},{"damage":0.0,"enemies":"Gremlin Nob","floor":10.0,"turns":3.0},{"damage":0.0,"enemies":"Large Slime","floor":13.0,"turns":3.0},{"damage":0.0,"enemies":"Lagavulin","floor":14.0,"turns":3.0},{"damage":25.0,"enemies":"Hexaghost","floor":16.0,"turns":6.0},{"damage":8.0,"enemies":"conspire:FuzzyDice","floor":18.0,"turns":4.0},{"damage":0.0,"enemies":"3 Byrds","floor":20.0,"turns":3.0},{"damage":2.0,"enemies":"Cultist and Chosen","floor":21.0,"turns":4.0},{"damage":15.0,"enemies":"Snake Plant","floor":22.0,"turns":2.0},{"damage":8.0,"enemies":"Replay:Snechameleon","floor":23.0,"turns":7.0},{"damage":11.0,"enemies":"conspire:HollyBat","floor":25.0,"turns":8.0},{"damage":8.0,"enemies":"Book of Stabbing","floor":27.0,"turns":3.0},{"damage":9.0,"enemies":"Shelled Parasite and Fungi","floor":28.0,"turns":3.0},{"damage":1,"enemies":"Replay:Snechameleon","floor":29,"turns":2},{"damage":0,"enemies":"3 Cultists","floor":31,"turns":4},{"damage":28,"enemies":"Collector","floor":33,"turns":7},{"damage":12,"enemies":"3 Darklings","floor":35,"turns":5},{"damage":60,"enemies":"Reptomancer","floor":40,"turns":6},{"damage":4,"enemies":"3 Shapes","floor":41,"turns":1}],"seed_played":"-1433787858694203835","potions_obtained":[{"floor":3.0,"key":"Toxic Potion"},{"floor":10.0,"key":"blueLaboratory:HorrorPotion"},{"floor":12.0,"key":"infinitespire:BlackPotion"},{"floor":14.0,"key":"blueLaboratory:SavagePotion"},{"floor":16.0,"key":"blueLaboratory:EmptyBottle"},{"floor":21.0,"key":"SkillPotion"},{"floor":22.0,"key":"Fire Potion"},{"floor":27.0,"key":"blueLaboratory:AbyssPotion"},{"floor":31,"key":"LiquidMemories"},{"floor":40,"key":"blueLaboratory:NullPotion"}],"is_trial":false,"path_per_floor":["M","?","M","?","M","R","$","R","T","E","?","?","M","E","R","B",null,"M","$","M","M","M","E","$","M","T","E","M","E","R","M","R","B",null,"M","?","$","?","?","E","M"],"character_chosen":"WATCHER","items_purchased":["Tantrum","Adaptation","infinitespire:Chaos","TalkToTheHand","White Beast Statue"],"campfire_rested":1,"item_purchase_floors":[7,7,19,24,37],"current_hp_per_floor":[71,71,68,68,66,66,66,66,66,66,55,55,55,55,55,30,72,64,64,64,62,47,39,39,28,28,20,11,24,49,49,49,21,86,74,74,74,63,63,3,0,0],"gold":124,"neow_bonus":"TRANSFORM_CARD","is_daily":false,"chose_seed":false,"campfire_upgraded":2,"win_rate":0.0,"timestamp":1610451863,"path_taken":["M","?","M","?","M","R","$","R","T","E","?","?","M","E","R","BOSS","M","?","?","M","M","E","$","M","T","E","M","E","R","M","R","BOSS","M","?","$","?","?","E","M"],"items_purchased_type":["Card","Card","Relic","Card","Relic"],"build_version":"2020-12-22","purchased_purges":0,"victory":false,"max_hp_per_floor":[72,72,72,72,72,72,72,72,72,72,72,72,72,72,72,72,72,72,72,72,72,72,72,72,72,72,72,72,86,86,86,86,86,86,86,86,86,86,86,86,86,86],"card_choices":[{"not_picked":["Protect","Evaluate"],"picked":"FlurryOfBlows","floor":1.0},{"not_picked":["WheelKick","Vengeance"],"picked":"Replay:AtTheReady","floor":3.0},{"not_picked":["Replay:ManipulateFuture","FlyingSleeves"],"picked":"FlurryOfBlows","floor":5.0},{"not_picked":["Protect","Wireheading"],"picked":"Crescendo","floor":10.0},{"not_picked":["Crescendo","Protect"],"picked":"Consecrate","floor":13.0},{"not_picked":["ReachHeaven","PathToVictory"],"picked":"ClearTheMind","floor":14.0},{"not_picked":["SpiritShield","Ragnarok"],"picked":"Alpha","floor":16.0},{"not_picked":["EmptyBody","Swivel"],"picked":"WaveOfTheHand","floor":18.0},{"not_picked":["Wallop","Evaluate"],"picked":"TalkToTheHand","floor":20.0},{"not_picked":["SandsOfTime","CutThroughFate"],"picked":"Swivel","floor":21.0},{"not_picked":["Alpha","Crescendo"],"picked":"FollowUp","floor":22.0},{"not_picked":["ClearTheMind+1","Replay:AtTheReady"],"picked":"PathToVictory+1","floor":23.0},{"not_picked":["EmptyFist","Replay:AtTheReady"],"picked":"Devotion","floor":25.0},{"not_picked":["Consecrate","EmptyBody+1"],"picked":"Replay:Vibes","floor":27.0},{"not_picked":["Indignation","JustLucky"],"picked":"FlurryOfBlows+1","floor":28.0},{"not_picked":["CrushJoints","Replay:Anticipation+1"],"picked":"Replay:DivineShield","floor":29},{"not_picked":["SashWhip","Halt"],"picked":"CutThroughFate","floor":31},{"not_picked":["Ragnarok","LessonLearned"],"picked":"Replay:LoomingThreat","floor":33},{"not_picked":["Replay:AtTheReady","SignatureMove+1"],"picked":"FollowUp+1","floor":35},{"not_picked":["PanicButton","Forethought"],"picked":"Blind","floor":39},{"not_picked":["ReplayTheSpireMod:Private Reserves","ReplayTheSpireMod:Uncanny Aura"],"picked":"Sadistic Nature","floor":39},{"not_picked":["Crescendo","Replay:Cycle"],"picked":"Protect+1","floor":40}],"player_experience":605490,"relics_obtained":[{"floor":9.0,"key":"conspire:Dentures"},{"floor":10.0,"key":"ReplayTheSpireMod:TigerMarble"},{"floor":14.0,"key":"Gremlin Food"},{"floor":23.0,"key":"infinitespire:PuzzleCube"},{"floor":27.0,"key":"Grinning Jar"},{"floor":29,"key":"Mango"},{"floor":36,"key":"Ring of Misfortune"},{"floor":36,"key":"Ring of Chaos"},{"floor":40,"key":"infinitespire:FocusingShard"}],"event_choices":[{"damage_healed":0.0,"max_hp_gain":0.0,"max_hp_loss":0.0,"gold_gain":0.0,"event_name":"betterThird:BetterGoop","player_choice":"Slimed","floor":11.0,"gold_loss":48.0,"damage_taken":11.0},{"damage_healed":0.0,"max_hp_gain":0.0,"max_hp_loss":0.0,"gold_gain":0.0,"event_name":"Lab","player_choice":"Got Potions","floor":12.0,"gold_loss":0.0,"damage_taken":0.0},{"damage_healed":0,"gold_gain":0,"player_choice":"Embrace Madness","damage_taken":11,"max_hp_gain":0,"max_hp_loss":0,"event_name":"Winding Halls","floor":38,"gold_loss":0,"cards_obtained":["Madness","Madness"]},{"damage_healed":0,"gold_gain":3,"player_choice":"1","damage_taken":0,"max_hp_gain":0,"max_hp_loss":0,"event_name":"betterStone:BetterStone","floor":39,"gold_loss":0}],"is_beta":false,"boss_relics":[{"not_picked":["aspiration:SilentSkillbook","Ectoplasm"],"picked":"hubris:CrackedHourglass"},{"not_picked":["Coffee Dripper","Pandora\u0027s Box"],"picked":"SlaversCollar"}],"items_purged_floors":[],"is_endless":false,"potions_floor_spawned":[3,10,13,14,16,21,22,27,31,40],"killed_by":"3 Shapes","ascension_level":1}}