{"host":"Qube","time":1610488420,"event":{"mods":["AchievementEnabler","BaseMod","Colored Map","Colored Powertips","Minty Spire (QoL Compilation)","Quick Restart","Random Character Button","StSLib"],"gold_per_floor":[110,123,133,145,155,189,189,221,221,221,221,236,236,250,250,327,327,347,323,323,335,535,535,535],"floor_reached":23,"language":"ENG","playtime":1188,"items_purged":[],"score":435,"play_id":"f91f7853-81b6-4e34-bc46-1196168bd211","local_time":"20210112135340","is_ascension_mode":true,"campfire_choices":[{"floor":7.0,"key":"REST"},{"data":"Cloak And Dagger","floor":13,"key":"SMITH"},{"data":"Bouncing Flask","floor":15,"key":"SMITH"}],"circlet_count":0,"master_deck":["AscendersBane","Defend_G","Defend_G","Defend_G","Survivor","Neutralize","Bouncing Flask+1","Endless Agony","Backstab","Leg Sweep","Cloak And Dagger+1","Deflect","Setup","Choke","Tools of the Trade","Infinite Blades+1","Escape Plan+1","Grand Finale+1","Noxious Fumes+1","Bite","Bite","Bite","Bite","Bite","Dagger Throw"],"relics":["WristBlade","Tough Bandages","Gambling Chip","Ornamental Fan","Astrolabe"],"acts_visited":["Exordium","TheCity"],"potions_floor_usage":[18,23,23],"damage_taken":[{"damage":1.0,"enemies":"2 Louse","floor":1.0,"turns":4.0},{"damage":10.0,"enemies":"Small Slimes","floor":2.0,"turns":5.0},{"damage":0.0,"enemies":"Jaw Worm","floor":3.0,"turns":3.0},{"damage":10.0,"enemies":"Gremlin Gang","floor":4.0,"turns":5.0},{"damage":0.0,"enemies":"2 Fungi Beasts","floor":5.0,"turns":3.0},{"damage":15.0,"enemies":"Lagavulin","floor":6.0,"turns":7.0},{"damage":33.0,"enemies":"Gremlin Nob","floor":8.0,"turns":4.0},{"damage":0,"enemies":"Looter","floor":12,"turns":3},{"damage":0,"enemies":"Large Slime","floor":14,"turns":3},{"damage":4,"enemies":"Hexaghost","floor":16,"turns":9},{"damage":8,"enemies":"Shell Parasite","floor":18,"turns":3},{"damage":16,"enemies":"2 Thieves","floor":19,"turns":4},{"damage":14,"enemies":"Centurion and Healer","floor":21,"turns":4},{"damage":66,"enemies":"Gremlin Leader","floor":23,"turns":8}],"seed_played":"-8504841690747063584","potions_obtained":[{"floor":3.0,"key":"FearPotion"},{"floor":6.0,"key":"Regen Potion"},{"floor":8.0,"key":"AttackPotion"},{"floor":18,"key":"SpeedPotion"}],"is_trial":false,"path_per_floor":["M","M","M","M","M","E","R","E","T","?","?","M","R","M","R","B",null,"M","M","?","M","?","E"],"character_chosen":"THE_SILENT","items_purchased":[],"campfire_rested":1,"item_purchase_floors":[],"current_hp_per_floor":[58,48,48,38,38,23,42,9,9,31,31,31,31,31,31,27,56,48,32,32,24,24,0,0],"gold":535,"neow_bonus":"BOSS_RELIC","is_daily":false,"chose_seed":false,"campfire_upgraded":2,"win_rate":0.0,"timestamp":1610488420,"path_taken":["M","M","M","M","M","E","R","E","T","?","?","M","R","M","R","BOSS","M","M","?","M","?","E"],"items_purchased_type":[],"build_version":"2020-12-18","purchased_purges":0,"victory":false,"max_hp_per_floor":[66,66,66,66,66,66,66,66,66,66,66,66,66,66,66,66,66,66,66,46,46,46,46,46],"card_choices":[{"not_picked":["Dodge and Roll","Reflex"],"picked":"Bouncing Flask","floor":1.0},{"not_picked":["Flying Knee","Poisoned Stab"],"picked":"Endless Agony","floor":2.0},{"not_picked":["Outmaneuver","Poisoned Stab"],"picked":"Backstab","floor":3.0},{"not_picked":["Dagger Spray","Calculated Gamble"],"picked":"Leg Sweep","floor":4.0},{"not_picked":["Dagger Spray","Heel Hook"],"picked":"Cloak And Dagger","floor":5.0},{"not_picked":["Accuracy","Masterful Stab"],"picked":"Deflect","floor":6.0},{"not_picked":["Noxious Fumes","Sucker Punch"],"picked":"Setup","floor":8.0},{"not_picked":["Acrobatics","Reflex"],"picked":"Choke","floor":12},{"not_picked":["Quick Slash","Crippling Poison","Masterful Stab"],"picked":"SKIP","floor":14},{"not_picked":["Doppelganger","Wraith Form v2"],"picked":"Tools of the Trade","floor":16},{"not_picked":["Calculated Gamble","Sucker Punch"],"picked":"Noxious Fumes+1","floor":18},{"not_picked":["Outmaneuver","Poisoned Stab","Sucker Punch"],"picked":"SKIP","floor":19},{"not_picked":["Sucker Punch","Dagger Throw","Setup"],"picked":"SKIP","floor":21},{"not_picked":["Sucker Punch","Setup"],"picked":"Dagger Throw","floor":21}],"player_experience":873331,"relics_obtained":[{"floor":6.0,"key":"Tough Bandages"},{"floor":8.0,"key":"Gambling Chip"},{"floor":9.0,"key":"Ornamental Fan"}],"event_choices":[{"damage_healed":22.0,"max_hp_gain":0.0,"max_hp_loss":0.0,"gold_gain":0.0,"event_name":"Big Fish","player_choice":"Banana","floor":10.0,"gold_loss":0.0,"damage_taken":0.0},{"damage_healed":0,"gold_gain":0,"player_choice":"Fled","damage_taken":0,"max_hp_gain":0,"max_hp_loss":0,"event_name":"Scrap Ooze","floor":11,"gold_loss":0},{"damage_healed":0,"gold_gain":0,"player_choice":"Became a vampire","damage_taken":0,"max_hp_gain":0,"max_hp_loss":20,"event_name":"Vampires","floor":20,"gold_loss":0,"cards_obtained":["Bite","Bite","Bite","Bite","Bite"]},{"damage_healed":0,"gold_gain":250,"player_choice":"Bet on Owner","damage_taken":0,"max_hp_gain":0,"max_hp_loss":0,"event_name":"The Joust","floor":22,"gold_loss":50}],"is_beta":true,"boss_relics":[{"not_picked":["SlaversCollar","Tiny House"],"picked":"Astrolabe"}],"items_purged_floors":[],"is_endless":false,"potions_floor_spawned":[3,6,8,16,18,21],"killed_by":"Gremlin Leader","ascension_level":20}}