{"host":"lww1aq5xm6g9guev","time":1610471567,"event":{"mods":["Act Like it!","BaseMod","Conspire","Minty Spire (QoL Compilation)","Rare Cards Sparkle","Replay The Spire","StSLib","The Hayseed","vexMod"],"gold_per_floor":[119,119,139,156,175,175,175],"floor_reached":6,"playtime":123,"items_purged":[],"score":38,"play_id":"1cc005a0-ab8b-4f38-9467-6f88bfc711e6","local_time":"20210113011247","is_ascension_mode":false,"campfire_choices":[],"circlet_count":0,"master_deck":["TheSimpletonMod:Strike_TheSimpleton","TheSimpletonMod:Strike_TheSimpleton","TheSimpletonMod:Strike_TheSimpleton","TheSimpletonMod:Strike_TheSimpleton","TheSimpletonMod:Defend_TheSimpleton","TheSimpletonMod:Defend_TheSimpleton","TheSimpletonMod:Defend_TheSimpleton","TheSimpletonMod:Defend_TheSimpleton","TheSimpletonMod:Haymaker","TheSimpletonMod:ReapAndSow","TheSimpletonMod:BumperCrop","TheSimpletonMod:Thresh","TheSimpletonMod:Rototilling","TheSimpletonMod:BumperCrop","TheSimpletonMod:BumperCrop"],"relics":["TheSimpletonMod:NightSoil","TheSimpletonMod:TheHarvester","vexMod:FluxCapacitor"],"acts_visited":["Exordium"],"potions_floor_usage":[],"damage_taken":[{"damage":11,"enemies":"Jaw Worm","floor":1,"turns":3},{"damage":6,"enemies":"conspire:RoseBush","floor":3,"turns":2},{"damage":3,"enemies":"Small Slimes","floor":4,"turns":2},{"damage":0,"enemies":"2 Fungi Beasts","floor":5,"turns":3},{"damage":0,"enemies":"3 Sentries","floor":6,"turns":1}],"seed_played":"-8204591280099959211","potions_obtained":[{"floor":5,"key":"LifebloodPotion"}],"is_trial":false,"path_per_floor":["M","?","M","M","M","E"],"character_chosen":"THE_SIMPLETON","items_purchased":[],"campfire_rested":0,"item_purchase_floors":[],"current_hp_per_floor":[64,64,62,63,63,63,63],"gold":175,"neow_bonus":"BOSS_RELIC","is_daily":false,"chose_seed":false,"campfire_upgraded":0,"win_rate":0.0,"timestamp":1610471567,"path_taken":["M","?","?","M","M","E"],"items_purchased_type":[],"build_version":"2020-12-22","purchased_purges":0,"victory":false,"max_hp_per_floor":[75,75,75,75,75,75,75],"card_choices":[{"not_picked":["TheSimpletonMod:Aerate","TheSimpletonMod:Potatoes"],"picked":"TheSimpletonMod:BumperCrop","floor":1},{"not_picked":["TheSimpletonMod:KeenEdge","TheSimpletonMod:SaladShooter"],"picked":"TheSimpletonMod:Rototilling","floor":3},{"not_picked":["TheSimpletonMod:OnionBloom","TheSimpletonMod:KeenEdge"],"picked":"TheSimpletonMod:BumperCrop","floor":4},{"not_picked":["TheSimpletonMod:Rake","TheSimpletonMod:DoubleBarrel"],"picked":"TheSimpletonMod:BumperCrop","floor":5}],"player_experience":99503,"relics_obtained":[],"event_choices":[{"damage_healed":0,"gold_gain":0,"player_choice":"1 cards matched","damage_taken":0,"max_hp_gain":0,"max_hp_loss":0,"event_name":"Match and Keep!","floor":2,"gold_loss":0,"cards_obtained":["TheSimpletonMod:Thresh"]}],"is_beta":false,"boss_relics":[],"items_purged_floors":[],"is_endless":false,"potions_floor_spawned":[5],"killed_by":"3 Sentries","ascension_level":0}}