{"host":"1yemetsqamtkb9ct","time":1610448001,"event":{"mods":["AchievementEnabler","BaseMod","Colored Map","Custom Start","KOR Keyword Fix","Lobotomy","Minty Spire (QoL Compilation)","Quick Restart","Random Character Button","StSLib","SuperFastMode"],"gold_per_floor":[119,136,147,161,176,176,210,160,160,335,346,346,363,363,363,363,363],"floor_reached":16,"playtime":388,"items_purged":[],"score":104,"play_id":"6f4f0ddb-d3d9-4bb8-b5ec-da3b465c8227","local_time":"20210112194001","is_ascension_mode":false,"campfire_choices":[],"circlet_count":0,"master_deck":["SpecialBullet","SpecialBullet","SpecialBullet","SpecialBullet","SpecialBullet","SpecialBullet","SpecialBullet","ControlCode","SecurityCode","Reverberation","UniverseFragment","Yin","Logging","CentralCode","Scorched","Doubt","WelfareCode","DisciplinaryCode"],"relics":["CogitoBucket","Yang_Lob","Smiling Mask","HellTrain"],"acts_visited":["Exordium"],"potions_floor_usage":[11,16,16],"damage_taken":[{"damage":14.0,"enemies":"2 Louse","floor":1.0,"turns":2.0},{"damage":11.0,"enemies":"Jaw Worm","floor":2.0,"turns":2.0},{"damage":6.0,"enemies":"Cultist","floor":3.0,"turns":3.0},{"damage":8.0,"enemies":"Large Slime","floor":4.0,"turns":5.0},{"damage":6.0,"enemies":"Exordium Thugs","floor":5.0,"turns":4.0},{"damage":20,"enemies":"Gremlin Nob","floor":7,"turns":5},{"damage":22,"enemies":"Exordium Wildlife","floor":11,"turns":3},{"damage":2,"enemies":"3 Louse","floor":13,"turns":2},{"damage":69,"enemies":"The Guardian","floor":16,"turns":5}],"seed_played":"1009455636472396110","potions_obtained":[{"floor":2.0,"key":"GamblersBrew"},{"floor":4.0,"key":"DistilledChaos"},{"floor":5.0,"key":"ColorlessPotion"}],"is_trial":false,"path_per_floor":["M","M","M","M","M","R","E","?","T","?","M","R","M","?","R","B"],"character_chosen":"Angela","items_purchased":[],"campfire_rested":0,"item_purchase_floors":[],"current_hp_per_floor":[64,61,63,63,65,65,53,53,53,53,39,39,45,45,45,0,0],"gold":363,"neow_bonus":"REMOVE_CARD","is_daily":false,"chose_seed":false,"campfire_upgraded":0,"win_rate":0.0,"timestamp":1610448001,"path_taken":["M","M","M","M","M","R","E","?","T","?","?","R","M","?","R","BOSS"],"items_purchased_type":[],"build_version":"2020-12-22","purchased_purges":0,"victory":false,"max_hp_per_floor":[70,70,70,70,70,70,70,70,70,70,70,70,70,70,70,70,70],"card_choices":[{"not_picked":["SwordSharpenedByTears"],"picked":"Reverberation","floor":1.0},{"not_picked":["PunishingBird","WallGazer"],"picked":"UniverseFragment","floor":2.0},{"not_picked":["Ecstasy","RapturousDream"],"picked":"SKIP","floor":2.0},{"not_picked":["DreamingCurrent","FairyFestival"],"picked":"Yin","floor":3.0},{"not_picked":["CUTE"],"picked":"Logging","floor":3.0},{"not_picked":["Spore","CUTE"],"picked":"SKIP","floor":4.0},{"not_picked":["Penitence","BlackSwan_ego"],"picked":"SKIP","floor":5.0},{"not_picked":["GreedKing","SpiderBud"],"picked":"Scorched","floor":7},{"not_picked":["Regret_ego","GreenStem"],"picked":"SKIP","floor":7},{"not_picked":["CUTE","CENSORED_ego"],"picked":"SKIP","floor":11},{"not_picked":["FrostShard","Spore"],"picked":"SKIP","floor":13}],"player_experience":606198,"relics_obtained":[{"floor":7,"key":"Smiling Mask"}],"event_choices":[{"cards_removed":["SpecialBullet"],"damage_healed":0,"gold_gain":0,"player_choice":"Card Removal","damage_taken":0,"max_hp_gain":0,"max_hp_loss":0,"event_name":"The Cleric","floor":8,"gold_loss":50},{"damage_healed":0,"gold_gain":175,"player_choice":"AGREE","damage_taken":0,"max_hp_gain":0,"max_hp_loss":0,"event_name":"Liars Game","floor":10,"gold_loss":0,"cards_obtained":["Doubt"]},{"damage_healed":0,"gold_gain":0,"player_choice":"Ignored","damage_taken":0,"max_hp_gain":0,"max_hp_loss":0,"event_name":"NoteForYourself","floor":14,"gold_loss":0}],"is_beta":false,"boss_relics":[],"items_purged_floors":[],"is_endless":false,"potions_floor_spawned":[2,4,5,7],"killed_by":"The Guardian","ascension_level":0}}