{"host":"da4a6z8aof69aasy","time":1610484032,"event":{"mods":["AchievementEnabler","BaseMod","Block Reminder","Colored Powertips","DeckTracker","Highlight Path","Minty Spire (QoL Compilation)","Permanent Neow","Relic Stats","StSLib"],"gold_per_floor":[117,117,117,128,138,138,153,188,188,188,208,234,252,32,32,111,111,123,139,154,154,174,174,201,227,227,255,255,6,6,36,36,113,113,128,128,128,147,68,101,118,145,145,157,177,209,229,274,274,274,274,274,14,46,46,46],"floor_reached":55,"language":"ENG","playtime":5679,"items_purged":["Strike_R","Bite"],"score":1560,"play_id":"610460a4-df82-4a50-9011-c6ed20936977","local_time":"20210112224032","is_ascension_mode":true,"campfire_choices":[{"data":"Twin Strike","floor":6.0,"key":"SMITH"},{"data":"Flame Barrier","floor":10.0,"key":"SMITH"},{"data":"Shockwave","floor":15.0,"key":"SMITH"},{"data":"1","floor":23.0,"key":"LIFT"},{"data":"2","floor":28.0,"key":"LIFT"},{"data":"3","floor":30.0,"key":"LIFT"},{"data":"Heavy Blade","floor":32.0,"key":"SMITH"},{"floor":49.0,"key":"RECALL"},{"floor":52.0,"key":"REST"}],"circlet_count":0,"master_deck":["AscendersBane","Defend_R","Defend_R","Defend_R","Bash","Twin Strike+1","Shockwave+1","Battle Trance","Flame Barrier+1","Battle Trance","Fiend Fire","Heavy Blade+1","Bite","Bite","Bite","Bite","Twin Strike+1","Offering","Offering","Limit Break","Shrug It Off","Flash of Steel","Dropkick","Flame Barrier","Armaments+1","Flame Barrier+1","Heavy Blade+1"],"relics":["Burning Blood","Strawberry","Du-Vu Doll","CaptainsWheel","Girya","Vajra","Sozu","Red Mask","Peace Pipe","Red Skull","Omamori","Centennial Puzzle","Mark of Pain","Toy Ornithopter","Happy Flower","Mummified Hand","Calipers","Pantograph","Orichalcum"],"acts_visited":["Exordium","TheCity","TheBeyond","TheEnding"],"potions_floor_usage":[55],"damage_taken":[{"damage":2.0,"enemies":"Small Slimes","floor":1.0,"turns":4.0},{"damage":6.0,"enemies":"Jaw Worm","floor":4.0,"turns":4.0},{"damage":4.0,"enemies":"2 Louse","floor":5.0,"turns":3.0},{"damage":4.0,"enemies":"Looter","floor":7.0,"turns":3.0},{"damage":25.0,"enemies":"Gremlin Nob","floor":8.0,"turns":5.0},{"damage":8.0,"enemies":"Large Slime","floor":11.0,"turns":5.0},{"damage":11.0,"enemies":"Lagavulin","floor":12.0,"turns":9.0},{"damage":0.0,"enemies":"2 Fungi Beasts","floor":13.0,"turns":3.0},{"damage":14.0,"enemies":"The Guardian","floor":16.0,"turns":11.0},{"damage":8.0,"enemies":"2 Thieves","floor":18.0,"turns":3.0},{"damage":0.0,"enemies":"Spheric Guardian","floor":19.0,"turns":2.0},{"damage":3.0,"enemies":"Centurion and Healer","floor":20.0,"turns":4.0},{"damage":19.0,"enemies":"Snake Plant","floor":22.0,"turns":4.0},{"damage":24.0,"enemies":"Masked Bandits","floor":24.0,"turns":4.0},{"damage":5.0,"enemies":"Book of Stabbing","floor":25.0,"turns":5.0},{"damage":27.0,"enemies":"Slavers","floor":27.0,"turns":6.0},{"damage":0.0,"enemies":"Gremlin Leader","floor":31.0,"turns":4.0},{"damage":15.0,"enemies":"Collector","floor":33.0,"turns":6.0},{"damage":13.0,"enemies":"3 Darklings","floor":35.0,"turns":4.0},{"damage":5.0,"enemies":"3 Shapes","floor":38.0,"turns":5.0},{"damage":12.0,"enemies":"Giant Head","floor":40.0,"turns":3.0},{"damage":12.0,"enemies":"Transient","floor":41.0,"turns":5.0},{"damage":6.0,"enemies":"Reptomancer","floor":42.0,"turns":1.0},{"damage":1.0,"enemies":"4 Shapes","floor":44.0,"turns":3.0},{"damage":12.0,"enemies":"Maw","floor":45.0,"turns":4.0},{"damage":5.0,"enemies":"Nemesis","floor":46.0,"turns":3.0},{"damage":6.0,"enemies":"Sphere and 2 Shapes","floor":47.0,"turns":3.0},{"damage":12.0,"enemies":"2 Orb Walkers","floor":48.0,"turns":3.0},{"damage":49.0,"enemies":"Donu and Deca","floor":50.0,"turns":5.0},{"damage":29.0,"enemies":"Shield and Spear","floor":54.0,"turns":5.0},{"damage":82,"enemies":"The Heart","floor":55,"turns":5}],"seed_played":"1522286837483949623","potions_obtained":[{"floor":4.0,"key":"LiquidBronze"},{"floor":7.0,"key":"Explosive Potion"},{"floor":11.0,"key":"Regen Potion"},{"floor":13.0,"key":"ColorlessPotion"}],"is_trial":false,"path_per_floor":["M","?","?","M","M","R","M","E","T","R","M","E","M","$","R","B",null,"M","M","M","?","M","R","?","E","T","E","R","$","R","E","R","B",null,"M","?","?","M","$","E","M","E","T","M","M","E","M","?","R","B",null,"R","$","E","B"],"character_chosen":"IRONCLAD","items_purchased":["Vajra","Offering","Flame Barrier","Pantograph"],"campfire_rested":1,"item_purchase_floors":[14,29,39,53],"current_hp_per_floor":[79,54,59,59,61,61,63,44,44,44,42,52,58,58,58,50,78,76,82,85,60,57,57,49,60,60,57,57,57,57,60,60,60,60,60,50,50,59,59,60,60,60,60,60,60,60,60,60,60,27,52,60,60,55,0,0],"gold":46,"neow_bonus":"RANDOM_COMMON_RELIC","is_daily":false,"chose_seed":false,"campfire_upgraded":4,"win_rate":0.0,"timestamp":1610484032,"path_taken":["M","?","?","M","M","R","M","E","T","R","M","E","M","$","R","BOSS","M","M","M","?","M","R","?","E","T","E","R","$","R","E","R","BOSS","M","?","?","M","$","E","?","E","T","M","M","E","M","?","R","BOSS","R","$","E","BOSS"],"items_purchased_type":["Relic","Card","Card","Relic"],"build_version":"2020-12-22","purchased_purges":2,"victory":false,"max_hp_per_floor":[82,82,87,87,87,87,87,87,87,87,87,87,87,87,87,87,87,87,87,87,60,60,60,60,60,60,60,60,60,60,60,60,60,60,60,60,60,60,60,60,60,60,60,60,60,60,60,60,60,60,60,60,60,60,60,60],"relic_stats":{"Sozu":9,"Peace Pipe":0,"Centennial Puzzle":[39],"Happy Flower":[10],"counters":[31,134],"Mummified Hand":[0],"Pantograph":5,"Orichalcum":[0],"obtain_stats":[{"Girya":12,"Calipers":48,"Happy Flower":42,"Vajra":14,"Omamori":27,"Orichalcum":54,"Burning Blood":0,"Du-Vu Doll":8,"Sozu":17,"Peace Pipe":25,"CaptainsWheel":9,"Centennial Puzzle":31,"Mummified Hand":46,"Strawberry":0,"Pantograph":53,"Mark of Pain":34,"Red Mask":24,"Red Skull":26,"Toy Ornithopter":40},{"Girya":7,"Calipers":28,"Happy Flower":23,"Vajra":8,"Omamori":16,"Orichalcum":30,"Burning Blood":0,"Du-Vu Doll":5,"Sozu":9,"Peace Pipe":15,"CaptainsWheel":5,"Centennial Puzzle":17,"Mummified Hand":26,"Strawberry":0,"Pantograph":29,"Mark of Pain":18,"Red Mask":14,"Red Skull":15,"Toy Ornithopter":21},{"Girya":33,"Calipers":119,"Happy Flower":103,"Vajra":36,"Omamori":75,"Orichalcum":129,"Burning Blood":0,"Du-Vu Doll":19,"Sozu":47,"Peace Pipe":69,"CaptainsWheel":19,"Centennial Puzzle":79,"Mummified Hand":113,"Strawberry":0,"Pantograph":124,"Mark of Pain":85,"Red Mask":64,"Red Skull":69,"Toy Ornithopter":97}],"Burning Blood":128,"Toy Ornithopter":6},"card_choices":[{"not_picked":["Wild Strike","Blood for Blood"],"picked":"Twin Strike","floor":1.0},{"not_picked":["Thunderclap","Rage","Second Wind"],"picked":"SKIP","floor":4.0},{"not_picked":["Battle Trance","Sword Boomerang"],"picked":"Shockwave","floor":5.0},{"not_picked":["Seeing Red","Metallicize"],"picked":"Battle Trance","floor":7.0},{"not_picked":["Rampage","Entrench"],"picked":"Flame Barrier","floor":8.0},{"not_picked":["Body Slam","Seeing Red"],"picked":"Battle Trance","floor":11.0},{"not_picked":["Clash","Metallicize","Iron Wave"],"picked":"SKIP","floor":12.0},{"not_picked":["Ghostly Armor","Thunderclap","Twin Strike"],"picked":"SKIP","floor":13.0},{"not_picked":["Corruption","Juggernaut"],"picked":"Fiend Fire","floor":16.0},{"not_picked":["Warcry","Wild Strike+1"],"picked":"Heavy Blade","floor":18.0},{"not_picked":["Iron Wave","Twin Strike","Sever Soul"],"picked":"SKIP","floor":19.0},{"not_picked":["Anger","Metallicize","Flex"],"picked":"SKIP","floor":20.0},{"not_picked":["Clash","Sentinel","Heavy Blade"],"picked":"SKIP","floor":22.0},{"not_picked":["Pummel","Clash","Dropkick+1"],"picked":"SKIP","floor":25.0},{"not_picked":["Whirlwind","Thunderclap+1"],"picked":"Twin Strike+1","floor":27.0},{"not_picked":["Searing Blow","Iron Wave"],"picked":"Offering","floor":31.0},{"not_picked":["Barricade","Immolate"],"picked":"Limit Break","floor":33.0},{"not_picked":["Power Through","Wild Strike"],"picked":"Shrug It Off","floor":35.0},{"not_picked":["Violence","Deep Breath"],"picked":"Flash of Steel","floor":36.0},{"not_picked":["Dual Wield+1","Cleave+1","Thunderclap"],"picked":"SKIP","floor":38.0},{"not_picked":["Uppercut","Inflame","Sentinel"],"picked":"SKIP","floor":40.0},{"not_picked":["Pommel Strike","Heavy Blade","Spot Weakness"],"picked":"SKIP","floor":41.0},{"not_picked":["Seeing Red","Wild Strike+1"],"picked":"Armaments+1","floor":42.0},{"not_picked":["True Grit","Warcry+1","Flex"],"picked":"SKIP","floor":44.0},{"not_picked":["Havoc+1","Bloodletting+1"],"picked":"Flame Barrier+1","floor":45.0},{"not_picked":["Immolate","Clash","Body Slam"],"picked":"SKIP","floor":46.0},{"not_picked":["Havoc","Sever Soul","Dropkick+1"],"picked":"SKIP","floor":47.0},{"not_picked":["True Grit","Twin Strike"],"picked":"Heavy Blade+1","floor":48.0},{"not_picked":["Berserk","Perfected Strike","Iron Wave"],"picked":"SKIP","floor":54.0}],"player_experience":2041910,"relics_obtained":[{"floor":8.0,"key":"Du-Vu Doll"},{"floor":9.0,"key":"CaptainsWheel"},{"floor":12.0,"key":"Girya"},{"floor":24.0,"key":"Red Mask"},{"floor":25.0,"key":"Peace Pipe"},{"floor":26.0,"key":"Red Skull"},{"floor":27.0,"key":"Omamori"},{"floor":31.0,"key":"Centennial Puzzle"},{"floor":40.0,"key":"Toy Ornithopter"},{"floor":42.0,"key":"Happy Flower"},{"floor":46.0,"key":"Mummified Hand"},{"floor":48.0,"key":"Calipers"},{"floor":54.0,"key":"Orichalcum"}],"event_choices":[{"damage_healed":0.0,"max_hp_gain":0.0,"max_hp_loss":0.0,"gold_gain":0.0,"event_name":"Shining Light","player_choice":"Entered Light","floor":2.0,"gold_loss":0.0,"damage_taken":25.0,"cards_upgraded":["Strike_R","Strike_R"]},{"damage_healed":0.0,"max_hp_gain":5.0,"max_hp_loss":0.0,"gold_gain":0.0,"event_name":"Big Fish","player_choice":"Donut","floor":3.0,"gold_loss":0.0,"damage_taken":0.0},{"damage_healed":0.0,"max_hp_gain":0.0,"max_hp_loss":27.0,"gold_gain":0.0,"event_name":"Vampires","player_choice":"Became a vampire","floor":21.0,"gold_loss":0.0,"damage_taken":0.0,"cards_obtained":["Bite","Bite","Bite","Bite","Bite"]},{"damage_healed":0.0,"max_hp_gain":0.0,"max_hp_loss":0.0,"gold_gain":0.0,"event_name":"Masked Bandits","player_choice":"Fought Bandits","floor":24.0,"gold_loss":0.0,"damage_taken":0.0},{"damage_healed":0.0,"max_hp_gain":0.0,"max_hp_loss":0.0,"gold_gain":0.0,"event_name":"SensoryStone","player_choice":"Memory 3","floor":36.0,"gold_loss":0.0,"damage_taken":10.0},{"damage_healed":0.0,"max_hp_gain":0.0,"max_hp_loss":0.0,"gold_gain":0.0,"cards_transformed":["Defend_R"],"event_name":"Transmorgrifier","player_choice":"Transformed","floor":37.0,"gold_loss":0.0,"damage_taken":0.0,"cards_obtained":["Dropkick"]},{"damage_healed":0.0,"max_hp_gain":0.0,"max_hp_loss":0.0,"gold_gain":0.0,"event_name":"Mysterious Sphere","player_choice":"Fight","floor":48.0,"gold_loss":0.0,"damage_taken":0.0}],"is_beta":false,"boss_relics":[{"not_picked":["Fusion Hammer","Philosopher\u0027s Stone"],"picked":"Sozu"},{"not_picked":["Snecko Eye","Black Star"],"picked":"Mark of Pain"}],"items_purged_floors":[14,29],"is_endless":false,"potions_floor_spawned":[4,7,11,13,16,18,20,22,25,35,41,42,46,47],"killed_by":"The Heart","ascension_level":15}}