{"host":"2lo6hma6kymb0g9i","time":1610432823,"event":{"mods":["BaseMod","Colored Map","DeckTracker","Minty Spire (QoL Compilation)"],"gold_per_floor":[109,75,75,150,75,75,108,108,131,131,71,88,98,111,111,190,190,179,26,40,40,40],"floor_reached":21,"playtime":1309,"items_purged":["Strike_B"],"score":354,"play_id":"16cb8086-79df-4a96-96ca-43a5d9898a39","local_time":"20210112152703","is_ascension_mode":true,"campfire_choices":[{"data":"Zap","floor":6,"key":"SMITH"},{"data":"Defragment","floor":10,"key":"SMITH"},{"data":"Defragment","floor":15,"key":"SMITH"}],"circlet_count":0,"master_deck":["AscendersBane","Strike_B+1","Strike_B","Defend_B+1","Defend_B","Defend_B","Defend_B","Zap+1","Dualcast","Turbo","Defragment+1","Leap","Glacier","Defragment+1","Seek","Go for the Eyes","Genetic Algorithm+1"],"relics":["Cracked Core","NeowsBlessing","Bag of Marbles","Bag of Preparation","Lantern","Black Star","Membership Card"],"acts_visited":["Exordium","TheCity"],"potions_floor_usage":[16,16],"damage_taken":[{"damage":0,"enemies":"Jaw Worm","floor":1,"turns":1},{"damage":0,"enemies":"Lagavulin","floor":7,"turns":1},{"damage":0,"enemies":"Small Slimes","floor":12,"turns":1},{"damage":0,"enemies":"2 Louse","floor":13,"turns":2},{"damage":0,"enemies":"Looter","floor":14,"turns":2},{"damage":17,"enemies":"Hexaghost","floor":16,"turns":17},{"damage":17,"enemies":"2 Thieves","floor":18,"turns":4},{"damage":11,"enemies":"Chosen","floor":20,"turns":6},{"damage":45,"enemies":"Centurion and Healer","floor":21,"turns":36}],"seed_played":"-3383450489247357262","potions_obtained":[{"floor":12,"key":"SkillPotion"},{"floor":13,"key":"Weak Potion"},{"floor":16,"key":"EssenceOfDarkness"}],"is_trial":false,"path_per_floor":["M","$","?","?","$","R","E","?","T","R","?","M","M","M","R","B",null,"M","$","M","M"],"character_chosen":"DEFECT","items_purchased":["Defragment","Membership Card"],"campfire_rested":0,"item_purchase_floors":[2,19],"current_hp_per_floor":[64,64,57,46,46,46,46,25,25,25,25,25,25,25,25,8,55,38,38,27,0,0],"gold":40,"neow_bonus":"THREE_ENEMY_KILL","is_daily":false,"chose_seed":false,"campfire_upgraded":3,"win_rate":0.0,"timestamp":1610432823,"path_taken":["M","$","?","?","$","R","E","?","T","R","?","M","M","M","R","BOSS","M","$","M","M"],"items_purchased_type":["Card","Relic"],"build_version":"2020-12-22","purchased_purges":1,"victory":false,"max_hp_per_floor":[71,71,71,71,71,71,71,71,71,71,71,71,71,71,71,71,71,71,71,71,71,71],"card_choices":[{"not_picked":["Steam","Hello World"],"picked":"Turbo","floor":1},{"not_picked":["Heatsinks","Undo","Redo"],"picked":"SKIP","floor":7},{"not_picked":["Reprogram","Ball Lightning"],"picked":"Leap","floor":12},{"not_picked":["Rebound","Self Repair"],"picked":"Glacier","floor":13},{"not_picked":["Reprogram","Self Repair"],"picked":"Defragment","floor":14},{"not_picked":["All For One","Reboot"],"picked":"Seek","floor":16},{"not_picked":["Turbo","Hologram"],"picked":"Go for the Eyes","floor":18},{"not_picked":["Redo","Reprogram+1"],"picked":"Genetic Algorithm+1","floor":20}],"player_experience":1041647,"relics_obtained":[{"floor":7,"key":"Bag of Marbles"},{"floor":9,"key":"Bag of Preparation"}],"event_choices":[{"cards_removed":["Strike_B"],"damage_healed":0,"gold_gain":0,"player_choice":"Card Removal","damage_taken":7,"max_hp_gain":0,"max_hp_loss":0,"event_name":"Golden Wing","floor":3,"gold_loss":0},{"damage_healed":0,"gold_gain":75,"player_choice":"Gather Gold","damage_taken":11,"max_hp_gain":0,"max_hp_loss":0,"event_name":"World of Goop","floor":4,"gold_loss":0},{"damage_healed":0,"gold_gain":0,"player_choice":"Entered Light","damage_taken":21,"max_hp_gain":0,"max_hp_loss":0,"event_name":"Shining Light","floor":8,"gold_loss":0,"cards_upgraded":["Strike_B","Defend_B"]},{"damage_healed":0,"gold_gain":0,"player_choice":"Paid Gold","damage_taken":0,"relics_obtained":["Lantern"],"max_hp_gain":0,"max_hp_loss":0,"event_name":"WeMeetAgain","floor":11,"gold_loss":60}],"is_beta":false,"boss_relics":[{"not_picked":["Runic Dome","FrozenCore"],"picked":"Black Star"}],"items_purged_floors":[5],"is_endless":false,"potions_floor_spawned":[12,13,16],"killed_by":"Centurion and Healer","ascension_level":15}}