{"host":"tvwbxqry54t86y0v","time":1610451867,"event":{"mods":["2.2 Compatiblity","A Magickal Journey","Arknights The Spire","Astrologer","BaseMod","Beaked The Cultist","BetterRewards","Block Reminder","Clockwork Mod","Colored Powertips","DeckTracker","Downfall","Fiend Mod","GungeonMod","Hermit","Hubris","Infinite Spire","Ironclad Rager","Marked Mod","Mimic Mod","Minty Spire (QoL Compilation)","Potionbrewer","Replay The Spire","Shade Mod","Somnambulant","StSLib","The Bug Knight","The Cursed","The Druid","The Elementalist","The Exalted","The Forsaken","The Hierophant","The Jungle","The Marked","The Mystic","The Problem Sleuth","The Runesmith","The Senshi","The Spell Scribe","The Valiant","The Wild Card","TheFirefly","TheHeartMod","Unceasing Turn Reminder","thorton"],"gold_per_floor":[113,123,298,298,318,347,347,347,377,390,390,66,66,79,79,176,176,192,192,116,116,133,133,144,144,144,144,144,144],"floor_reached":28,"playtime":1179,"items_purged":["Doubt"],"score":216,"play_id":"7b330e8d-0376-4f52-875b-0bebc94398bf","local_time":"20210112224427","is_ascension_mode":false,"campfire_choices":[{"data":"ats:Ignite","floor":7,"key":"SMITH"},{"floor":13,"key":"REST"},{"floor":15,"key":"REST"},{"data":"ats:Burning Ground","floor":23,"key":"SMITH"},{"floor":27,"key":"REST"}],"circlet_count":0,"master_deck":["ats:Strike C","ats:Strike G","ats:Strike S","ats:Strike V","ats:Armor Crushing Shot","ats:Defend","ats:Defend","ats:Defend","ats:Defend","ats:Emotion Absorption","ats:Leaping Hammer","ats:Very Hot Blade","ats:Ignite+1","ats:Apocalypse","ats:True Silver Slash","ats:Burning Ground+1","ats:Shell Defense","ats:Shadow Assault","ats:Burning Ground","infinitespire:Starlight","ats:Burning Ground+1","ats:Shell Defense"],"relics":["ats:Sanity","ats:Originium","Matryoshka","ats:Berate","Omamori","Eternal Feather","beaked:SacredDeck","hubris:Icosahedron","FaceOfCleric","ats:Ability Aura","potionbrewer:WarMedal"],"acts_visited":["Exordium","TheCity"],"potions_floor_usage":[16,16],"damage_taken":[{"damage":2,"enemies":"2 Louse","floor":1,"turns":3},{"damage":0,"enemies":"Small Slimes","floor":2,"turns":3},{"damage":0,"enemies":"Cultist","floor":5,"turns":3},{"damage":68,"enemies":"Gremlin Nob","floor":6,"turns":6},{"damage":21,"enemies":"2 Fungi Beasts","floor":9,"turns":19},{"damage":9,"enemies":"2 Fungi Beasts","floor":10,"turns":4},{"damage":6,"enemies":"Blue Slaver","floor":14,"turns":4},{"damage":56,"enemies":"Slime Boss","floor":16,"turns":9},{"damage":51,"enemies":"Shell Parasite","floor":18,"turns":8},{"damage":19,"enemies":"Spheric Guardian","floor":22,"turns":4},{"damage":45,"enemies":"Shelled Parasite and Fungi","floor":24,"turns":6},{"damage":46,"enemies":"Slavers","floor":28,"turns":4}],"seed_played":"3242259159623963853","potions_obtained":[{"floor":2,"key":"Elixir"},{"floor":6,"key":"potionbrewer:DiscountPotion"},{"floor":14,"key":"LiquidBronze"},{"floor":16,"key":"Ancient Potion"}],"is_trial":false,"path_per_floor":["M","M","?","?","M","E","R","?","MIM","M","?","$","R","M","R","B",null,"M","?","$","?","M","R","M","?","T","R","E"],"character_chosen":"DOCTOR_CLASS","items_purchased":["Eternal Feather","ats:Burning Ground"],"campfire_rested":3,"item_purchase_floors":[12,20],"current_hp_per_floor":[77,77,77,82,82,14,14,14,13,8,8,8,42,43,77,35,84,47,47,47,47,35,47,23,23,23,60,33,33],"gold":144,"neow_bonus":"TEN_PERCENT_HP_BONUS","is_daily":false,"chose_seed":false,"campfire_upgraded":2,"win_rate":0.0,"timestamp":1610451867,"path_taken":["M","M","?","?","M","E","R","?","MIM","M","?","$","R","M","R","BOSS","M","?","$","?","M","R","M","?","T","R","E"],"items_purchased_type":["Relic","Card"],"build_version":"2020-12-22","purchased_purges":1,"victory":false,"max_hp_per_floor":[79,79,79,84,84,84,84,84,84,84,84,84,84,84,84,84,84,84,84,84,84,84,84,84,84,84,84,84,84],"card_choices":[{"not_picked":["ats:Hammer On","ats:Blood Oath"],"picked":"ats:Leaping Hammer","floor":1},{"not_picked":["ats:Consecutive Shot Auto","ats:Powerful Strike"],"picked":"ats:Very Hot Blade","floor":2},{"not_picked":["ats:Curse Doll","ats:Assault Order"],"picked":"ats:Ignite","floor":5},{"not_picked":["ats:Explosion Area Strengthen","ats:Hook Shot"],"picked":"ats:Apocalypse","floor":6},{"not_picked":["ats:Dogmatic Field","ats:Hammer On"],"picked":"ats:Burning Ground","floor":9},{"not_picked":["ats:Hammer On","ats:Curse Doll"],"picked":"ats:Shell Defense","floor":10},{"not_picked":["ats:Automatic Cover","ats:Consecutive Shot Auto","ats:Poison Spread"],"picked":"SKIP","floor":14},{"not_picked":["ats:True Silver Slash","ats:Nebulous Foxfire"],"picked":"ats:Shadow Assault","floor":16},{"not_picked":["ats:Beaten Up+1","ats:Powerful Strike","ats:Childhood Dance"],"picked":"SKIP","floor":18},{"not_picked":["infinitespire:DeathsTouch","infinitespire:SealOfDarkness+"],"picked":"infinitespire:Starlight","floor":19},{"not_picked":["ats:Healing Strengthening","ats:Ambush","ats:Flexible Camouflage"],"picked":"SKIP","floor":22},{"not_picked":["ats:Defend Order","ats:Explosion Area Strengthen"],"picked":"ats:Shell Defense","floor":24}],"player_experience":1100654,"relics_obtained":[{"floor":6,"key":"ats:Originium"},{"floor":6,"key":"Matryoshka"},{"floor":9,"key":"ats:Berate"},{"floor":9,"key":"Omamori"},{"floor":26,"key":"ats:Ability Aura"},{"floor":26,"key":"potionbrewer:WarMedal"}],"event_choices":[{"damage_healed":0,"gold_gain":175,"player_choice":"AGREE","damage_taken":0,"max_hp_gain":0,"max_hp_loss":0,"event_name":"Liars Game","floor":3,"gold_loss":0,"cards_obtained":["Doubt"]},{"damage_healed":0,"gold_gain":0,"player_choice":"Donut","damage_taken":0,"max_hp_gain":5,"max_hp_loss":0,"event_name":"Big Fish","floor":4,"gold_loss":0},{"damage_healed":0,"gold_gain":0,"player_choice":"1 cards matched","damage_taken":0,"max_hp_gain":0,"max_hp_loss":0,"event_name":"Match and Keep!","floor":8,"gold_loss":0,"cards_obtained":["ats:True Silver Slash"]},{"damage_healed":0,"gold_gain":0,"player_choice":"Grow","damage_taken":0,"max_hp_gain":0,"max_hp_loss":0,"event_name":"Living Wall","floor":11,"gold_loss":0,"cards_upgraded":["ats:Burning Ground"]},{"damage_healed":0,"gold_gain":0,"player_choice":"Trade","damage_taken":0,"relics_obtained":["FaceOfCleric"],"max_hp_gain":0,"max_hp_loss":0,"event_name":"FaceTrader","floor":25,"gold_loss":0}],"is_beta":false,"boss_relics":[{"not_picked":["Honey Jar","Replay:Grab Bag"],"picked":"beaked:SacredDeck"}],"items_purged_floors":[12],"is_endless":false,"potions_floor_spawned":[2,6,14,16,24],"killed_by":"Slavers","ascension_level":0}}