{"host":"k85tjwrh7mjrrc9a","time":1610485002,"event":{"mods":["AchievementEnabler","BaseMod","Colored Powertips","Highlight Path","Minty Spire (QoL Compilation)","Rare Cards Sparkle","StSLib"],"gold_per_floor":[109,109,109,121,121,121,151,162,189,224,224,149,160,176,176,176,176],"floor_reached":16,"language":"ENG","playtime":547,"items_purged":["Pain"],"score":203,"play_id":"bc7ad35f-1bb4-46f4-9b8a-ca302ef3dccd","local_time":"20210112155642","is_ascension_mode":true,"campfire_choices":[{"data":"Pommel Strike","floor":6,"key":"SMITH"},{"floor":15,"key":"REST"}],"circlet_count":0,"master_deck":["AscendersBane","Strike_R","Strike_R","Strike_R","Strike_R","Defend_R+1","Defend_R","Defend_R","Defend_R+1","Bash","Pommel Strike+1","Thunderclap","Headbutt","Battle Trance","Pommel Strike"],"relics":["Burning Blood","NeowsBlessing","War Paint","Singing Bowl","Blood Vial","Champion Belt","WarpedTongs"],"acts_visited":["Exordium"],"potions_floor_usage":[16],"damage_taken":[{"damage":0,"enemies":"Jaw Worm","floor":1,"turns":1},{"damage":0,"enemies":"Small Slimes","floor":4,"turns":1},{"damage":0,"enemies":"Gremlin Nob","floor":7,"turns":1},{"damage":10,"enemies":"Cultist","floor":8,"turns":4},{"damage":39,"enemies":"3 Sentries","floor":10,"turns":8},{"damage":15,"enemies":"Gremlin Gang","floor":13,"turns":4},{"damage":15,"enemies":"Large Slime","floor":14,"turns":4},{"damage":47,"enemies":"Slime Boss","floor":16,"turns":5}],"seed_played":"3398898391189707344","potions_obtained":[{"floor":7,"key":"SkillPotion"},{"floor":8,"key":"Swift Potion"}],"is_trial":false,"path_per_floor":["M","$","?","M","?","R","E","M","T","E","?","$","M","M","R","B"],"character_chosen":"IRONCLAD","items_purchased":[],"campfire_rested":1,"item_purchase_floors":[],"current_hp_per_floor":[78,78,71,77,59,59,65,63,63,32,32,32,25,20,45,0,0],"gold":176,"neow_bonus":"THREE_ENEMY_KILL","is_daily":false,"chose_seed":false,"campfire_upgraded":1,"win_rate":0.0,"timestamp":1610485002,"path_taken":["M","$","?","M","?","R","E","M","T","E","?","$","?","?","R","BOSS"],"items_purchased_type":[],"build_version":"2020-12-22","purchased_purges":1,"victory":false,"max_hp_per_floor":[80,80,80,80,80,80,80,82,82,82,82,82,82,84,84,84,84],"card_choices":[{"not_picked":["Headbutt","Fire Breathing"],"picked":"Pommel Strike","floor":1},{"not_picked":["Anger","Perfected Strike"],"picked":"Thunderclap","floor":4},{"not_picked":["Thunderclap","Perfected Strike"],"picked":"Headbutt","floor":7},{"not_picked":["Sentinel","Clash","Anger"],"picked":"Singing Bowl","floor":8},{"not_picked":["Entrench","Wild Strike"],"picked":"Battle Trance","floor":10},{"not_picked":["Offering","Shrug It Off"],"picked":"Pommel Strike","floor":13},{"not_picked":["Entrench","Sword Boomerang","Pommel Strike"],"picked":"Singing Bowl","floor":14}],"player_experience":185452,"relics_obtained":[{"floor":7,"key":"Singing Bowl"},{"floor":9,"key":"Blood Vial"},{"floor":10,"key":"Champion Belt"}],"event_choices":[{"cards_removed":["Strike_R"],"damage_healed":0,"gold_gain":0,"player_choice":"Card Removal","damage_taken":7,"max_hp_gain":0,"max_hp_loss":0,"event_name":"Golden Wing","floor":3,"gold_loss":0},{"damage_healed":0,"gold_gain":0,"player_choice":"Success","damage_taken":18,"relics_obtained":["War Paint"],"max_hp_gain":0,"max_hp_loss":0,"event_name":"Scrap Ooze","floor":5,"gold_loss":0},{"damage_healed":0,"gold_gain":0,"player_choice":"Rummage","damage_taken":0,"relics_obtained":["WarpedTongs"],"max_hp_gain":0,"max_hp_loss":0,"event_name":"Accursed Blacksmith","floor":11,"gold_loss":0,"cards_obtained":["Pain"]}],"is_beta":false,"boss_relics":[],"items_purged_floors":[12],"is_endless":false,"potions_floor_spawned":[7,8],"killed_by":"Slime Boss","ascension_level":10}}