{"host":"61xbmbtf5zrn7rzc","time":1610426172,"event":{"mods":["BaseMod","Challenge The Spire","Hubris","Minty Spire (QoL Compilation)","Replay The Spire","StSLib","SuperFastMode"],"gold_per_floor":[118,118,118,137,147,147,173,173,219,233,262,279,307,46,46,120,120,136,61,61,151,171,200,200,225,225,225,54,67,67,95,95,170,170,190,201,216,56,73,73,101,101,181,196,196,208,208,227,227,227,227],"floor_reached":52,"playtime":3103,"items_purged":[],"score":1895,"play_id":"05d89ebf-b17e-45e4-9306-db94b5126645","local_time":"20210111233612","daily_mods":["SealedDeck","Heirloom"],"is_ascension_mode":true,"campfire_choices":[{"data":"Feel No Pain","floor":6,"key":"SMITH"},{"data":"Evolve","floor":8,"key":"SMITH"},{"data":"True Grit","floor":15,"key":"SMITH"},{"data":"Bludgeon","floor":24,"key":"SMITH"},{"data":"Feel No Pain","floor":27,"key":"SMITH"},{"floor":32,"key":"REST"},{"data":"Barricade","floor":40,"key":"SMITH"},{"data":"Corruption","floor":49,"key":"SMITH"}],"circlet_count":0,"master_deck":["AscendersBane","Wild Strike+1","ReplayTheSpireMod:Stacked","Wild Strike","Wild Strike","True Grit+1","Shrug It Off","Combust","Seeing Red","Feel No Pain+1","Sentinel","Evolve+1","Feel No Pain+1","Reckless Charge+1","Infernal Blade+1","Warcry+1","Thunderclap","Inflame","True Grit+1","Bludgeon+1","AbeCurse","Intimidate+1","Intimidate+1","Feel No Pain+1","Corruption+1","Barricade+1","Disarm+1","Sadistic Nature+1","hubris:Insight+1","Finesse+1"],"relics":["Burning Blood","Ring of Chaos","Lizard Tail","hubris:Towel","Toxic Egg 2","Art of War","Whetstone","Dead Branch","Strawberry","Abe\u0027s Treasure","MutagenicStrength","King of Hearts","Vajra","hubris:TenFootPole","DollysMirror","hubris:BottledRain","Snecko Heart","Brimstone","Replay:Bottled Steam","Frozen Egg 2"],"acts_visited":["Exordium","TheCity","TheBeyond"],"potions_floor_usage":[7,11,16,23,23,23,29,36,44,48,50,50],"damage_taken":[{"damage":0,"enemies":"2 Louse","floor":1,"turns":3},{"damage":2,"enemies":"Small Slimes","floor":4,"turns":3},{"damage":4,"enemies":"Jaw Worm","floor":5,"turns":4},{"damage":26,"enemies":"Gremlin Nob","floor":7,"turns":4},{"damage":8,"enemies":"3 Louse","floor":10,"turns":3},{"damage":18,"enemies":"Lagavulin","floor":11,"turns":6},{"damage":6,"enemies":"2 Fungi Beasts","floor":12,"turns":4},{"damage":11,"enemies":"Replay:BlueRogue","floor":13,"turns":5},{"damage":26,"enemies":"The Guardian","floor":16,"turns":8},{"damage":4,"enemies":"Chosen","floor":18,"turns":4},{"damage":0,"enemies":"2 Thieves","floor":22,"turns":1},{"damage":15,"enemies":"Slavers","floor":23,"turns":7},{"damage":25,"enemies":"Book of Stabbing","floor":25,"turns":5},{"damage":30,"enemies":"Shelled Parasite and Fungi","floor":29,"turns":4},{"damage":13,"enemies":"Slavers","floor":31,"turns":6},{"damage":26,"enemies":"Collector","floor":33,"turns":7},{"damage":4,"enemies":"Orb Walker","floor":35,"turns":3},{"damage":29,"enemies":"3 Darklings","floor":36,"turns":4},{"damage":6,"enemies":"Spire Growth","floor":37,"turns":4},{"damage":7,"enemies":"Maw","floor":39,"turns":4},{"damage":24,"enemies":"R_Hoarder","floor":41,"turns":6},{"damage":27,"enemies":"Jaw Worm Horde","floor":44,"turns":2},{"damage":27,"enemies":"Transient","floor":46,"turns":6},{"damage":2,"enemies":"3 Darklings","floor":48,"turns":2},{"damage":4,"enemies":"hubris:GrandSnecko","floor":50,"turns":5},{"damage":19,"enemies":"Awakened One","floor":51,"turns":6}],"seed_played":"-717809371092155454","potions_obtained":[{"floor":1,"key":"Death Potion"},{"floor":4,"key":"DistilledChaos"},{"floor":7,"key":"SneckoOil"},{"floor":18,"key":"EntropicBrew"},{"floor":25,"key":"PowerPotion"},{"floor":33,"key":"Block Potion"},{"floor":36,"key":"SteroidPotion"},{"floor":41,"key":"PowerPotion"},{"floor":44,"key":"BloodPotion"},{"floor":48,"key":"Ancient Potion"}],"is_trial":true,"path_per_floor":["M","?","?","M","M","R","E","R","T","M","E","M","E","$","R","B",null,"M","?","?","?","M","E","R","E","T","R","$","M","$","E","R","B",null,"M","M","M","$","M","R","E","$","T","M","?","M","?","M","R","B","B",null],"character_chosen":"IRONCLAD","items_purchased":["Inflame","Strawberry","True Grit+1","DollysMirror","Brimstone"],"campfire_rested":1,"item_purchase_floors":[14,14,14,28,38],"current_hp_per_floor":[74,74,74,75,75,75,55,55,55,53,41,41,36,43,43,23,67,69,69,69,57,63,68,68,49,49,49,49,25,25,18,42,22,67,69,46,46,46,45,45,27,27,27,47,42,21,21,41,41,43,30],"gold":227,"neow_bonus":"","is_daily":false,"chose_seed":false,"campfire_upgraded":7,"win_rate":0.0,"timestamp":1610426172,"path_taken":["M","?","?","M","M","R","E","R","T","M","E","M","E","$","R","BOSS","M","?","?","?","M","E","R","E","T","R","$","?","$","E","R","BOSS","M","M","M","$","M","R","E","?","T","M","?","?","?","?","R","BOSS","BOSS"],"items_purchased_type":["Card","Relic","Card","Relic","Relic"],"build_version":"2020-12-22","purchased_purges":0,"victory":true,"max_hp_per_floor":[75,75,75,75,75,75,75,75,75,75,75,75,75,82,82,82,82,82,82,82,82,82,82,82,82,82,82,82,82,82,82,82,82,82,82,82,82,82,82,82,82,82,82,82,82,82,82,82,82,82,82],"card_choices":[{"not_picked":["Metallicize","Body Slam"],"picked":"Sentinel","floor":1},{"not_picked":["Iron Wave","ReplayTheSpireMod:LeadingStrike"],"picked":"Evolve","floor":4},{"not_picked":["ReplayTheSpireMod:Limb From Limb","Perfected Strike"],"picked":"Feel No Pain","floor":5},{"not_picked":["Body Slam","Metallicize","Clash"],"picked":"SKIP","floor":7},{"not_picked":["Disarm+1","ReplayTheSpireMod:Muscle Training+1"],"picked":"Reckless Charge","floor":10},{"not_picked":["Reckless Charge","Bloodletting+1"],"picked":"Infernal Blade+1","floor":11},{"not_picked":["Infernal Blade+1","Sword Boomerang"],"picked":"Warcry+1","floor":12},{"not_picked":["Clothesline","Anger"],"picked":"Thunderclap","floor":13},{"not_picked":["Impervious+1","Demonic Infusion+1"],"picked":"Bludgeon","floor":16},{"not_picked":["Cleave","Iron Wave","Thunderclap"],"picked":"SKIP","floor":18},{"not_picked":["Power Through+1","Spot Weakness+1"],"picked":"Intimidate+1","floor":22},{"not_picked":["Havoc+1","Infernal Blade+1"],"picked":"Intimidate+1","floor":23},{"not_picked":["Body Slam","Reaper","Searing Blow"],"picked":"SKIP","floor":25},{"not_picked":["Bloodletting+1","Body Slam","Combust"],"picked":"SKIP","floor":29},{"not_picked":["Clash","Cleave"],"picked":"Corruption","floor":31},{"not_picked":["Eclipse+1","Berserk"],"picked":"Barricade","floor":33},{"not_picked":["Intimidate+1","Heavy Blade","Thunderclap"],"picked":"SKIP","floor":35},{"not_picked":["Uppercut+1","Heavy Blade","Perfected Strike"],"picked":"SKIP","floor":36},{"not_picked":["ReplayTheSpireMod:Strike From Hell","Reckless Charge","ReplayTheSpireMod:Limb From Limb+1"],"picked":"SKIP","floor":37},{"not_picked":["Infernal Blade+1","Spot Weakness+1","Flex+1"],"picked":"SKIP","floor":39},{"not_picked":["Dual Wield+1","Flame Barrier+1"],"picked":"Disarm+1","floor":41},{"not_picked":["Perfected Strike","hubris:ReadiedAction+1","Flex+1"],"picked":"SKIP","floor":44},{"not_picked":["Enlightenment+1","Specialist+1"],"picked":"Sadistic Nature+1","floor":45},{"not_picked":["Secret Weapon+1","ReplayTheSpireMod:Uncanny Aura+1"],"picked":"hubris:Insight+1","floor":45},{"not_picked":["PanicButton+1","Jack Of All Trades+1"],"picked":"Finesse+1","floor":45},{"not_picked":["Reckless Charge","Iron Wave+1","Hemokinesis"],"picked":"SKIP","floor":46},{"not_picked":["Replay:Undeath\u0027s Touch","Hemokinesis+1","Headbutt"],"picked":"SKIP","floor":48}],"player_experience":94351,"relics_obtained":[{"floor":7,"key":"Toxic Egg 2"},{"floor":9,"key":"Art of War"},{"floor":11,"key":"Whetstone"},{"floor":13,"key":"Dead Branch"},{"floor":23,"key":"King of Hearts"},{"floor":25,"key":"Vajra"},{"floor":26,"key":"hubris:TenFootPole"},{"floor":31,"key":"hubris:BottledRain"},{"floor":41,"key":"Replay:Bottled Steam"},{"floor":43,"key":"Frozen Egg 2"}],"event_choices":[{"damage_healed":0,"gold_gain":0,"player_choice":"Leave","damage_taken":0,"max_hp_gain":0,"max_hp_loss":0,"event_name":"The Cleric","floor":3,"gold_loss":0},{"cards_removed":["Warcry"],"damage_healed":0,"gold_gain":0,"player_choice":"Gave Gold","damage_taken":0,"max_hp_gain":0,"max_hp_loss":0,"event_name":"Beggar","floor":19,"gold_loss":75},{"damage_healed":0,"gold_gain":0,"player_choice":"Inject Mutagens","damage_taken":0,"relics_obtained":["MutagenicStrength"],"max_hp_gain":0,"max_hp_loss":0,"event_name":"Drug Dealer","floor":20,"gold_loss":0},{"damage_healed":0,"gold_gain":90,"player_choice":"GOLD ","damage_taken":12,"max_hp_gain":0,"max_hp_loss":0,"event_name":"Knowing Skull","floor":21,"potions_obtained":[],"gold_loss":0,"cards_obtained":[]},{"damage_healed":0,"gold_gain":0,"player_choice":"Memory 3","damage_taken":10,"max_hp_gain":0,"max_hp_loss":0,"event_name":"SensoryStone","floor":45,"gold_loss":0},{"damage_healed":0,"gold_gain":0,"player_choice":"Ignored","damage_taken":0,"max_hp_gain":0,"max_hp_loss":0,"event_name":"SecretPortal","floor":47,"gold_loss":0}],"is_beta":false,"boss_relics":[{"not_picked":["Tiny House","Kintsugi"],"picked":"Abe\u0027s Treasure"},{"not_picked":["Replay:Bronze Core","Empty Cage"],"picked":"Snecko Heart"}],"items_purged_floors":[],"is_endless":false,"potions_floor_spawned":[1,4,7,18,25,31,33,36,41,44,48],"ascension_level":20}}