{"host":"mfnyjbfkyfsz33u9","time":1610456700,"event":{"mods":["2.2 Compatiblity","BaseMod","Colored Powertips","Downfall","Marisa£¨Ùöéë¡¡Øª×âÞÞ£©","Minty Spire (QoL Compilation)","Rare Cards Sparkle","Replay The Spire","StSLib","SuperFastMode","The Cursed"],"gold_per_floor":[115,115,115,115,132,160,160,192,192,204,14,14,14,42,42,139,139,151,168,168,179,194,224,224,224],"floor_reached":24,"playtime":705,"items_purged":["Strike_R"],"score":272,"play_id":"f8e9a849-ff99-49fa-838b-0da8ec049b86","local_time":"20210112220500","is_ascension_mode":true,"campfire_choices":[{"data":"True Grit","floor":12,"key":"SMITH"},{"data":"ReplayTheSpireMod:LeadingStrike","floor":15,"key":"SMITH"}],"circlet_count":0,"master_deck":["Strike_R+1","Strike_R","Defend_R+1","Defend_R","Defend_R","Defend_R","Bash","Replay:Undeath\u0027s Touch","ReplayTheSpireMod:Strike From Hell","Limit Break","Whirlwind","Sword Boomerang","True Grit+1","Heavy Blade","ReplayTheSpireMod:LeadingStrike+1","Brutality","Fiend Fire","Warcry","Bloodletting","Writhe","Headbutt"],"relics":["Burning Blood","NeowsBlessing","Replay:Bottled Snecko","Smiling Mask","Onion Ring","King of Hearts","Busted Crown","Replay:Rubber Ducky","Bottled Flame"],"acts_visited":["Exordium","TheCity"],"potions_floor_usage":[14,16,23],"damage_taken":[{"damage":0,"enemies":"Jaw Worm","floor":1,"turns":1},{"damage":0,"enemies":"Small Slimes","floor":5,"turns":1},{"damage":0,"enemies":"Lagavulin","floor":6,"turns":1},{"damage":38,"enemies":"Replay:BlueRogue","floor":8,"turns":13},{"damage":0,"enemies":"2 Louse","floor":10,"turns":2},{"damage":18,"enemies":"3 Sentries","floor":14,"turns":6},{"damage":59,"enemies":"Fading Forest","floor":16,"turns":11},{"damage":11,"enemies":"3 Byrds","floor":18,"turns":4},{"damage":0,"enemies":"Spheric Guardian","floor":19,"turns":3},{"damage":30,"enemies":"Snake Plant","floor":21,"turns":4},{"damage":13,"enemies":"Snecko","floor":22,"turns":4},{"damage":45,"enemies":"Replay:Snechameleon","floor":23,"turns":6},{"damage":15,"enemies":"Centurion and Healer","floor":24,"turns":1}],"seed_played":"8738368617847631871","potions_obtained":[{"floor":6,"key":"Energy Potion"},{"floor":8,"key":"SteroidPotion"},{"floor":10,"key":"SkillPotion"},{"floor":18,"key":"Elixir"},{"floor":22,"key":"SkillPotion"}],"is_trial":false,"path_per_floor":["M","?","?","?","M","E","?","E","T","M","$","R","$","E","R","B",null,"M","M","?","M","M","E","M"],"character_chosen":"IRONCLAD","items_purchased":["True Grit","Heavy Blade","ReplayTheSpireMod:LeadingStrike"],"campfire_rested":0,"item_purchase_floors":[11,11,11],"current_hp_per_floor":[80,80,73,57,63,69,80,48,48,54,54,54,54,42,42,15,80,75,80,80,56,49,10,0,0],"gold":224,"neow_bonus":"THREE_ENEMY_KILL","is_daily":false,"chose_seed":false,"campfire_upgraded":2,"win_rate":0.0,"timestamp":1610456700,"path_taken":["M","?","?","?","M","E","?","E","T","?","$","R","?","E","R","BOSS","M","M","?","M","M","E","?"],"items_purchased_type":["Card","Card","Card"],"build_version":"2020-12-22","purchased_purges":1,"victory":false,"max_hp_per_floor":[80,80,80,80,80,80,80,80,80,80,80,80,80,80,80,80,80,80,80,80,80,80,80,80,80],"card_choices":[{"not_picked":["Clash","Burning Pact"],"picked":"Replay:Undeath\u0027s Touch","floor":1},{"not_picked":["Warcry","Replay:Undeath\u0027s Touch"],"picked":"ReplayTheSpireMod:Strike From Hell","floor":5},{"not_picked":["Perfected Strike","Wild Strike"],"picked":"Limit Break","floor":6},{"not_picked":["Battle Trance","Rupture"],"picked":"Whirlwind","floor":8},{"not_picked":["Second Wind","Run Through"],"picked":"Sword Boomerang","floor":10},{"not_picked":["Clash","Disarm"],"picked":"Brutality","floor":14},{"not_picked":["Demonic Infusion","Brutality"],"picked":"Fiend Fire","floor":16},{"not_picked":[],"picked":"Warcry","floor":18},{"not_picked":[],"picked":"Bloodletting","floor":19},{"not_picked":["Uppercut"],"picked":"SKIP","floor":21},{"not_picked":[],"picked":"Headbutt","floor":22},{"not_picked":["Body Slam"],"picked":"SKIP","floor":23}],"player_experience":39877,"relics_obtained":[{"floor":6,"key":"Replay:Bottled Snecko"},{"floor":8,"key":"Smiling Mask"},{"floor":9,"key":"Onion Ring"},{"floor":14,"key":"King of Hearts"},{"floor":23,"key":"Bottled Flame"}],"event_choices":[{"cards_removed":["Strike_R"],"damage_healed":0,"gold_gain":0,"player_choice":"Card Removal","damage_taken":7,"max_hp_gain":0,"max_hp_loss":0,"event_name":"Golden Wing","floor":3,"gold_loss":0},{"damage_healed":0,"gold_gain":0,"player_choice":"Entered Light","damage_taken":16,"max_hp_gain":0,"max_hp_loss":0,"event_name":"Shining Light","floor":4,"gold_loss":0,"cards_upgraded":["Defend_R","Strike_R"]},{"damage_healed":11,"gold_gain":0,"player_choice":"Full Heal","damage_taken":0,"max_hp_gain":0,"max_hp_loss":0,"event_name":"Wheel of Change","floor":7,"gold_loss":0}],"is_beta":false,"boss_relics":[{"not_picked":["Replay:Bronze Core","SacredBark"],"picked":"Busted Crown"}],"items_purged_floors":[11],"is_endless":false,"potions_floor_spawned":[6,8,10,18,22],"killed_by":"Centurion and Healer","ascension_level":1}}