{"host":"npubv26u89aif4fa","time":1610420225,"event":{"mods":["Astrologer","BaseMod","Better Vampires","Better-Laid Plans","Colored Powertips","GifTheSpireLib","GungeonMod","HornydragonMod","Hubris","Jedi Mod","Minty Spire (QoL Compilation)","Quick Restart","Remilia（蕾米莉亚）","Replay The Spire","StSLib","Td1madao Mod","The Administrix","The Alterego","The Bug Knight","The Cursed","The Runesmith","Yuri Mod","残留之物"],"gold_per_floor":[144,189,234,579,624,669,669,969,969,452,452,542,542,542,542,942,942,987,987,1032,605,605,704,704,704,803,536,581,590,635,635,953,953,998,707,707,707,707,797,842,941,966,751,751,377,467,467,467],"floor_reached":50,"playtime":3753,"items_purged":["HollowMod:Grubsong","HollowMod:ChannelNail","Pot Of Greed","HollowMod:CycloneSlash"],"score":1214,"play_id":"bb9f6597-a21a-4e18-97dc-6b9390798d00","local_time":"20210112105705","daily_mods":["Draft","Vintage","Midas"],"is_ascension_mode":false,"campfire_choices":[{"floor":11.0,"key":"REST"},{"floor":15.0,"key":"REST"},{"floor":22.0,"key":"REST"},{"floor":24.0,"key":"REST"},{"floor":31.0,"key":"REST"},{"floor":45.0,"key":"REST"},{"floor":48,"key":"REST"}],"circlet_count":0,"master_deck":["HollowMod:FallenFury","HollowMod:LifebloodCocoon","HollowMod:CloakDash","HollowMod:ChannelNail","HollowMod:GreatSlash","HollowMod:FastStrike","HollowMod:MantisMark","HollowMod:VengefulSpirit","HollowMod:CloakDash","HollowMod:MantisMark","HollowMod:FastStrike","HollowMod:MantisMark","HollowMod:CycloneSlash","Pot Of Greed","Pot Of Greed","HollowMod:MantisMark","HollowMod:MidwifesHunger+1","Dark Shackles","HollowMod:ShapeofUnn","HollowMod:WhiteLadysBlessing","HollowMod:MantisMark","HollowMod:HowlingWraiths","Pot Of Greed","HollowMod:CloakDash","HollowMod:VengefulVoid","Thinking Ahead","Thinking Ahead","HollowMod:ElderbugsWisdom","HollowMod:DoubleDash+1","hubris:Insight","hubris:Insight","HollowMod:SoulShaman","HollowMod:MothsMistake","HollowMod:ShadowDash","HollowMod:Weaversong","HollowMod:NewLastStag","HollowMod:SoulSplash+1","HollowMod:QuirrelsAssistance+1","HollowMod:NewLittleFool+1","Impatience+1","Impatience+1","HollowMod:MidwifesHunger+1"],"relics":["HollowMod:VesselMask","Matryoshka","PlaceholderMod:SoulofChaos","Gremlin Horn","Old Coin","Grinning Jar","DemoMod:LamentConfigurum","hubris:Icosahedron","hubris:SlimyHat","Blue Doll","Mercury Hourglass","Toy Ornithopter","Strange Spoon","hubris:PeanutButter","hubris:FruitBowl","jedi:fakemustache","Replay:Wax Seal","DemoMod:SerJunkan","Bag of Marbles","Fusion Hammer","DemoMod:Junk","hubris:Teleporter","Membership Card","HollowMod:PaleOreRelic","CeramicFish","jedi:windupbox","HollowMod:IsmasTear","hubris:TerracottaHorce","Molten Egg 2","DemoMod:GlassGuonStoneRelic","PlaceholderMod:DeVermisMysteriis","Garlic","Toxic Egg 2","Incense Burner","Pen Nib","DollysMirror","jedi:heavyjacket"],"acts_visited":["Exordium","TheCity","TheBeyond"],"potions_floor_usage":[49],"damage_taken":[{"damage":0.0,"enemies":"2 Louse","floor":1.0,"turns":2.0},{"damage":6.0,"enemies":"Small Slimes","floor":2.0,"turns":2.0},{"damage":1.0,"enemies":"Jaw Worm","floor":3.0,"turns":2.0},{"damage":0.0,"enemies":"Gremlin Gang","floor":4.0,"turns":1.0},{"damage":0.0,"enemies":"2 Fungi Beasts","floor":5.0,"turns":2.0},{"damage":0.0,"enemies":"3 Louse","floor":6.0,"turns":2.0},{"damage":0.0,"enemies":"HollowMod:MossKnight","floor":12.0,"turns":3.0},{"damage":0.0,"enemies":"Slime Boss","floor":16.0,"turns":5.0},{"damage":0.0,"enemies":"Spheric Guardian","floor":18.0,"turns":2.0},{"damage":0.0,"enemies":"Shell Parasite","floor":20.0,"turns":2.0},{"damage":8.0,"enemies":"Book of Stabbing","floor":23.0,"turns":4.0},{"damage":0.0,"enemies":"Gremlin Leader","floor":26.0,"turns":3.0},{"damage":0.0,"enemies":"Sentry and Sphere","floor":28.0,"turns":2.0},{"damage":4.0,"enemies":"Shelled Parasite and Fungi","floor":30.0,"turns":2.0},{"damage":0.0,"enemies":"Collector","floor":32.0,"turns":3.0},{"damage":0.0,"enemies":"3 Shapes","floor":34.0,"turns":1.0},{"damage":30.0,"enemies":"Nemesis","floor":39.0,"turns":3.0},{"damage":0.0,"enemies":"Orb Walker","floor":40.0,"turns":1.0},{"damage":0.0,"enemies":"R_Hoarder","floor":41.0,"turns":2.0},{"damage":0,"enemies":"Giant Head","floor":47,"turns":2},{"damage":0,"enemies":"hubris:GrandSnecko","floor":49,"turns":3}],"seed_played":"-6062085814737979882","potions_obtained":[{"floor":1.0,"key":"AttackPotion"},{"floor":12.0,"key":"DemoMod:LeadSkinPotion"},{"floor":16.0,"key":"DistilledChaos"},{"floor":18.0,"key":"Milkshake"},{"floor":23.0,"key":"Fire Potion"},{"floor":26.0,"key":"DemoMod:LeadSkinPotion"},{"floor":40.0,"key":"Weak Potion"}],"is_trial":false,"path_per_floor":["M","M","M","M","M","M","?","?","T","$","R","E","$","?","R","B",null,"M","?","M","$","R","E","R","T","E","$","M","?","M","R","B",null,"M","?","?","?","T","E","M","E","T","$","R","$","E","R","B",null],"character_chosen":"THE_BUGKNIGHT","items_purchased":["HollowMod:MidwifesHunger+1","Toy Ornithopter","Strange Spoon","Dark Shackles","HollowMod:ShapeofUnn","hubris:FruitBowl","jedi:fakemustache","Replay:Wax Seal","DemoMod:SerJunkan","Bag of Marbles","Membership Card","HollowMod:PaleOreRelic","CeramicFish","HollowMod:HowlingWraiths","HollowMod:CloakDash","HollowMod:VengefulVoid","Thinking Ahead","jedi:windupbox","HollowMod:IsmasTear","hubris:Insight","HollowMod:SoulShaman","HollowMod:MothsMistake","Toxic Egg 2","HollowMod:QuirrelsAssistance+1","Incense Burner","Pen Nib","HollowMod:NewLittleFool+1","Impatience+1","DollysMirror"],"campfire_rested":7,"item_purchase_floors":[10,10,10,10,10,13,13,13,13,13,21,21,21,21,21,21,21,27,27,27,27,27,44,44,46,46,46,46,46],"current_hp_per_floor":[75,69,68,68,68,68,71,74,74,74,81,81,34,42,69,69,92,92,96,96,96,96,88,96,96,96,96,100,104,104,108,108,108,108,112,116,120,124,94,94,124,124,124,124,124,124,124,124],"gold":467,"neow_bonus":"","is_daily":true,"chose_seed":false,"campfire_upgraded":0,"win_rate":0.0,"timestamp":1610420225,"path_taken":["M","M","M","M","M","M","?","?","T","$","R","E","?","?","R","BOSS","M","?","M","$","R","E","R","T","E","$","?","?","?","R","BOSS","M","?","?","?","?","E","M","E","T","$","R","$","E","R","BOSS"],"items_purchased_type":["Card","Relic","Relic","Card","Card","Relic","Relic","Relic","Relic","Relic","Relic","Relic","Relic","Card","Card","Card","Card","Relic","Relic","Card","Card","Card","Relic","Card","Relic","Relic","Card","Card","Relic"],"build_version":"2020-12-22","purchased_purges":4,"victory":true,"max_hp_per_floor":[75,75,75,75,75,75,78,81,81,81,81,81,84,92,92,92,92,92,96,96,96,96,96,96,96,96,96,100,104,108,108,108,108,108,112,116,120,124,124,124,124,124,124,124,124,124,124,124],"card_choices":[{"not_picked":["HollowMod:HeavyBlow","HollowMod:SiblingsShadow"],"picked":"HollowMod:FallenFury","floor":0.0},{"not_picked":["HollowMod:MothsMistake","HollowMod:ChannelNail"],"picked":"HollowMod:LifebloodCocoon","floor":0.0},{"not_picked":["HollowMod:NewJinnsSoul","HollowMod:WraithStrike"],"picked":"HollowMod:CloakDash","floor":0.0},{"not_picked":["HollowMod:ShadowDash","HollowMod:NewGlowingWomb"],"picked":"HollowMod:ChannelNail","floor":0.0},{"not_picked":["HollowMod:SoulSplash","HollowMod:TaintedHusks"],"picked":"HollowMod:CycloneSlash","floor":0.0},{"not_picked":["HollowMod:SoulShaman","HollowMod:DoubleDash"],"picked":"HollowMod:GreatSlash","floor":0.0},{"not_picked":["HollowMod:SiblingsSouls","HollowMod:InfectedAttack"],"picked":"HollowMod:FastStrike","floor":0.0},{"not_picked":["HollowMod:SharpenedShadows","HollowMod:CycloneSlash"],"picked":"HollowMod:MantisMark","floor":0.0},{"not_picked":["HollowMod:GrimmsGift","HollowMod:ChannelNail"],"picked":"HollowMod:VengefulSpirit","floor":0.0},{"not_picked":["HollowMod:InfectionAssault","HollowMod:SoulVessel"],"picked":"HollowMod:CloakDash","floor":0.0},{"not_picked":["HollowMod:CoiledNail","HollowMod:ShadowDash"],"picked":"HollowMod:MantisMark","floor":0.0},{"not_picked":["HollowMod:GrimmsGift","HollowMod:SharpenedNail"],"picked":"HollowMod:FastStrike","floor":0.0},{"not_picked":["HollowMod:DescendingDark","HollowMod:ShadowDash"],"picked":"HollowMod:MantisMark","floor":0.0},{"not_picked":["HollowMod:InfectedAttack","HollowMod:SoulShaman"],"picked":"HollowMod:CycloneSlash","floor":0.0},{"not_picked":["HollowMod:LifebloodCocoon","HollowMod:ShadowDash"],"picked":"HollowMod:Grubsong","floor":0.0},{"not_picked":["HollowMod:SharpenedShadows","HollowMod:ShadowDash"],"picked":"HollowMod:CornifersMapStart","floor":8.0},{"not_picked":["HollowMod:SoulSplash","HollowMod:RadiancesLament"],"picked":"HollowMod:MantisMark","floor":8.0},{"not_picked":["HollowMod:SharpenedShadows","HollowMod:DreamGate","HollowMod:ChannelNail"],"picked":"SKIP","floor":12.0},{"not_picked":["HollowMod:SharpenedShadows","HollowMod:DreamGate"],"picked":"HollowMod:ChannelNail","floor":12.0},{"not_picked":["HollowMod:RadiancesLament","HollowMod:VoidDash"],"picked":"HollowMod:WhiteLadysBlessing","floor":16.0},{"not_picked":["HollowMod:VengefulVoid+1","HollowMod:HowlingWraiths"],"picked":"HollowMod:ElderbugsWisdom","floor":23.0},{"not_picked":["HollowMod:DashSlash","HollowMod:GoodIntentions+1"],"picked":"HollowMod:DoubleDash+1","floor":26.0},{"not_picked":["HollowMod:AwokenDreamNail","HollowMod:Hiveblood"],"picked":"HollowMod:Weaversong","floor":32.0},{"not_picked":["HollowMod:CycloneSlash+1","HollowMod:InfectionAssault+1","HollowMod:LifebloodCocoon+1"],"picked":"SKIP","floor":39.0},{"not_picked":["HollowMod:CrystalDash","HollowMod:HeavyBlow+1"],"picked":"HollowMod:SoulSplash+1","floor":41.0},{"not_picked":["HollowMod:CoiledNail+1","HollowMod:BlackTendrils+1","HollowMod:DescendingDark+1"],"picked":"SKIP","floor":47}],"player_experience":242107,"relics_obtained":[{"floor":1.0,"key":"Matryoshka"},{"floor":2.0,"key":"PlaceholderMod:SoulofChaos"},{"floor":3.0,"key":"Gremlin Horn"},{"floor":4.0,"key":"Old Coin"},{"floor":5.0,"key":"Grinning Jar"},{"floor":6.0,"key":"DemoMod:LamentConfigurum"},{"floor":8.0,"key":"hubris:SlimyHat"},{"floor":9.0,"key":"Blue Doll"},{"floor":9.0,"key":"Mercury Hourglass"},{"floor":12.0,"key":"hubris:PeanutButter"},{"floor":18.0,"key":"DemoMod:Junk"},{"floor":20.0,"key":"DemoMod:Junk"},{"floor":23.0,"key":"DemoMod:Junk"},{"floor":25.0,"key":"DemoMod:Junk"},{"floor":25.0,"key":"DemoMod:Junk"},{"floor":26.0,"key":"DemoMod:Junk"},{"floor":28.0,"key":"DemoMod:Junk"},{"floor":30.0,"key":"DemoMod:Junk"},{"floor":34.0,"key":"DemoMod:Junk"},{"floor":38.0,"key":"DemoMod:Junk"},{"floor":39.0,"key":"DemoMod:Junk"},{"floor":40.0,"key":"PlaceholderMod:DeVermisMysteriis"},{"floor":41.0,"key":"Garlic"},{"floor":42.0,"key":"DemoMod:Junk"},{"floor":47,"key":"jedi:heavyjacket"}],"event_choices":[{"damage_healed":0.0,"max_hp_gain":0.0,"max_hp_loss":0.0,"gold_gain":0.0,"event_name":"The Library","player_choice":"Read","floor":19.0,"gold_loss":0.0,"damage_taken":0.0,"cards_obtained":["HollowMod:MantisMark"]},{"damage_healed":0.0,"max_hp_gain":0.0,"max_hp_loss":0.0,"gold_gain":0.0,"cards_transformed":["HollowMod:CornifersMapStart"],"event_name":"Transmorgrifier","player_choice":"Transformed","floor":29.0,"gold_loss":0.0,"damage_taken":0.0,"cards_obtained":["HollowMod:ShadowDash"]},{"damage_healed":0.0,"max_hp_gain":0.0,"max_hp_loss":0.0,"gold_gain":0.0,"event_name":"Tomb of Lord Red Mask","player_choice":"Ignored","floor":36.0,"gold_loss":0.0,"damage_taken":0.0}],"is_beta":false,"boss_relics":[{"not_picked":["Philosopher\u0027s Stone","Snecko Eye"],"picked":"Fusion Hammer"},{"not_picked":["Replay:Wanted Poster","Runic Dome"],"picked":"hubris:TerracottaHorce"}],"items_purged_floors":[21,27,44,46],"is_endless":false,"potions_floor_spawned":[1,12,16,18,23,26,30,40,47],"ascension_level":0}}