{"host":"f5gffvlv6a66yqkd","time":1610429136,"event":{"mods":["2.2 Compatiblity","BaseMod","Colored Map","DeckTracker","Keyboard Shortcuts","Minty Spire (QoL Compilation)","Permanent Neow","Quick Restart","Relic Stats","StSLib","SuperFastMode"],"gold_per_floor":[119,139,139,16,30,30,64,16,40,54,74,74,74,87,87,182,182,199,199,253,14,33,33,33,33],"floor_reached":24,"playtime":764,"items_purged":["Defend_R","Strike_R"],"score":296,"play_id":"6ae9e569-2ea1-44ba-87d6-1c343669cfd6","local_time":"20210112142536","is_ascension_mode":false,"campfire_choices":[{"data":"True Grit","floor":6,"key":"SMITH"},{"data":"Body Slam","floor":12,"key":"SMITH"},{"data":"Shrug It Off","floor":15,"key":"SMITH"},{"data":"Double Tap","floor":23,"key":"SMITH"}],"circlet_count":0,"master_deck":["Strike_R","Strike_R","Strike_R","Defend_R","Defend_R","Defend_R","Bash","Wild Strike","Pommel Strike","Double Tap+1","True Grit+1","Shrug It Off+1","Body Slam+1","Shrug It Off","Cleave","Burning Pact+1","Armaments+1"],"relics":["Burning Blood","Bag of Marbles","Tiny Chest","Philosopher\u0027s Stone","Toxic Egg 2","PreservedInsect","Membership Card"],"acts_visited":["Exordium","TheCity"],"potions_floor_usage":[7],"damage_taken":[{"damage":6,"enemies":"Cultist","floor":1,"turns":3},{"damage":1,"enemies":"Jaw Worm","floor":2,"turns":3},{"damage":5,"enemies":"Small Slimes","floor":5,"turns":4},{"damage":41,"enemies":"3 Sentries","floor":7,"turns":12},{"damage":8,"enemies":"Exordium Thugs","floor":10,"turns":5},{"damage":5,"enemies":"Looter","floor":11,"turns":4},{"damage":9,"enemies":"3 Louse","floor":14,"turns":5},{"damage":39,"enemies":"The Guardian","floor":16,"turns":18},{"damage":36,"enemies":"Spheric Guardian","floor":18,"turns":8},{"damage":12,"enemies":"2 Thieves","floor":22,"turns":4},{"damage":50,"enemies":"Snake Plant","floor":24,"turns":8}],"seed_played":"6293717174389968221","potions_obtained":[{"floor":5,"key":"Regen Potion"},{"floor":11,"key":"ElixirPotion"},{"floor":14,"key":"Explosive Potion"},{"floor":16,"key":"FearPotion"},{"floor":18,"key":"Energy Potion"},{"floor":22,"key":"SpeedPotion"}],"is_trial":true,"path_per_floor":["M","M","?","$","M","R","E","$","T","M","M","R","?","M","R","B",null,"M","?","T","$","M","R","M"],"character_chosen":"IRONCLAD","items_purchased":["True Grit","Shrug It Off","Membership Card","Burning Pact+1"],"campfire_rested":0,"item_purchase_floors":[4,8,21,21],"current_hp_per_floor":[80,80,80,80,80,80,60,60,60,58,59,59,64,61,61,28,85,55,55,55,55,49,49,0,0],"gold":33,"neow_bonus":"","is_daily":false,"chose_seed":false,"campfire_upgraded":4,"win_rate":0.0,"timestamp":1610429136,"path_taken":["M","M","?","?","M","R","E","?","T","M","?","R","?","M","R","BOSS","M","?","?","$","M","R","M"],"items_purchased_type":["Card","Card","Relic","Card"],"build_version":"2020-12-22","purchased_purges":2,"victory":false,"max_hp_per_floor":[80,80,80,80,80,80,80,80,80,80,80,80,85,85,85,85,85,85,85,85,85,85,85,85,85],"relic_stats":{"counters":[11,74],"Tiny Chest":1,"PreservedInsect":0,"obtain_stats":[{"Tiny Chest":9,"Philosopher\u0027s Stone":17,"PreservedInsect":20,"Bag of Marbles":7,"Membership Card":21,"Toxic Egg 2":19,"Burning Blood":0},{"Tiny Chest":4,"Philosopher\u0027s Stone":8,"PreservedInsect":9,"Bag of Marbles":4,"Membership Card":9,"Toxic Egg 2":9,"Burning Blood":0},{"Tiny Chest":22,"Philosopher\u0027s Stone":54,"PreservedInsect":62,"Bag of Marbles":22,"Membership Card":62,"Toxic Egg 2":62,"Burning Blood":0}],"Burning Blood":54},"card_choices":[{"not_picked":["Armaments","Havoc"],"picked":"Wild Strike","floor":1},{"not_picked":["Spot Weakness","Flame Barrier"],"picked":"Pommel Strike","floor":2},{"not_picked":["Disarm","Headbutt"],"picked":"Shrug It Off","floor":5},{"not_picked":["Uppercut","Spot Weakness"],"picked":"Body Slam","floor":7},{"not_picked":["Shrug It Off","Iron Wave","Bludgeon"],"picked":"SKIP","floor":10},{"not_picked":["Shockwave","Clothesline","Pommel Strike"],"picked":"SKIP","floor":11},{"not_picked":["Thunderclap","Blood for Blood","Twin Strike"],"picked":"SKIP","floor":14},{"not_picked":["Perfected Strike","Wild Strike"],"picked":"Cleave","floor":18},{"not_picked":["Juggernaut","Pommel Strike"],"picked":"Armaments+1","floor":22}],"player_experience":1543901,"relics_obtained":[{"floor":7,"key":"Bag of Marbles"},{"floor":9,"key":"Tiny Chest"},{"floor":20,"key":"PreservedInsect"}],"event_choices":[{"damage_healed":0,"gold_gain":0,"cards_transformed":["Strike_R"],"player_choice":"Transformed","damage_taken":0,"max_hp_gain":0,"max_hp_loss":0,"event_name":"Transmorgrifier","floor":3,"gold_loss":0,"cards_obtained":["Double Tap"]},{"damage_healed":0,"gold_gain":0,"player_choice":"Donut","damage_taken":0,"max_hp_gain":5,"max_hp_loss":0,"event_name":"Big Fish","floor":13,"gold_loss":0},{"damage_healed":0,"gold_gain":0,"player_choice":"Gave Potion","damage_taken":0,"relics_obtained":["Toxic Egg 2"],"max_hp_gain":0,"max_hp_loss":0,"event_name":"WeMeetAgain","floor":19,"gold_loss":0}],"is_beta":false,"boss_relics":[{"not_picked":["Mark of Pain","Runic Dome"],"picked":"Philosopher\u0027s Stone"}],"items_purged_floors":[4,21],"is_endless":true,"potions_floor_spawned":[5,11,14,16,18,22],"killed_by":"Snake Plant","ascension_level":0}}