{"host":"lxihx0b6awoz2w1j","time":1610465197,"event":{"mods":["Aspiration","BaseMod","Better Third Choice","CapriCore","Colored Powertips","Downfall","Hermit","Hubris","Infinite Spire","JesterMod","Luminous","Marisa????????","Melee Mod","Minty Spire (QoL Compilation)","Prisma Mod","Quick Restart","Relic Stats","Replay The Spire","Shade Mod","Spicy Shops","StSLib","The Alterego","The Blue Laboratory","The Cursed","The Disciple","The Forsaken","The Immortal","The Jungle","The Marked","The Runesmith","The Senshi","The Servant 0.9.4","Waifu the Spire"],"gold_per_floor":[114,128,147,147,147,147,177,194,194,213,213,213,226,226,226,322,322,332,351,365,365,365,365,381,381,381,381,398,398,415,450,450,582,582,635,689,754,823,88,88,126,146,146,146,168,168,168,189,189,189],"floor_reached":51,"playtime":2623,"items_purged":[],"score":728,"play_id":"840ce4fd-d16b-4788-8117-6263a598af68","local_time":"20210112162637","is_ascension_mode":false,"campfire_choices":[{"data":"Neutralize","floor":6.0,"key":"SMITH"},{"floor":11.0,"key":"REST"},{"data":"Cloak And Dagger","floor":15.0,"key":"SMITH"},{"data":"Dodge and Roll","floor":23.0,"key":"SMITH"},{"data":"Cloak And Dagger","floor":25.0,"key":"SMITH"},{"data":"Dodge and Roll","floor":29.0,"key":"SMITH"},{"data":"Hemogenesis","floor":32.0,"key":"SMITH"},{"data":"Replay:SS_forest_6","floor":40.0,"key":"SMITH"},{"data":"After Image","floor":44.0,"key":"SMITH"},{"data":"Noxious Fumes","floor":46.0,"key":"SMITH"},{"data":"infinitespire:UltimateForm","floor":49.0,"key":"SMITH"}],"circlet_count":0,"master_deck":["Strike_G","Strike_G+1","Strike_G","Strike_G","Strike_G","Defend_G","Defend_G","Defend_G","Defend_G","Defend_G","Survivor","Neutralize+1","Dodge and Roll+1","Dodge and Roll+1","Sword Boomerang","Expertise","Accuracy+1","Poisoned Stab","Cloak And Dagger+1","Unload","Prepared","Terror+1","Cloak And Dagger+1","Poisoned Stab","Caltrops+1","Hemogenesis+1","After Image+1","Finisher+1","Prepared+1","Noxious Fumes+1","Replay:SS_forest_6+1","Dash","Heel Hook","infinitespire:UltimateForm+1","Toxin Wave+1"],"relics":["Ring of the Snake","aspiration:Nostalgia","m_BurningSludge","hubris:CrystalStatue","infinitespire:Broken Mirror","aspiration:SecretTechniqueScroll","alterego_mod:SomeoneToFightFor","CaptainsWheel","aspiration:Lifesprig","Nunchaku","infinitespire:EvilPickle","SlaversCollar","Omamori","Replay:Rubber Ducky","Replay:Bottled Flurry","Replay:Multitool","hubris:DeckOfHolding","Molten Egg 2"],"acts_visited":["Exordium","TheCity","TheBeyond"],"potions_floor_usage":[],"damage_taken":[{"damage":12.0,"enemies":"Jaw Worm","floor":1.0,"turns":7.0},{"damage":1.0,"enemies":"2 Louse","floor":2.0,"turns":4.0},{"damage":0.0,"enemies":"Small Slimes","floor":3.0,"turns":4.0},{"damage":16.0,"enemies":"Replay:BlueRogue","floor":7.0,"turns":10.0},{"damage":0.0,"enemies":"Blue Slaver","floor":8.0,"turns":4.0},{"damage":0.0,"enemies":"Looter","floor":10.0,"turns":3.0},{"damage":0.0,"enemies":"3 Louse","floor":13.0,"turns":2.0},{"damage":13.0,"enemies":"The Guardian","floor":16.0,"turns":14.0},{"damage":3.0,"enemies":"2 Thieves","floor":18.0,"turns":4.0},{"damage":0.0,"enemies":"Spheric Guardian","floor":19.0,"turns":3.0},{"damage":3.0,"enemies":"Shelled Parasite and Fungi","floor":20.0,"turns":4.0},{"damage":0.0,"enemies":"Centurion and Healer","floor":24.0,"turns":6.0},{"damage":0.0,"enemies":"Snake Plant","floor":28.0,"turns":2.0},{"damage":0.0,"enemies":"Sentry and Sphere","floor":30.0,"turns":4.0},{"damage":9.0,"enemies":"Book of Stabbing","floor":31.0,"turns":4.0},{"damage":37.0,"enemies":"Pondfish","floor":33.0,"turns":10.0},{"damage":30.0,"enemies":"3 Darklings","floor":35.0,"turns":4.0},{"damage":7.0,"enemies":"Orb Walker","floor":36.0,"turns":3.0},{"damage":9.0,"enemies":"Sphere and 2 Shapes","floor":37.0,"turns":5.0},{"damage":0.0,"enemies":"Writhing Mass","floor":38.0,"turns":6.0},{"damage":6.0,"enemies":"Reptomancer","floor":41.0,"turns":8.0},{"damage":0.0,"enemies":"4 Shapes","floor":42.0,"turns":7.0},{"damage":0.0,"enemies":"Spire Growth","floor":45.0,"turns":4.0},{"damage":0.0,"enemies":"Maw","floor":48.0,"turns":8.0},{"damage":6,"enemies":"Replay:Hell Engine","floor":50,"turns":9}],"seed_played":"6068054239880279863","potions_obtained":[{"floor":1.0,"key":"Weak Potion"},{"floor":7.0,"key":"SneckoOil"},{"floor":13.0,"key":"blueLaboratory:AbyssPotion"},{"floor":19.0,"key":"Block Potion"},{"floor":31.0,"key":"Explosive Potion"},{"floor":33.0,"key":"GamblersBrew"},{"floor":36.0,"key":"Adrenaline Potion"},{"floor":41.0,"key":"Venom Potion"},{"floor":45.0,"key":"FearPotion"},{"floor":48.0,"key":"blueLaboratory:FruitPunch"}],"is_trial":false,"path_per_floor":["M","M","M","?","?","R","E","M","T","M","R","?","M","?","R","B",null,"M","M","M","?","AVR","R","M","R","T","?","M","R","M","E","R","B",null,"M","M","M","M","$","R","E","M","T","R","M","R","AVR","M","R","B",null],"character_chosen":"THE_SILENT","items_purchased":["Omamori","Replay:Rubber Ducky","Prepared+1","Replay:Bottled Flurry","Noxious Fumes","Replay:SS_forest_6"],"campfire_rested":1,"item_purchase_floors":[39,39,39,39,39,39],"current_hp_per_floor":[58,57,57,57,57,57,41,41,41,41,62,62,62,62,62,49,70,67,67,64,64,64,64,64,64,64,64,64,64,64,55,55,26,70,61,54,53,61,61,61,55,63,63,63,70,70,70,70,70,64],"gold":189,"neow_bonus":"NOSTALGIA","is_daily":false,"chose_seed":false,"campfire_upgraded":10,"win_rate":0.0,"timestamp":1610465197,"path_taken":["M","M","M","?","?","R","E","M","T","M","R","?","M","?","R","BOSS","M","M","M","?","AVR","R","M","R","T","?","M","R","M","E","R","BOSS","M","M","M","M","$","R","E","M","T","R","M","R","AVR","M","R","BOSS"],"items_purchased_type":["Relic","Relic","Card","Relic","Card","Card"],"build_version":"2020-12-22","purchased_purges":0,"victory":true,"max_hp_per_floor":[70,70,70,70,70,70,70,70,70,70,70,70,70,70,70,70,70,70,70,70,70,70,70,70,70,70,70,70,70,70,70,70,70,70,70,70,70,70,70,70,70,70,70,70,70,70,70,70,70,70],"relic_stats":{"Nunchaku":[19],"counters":[25,139],"obtain_stats":[{"aspiration:Lifesprig":26,"hubris:CrystalStatue":7,"aspiration:Nostalgia":0,"Omamori":39,"Replay:Multitool":41,"aspiration:SecretTechniqueScroll":17,"alterego_mod:SomeoneToFightFor":21,"Replay:Rubber Ducky":39,"infinitespire:EvilPickle":33,"SlaversCollar":34,"CaptainsWheel":22,"Nunchaku":31,"infinitespire:Broken Mirror":9,"hubris:DeckOfHolding":43,"Molten Egg 2":47,"Replay:Bottled Flurry":39,"Ring of the Snake":0,"m_BurningSludge":0},{"aspiration:Lifesprig":12,"hubris:CrystalStatue":4,"aspiration:Nostalgia":0,"Omamori":20,"Replay:Multitool":21,"aspiration:SecretTechniqueScroll":8,"alterego_mod:SomeoneToFightFor":11,"Replay:Rubber Ducky":20,"infinitespire:EvilPickle":16,"SlaversCollar":16,"CaptainsWheel":11,"Nunchaku":15,"infinitespire:Broken Mirror":5,"hubris:DeckOfHolding":22,"Molten Egg 2":23,"Replay:Bottled Flurry":20,"Ring of the Snake":0,"m_BurningSludge":0},{"aspiration:Lifesprig":65,"hubris:CrystalStatue":25,"aspiration:Nostalgia":0,"Omamori":103,"Replay:Multitool":111,"aspiration:SecretTechniqueScroll":48,"alterego_mod:SomeoneToFightFor":59,"Replay:Rubber Ducky":103,"infinitespire:EvilPickle":85,"SlaversCollar":85,"CaptainsWheel":59,"Nunchaku":75,"infinitespire:Broken Mirror":29,"hubris:DeckOfHolding":118,"Molten Egg 2":122,"Replay:Bottled Flurry":103,"Ring of the Snake":0,"m_BurningSludge":0}],"Ring of the Snake":[50]},"card_choices":[{"not_picked":["Skewer","Prepared"],"picked":"Dodge and Roll","floor":1.0},{"not_picked":["Hidden Blade","Underhanded Strike"],"picked":"Dodge and Roll","floor":2.0},{"not_picked":["Backflip","Setup"],"picked":"Sword Boomerang","floor":3.0},{"not_picked":["Concentrate","Outmaneuver"],"picked":"Expertise","floor":7.0},{"not_picked":["Tools of the Trade","Sucker Punch"],"picked":"Accuracy","floor":8.0},{"not_picked":["Backflip","Quick Slash"],"picked":"Poisoned Stab","floor":10.0},{"not_picked":["Sword Boomerang","Blood for Blood"],"picked":"Cloak And Dagger","floor":13.0},{"not_picked":["Poison Darts","Malaise"],"picked":"Unload","floor":16.0},{"not_picked":["Deadly Poison","Blood for Blood+1"],"picked":"Prepared","floor":18.0},{"not_picked":["hubris:SlightOfHand","Underhanded Strike"],"picked":"Terror","floor":19.0},{"not_picked":["Deflect","Prepared"],"picked":"Cloak And Dagger","floor":20.0},{"not_picked":["Outmaneuver","Slimebound:FinishingTackle"],"picked":"Poisoned Stab","floor":24.0},{"not_picked":["Burst","ReplayTheSpireMod:The Works","ReplayTheSpireMod:Exploit Weakness"],"picked":"SKIP","floor":28.0},{"not_picked":["Quick Slash+1","Twin Strike"],"picked":"Caltrops+1","floor":30.0},{"not_picked":["Dagger Throw+1","Slimebound:ViciousTackle"],"picked":"Hemogenesis","floor":31.0},{"not_picked":["Malaise","Corpse Explosion"],"picked":"After Image","floor":33.0},{"not_picked":["Expertise+1","Sucker Punch+1"],"picked":"Finisher+1","floor":35.0},{"not_picked":["Crippling Poison","Tactician","Masterful Stab+1"],"picked":"SKIP","floor":36.0},{"not_picked":["Deadly Poison+1","Choke","Underhanded Strike+1"],"picked":"SKIP","floor":37.0},{"not_picked":["Terror+1","PiercingWail","Bouncing Flask+1"],"picked":"SKIP","floor":38.0},{"not_picked":["Masterful Stab","PiercingWail+1"],"picked":"Dash","floor":41.0},{"not_picked":["ReplayTheSpireMod:Speed Training","Crippling Poison+1"],"picked":"Heel Hook","floor":42.0},{"not_picked":["All Out Attack","Setup+1","Dagger Throw+1"],"picked":"SKIP","floor":45.0},{"not_picked":["Setup+1","Masterful Stab+1"],"picked":"Toxin Wave+1","floor":48.0}],"player_experience":582056,"relics_obtained":[{"floor":7.0,"key":"hubris:CrystalStatue"},{"floor":9.0,"key":"infinitespire:Broken Mirror"},{"floor":26.0,"key":"aspiration:Lifesprig"},{"floor":31.0,"key":"Nunchaku"},{"floor":41.0,"key":"Replay:Multitool"},{"floor":43.0,"key":"hubris:DeckOfHolding"}],"event_choices":[{"damage_healed":0.0,"max_hp_gain":0.0,"max_hp_loss":0.0,"gold_gain":0.0,"event_name":"Living Wall","player_choice":"Grow","floor":12.0,"gold_loss":0.0,"damage_taken":0.0,"cards_upgraded":["Accuracy"]},{"damage_healed":0.0,"max_hp_gain":0.0,"max_hp_loss":0.0,"gold_gain":0.0,"event_name":"The Cleric","player_choice":"Leave","floor":14.0,"gold_loss":0.0,"damage_taken":0.0},{"damage_healed":0.0,"max_hp_gain":0.0,"max_hp_loss":0.0,"gold_gain":0.0,"event_name":"Secret Garden","player_choice":"Choice 2","floor":21.0,"gold_loss":0.0,"damage_taken":0.0,"relics_obtained":["alterego_mod:SomeoneToFightFor"]}],"is_beta":false,"boss_relics":[{"not_picked":["aspiration:PoetsPen_weak","Replay:Wanted Poster"],"picked":"aspiration:SecretTechniqueScroll"},{"not_picked":["hubris:HollowSoul","theForsaken:PaleLantern"],"picked":"SlaversCollar"}],"items_purged_floors":[],"is_endless":false,"potions_floor_spawned":[1,7,13,19,31,33,36,41,45,48],"ascension_level":0}}