{"host":"c7y19xegjhmhlks5","time":1610414511,"event":{"mods":["AchievementEnabler","BaseMod","Better Note","Block Reminder","Colored Map","Downfall","Highlight Path","Infinite Spire","Minty Spire (QoL Compilation)","Replay The Spire","StSLib","everything is the same but u backflip on backflip"],"gold_per_floor":[99,113,133,133,133,58,58,58,43,68,68,87,115,129,146,146,146],"floor_reached":16,"playtime":2384,"items_purged":[],"score":116,"play_id":"c535a6d7-d96d-4f1f-a0d0-45c67b4df003","local_time":"20210111202151","is_ascension_mode":true,"campfire_choices":[{"floor":1,"key":"RECALL"},{"data":"Replay:GuardianCast","floor":6,"key":"SMITH"},{"data":"Guardian:TwinSlam","floor":8,"key":"SMITH"}],"circlet_count":0,"master_deck":["Guardian:Strike_Guardian","Guardian:Strike_Guardian","Guardian:Strike_Guardian","Guardian:Strike_Guardian","Guardian:Defend_Guardian","Guardian:Defend_Guardian","Guardian:Defend_Guardian","Guardian:Defend_Guardian","Guardian:CurlUp","Guardian:TwinSlam+1","Guardian:TimeBomb","Guardian:BronzeOrb","Replay:GuardianCast+1","Guardian:TimeSifter","Guardian:TemporalShield","Regret","Guardian:ChargeUp","Guardian:TimeCapacitor","Guardian:Recover","Guardian:BronzeArmor"],"relics":["Ring of Panic","Ring of Fangs","Cracked Core","downfall:HeartBlessingRed","Darkstone Periapt","Sundial","infinitespire:Lucky Rock","ReplayFunnel"],"acts_visited":["Exordium"],"potions_floor_usage":[13,14,16],"damage_taken":[{"damage":0,"enemies":"Small Slimes","floor":2,"turns":3},{"damage":0,"enemies":"2 Louse","floor":3,"turns":3},{"damage":0,"enemies":"downfall:FleeingMerchant","floor":9,"turns":4},{"damage":23,"enemies":"Replay:BlueRogue","floor":10,"turns":7},{"damage":8,"enemies":"Jaw Worm","floor":12,"turns":5},{"damage":22,"enemies":"Gremlin Nob","floor":13,"turns":4},{"damage":1,"enemies":"Exordium Thugs","floor":14,"turns":5},{"damage":9,"enemies":"Blue Slaver","floor":15,"turns":4},{"damage":54,"enemies":"downfall:Ironclad","floor":16,"turns":13}],"seed_played":"8582476585421428174","potions_obtained":[{"floor":2,"key":"CultistPotion"},{"floor":10,"key":"Explosive Potion"},{"floor":13,"key":"LifebloodPotion"}],"is_trial":false,"path_per_floor":["R","M","M","?","?","R","T","R","$","E","?","M","E","M","M","B"],"character_chosen":"GUARDIAN","items_purchased":[],"campfire_rested":0,"item_purchase_floors":[],"current_hp_per_floor":[88,88,88,88,88,88,88,88,88,65,71,63,41,40,31,0,0],"gold":146,"neow_bonus":"TEN_PERCENT_HP_BONUS","is_daily":false,"chose_seed":false,"campfire_upgraded":2,"win_rate":0.0,"timestamp":1610414511,"path_taken":["R","M","M","?","?","R","T","R","$","E","?","M","E","?","M","BOSS"],"items_purchased_type":[],"build_version":"2020-12-22","purchased_purges":0,"victory":false,"max_hp_per_floor":[88,88,88,88,88,88,88,88,88,88,94,94,94,94,94,94,94],"card_choices":[{"not_picked":["Guardian:PrimingBeam","Guardian:CrystalBeam"],"picked":"Guardian:TimeBomb","floor":2},{"not_picked":["Guardian:SpikerProtocol","Guardian:Gem_Green"],"picked":"Guardian:BronzeOrb","floor":3},{"not_picked":["Guardian:Harden","Guardian:Gem_Red"],"picked":"Guardian:TimeSifter","floor":9},{"not_picked":["Guardian:BronzeArmor","Guardian:ShieldSpikes"],"picked":"Guardian:TemporalShield","floor":10},{"not_picked":["Guardian:Gem_Cyan","Guardian:BronzeArmor"],"picked":"Guardian:ChargeUp","floor":12},{"not_picked":["Guardian:Gem_Cyan","Guardian:Gem_Blue"],"picked":"Guardian:TimeCapacitor","floor":13},{"not_picked":["Guardian:BronzeArmor","Guardian:Gem_Green"],"picked":"Guardian:Recover","floor":14},{"not_picked":["Guardian:CrystalBeam","Guardian:Gem_Fragmented"],"picked":"Guardian:BronzeArmor","floor":15}],"player_experience":635230,"relics_obtained":[{"floor":4,"key":"Ring of Panic"},{"floor":4,"key":"Ring of Fangs"},{"floor":7,"key":"Darkstone Periapt"},{"floor":10,"key":"Sundial"},{"floor":13,"key":"ReplayFunnel"}],"event_choices":[{"damage_healed":0,"gold_gain":0,"player_choice":"Box","damage_taken":0,"relics_obtained":["infinitespire:Lucky Rock"],"max_hp_gain":0,"max_hp_loss":0,"event_name":"Big Fish","floor":11,"gold_loss":0,"cards_obtained":["Regret"]}],"is_beta":false,"boss_relics":[],"items_purged_floors":[],"is_endless":false,"potions_floor_spawned":[2,10,13],"killed_by":"downfall:Ironclad","ascension_level":1}}