{"host":"alk2ftu785mujiir","time":1610494300,"event":{"mods":["BaseMod","Colored Map","Downfall","Minty Spire (QoL Compilation)","StSLib"],"gold_per_floor":[99,113,131,131,141,141,222,237,249,249,349,379,304,330,343,343,343,343],"floor_reached":16,"language":"ENG","playtime":658,"items_purged":[],"score":112,"play_id":"6104b34d-9b2e-483e-b7e3-cd7e8721d0c2","local_time":"20210112183140","is_ascension_mode":false,"campfire_choices":[{"data":"Guardian:TwinSlam","floor":1,"key":"SMITH"},{"data":"Guardian:PrismaticBeam","floor":6,"key":"SMITH"},{"data":"Guardian:PiercingHide","floor":10,"key":"SMITH"},{"data":"Guardian:TemporalShield","floor":13,"key":"SMITH"}],"circlet_count":0,"master_deck":["Guardian:Strike_Guardian","Guardian:Strike_Guardian","Guardian:Strike_Guardian","Guardian:Strike_Guardian","Guardian:Defend_Guardian","Guardian:Defend_Guardian","Guardian:Defend_Guardian","Guardian:Defend_Guardian","Guardian:CurlUp","Guardian:TwinSlam+1","CurseOfTheBell","Guardian:PrismaticBeam+1","Guardian:TemporalShield+1","Guardian:PiercingHide+1","Guardian:VentSteam","Guardian:Gem_Green"],"relics":["Calling Bell","Orichalcum","Matryoshka","Ice Cream","White Beast Statue","Kunai","PreservedInsect","downfall:HeartBlessingGreen","Lantern"],"acts_visited":["Exordium"],"potions_floor_usage":[12,16,16,16],"damage_taken":[{"damage":0,"enemies":"Small Slimes","floor":2,"turns":3},{"damage":4,"enemies":"Cultist","floor":3,"turns":4},{"damage":0,"enemies":"2 Louse","floor":5,"turns":3},{"damage":5,"enemies":"Blue Slaver","floor":8,"turns":4},{"damage":6,"enemies":"2 Fungi Beasts","floor":9,"turns":4},{"damage":8,"enemies":"3 Sentries","floor":12,"turns":7},{"damage":2,"enemies":"Gremlin Nob","floor":14,"turns":3},{"damage":0,"enemies":"Exordium Wildlife","floor":15,"turns":3},{"damage":59,"enemies":"downfall:Defect","floor":16,"turns":11}],"seed_played":"5896674348419918957","potions_obtained":[{"floor":3,"key":"Guardian:DefensiveModePotion"},{"floor":4,"key":"SpeedPotion"},{"floor":4,"key":"ColorlessPotion"},{"floor":5,"key":"SkillPotion"},{"floor":8,"key":"Guardian:DefensiveModePotion"},{"floor":9,"key":"Explosive Potion"},{"floor":12,"key":"SpeedPotion"},{"floor":14,"key":"LiquidMemories"}],"is_trial":false,"path_per_floor":["R","M","M","?","M","R","T","M","M","R","?","E","R","E","M","B"],"character_chosen":"GUARDIAN","items_purchased":[],"campfire_rested":0,"item_purchase_floors":[],"current_hp_per_floor":[80,80,76,76,76,76,76,71,65,65,65,57,57,55,55,0,0,0],"gold":343,"neow_bonus":"BOSS_RELIC","is_daily":false,"chose_seed":false,"campfire_upgraded":4,"win_rate":0.0,"timestamp":1610494300,"path_taken":["R","M","M","?","?","R","T","M","M","R","?","E","R","E","M","BOSS"],"items_purchased_type":[],"build_version":"2020-12-22","purchased_purges":0,"victory":false,"max_hp_per_floor":[80,80,80,80,80,80,80,80,80,80,80,80,80,80,80,80,80,80],"card_choices":[{"not_picked":["Guardian:Gem_Crimson","Guardian:Clone"],"picked":"Guardian:PrismaticBeam","floor":2},{"not_picked":["Guardian:CrystalBeam","Guardian:WalkerClaw"],"picked":"Guardian:Gem_Red","floor":3},{"not_picked":["Guardian:Planning","Guardian:ShieldCharger"],"picked":"Guardian:Gem_Fragmented","floor":5},{"not_picked":["Guardian:Suspension","Guardian:Gem_Red"],"picked":"Guardian:TemporalShield","floor":8},{"not_picked":["Guardian:Planning","Guardian:ExploitGems"],"picked":"Guardian:PiercingHide","floor":9},{"not_picked":["Guardian:Incinerate","Guardian:Gem_Green"],"picked":"Guardian:Gem_Purple","floor":12},{"not_picked":["Guardian:ShieldCharger","Guardian:PrimingBeam"],"picked":"Guardian:VentSteam","floor":14},{"not_picked":["Guardian:PolyBeam","Guardian:Gem_Red"],"picked":"Guardian:Gem_Green","floor":15}],"player_experience":1750184,"relics_obtained":[{"floor":0,"key":"Orichalcum"},{"floor":0,"key":"Matryoshka"},{"floor":0,"key":"Ice Cream"},{"floor":7,"key":"White Beast Statue"},{"floor":7,"key":"Kunai"},{"floor":12,"key":"PreservedInsect"},{"floor":14,"key":"Lantern"}],"event_choices":[{"damage_healed":0,"gold_gain":0,"player_choice":"Got Potions","damage_taken":0,"max_hp_gain":0,"max_hp_loss":0,"event_name":"Lab","floor":4,"gold_loss":0}],"is_beta":false,"boss_relics":[],"items_purged_floors":[],"is_endless":false,"potions_floor_spawned":[3,5,8,9,12,14,15],"killed_by":"downfall:Defect","ascension_level":0}}