{"host":"9d9dhukr2jywmy0f","time":1610426187,"event":{"mods":["2.2 Compatiblity","Alarm Clock","BaseMod","Bestiary","Block Reminder","Colored Map","Colored Powertips","Curses Come First","DeckTracker","Highlight Path","Key Reminder","Marisa£®ÏF”Í°°ƒß¿Ì…≥£©","Minty Spire (QoL Compilation)","Quick Restart","Rare Cards Sparkle","Relic Sorter","Relic Stats","Spire Birthday Party","StSLib","SuperFastMode","Synergy Search","Unceasing Turn Reminder","Unknown Chances"],"gold_per_floor":[11,27,46,66,66,66,81,101,101,101,135,210,210,68,68,171,171,188,188,200,47,73,86,86,106,158,158,9,9,9,29,29,29,29],"floor_reached":33,"playtime":1400,"items_purged":["Strike_MRS","Strike_MRS","Strike_MRS"],"score":408,"play_id":"1a38160e-d552-4089-894f-a1daac459b7f","local_time":"20210112123627","is_ascension_mode":true,"campfire_choices":[{"data":"UpSweep","floor":6.0,"key":"SMITH"},{"data":"MasterSpark","floor":10.0,"key":"SMITH"},{"data":"OneTimeOff","floor":13.0,"key":"SMITH"},{"floor":15.0,"key":"REST"},{"data":"UltimateShortwave","floor":24.0,"key":"SMITH"},{"data":"PowerUp","floor":27.0,"key":"SMITH"},{"floor":32,"key":"REST"}],"circlet_count":0,"master_deck":["AscendersBane","Defend_MRS","Defend_MRS","Defend_MRS","Defend_MRS","MasterSpark+1","UpSweep+1","SporeBomb","Orbital","ShootingEcho","OneTimeOff+1","EnergyFlow","UltimateShortwave+1","GalacticHalo","GalacticHalo+1","Acceleration","PowerUp+1","MillisecondPulsars","MilkyWay","6A+1"],"relics":["MiniHakkero","Bird Faced Urn","keyreminder:keyreminder","Anchor","Velvet Choker","Strawberry","Dream Catcher"],"acts_visited":["Exordium","TheCity"],"potions_floor_usage":[33],"damage_taken":[{"damage":0.0,"enemies":"Cultist","floor":1.0,"turns":3.0},{"damage":4.0,"enemies":"Jaw Worm","floor":2.0,"turns":3.0},{"damage":0.0,"enemies":"2 Louse","floor":3.0,"turns":3.0},{"damage":21.0,"enemies":"Exordium Thugs","floor":4.0,"turns":4.0},{"damage":9.0,"enemies":"2 Fungi Beasts","floor":7.0,"turns":3.0},{"damage":6.0,"enemies":"Blue Slaver","floor":8.0,"turns":4.0},{"damage":10.0,"enemies":"3 Sentries","floor":11.0,"turns":4.0},{"damage":28.0,"enemies":"Hexaghost","floor":16.0,"turns":9.0},{"damage":16.0,"enemies":"Shell Parasite","floor":18.0,"turns":3.0},{"damage":14.0,"enemies":"2 Thieves","floor":20.0,"turns":4.0},{"damage":0.0,"enemies":"Snake Plant","floor":23.0,"turns":3.0},{"damage":7.0,"enemies":"Centurion and Healer","floor":25.0,"turns":3.0},{"damage":29,"enemies":"3 Cultists","floor":31,"turns":7},{"damage":25,"enemies":"Collector","floor":33,"turns":3}],"seed_played":"-3341296132871875289","potions_obtained":[{"floor":7.0,"key":"Swift Potion"},{"floor":8.0,"key":"ColorlessPotion"},{"floor":16.0,"key":"Fire Potion"},{"floor":20.0,"key":"SkillPotion"}],"is_trial":false,"path_per_floor":["M","M","M","M","$","R","M","M","T","R","E","?","R","$","R","B",null,"M","?","M","$","T","M","R","M","T","R","$","?","$","M","R","B"],"character_chosen":"MARISA","items_purchased":["EnergyFlow","Acceleration","MilkyWay"],"campfire_rested":2,"item_purchase_floors":[14,21,28],"current_hp_per_floor":[68,64,64,43,43,43,34,28,28,28,18,7,7,7,29,3,57,43,43,31,31,38,38,38,33,33,33,33,33,33,8,32,9,9],"gold":29,"neow_bonus":"ONE_RARE_RELIC","is_daily":false,"chose_seed":false,"campfire_upgraded":5,"win_rate":0.0,"timestamp":1610426187,"path_taken":["M","M","M","M","?","R","M","?","T","R","E","?","R","$","R","BOSS","M","?","M","$","?","M","R","M","T","R","$","?","?","M","R","BOSS"],"items_purchased_type":["Card","Card","Card"],"build_version":"2020-11-30","purchased_purges":3,"victory":false,"max_hp_per_floor":[75,75,75,75,75,75,75,75,75,75,75,75,75,75,75,75,75,75,75,75,75,82,82,82,82,82,82,82,82,82,82,82,82,82],"relic_stats":{"Dream Catcher":1,"counters":[14,56],"Bird Faced Urn":[14],"obtain_stats":[{"keyreminder:keyreminder":9,"Anchor":11,"Dream Catcher":26,"Bird Faced Urn":0,"Strawberry":22,"Velvet Choker":17,"MiniHakkero":0},{"keyreminder:keyreminder":6,"Anchor":7,"Dream Catcher":12,"Bird Faced Urn":0,"Strawberry":10,"Velvet Choker":8,"MiniHakkero":0},{"keyreminder:keyreminder":20,"Anchor":24,"Dream Catcher":46,"Bird Faced Urn":0,"Strawberry":40,"Velvet Choker":33,"MiniHakkero":0}]},"card_choices":[{"not_picked":["ShootingEcho","6A"],"picked":"SporeBomb","floor":1.0},{"not_picked":["DragonMeteor","AsteroidBelt"],"picked":"Orbital","floor":2.0},{"not_picked":["MagicAbsorber","UnstableBomb"],"picked":"ShootingEcho","floor":3.0},{"not_picked":["LuminesStrike","OpenUniverse"],"picked":"OneTimeOff","floor":4.0},{"not_picked":["DoubleSpark","RefractionSpark","SporeBomb"],"picked":"SKIP","floor":7.0},{"not_picked":["OpenUniverse","SporeBomb","MachineGunSpark"],"picked":"SKIP","floor":8.0},{"not_picked":["ShootingEcho","DarkSpark","NonDirectionalLaser"],"picked":"SKIP","floor":11.0},{"not_picked":["BlazingStar","FinalSpark"],"picked":"UltimateShortwave","floor":16.0},{"not_picked":["DC+1","IllusionStar"],"picked":"GalacticHalo","floor":18.0},{"not_picked":["MysteriousBeam","ShootingEcho+1"],"picked":"GalacticHalo+1","floor":20.0},{"not_picked":["OpenUniverse","Acceleration"],"picked":"PowerUp","floor":23.0},{"not_picked":["OpenUniverse","OrrerysSun+1"],"picked":"MillisecondPulsars","floor":25.0},{"not_picked":["NonDirectionalLaser","WitchOfGreed+1","DC"],"picked":"SKIP","floor":31},{"not_picked":["ShootingEcho","ChargeUpSpray"],"picked":"6A+1","floor":32}],"player_experience":874092,"relics_obtained":[{"floor":11.0,"key":"Anchor"},{"floor":22.0,"key":"Strawberry"},{"floor":26.0,"key":"Dream Catcher"}],"event_choices":[{"damage_healed":0.0,"max_hp_gain":0.0,"max_hp_loss":0.0,"gold_gain":75.0,"event_name":"World of Goop","player_choice":"Gather Gold","floor":12.0,"gold_loss":0.0,"damage_taken":11.0},{"cards_removed":["Strike_MRS"],"damage_healed":0.0,"max_hp_gain":0.0,"max_hp_loss":0.0,"gold_gain":0.0,"event_name":"Purifier","player_choice":"Purged","floor":19.0,"gold_loss":0.0,"damage_taken":0.0},{"damage_healed":0,"gold_gain":0,"player_choice":"Ignored","damage_taken":0,"max_hp_gain":0,"max_hp_loss":0,"event_name":"The Mausoleum","floor":29,"gold_loss":0}],"is_beta":false,"boss_relics":[{"not_picked":["Ectoplasm","Fusion Hammer"],"picked":"Velvet Choker"}],"items_purged_floors":[14,21,28],"is_endless":false,"potions_floor_spawned":[7,8,16,20],"killed_by":"Collector","ascension_level":10}}