{"host":"sav7uxregyirlf69","time":1610451727,"event":{"mods":["AchievementEnabler","BaseMod","Colored Map","DeckTracker","Keyboard Shortcuts","Minty Spire (QoL Compilation)","READ ME - Guardian Mod","StSLib","SuperFastMode"],"gold_per_floor":[364,364,28,38,52,52,81,26,26,60,60,70,70,86,86,163,163,178,188,188,103,115,127,52,87,113,113,113,113,142,152,152,226,226,237,262,262,279,0,30,47,81,134,184,194,194,204,218,218,218,218,218,218,28,61,61,61],"floor_reached":56,"playtime":1768,"items_purged":["Strike_R"],"score":1864,"play_id":"5b7e87c2-a3ed-4954-9d48-fa728334bc7e","local_time":"20210112204207","is_ascension_mode":true,"campfire_choices":[{"data":"Blood for Blood","floor":6.0,"key":"SMITH"},{"data":"Sword Boomerang","floor":13.0,"key":"SMITH"},{"floor":15.0,"key":"REST"},{"floor":27.0,"key":"REST"},{"floor":29.0,"key":"REST"},{"floor":32.0,"key":"REST"},{"floor":49.0,"key":"RECALL"},{"floor":53.0,"key":"REST"}],"circlet_count":0,"master_deck":["AscendersBane","Bash","Twin Strike","Flame Barrier","Shrug It Off","Blood for Blood+1","Double Tap","Finesse+1","Rage","Spot Weakness","Sword Boomerang+1","Fire Breathing","Reaper","Seeing Red+1","Brutality","Inflame","Limit Break+1","Intimidate+1","Juggernaut","Seeing Red+1","Combust","Juggernaut","Shrug It Off+1","Body Slam+1","Exhume+1","Feel No Pain","Shrug It Off+1","True Grit+1","Exhume+1","Sentinel+1","Evolve+1","Impervious+1"],"relics":["Burning Blood","Orrery","Kunai","White Beast Statue","Fusion Hammer","Mummified Hand","Pear","Centennial Puzzle","Nloth\u0027s Gift","Toxic Egg 2","Pandora\u0027s Box","CaptainsWheel","Self Forming Clay","Bag of Preparation","Frozen Egg 2","Turnip","HornCleat"],"acts_visited":["Exordium","TheCity","TheBeyond","TheEnding"],"potions_floor_usage":[55,56,56],"damage_taken":[{"damage":11.0,"enemies":"Jaw Worm","floor":1.0,"turns":6.0},{"damage":6.0,"enemies":"Cultist","floor":4.0,"turns":4.0},{"damage":1.0,"enemies":"2 Louse","floor":5.0,"turns":3.0},{"damage":21.0,"enemies":"Lagavulin","floor":7.0,"turns":8.0},{"damage":26.0,"enemies":"3 Sentries","floor":10.0,"turns":9.0},{"damage":1.0,"enemies":"Blue Slaver","floor":12.0,"turns":4.0},{"damage":15.0,"enemies":"3 Louse","floor":14.0,"turns":4.0},{"damage":27.0,"enemies":"Slime Boss","floor":16.0,"turns":7.0},{"damage":28.0,"enemies":"3 Byrds","floor":18.0,"turns":4.0},{"damage":18.0,"enemies":"Spheric Guardian","floor":19.0,"turns":7.0},{"damage":26.0,"enemies":"Centurion and Healer","floor":22.0,"turns":6.0},{"damage":12.0,"enemies":"Snake Plant","floor":23.0,"turns":3.0},{"damage":36.0,"enemies":"Slavers","floor":25.0,"turns":5.0},{"damage":66.0,"enemies":"Gremlin Leader","floor":30.0,"turns":6.0},{"damage":31.0,"enemies":"Shelled Parasite and Fungi","floor":31.0,"turns":3.0},{"damage":46.0,"enemies":"Champ","floor":33.0,"turns":11.0},{"damage":54.0,"enemies":"3 Shapes","floor":35.0,"turns":3.0},{"damage":7.0,"enemies":"Mind Bloom Boss Battle","floor":36.0,"turns":6.0},{"damage":24.0,"enemies":"3 Darklings","floor":38.0,"turns":4.0},{"damage":61.0,"enemies":"Giant Head","floor":40.0,"turns":7.0},{"damage":29.0,"enemies":"Transient","floor":41.0,"turns":6.0},{"damage":47.0,"enemies":"Reptomancer","floor":42.0,"turns":6.0},{"damage":16.0,"enemies":"2 Orb Walkers","floor":44.0,"turns":4.0},{"damage":29.0,"enemies":"Jaw Worm Horde","floor":45.0,"turns":4.0},{"damage":41.0,"enemies":"3 Darklings","floor":47.0,"turns":3.0},{"damage":48.0,"enemies":"Spire Growth","floor":48.0,"turns":5.0},{"damage":89.0,"enemies":"Awakened One","floor":50.0,"turns":8.0},{"damage":76.0,"enemies":"Donu and Deca","floor":51.0,"turns":8.0},{"damage":94,"enemies":"Shield and Spear","floor":55,"turns":9},{"damage":55,"enemies":"The Heart","floor":56,"turns":2}],"seed_played":"-2089893897311007596","potions_obtained":[{"floor":7.0,"key":"LiquidMemories"},{"floor":10.0,"key":"Fire Potion"},{"floor":16.0,"key":"Explosive Potion"},{"floor":18.0,"key":"AttackPotion"},{"floor":19.0,"key":"Regen Potion"},{"floor":22.0,"key":"LiquidBronze"},{"floor":23.0,"key":"SpeedPotion"},{"floor":25.0,"key":"Energy Potion"},{"floor":30.0,"key":"LiquidBronze"},{"floor":33.0,"key":"EssenceOfSteel"},{"floor":35.0,"key":"Regen Potion"},{"floor":36.0,"key":"Energy Potion"},{"floor":40.0,"key":"Fruit Juice"},{"floor":41.0,"key":"Energy Potion"},{"floor":42.0,"key":"SpeedPotion"},{"floor":55,"key":"Fire Potion"}],"is_trial":false,"path_per_floor":["M","?","$","M","M","R","E","$","T","E","?","M","R","M","R","B",null,"M","M","?","?","M","M","?","E","T","R","?","R","E","M","R","B",null,"M","?","?","M","$","E","M","E","T","?","M","?","M","M","R","B","B",null,"R","$","E","B"],"character_chosen":"IRONCLAD","items_purchased":["Orrery","Finesse","Sword Boomerang","Self Forming Clay","Evolve+1","CultistPotion"],"campfire_rested":5,"item_purchase_floors":[3,3,8,39,54,54],"current_hp_per_floor":[45,45,45,45,50,50,35,35,35,15,15,20,20,11,33,12,59,37,25,25,25,37,31,31,21,21,46,46,71,26,19,44,13,67,31,78,78,85,85,85,90,90,90,90,83,83,76,51,51,51,90,90,90,90,30,0,0],"gold":61,"neow_bonus":"TWO_FIFTY_GOLD","is_daily":false,"chose_seed":false,"campfire_upgraded":2,"win_rate":0.0,"timestamp":1610451727,"path_taken":["M","?","$","M","?","R","E","?","T","E","?","M","R","M","R","BOSS","M","M","?","?","M","M","?","E","T","R","?","R","E","M","R","BOSS","M","?","?","M","$","E","M","E","T","?","?","?","M","M","R","BOSS","BOSS","R","$","E","BOSS"],"items_purchased_type":["Relic","Card","Card","Relic","Card","Potion"],"build_version":"2020-12-22","purchased_purges":1,"victory":false,"max_hp_per_floor":[75,75,75,75,75,75,75,75,75,75,75,75,75,75,75,75,75,75,75,75,75,75,75,75,85,85,85,85,85,85,85,85,85,85,85,85,85,85,85,85,90,90,90,90,90,90,90,90,90,90,90,90,90,90,90,90,90],"card_choices":[{"not_picked":["Heavy Blade","Clash"],"picked":"Twin Strike","floor":1.0},{"not_picked":["Clothesline","Clash"],"picked":"Flame Barrier","floor":3.0},{"not_picked":["Rage","Clothesline"],"picked":"Shrug It Off","floor":3.0},{"not_picked":["Perfected Strike","Flex"],"picked":"Blood for Blood","floor":3.0},{"not_picked":["Twin Strike","Flex"],"picked":"Double Tap","floor":3.0},{"not_picked":["Clothesline","Headbutt"],"picked":"Rage","floor":4.0},{"not_picked":["Corruption","Twin Strike"],"picked":"Spot Weakness","floor":5.0},{"not_picked":["Warcry","Wild Strike","Perfected Strike"],"picked":"SKIP","floor":7.0},{"not_picked":["Perfected Strike","Warcry"],"picked":"Fire Breathing","floor":10.0},{"not_picked":["Heavy Blade","Warcry","Flex"],"picked":"SKIP","floor":12.0},{"not_picked":["Heavy Blade","Warcry","Flex"],"picked":"SKIP","floor":12.0},{"not_picked":["Combust","Metallicize","Sword Boomerang"],"picked":"SKIP","floor":14.0},{"not_picked":["Bludgeon","Barricade"],"picked":"Reaper","floor":16.0},{"not_picked":["Flex","Havoc+1","Cleave"],"picked":"SKIP","floor":18.0},{"not_picked":["Pommel Strike","Body Slam"],"picked":"Seeing Red+1","floor":19.0},{"not_picked":["Wild Strike","Cleave"],"picked":"Brutality","floor":22.0},{"not_picked":["Pommel Strike","Searing Blow","Flex"],"picked":"SKIP","floor":23.0},{"not_picked":["Twin Strike+1","Headbutt","Havoc"],"picked":"SKIP","floor":25.0},{"not_picked":["Entrench+1","True Grit+1"],"picked":"Inflame","floor":30.0},{"not_picked":["Disarm+1","Clothesline","Sword Boomerang"],"picked":"SKIP","floor":31.0},{"not_picked":["True Grit+1","Heavy Blade+1"],"picked":"Shrug It Off+1","floor":35.0},{"not_picked":["Warcry+1","Reckless Charge"],"picked":"Body Slam+1","floor":36.0},{"not_picked":["True Grit+1","Clash"],"picked":"Exhume+1","floor":38.0},{"not_picked":["Limit Break+1","Searing Blow"],"picked":"Feel No Pain","floor":40.0},{"not_picked":["Entrench+1","Clothesline","Carnage"],"picked":"SKIP","floor":41.0},{"not_picked":["Entrench+1","Clothesline","Carnage"],"picked":"SKIP","floor":41.0},{"not_picked":["Berserk+1","Thunderclap+1","Perfected Strike"],"picked":"SKIP","floor":42.0},{"not_picked":["Warcry+1","Clash"],"picked":"Shrug It Off+1","floor":44.0},{"not_picked":["Sever Soul","Wild Strike"],"picked":"True Grit+1","floor":45.0},{"not_picked":["Spot Weakness+1","Twin Strike+1"],"picked":"Exhume+1","floor":47.0},{"not_picked":["Fiend Fire","Flex+1"],"picked":"Sentinel+1","floor":48.0},{"not_picked":["Corruption+1","Berserk+1"],"picked":"Impervious+1","floor":55}],"player_experience":1263354,"relics_obtained":[{"floor":7.0,"key":"Bottled Lightning"},{"floor":9.0,"key":"Kunai"},{"floor":10.0,"key":"White Beast Statue"},{"floor":25.0,"key":"Pear"},{"floor":26.0,"key":"Centennial Puzzle"},{"floor":30.0,"key":"Toxic Egg 2"},{"floor":36.0,"key":"CaptainsWheel"},{"floor":40.0,"key":"Bag of Preparation"},{"floor":42.0,"key":"Frozen Egg 2"},{"floor":44.0,"key":"Turnip"},{"floor":55,"key":"HornCleat"}],"event_choices":[{"cards_removed":["Strike_R"],"damage_healed":0.0,"max_hp_gain":0.0,"max_hp_loss":0.0,"gold_gain":0.0,"event_name":"Bonfire Elementals","player_choice":"Offered Basic","floor":2.0,"gold_loss":0.0,"damage_taken":0.0},{"damage_healed":0.0,"max_hp_gain":0.0,"max_hp_loss":0.0,"gold_gain":0.0,"event_name":"Living Wall","player_choice":"Grow","floor":11.0,"gold_loss":0.0,"damage_taken":0.0,"cards_upgraded":["Finesse"]},{"damage_healed":0.0,"max_hp_gain":0.0,"max_hp_loss":0.0,"gold_gain":0.0,"event_name":"Cursed Tome","player_choice":"Ignored","floor":20.0,"gold_loss":0.0,"damage_taken":0.0},{"damage_healed":0.0,"max_hp_gain":0.0,"max_hp_loss":0.0,"gold_gain":0.0,"event_name":"Addict","player_choice":"Obtained Relic","floor":21.0,"gold_loss":85.0,"damage_taken":0.0,"relics_obtained":["Mummified Hand"]},{"cards_removed":["Strike_R"],"damage_healed":0.0,"max_hp_gain":0.0,"max_hp_loss":0.0,"gold_gain":0.0,"event_name":"Beggar","player_choice":"Gave Gold","floor":24.0,"gold_loss":75.0,"damage_taken":0.0},{"damage_healed":0.0,"max_hp_gain":0.0,"max_hp_loss":0.0,"gold_gain":0.0,"event_name":"N\u0027loth","player_choice":"Traded Relic","floor":28.0,"relics_lost":["Bottled Lightning"],"gold_loss":0.0,"damage_taken":0.0,"relics_obtained":["Nloth\u0027s Gift"]},{"damage_healed":0.0,"max_hp_gain":0.0,"max_hp_loss":0.0,"gold_gain":0.0,"event_name":"MindBloom","player_choice":"Fight","floor":36.0,"gold_loss":0.0,"damage_taken":0.0},{"damage_healed":0.0,"max_hp_gain":0.0,"max_hp_loss":0.0,"gold_gain":0.0,"event_name":"Tomb of Lord Red Mask","player_choice":"Ignored","floor":37.0,"gold_loss":0.0,"damage_taken":0.0},{"damage_healed":0.0,"max_hp_gain":0.0,"max_hp_loss":0.0,"gold_gain":0.0,"event_name":"Mysterious Sphere","player_choice":"Fight","floor":44.0,"gold_loss":0.0,"damage_taken":0.0},{"damage_healed":0.0,"max_hp_gain":0.0,"max_hp_loss":0.0,"gold_gain":0.0,"event_name":"Lab","player_choice":"Got Potions","floor":46.0,"gold_loss":0.0,"damage_taken":0.0}],"is_beta":false,"boss_relics":[{"not_picked":["SlaversCollar","Astrolabe"],"picked":"Fusion Hammer"},{"not_picked":["SacredBark","Calling Bell"],"picked":"Pandora\u0027s Box"}],"items_purged_floors":[3],"is_endless":false,"potions_floor_spawned":[7,10,12,14,16,18,19,22,23,25,30,31,33,35,36,38,40,41,42,44,45,47,48,55],"killed_by":"The Heart","ascension_level":20}}