{"host":"82t6xbn50zntxpg2","time":1610466877,"event":{"mods":["BaseMod","BetterRewards","Chen","Hubris","Infinite Spire","KomeijiMod","Marisa（霧雨　魔理沙）","Minty Spire (QoL Compilation)","Reimu（博??梦）","Replay The Spire","StSLib","Waifu the Spire","Yakumo Yukari mod","Youmu（魂魄妖梦）"],"gold_per_floor":[117,134,148,166,179,179,198,230,230,230,6,6,31,41,41,41,41],"floor_reached":16,"playtime":2671,"items_purged":[],"score":114,"play_id":"cec876e0-a96d-4a23-b9ff-352ef6cf3de7","local_time":"20210112175437","is_ascension_mode":false,"campfire_choices":[{"data":"FantasyMoon:ReiMu","floor":6,"key":"SMITH"},{"data":"Meditation:ReiMu","floor":10,"key":"SMITH"},{"data":"FantasyMoon:ReiMu","floor":15,"key":"SMITH"}],"circlet_count":0,"master_deck":["Strike_Lin:ReiMu","Strike_Lin:ReiMu","Strike_Lin:ReiMu","Defend_Lin:ReiMu","Defend_Lin:ReiMu","Defend_Lin:ReiMu","Defend_Lin:ReiMu","NB:ReiMu","Stagnation:ReiMu","AirStrike:ReiMu","SubcavityInstant:ReiMu","Crusade:ReiMu","FantasyMoon:ReiMu+1","ManaGlint:ReiMu","Meditation:ReiMu+1","ForcedLanding:ReiMu","Revelation:ReiMu","InherentArray:ReiMu","SealNeedle:ReiMu","FantasyMoon:ReiMu+1"],"relics":["FlyPower:ReiMu","infinitespire:Broken Mirror","Vajra","ReplayTheSpireMod:TigerMarble","Tiny Chest"],"acts_visited":["Exordium"],"potions_floor_usage":[7,13],"damage_taken":[{"damage":0.0,"enemies":"Cultist","floor":1.0,"turns":3.0},{"damage":2,"enemies":"2 Louse","floor":2,"turns":4},{"damage":0,"enemies":"Small Slimes","floor":3,"turns":3},{"damage":10,"enemies":"Blue Slaver","floor":4,"turns":3},{"damage":4,"enemies":"Large Slime","floor":5,"turns":6},{"damage":0,"enemies":"Looter","floor":7,"turns":2},{"damage":40,"enemies":"3 Sentries","floor":8,"turns":10},{"damage":4,"enemies":"Lagavulin","floor":13,"turns":4},{"damage":0,"enemies":"3 Louse","floor":14,"turns":2},{"damage":28,"enemies":"The Guardian","floor":16,"turns":7}],"seed_played":"6372833990054569593","potions_obtained":[{"floor":1,"key":"Explosive Potion"},{"floor":4,"key":"ZuzhouPotion:ReiMu"},{"floor":5,"key":"Dexterity Potion"},{"floor":8,"key":"ColorlessPotion"}],"is_trial":false,"path_per_floor":["M","M","M","M","M","R","M","E","T","R","$","?","E","M","R","B"],"character_chosen":"REIMU","items_purchased":["InherentArray:ReiMu","ReplayTheSpireMod:TigerMarble"],"campfire_rested":0,"item_purchase_floors":[11,11],"current_hp_per_floor":[65,63,63,53,49,49,49,9,9,9,9,30,26,26,26,0,0],"gold":41,"neow_bonus":"TRANSFORM_CARD","is_daily":false,"chose_seed":false,"campfire_upgraded":3,"win_rate":0.0,"timestamp":1610466877,"path_taken":["M","M","M","M","M","R","M","E","T","R","$","?","E","M","R","BOSS"],"items_purchased_type":["Card","Relic"],"build_version":"2020-12-22","purchased_purges":0,"victory":false,"max_hp_per_floor":[65,65,65,65,65,65,65,65,65,65,65,65,65,65,65,65,65],"card_choices":[{"not_picked":["Conquer:ReiMu","TakeOff:ReiMu"],"picked":"SubcavityInstant:ReiMu","floor":1},{"not_picked":["BarrageOfMoneybags:ReiMu","Intuition:ReiMu"],"picked":"Crusade:ReiMu","floor":2},{"not_picked":["SubAcupoint:ReiMu","Meditation:ReiMu"],"picked":"FantasyMoon:ReiMu","floor":3},{"not_picked":["SubAcupoint:ReiMu","AirStrike:ReiMu"],"picked":"ManaGlint:ReiMu","floor":4},{"not_picked":["OrbThrow:ReiMu","Crusade:ReiMu"],"picked":"Meditation:ReiMu","floor":5},{"not_picked":["TightArray:ReiMu","PrepareRite:ReiMu"],"picked":"ForcedLanding:ReiMu","floor":7},{"not_picked":["PayForSelf:ReiMu","ForcedLanding:ReiMu"],"picked":"Revelation:ReiMu","floor":8},{"not_picked":["CareerPray:ReiMu","Crusade:ReiMu"],"picked":"SealNeedle:ReiMu","floor":13},{"not_picked":["ShadowOfCrow2:ReiMu","OrbThrow:ReiMu"],"picked":"FantasyMoon:ReiMu","floor":14}],"player_experience":392129,"relics_obtained":[{"floor":8,"key":"infinitespire:Broken Mirror"},{"floor":9,"key":"Vajra"},{"floor":13,"key":"Tiny Chest"}],"event_choices":[{"damage_healed":21,"gold_gain":0,"player_choice":"Banana","damage_taken":0,"max_hp_gain":0,"max_hp_loss":0,"event_name":"Big Fish","floor":12,"gold_loss":0}],"is_beta":false,"boss_relics":[],"items_purged_floors":[],"is_endless":false,"potions_floor_spawned":[1,4,5,8],"killed_by":"The Guardian","ascension_level":0}}