{"host":"5fpb1gzflhq9886n","time":1610439054,"event":{"mods":["AchievementEnabler","BaseMod","Colored Map","Colored Powertips","Minty Spire (QoL Compilation)","Permanent Neow"],"gold_per_floor":[110,126,44,44,44,85,97,122,184,196,243,26,41,65,65,186,186,209,209,134,158,158,158,158,158],"floor_reached":24,"playtime":1232,"items_purged":["Strike_P"],"score":275,"play_id":"5172fa40-e1b0-4619-af92-1887950d08ca","local_time":"20210112031054","is_ascension_mode":true,"campfire_choices":[{"data":"Eruption","floor":7.0,"key":"SMITH"},{"data":"TalkToTheHand","floor":10.0,"key":"SMITH"},{"floor":15.0,"key":"REST"},{"floor":23,"key":"RECALL"}],"circlet_count":0,"master_deck":["Strike_P","Strike_P","Defend_P","Defend_P","Defend_P","Defend_P+1","Eruption+1","Vigilance","ThirdEye","LikeWater","Indignation","Consecrate","ClearTheMind","TalkToTheHand+1","Vengeance","TalkToTheHand+1","Halt","LessonLearned+1","CrushJoints"],"relics":["PureWater","NeowsBlessing","Golden Idol","MawBank","Bag of Marbles","Happy Flower","DollysMirror","Runic Pyramid","Pen Nib"],"acts_visited":["Exordium","TheCity"],"potions_floor_usage":[],"damage_taken":[{"damage":0.0,"enemies":"Cultist","floor":1.0,"turns":1.0},{"damage":0.0,"enemies":"2 Louse","floor":2.0,"turns":1.0},{"damage":0.0,"enemies":"Lagavulin","floor":6.0,"turns":1.0},{"damage":7.0,"enemies":"Jaw Worm","floor":8.0,"turns":2.0},{"damage":37.0,"enemies":"Gremlin Nob","floor":11.0,"turns":4.0},{"damage":0.0,"enemies":"Looter","floor":13.0,"turns":3.0},{"damage":3.0,"enemies":"Exordium Thugs","floor":14.0,"turns":5.0},{"damage":37.0,"enemies":"The Guardian","floor":16.0,"turns":10.0},{"damage":9.0,"enemies":"Chosen","floor":18.0,"turns":5.0},{"damage":7.0,"enemies":"2 Thieves","floor":21.0,"turns":5.0},{"damage":46,"enemies":"Gremlin Leader","floor":24,"turns":4}],"seed_played":"-2924362880254952971","potions_obtained":[{"floor":1.0,"key":"FearPotion"},{"floor":5.0,"key":"Dexterity Potion"},{"floor":5.0,"key":"SkillPotion"},{"floor":21.0,"key":"Explosive Potion"}],"is_trial":false,"path_per_floor":["M","M","$","?","?","E","R","M","T","R","E","$","M","M","R","B",null,"M","T","?","M","?","R","E"],"character_chosen":"WATCHER","items_purchased":["Indignation","Consecrate","DollysMirror"],"campfire_rested":1,"item_purchase_floors":[3,3,12],"current_hp_per_floor":[72,72,72,67,67,67,67,60,60,60,23,23,23,20,40,3,67,58,58,58,51,35,35,0,0],"gold":158,"neow_bonus":"THREE_ENEMY_KILL","is_daily":false,"chose_seed":false,"campfire_upgraded":2,"win_rate":0.0,"timestamp":1610439054,"path_taken":["M","?","$","?","?","E","R","M","T","R","E","$","M","?","R","BOSS","M","?","?","M","?","R","E"],"items_purchased_type":["Card","Card","Relic"],"build_version":"2020-12-22","purchased_purges":1,"victory":false,"max_hp_per_floor":[72,72,72,67,67,67,67,67,67,67,67,67,67,67,67,67,67,67,67,67,67,67,67,67,67],"card_choices":[{"not_picked":["WreathOfFlame","SashWhip"],"picked":"ThirdEye","floor":1.0},{"not_picked":["BowlingBash","ClearTheMind"],"picked":"LikeWater","floor":2.0},{"not_picked":["FlyingSleeves","ThirdEye"],"picked":"ClearTheMind","floor":6.0},{"not_picked":["EmptyFist","CutThroughFate"],"picked":"TalkToTheHand","floor":8.0},{"not_picked":["JustLucky","CarveReality"],"picked":"Vengeance","floor":11.0},{"not_picked":["SashWhip","Vengeance"],"picked":"Halt","floor":13.0},{"not_picked":["ClearTheMind","Halt","Brilliance"],"picked":"SKIP","floor":14.0},{"not_picked":["Brilliance","Ragnarok"],"picked":"LessonLearned","floor":16.0},{"not_picked":["EmptyBody","Pray+1"],"picked":"CrushJoints","floor":18.0},{"not_picked":["SashWhip","CarveReality","WaveOfTheHand"],"picked":"SKIP","floor":21.0}],"player_experience":691322,"relics_obtained":[{"floor":6.0,"key":"MawBank"},{"floor":9.0,"key":"Bag of Marbles"},{"floor":11.0,"key":"Happy Flower"},{"floor":19.0,"key":"Pen Nib"}],"event_choices":[{"damage_healed":0.0,"max_hp_gain":0.0,"max_hp_loss":5.0,"gold_gain":0.0,"event_name":"Golden Idol","player_choice":"Lose Max HP","floor":4.0,"gold_loss":0.0,"damage_taken":0.0,"relics_obtained":["Golden Idol"]},{"damage_healed":0.0,"max_hp_gain":0.0,"max_hp_loss":0.0,"gold_gain":0.0,"event_name":"Lab","player_choice":"Got Potions","floor":5.0,"gold_loss":0.0,"damage_taken":0.0},{"cards_removed":["Strike_P"],"damage_healed":0.0,"max_hp_gain":0.0,"max_hp_loss":0.0,"gold_gain":0.0,"event_name":"Beggar","player_choice":"Gave Gold","floor":20.0,"gold_loss":75.0,"damage_taken":0.0},{"damage_healed":0.0,"max_hp_gain":0.0,"max_hp_loss":0.0,"gold_gain":0.0,"event_name":"Cursed Tome","player_choice":"Obtained Book","floor":22.0,"gold_loss":0.0,"damage_taken":16.0}],"is_beta":false,"boss_relics":[{"not_picked":["Velvet Choker","SlaversCollar"],"picked":"Runic Pyramid"}],"items_purged_floors":[12],"is_endless":false,"potions_floor_spawned":[1,8,13,16,21],"killed_by":"Gremlin Leader","ascension_level":4}}