{"host":"c97twqu0op5dg8i4","time":1610421688,"event":{"mods":["AchievementEnabler","BaseMod","Colored Map","Minty Spire (QoL Compilation)","Permanent Neow"],"gold_per_floor":[112,127,127,127,146,146,179,198,198,223,236,236,236,6,6,105,105,105,105,105,0,0,0,0,0],"floor_reached":24,"playtime":882,"items_purged":["Strike_B"],"score":251,"play_id":"3170cd37-b222-41f4-989d-f17533511482","local_time":"20210111222128","is_ascension_mode":false,"campfire_choices":[{"data":"Zap","floor":6,"key":"SMITH"},{"floor":13,"key":"REST"},{"data":"Go for the Eyes","floor":15,"key":"SMITH"}],"circlet_count":0,"master_deck":["Strike_B","Strike_B+1","Defend_B","Defend_B","Defend_B","Defend_B","Zap+1","Dualcast","Reboot+1","Conserve Battery","Gash+1","Cold Snap+1","Coolheaded","Skim","Go for the Eyes+1","Reboot","Streamline","Capacitor+1"],"relics":["Cracked Core","PreservedInsect","Ornamental Fan","Du-Vu Doll","ClockworkSouvenir","Ectoplasm","Whetstone"],"acts_visited":["Exordium","TheCity"],"potions_floor_usage":[23],"damage_taken":[{"damage":1,"enemies":"Jaw Worm","floor":1,"turns":4},{"damage":8,"enemies":"Small Slimes","floor":2,"turns":4},{"damage":0,"enemies":"Cultist","floor":5,"turns":2},{"damage":4,"enemies":"3 Sentries","floor":7,"turns":6},{"damage":0,"enemies":"Looter","floor":8,"turns":3},{"damage":0,"enemies":"Gremlin Nob","floor":10,"turns":3},{"damage":3,"enemies":"Exordium Wildlife","floor":11,"turns":4},{"damage":45,"enemies":"Hexaghost","floor":16,"turns":16},{"damage":0,"enemies":"3 Byrds","floor":18,"turns":5},{"damage":0,"enemies":"Spheric Guardian","floor":20,"turns":4},{"damage":7,"enemies":"Centurion and Healer","floor":22,"turns":7},{"damage":65,"enemies":"Gremlin Leader","floor":23,"turns":8},{"damage":0,"enemies":"Snake Plant","floor":24,"turns":1}],"seed_played":"4284886771157342812","potions_obtained":[{"floor":1,"key":"BlessingOfTheForge"},{"floor":5,"key":"FearPotion"},{"floor":8,"key":"SneckoOil"},{"floor":16,"key":"PotionOfCapacity"},{"floor":18,"key":"Fire Potion"}],"is_trial":false,"path_per_floor":["M","M","?","?","M","R","E","M","T","E","M","?","R","$","R","B",null,"M","?","M","?","M","E","M"],"character_chosen":"DEFECT","items_purchased":["ClockworkSouvenir"],"campfire_rested":1,"item_purchase_floors":[14],"current_hp_per_floor":[67,59,45,45,45,45,41,41,41,41,38,43,64,64,64,19,73,73,73,73,73,66,1,1,1],"gold":0,"neow_bonus":"THREE_RARE_CARDS","is_daily":false,"chose_seed":false,"campfire_upgraded":2,"win_rate":0.0,"timestamp":1610421688,"path_taken":["M","M","?","?","M","R","E","?","T","E","M","?","R","?","R","BOSS","M","?","?","?","M","E","M"],"items_purchased_type":["Relic"],"build_version":"2020-12-22","purchased_purges":1,"victory":false,"max_hp_per_floor":[68,68,68,68,68,68,68,68,68,68,68,73,73,73,73,73,73,73,73,73,73,73,73,73,73],"card_choices":[{"not_picked":["Echo Form","Multi-Cast"],"picked":"Reboot","floor":0},{"not_picked":["Redo","Blizzard"],"picked":"Conserve Battery","floor":1},{"not_picked":["White Noise","Beam Cell"],"picked":"Gash","floor":2},{"not_picked":["Darkness","Sweeping Beam"],"picked":"Cold Snap","floor":5},{"not_picked":["Loop","Glacier"],"picked":"Coolheaded","floor":7},{"not_picked":["Lockon","Leap"],"picked":"Skim","floor":8},{"not_picked":["Amplify","Rebound"],"picked":"Go for the Eyes","floor":10},{"not_picked":["Storm","Consume","Conserve Battery"],"picked":"SKIP","floor":11},{"not_picked":["All For One","Meteor Strike"],"picked":"Reboot","floor":16},{"not_picked":["Static Discharge","Reprogram","Stack"],"picked":"SKIP","floor":18},{"not_picked":["Conserve Battery","Genetic Algorithm","Rebound"],"picked":"SKIP","floor":20},{"not_picked":["Leap","Force Field"],"picked":"Streamline","floor":22},{"not_picked":["Hologram+1","Leap"],"picked":"Capacitor+1","floor":23}],"player_experience":109944,"relics_obtained":[{"floor":7,"key":"PreservedInsect"},{"floor":9,"key":"Ornamental Fan"},{"floor":10,"key":"Du-Vu Doll"},{"floor":23,"key":"Whetstone"}],"event_choices":[{"damage_healed":0,"gold_gain":0,"player_choice":"Entered Light","damage_taken":14,"max_hp_gain":0,"max_hp_loss":0,"event_name":"Shining Light","floor":3,"gold_loss":0,"cards_upgraded":["Gash","Reboot"]},{"cards_removed":["Strike_B"],"damage_healed":0,"gold_gain":0,"player_choice":"Purged","damage_taken":0,"max_hp_gain":0,"max_hp_loss":0,"event_name":"Purifier","floor":4,"gold_loss":0},{"damage_healed":0,"gold_gain":0,"player_choice":"Donut","damage_taken":0,"max_hp_gain":5,"max_hp_loss":0,"event_name":"Big Fish","floor":12,"gold_loss":0},{"damage_healed":0,"gold_gain":0,"player_choice":"Ignored","damage_taken":0,"max_hp_gain":0,"max_hp_loss":0,"event_name":"NoteForYourself","floor":19,"gold_loss":0},{"damage_healed":0,"gold_gain":0,"player_choice":"Paid Fearfully","damage_taken":0,"max_hp_gain":0,"max_hp_loss":0,"event_name":"Masked Bandits","floor":21,"gold_loss":105}],"is_beta":false,"boss_relics":[{"not_picked":["SacredBark","Busted Crown"],"picked":"Ectoplasm"}],"items_purged_floors":[14],"is_endless":false,"potions_floor_spawned":[1,5,8,16,18,22],"killed_by":"Snake Plant","ascension_level":0}}