{"host":"45gjn1i9lq2ky2i9","time":1610442835,"event":{"mods":["2.2 Compatiblity","Act Like it!","Aspiration","Bard","BaseMod","Beaked The Cultist","Better Altar","Better Match","Better Note","Better Sensory Stone","Better Skull","Better Third Choice","Better Vampires","Conspire","Downfall","Halation","Hubris","Infinite Spire","Jedi Mod","Lobotomy","LobotomyExtend","Minty Spire (QoL Compilation)","Pale of the Ancients","Permanent Neow","Replay The Spire","Shop Mod","Spikes Relics","StSLib","The Mystic","The Runesmith","The Wild Card"],"gold_per_floor":[113,131,105,124,197,197,207,207,207],"floor_reached":8,"playtime":419,"items_purged":[],"score":74,"play_id":"292e0d67-bc9a-4c1b-bf07-cc8d9267347f","local_time":"20210112171355","is_ascension_mode":true,"campfire_choices":[{"floor":6,"key":"REST"}],"circlet_count":0,"master_deck":["AscendersBane","Strike_G","Strike_G","Strike_G","Strike_G","Strike_G","Defend_G","Defend_G","Defend_G","Defend_G","Defend_G","Survivor","Neutralize","Flash of Steel","Leg Sweep","PiercingWail","Skewer"],"relics":["Ring of the Snake","betterThird:SlimedRelic","Snake Skull"],"acts_visited":["Exordium"],"potions_floor_usage":[8,8],"damage_taken":[{"damage":3,"enemies":"2 Louse","floor":1,"turns":4},{"damage":5,"enemies":"Cultist","floor":2,"turns":5},{"damage":2,"enemies":"Small Slimes","floor":4,"turns":5},{"damage":20,"enemies":"Exordium Thugs","floor":7,"turns":10},{"damage":28,"enemies":"Lagavulin","floor":8,"turns":13}],"seed_played":"4281031981352947393","potions_obtained":[{"floor":1,"key":"Ancient Potion"},{"floor":4,"key":"Adrenaline Potion"},{"floor":5,"key":"PowerPotion"},{"floor":5,"key":"LiquidMemories"}],"is_trial":false,"path_per_floor":["M","M","?","M","?","R","M","E"],"character_chosen":"THE_SILENT","items_purchased":[],"campfire_rested":1,"item_purchase_floors":[],"current_hp_per_floor":[60,55,44,42,25,46,26,0,0],"gold":207,"neow_bonus":"RANDOM_COLORLESS","is_daily":false,"chose_seed":false,"campfire_upgraded":0,"win_rate":0.0,"timestamp":1610442835,"path_taken":["M","M","?","M","?","R","M","E"],"items_purchased_type":[],"build_version":"2020-12-22","purchased_purges":0,"victory":false,"max_hp_per_floor":[70,70,70,70,70,70,70,70,70],"card_choices":[{"not_picked":["Replay:SS_fish_3","expansioncontent:Torchfire"],"picked":"Flash of Steel","floor":0},{"not_picked":["Finisher","Slice"],"picked":"Leg Sweep","floor":1},{"not_picked":["conspire:PoisonWeapons","hubris:TrickCloak"],"picked":"PiercingWail","floor":2},{"not_picked":["Pace","Hidden Blade"],"picked":"Skewer","floor":4},{"not_picked":["Quick Slash","Well Laid Plans","Cloak And Dagger"],"picked":"SKIP","floor":7}],"player_experience":533728,"relics_obtained":[{"floor":5,"key":"Snake Skull"}],"event_choices":[{"damage_healed":0,"gold_gain":0,"player_choice":"Slimed","damage_taken":11,"max_hp_gain":0,"max_hp_loss":0,"event_name":"betterThird:BetterGoop","floor":3,"gold_loss":26}],"is_beta":false,"boss_relics":[],"items_purged_floors":[],"is_endless":false,"potions_floor_spawned":[1,4,7],"killed_by":"Lagavulin","ascension_level":11}}