{"host":"ss2ocoam53r2lno0","time":1610441104,"event":{"mods":["Act Like it!","BaseMod","ChefMod","Clockwork Mod","Colored Powertips","Curses Come First","Displayed Cursed Tome","Downfall","Evolution","Googly Eyes","Hallownest","Highlight Path","Minty Spire (QoL Compilation)","Poor People Problems","Rare Cards Sparkle","Robot Space Explorer","Shade Mod","Shop Mod","Spicy Shops","StSLib","The Marked"],"gold_per_floor":[113,133,145,145,220,248,248,283,283,283,283,300,300,319,319,424,424,439,456,86,103,103,103],"floor_reached":22,"playtime":2590,"items_purged":["Clockwork:Strike"],"score":216,"play_id":"dc34853f-5e2e-4416-8afc-d899cbf2cb2a","local_time":"20210112094504","is_ascension_mode":true,"campfire_choices":[{"data":"Clockwork:QuantumStrike","floor":7,"key":"SMITH"},{"floor":11,"key":"REST"},{"data":"Clockwork:CraftSomewhatSmoothStone","floor":13,"key":"SMITH"},{"floor":15,"key":"REST"}],"circlet_count":0,"master_deck":["Clockwork:Strike","Clockwork:Strike","Clockwork:Strike","Clockwork:Shield","Clockwork:Shield","Clockwork:Shield","Clockwork:Shield","Clockwork:Tinker+1","Clockwork:WarmUp","Clockwork:TimeOut","Clockwork:Improve","Clockwork:RevUp","Clockwork:QuantumStrike+1","Clockwork:RevUp","Clockwork:CraftSomewhatSmoothStone","Clockwork:SpurOn+1","Clockwork:SmithsMallet"],"relics":["Clockwork:MomentumEngine","EVO:Axolotl","Orichalcum","Du-Vu Doll","Sundial","Meat on the Bone","Clockwork:SomewhatSmoothStone","Philosopher\u0027s Stone","Prayer Wheel","Clockwork:QuicksilverHourglass"],"acts_visited":["Exordium","TheCity"],"potions_floor_usage":[8,12,16],"damage_taken":[{"damage":1,"enemies":"Jaw Worm","floor":1,"turns":8},{"damage":3,"enemies":"Small Slimes","floor":2,"turns":7},{"damage":4,"enemies":"2 Louse","floor":3,"turns":7},{"damage":25,"enemies":"Gremlin Nob","floor":6,"turns":8},{"damage":35,"enemies":"Lagavulin","floor":8,"turns":9},{"damage":22,"enemies":"Exordium Wildlife","floor":12,"turns":8},{"damage":12,"enemies":"Large Slime","floor":14,"turns":8},{"damage":27,"enemies":"Slime Boss","floor":16,"turns":10},{"damage":60,"enemies":"3 Byrds","floor":18,"turns":9},{"damage":20,"enemies":"Shell Parasite","floor":19,"turns":7},{"damage":26,"enemies":"Centurion and Healer","floor":21,"turns":8},{"damage":27,"enemies":"3 Cultists","floor":22,"turns":4}],"seed_played":"-552694041109275250","potions_obtained":[{"floor":1,"key":"Swift Potion"},{"floor":8,"key":"hexamod:EctoCoolerPotion"},{"floor":12,"key":"PowerPotion"},{"floor":16,"key":"Strength Potion"},{"floor":18,"key":"CultistPotion"},{"floor":21,"key":"Strength Potion"}],"is_trial":false,"path_per_floor":["M","M","M","?","?","E","R","E","T","?","R","M","R","M","R","B",null,"M","M","$","M","M"],"character_chosen":"CLOCKWORK","items_purchased":["Prayer Wheel"],"campfire_rested":2,"item_purchase_floors":[20],"current_hp_per_floor":[84,81,77,77,66,41,41,6,6,11,38,28,28,28,55,40,90,42,34,34,20,0,0],"gold":103,"neow_bonus":"RANDOM_COMMON_RELIC","is_daily":false,"chose_seed":false,"campfire_upgraded":2,"win_rate":0.0,"timestamp":1610441104,"path_taken":["M","M","M","?","?","E","R","E","T","?","R","M","R","M","R","BOSS","M","M","$","M","M"],"items_purchased_type":["Relic"],"build_version":"2020-12-22","purchased_purges":1,"victory":false,"max_hp_per_floor":[85,85,85,85,85,85,85,85,85,90,90,90,90,90,90,90,90,90,90,90,90,90,90],"card_choices":[{"not_picked":["Clockwork:SystemScan","Clockwork:Enhance"],"picked":"Clockwork:TimeOut","floor":1},{"not_picked":["Clockwork:Minimalism","Clockwork:AssemblyLine"],"picked":"Clockwork:Improve","floor":2},{"not_picked":["Clockwork:ChargingBlade","Clockwork:CraftSomewhatSmoothStone"],"picked":"Clockwork:RevUp","floor":3},{"not_picked":["Clockwork:ChargingBlade","Clockwork:SmithsMallet"],"picked":"Clockwork:QuantumStrike","floor":6},{"not_picked":["Clockwork:SearingStrike","Clockwork:Enhance"],"picked":"Clockwork:CraftSomewhatSmoothStone","floor":8},{"not_picked":["Clockwork:AdaptiveCannon","Clockwork:Efficiency","Clockwork:FalseStart"],"picked":"SKIP","floor":12},{"not_picked":["Clockwork:ChargingShield","Clockwork:Efficiency"],"picked":"Clockwork:RevUp","floor":14},{"not_picked":["Clockwork:SiegeStrike","Clockwork:Randomization"],"picked":"Clockwork:CraftQuicksilverHourglass","floor":16},{"not_picked":["Clockwork:CogBarrier","Clockwork:Roundhouse"],"picked":"Clockwork:CraftSomewhatSmoothStone","floor":18},{"not_picked":["Clockwork:CogBarrier","Clockwork:AdaptiveCannon"],"picked":"Clockwork:SpurOn+1","floor":19},{"not_picked":["Clockwork:SnapKeep","Clockwork:Pluck"],"picked":"Clockwork:SmithsMallet","floor":21},{"not_picked":["Clockwork:SystemHardening","Clockwork:Roundhouse","Clockwork:Minimalism"],"picked":"SKIP","floor":21}],"player_experience":676808,"relics_obtained":[{"floor":6,"key":"Du-Vu Doll"},{"floor":8,"key":"Sundial"},{"floor":9,"key":"Meat on the Bone"}],"event_choices":[{"damage_healed":0,"gold_gain":0,"player_choice":"Ignored","damage_taken":0,"max_hp_gain":0,"max_hp_loss":0,"event_name":"Liars Game","floor":4,"gold_loss":0},{"damage_healed":0,"gold_gain":75,"player_choice":"Gather Gold","damage_taken":11,"max_hp_gain":0,"max_hp_loss":0,"event_name":"World of Goop","floor":5,"gold_loss":0},{"damage_healed":0,"gold_gain":0,"player_choice":"Donut","damage_taken":0,"max_hp_gain":5,"max_hp_loss":0,"event_name":"Big Fish","floor":10,"gold_loss":0}],"is_beta":false,"boss_relics":[{"not_picked":["Pandora\u0027s Box","Ectoplasm"],"picked":"Philosopher\u0027s Stone"}],"items_purged_floors":[20],"is_endless":false,"potions_floor_spawned":[1,8,12,16,18,21],"killed_by":"3 Cultists","ascension_level":2}}