{"host":"o5or1zybx7au40zl","time":1610474683,"event":{"mods":["Act Like it!","Aspiration","BaseMod","Better Third Choice","Conspire","Dota2Spire","GungeonMod","Halation","Hubris","Minty Spire (QoL Compilation)","Replay The Spire","StSLib","The Jungle","Yuri Mod","vexMod"],"gold_per_floor":[119,119,139,158,158,187,187,217,299,316,316,336,371,382,382,478,478,478,478],"floor_reached":18,"playtime":461,"items_purged":[],"score":207,"play_id":"2f153297-c174-44a5-8a9f-75f3e6dbd70d","local_time":"20210112190443","is_ascension_mode":false,"campfire_choices":[{"floor":7,"key":"RECALL"},{"floor":11,"key":"REST"},{"floor":15,"key":"REST"}],"circlet_count":0,"master_deck":["yuri:yuriStrike","yuri:yuriStrike","yuri:yuriStrike","yuri:yuriStrike","yuri:yuriStrike","yuri:yuriDefend","yuri:yuriDefend","yuri:yuriDefend","yuri:yuriDefend","yuri:yuriDefend","yuri:Oolong","yuri:yuriStab","yuri:HoldBack","yuri:GlitchedStrike","yuri:ThrowingKnives","ConjureBlade+1","yuri:TeaSet","yuri:BrokenCode","yuri:SeeingDouble","yuri:ReactiveMadness","yuri:NerfBat","yuri:MultiDip","yuri:SeeingDouble"],"relics":["yuri:BloodyKnife","aspiration:Nostalgia","DemoMod:Dog","hubris:Towel","Sundial","Omamori","Orichalcum","Regal Pillow","SlaversCollar"],"acts_visited":["Exordium","Exordium"],"potions_floor_usage":[6,16],"damage_taken":[{"damage":4,"enemies":"conspire:RoseBush","floor":1,"turns":3},{"damage":3,"enemies":"Small Slimes","floor":3,"turns":3},{"damage":0,"enemies":"2 Louse","floor":4,"turns":2},{"damage":0,"enemies":"Lagavulin","floor":6,"turns":4},{"damage":43,"enemies":"3 Sentries","floor":8,"turns":10},{"damage":1,"enemies":"Looter","floor":10,"turns":2},{"damage":11,"enemies":"Lots of Slimes","floor":12,"turns":5},{"damage":12,"enemies":"Gremlin Nob","floor":13,"turns":4},{"damage":0,"enemies":"3 Louse","floor":14,"turns":2},{"damage":45,"enemies":"The Guardian","floor":16,"turns":9},{"damage":1059,"enemies":"theJungle:5_Spyders","floor":18,"turns":1}],"seed_played":"-9194171610634884388","potions_obtained":[{"floor":1,"key":"Ancient Potion"},{"floor":3,"key":"FearPotion"},{"floor":6,"key":"Reflective Coating"},{"floor":8,"key":"Reflective Coating"}],"is_trial":false,"path_per_floor":["M","?","M","M","?","E","R","E","T","M","R","M","E","M","R","B",null,"M"],"character_chosen":"YURI","items_purchased":[],"campfire_rested":2,"item_purchase_floors":[],"current_hp_per_floor":[76,76,77,77,69,73,73,34,34,33,57,50,38,42,80,35,80,0,0],"gold":478,"neow_bonus":"NOSTALGIA","is_daily":false,"chose_seed":false,"campfire_upgraded":0,"win_rate":0.0,"timestamp":1610474683,"path_taken":["M","?","M","M","?","E","R","E","T","M","R","M","E","M","R","BOSS","M"],"items_purchased_type":[],"build_version":"2020-12-22","purchased_purges":0,"victory":false,"max_hp_per_floor":[80,80,80,80,80,80,80,80,80,80,80,80,80,80,80,80,80,80,80],"card_choices":[{"not_picked":["yuri:TPose","yuri:DebugCard"],"picked":"yuri:HoldBack","floor":1},{"not_picked":["yuri:RecklessStrike","yuri:Stalk"],"picked":"yuri:GlitchedStrike","floor":3},{"not_picked":["yuri:RecklessStrike","yuri:StealPen"],"picked":"yuri:ThrowingKnives","floor":4},{"not_picked":["yuri:MPose","yuri:CalmingAura"],"picked":"yuri:TeaSet","floor":6},{"not_picked":["yuri:DebugCard","yuri:UnstableStrike"],"picked":"yuri:BrokenCode","floor":8},{"not_picked":["yuri:Spin","yuri:WickedSlash"],"picked":"yuri:SeeingDouble","floor":10},{"not_picked":["yuri:AdaptiveAI","yuri:RecklessStrike"],"picked":"yuri:ReactiveMadness","floor":12},{"not_picked":["yuri:ThrowingKnives","yuri:yuriQuickStrike"],"picked":"yuri:NerfBat","floor":12},{"not_picked":["yuri:WickedSlash","yuri:BrokenCode"],"picked":"yuri:MultiDip","floor":13},{"not_picked":["yuri:HoldBack","yuri:yuriQuickStrike"],"picked":"yuri:SeeingDouble","floor":14},{"not_picked":["yuri:Torment","yuri:Virus"],"picked":"yuri:Suicide","floor":16}],"player_experience":956015,"relics_obtained":[{"floor":6,"key":"Omamori"},{"floor":8,"key":"Orichalcum"},{"floor":13,"key":"Regal Pillow"}],"event_choices":[],"is_beta":false,"boss_relics":[{"not_picked":["Black Star","vexMod:EndlessSickness"],"picked":"SlaversCollar"}],"items_purged_floors":[],"is_endless":false,"potions_floor_spawned":[1,3,6,8,10],"killed_by":"theJungle:5_Spyders","ascension_level":0}}