{"host":"guk5h31bsklpp7e4","time":1610486888,"event":{"mods":["AchievementEnabler","BaseMod","Colored Map","Colored Powertips","Highlight Path","Minty Spire (QoL Compilation)","Quick Restart"],"gold_per_floor":[131,206,59,59,79,106,106,160,210,210,223,291,331,331,331,431,431,446,464,389,389,407,407,435,435,435,450,450,466,486,500,500,500,500],"floor_reached":33,"language":"ENG","playtime":2017,"items_purged":["Strike_R"],"score":305,"play_id":"2550fb5a-d0f2-48f7-901d-b516d62b9674","local_time":"20210112162808","is_ascension_mode":true,"campfire_choices":[{"floor":7,"key":"REST"},{"floor":10,"key":"REST"},{"floor":15,"key":"RECALL"},{"floor":23,"key":"REST"},{"data":"Juggernaut","floor":25,"key":"SMITH"},{"floor":28,"key":"REST"},{"floor":32,"key":"REST"}],"circlet_count":0,"master_deck":["Strike_R","Strike_R","Defend_R","Defend_R","Defend_R","Bash","Thunderclap","Pummel","Rampage","Cleave","Shrug It Off","Headbutt","Pummel","Rage","Thunderclap","Warcry","Juggernaut+1","Metallicize","Sentinel+1","Power Through","Wild Strike","Havoc","Exhume","Shockwave","Warcry"],"relics":["Burning Blood","Akabeko","Charon\u0027s Ashes","Vajra","Odd Mushroom","Empty Cage","Red Mask","Omamori"],"acts_visited":["Exordium","TheCity"],"potions_floor_usage":[11,16,16,19,29,33,33,33],"damage_taken":[{"damage":0,"enemies":"2 Louse","floor":1,"turns":2},{"damage":9,"enemies":"Jaw Worm","floor":5,"turns":4},{"damage":39,"enemies":"Lagavulin","floor":6,"turns":6},{"damage":31,"enemies":"Gremlin Nob","floor":8,"turns":4},{"damage":0,"enemies":"Cultist","floor":11,"turns":2},{"damage":3,"enemies":"3 Sentries","floor":12,"turns":6},{"damage":0,"enemies":"The Mushroom Lair","floor":13,"turns":2},{"damage":47,"enemies":"The Guardian","floor":16,"turns":9},{"damage":2,"enemies":"Chosen","floor":18,"turns":4},{"damage":40,"enemies":"Spheric Guardian","floor":19,"turns":6},{"damage":7,"enemies":"3 Cultists","floor":22,"turns":6},{"damage":15,"enemies":"Masked Bandits","floor":24,"turns":5},{"damage":34,"enemies":"Sentry and Sphere","floor":27,"turns":6},{"damage":11,"enemies":"Snake Plant","floor":29,"turns":4},{"damage":4,"enemies":"Chosen and Byrds","floor":30,"turns":4},{"damage":28,"enemies":"Snecko","floor":31,"turns":5},{"damage":57,"enemies":"Collector","floor":33,"turns":7}],"seed_played":"3969669768463048066","potions_obtained":[{"floor":6,"key":"LiquidMemories"},{"floor":8,"key":"ColorlessPotion"},{"floor":13,"key":"SpeedPotion"},{"floor":18,"key":"ColorlessPotion"},{"floor":22,"key":"GamblersBrew"},{"floor":29,"key":"FearPotion"},{"floor":30,"key":"Strength Potion"},{"floor":31,"key":"SteroidPotion"}],"is_trial":false,"path_per_floor":["M","?","$","?","M","E","R","E","T","R","M","E","?","?","R","B",null,"M","M","?","?","M","R","?","R","T","M","R","M","M","M","R","B"],"character_chosen":"IRONCLAD","items_purchased":["Pummel"],"campfire_rested":5,"item_purchase_floors":[3],"current_hp_per_floor":[72,72,72,72,69,36,57,32,32,53,59,62,68,82,82,41,82,82,48,48,48,47,71,62,62,62,34,58,53,55,33,57,0,0],"gold":500,"neow_bonus":"RANDOM_COLORLESS_2","is_daily":false,"chose_seed":false,"campfire_upgraded":1,"win_rate":0.0,"timestamp":1610486888,"path_taken":["M","?","$","?","?","E","R","E","T","R","M","E","?","?","R","BOSS","M","?","?","?","M","R","?","R","T","?","R","M","M","M","R","BOSS"],"items_purchased_type":["Card"],"build_version":"2020-12-22","purchased_purges":1,"victory":false,"max_hp_per_floor":[72,72,72,72,72,72,72,72,72,72,72,72,72,82,82,82,82,82,82,82,82,82,82,82,82,82,82,82,82,82,82,82,82,82],"card_choices":[{"not_picked":["Apotheosis","Magnetism"],"picked":"HandOfGreed","floor":0},{"not_picked":["Heavy Blade","Headbutt"],"picked":"Thunderclap","floor":1},{"not_picked":["Ghostly Armor","Clash"],"picked":"Shrug It Off","floor":5},{"not_picked":["Flame Barrier","Fiend Fire"],"picked":"Headbutt","floor":6},{"not_picked":["Wild Strike","Uppercut"],"picked":"Pummel","floor":8},{"not_picked":["Warcry","Thunderclap"],"picked":"Rage","floor":11},{"not_picked":["Headbutt","Heavy Blade"],"picked":"Thunderclap","floor":12},{"not_picked":["Dual Wield","Perfected Strike"],"picked":"Warcry","floor":13},{"not_picked":["Offering","Impervious"],"picked":"Juggernaut","floor":16},{"not_picked":["Sword Boomerang","Combust"],"picked":"Metallicize","floor":18},{"not_picked":["Uppercut","Carnage"],"picked":"Sentinel+1","floor":19},{"not_picked":["Perfected Strike","Intimidate"],"picked":"Power Through","floor":22},{"not_picked":["Heavy Blade+1","Anger"],"picked":"Wild Strike","floor":24},{"not_picked":["Sword Boomerang","Clothesline"],"picked":"Havoc","floor":27},{"not_picked":["Inflame","Sword Boomerang+1"],"picked":"Exhume","floor":29},{"not_picked":["Cleave","Carnage"],"picked":"Shockwave","floor":30},{"not_picked":["Cleave","Infernal Blade"],"picked":"Warcry","floor":31}],"player_experience":287090,"relics_obtained":[{"floor":6,"key":"Akabeko"},{"floor":8,"key":"Charon\u0027s Ashes"},{"floor":12,"key":"Vajra"},{"floor":13,"key":"Odd Mushroom"},{"floor":24,"key":"Red Mask"},{"floor":26,"key":"Omamori"}],"event_choices":[{"damage_healed":0,"gold_gain":75,"player_choice":"Gained Gold","damage_taken":0,"max_hp_gain":0,"max_hp_loss":0,"event_name":"Golden Wing","floor":2,"gold_loss":0},{"damage_healed":0,"gold_gain":0,"player_choice":"2 cards matched","damage_taken":0,"max_hp_gain":0,"max_hp_loss":0,"event_name":"Match and Keep!","floor":4,"gold_loss":0,"cards_obtained":["Rampage","Cleave"]},{"damage_healed":0,"gold_gain":0,"player_choice":"Fought Mushrooms","damage_taken":0,"max_hp_gain":0,"max_hp_loss":0,"event_name":"Mushrooms","floor":13,"gold_loss":0},{"cards_removed":["HandOfGreed"],"damage_healed":4,"gold_gain":0,"player_choice":"Offered Rare","damage_taken":0,"max_hp_gain":10,"max_hp_loss":0,"event_name":"Bonfire Elementals","floor":14,"gold_loss":0},{"cards_removed":["Defend_R"],"damage_healed":0,"gold_gain":0,"player_choice":"Gave Gold","damage_taken":0,"max_hp_gain":0,"max_hp_loss":0,"event_name":"Beggar","floor":20,"gold_loss":75},{"damage_healed":0,"gold_gain":0,"player_choice":"Ignored","damage_taken":0,"max_hp_gain":0,"max_hp_loss":0,"event_name":"Ghosts","floor":21,"gold_loss":0},{"damage_healed":0,"gold_gain":0,"player_choice":"Fought Bandits","damage_taken":0,"max_hp_gain":0,"max_hp_loss":0,"event_name":"Masked Bandits","floor":24,"gold_loss":0}],"is_beta":false,"boss_relics":[{"not_picked":["Runic Pyramid","Coffee Dripper"],"picked":"Empty Cage"}],"items_purged_floors":[3],"is_endless":false,"potions_floor_spawned":[6,8,13,18,22,29,30,31],"killed_by":"Collector","ascension_level":3}}