{"host":"r53pw7z744tg3fxg","time":1610460841,"event":{"mods":["AchievementEnabler","BaseMod","Colored Map","Colored Powertips","Highlight Path","Minty Spire (QoL Compilation)","Quick Restart","Transform Curses"],"gold_per_floor":[126,155,167,191,203,243,255,292,351,115,115,17,36,62,62,162,162,180,180,194,208,12,12,32,48,48,48,13,30,30,50,50,148,148,158,176,2,15,15,15,27,57,57,57,57,107,0,18,18,18],"floor_reached":51,"playtime":2318,"items_purged":[],"score":1112,"play_id":"3a2b84ff-2d66-4b26-a81f-c1b12bb13588","local_time":"20210112071401","is_ascension_mode":true,"campfire_choices":[{"floor":7.0,"key":"REST"},{"floor":11.0,"key":"REST"},{"floor":15.0,"key":"REST"},{"data":"ForeignInfluence","floor":27.0,"key":"SMITH"},{"data":"Mind Blast","floor":30.0,"key":"SMITH"},{"floor":32.0,"key":"REST"},{"floor":40,"key":"REST"},{"data":"MasterReality","floor":45,"key":"SMITH"},{"floor":49,"key":"REST"}],"circlet_count":0,"master_deck":["AscendersBane","Strike_P","Strike_P","Strike_P","Strike_P","Defend_P","Defend_P","Defend_P","Defend_P","Eruption+1","Vigilance","ReachHeaven","FlurryOfBlows","Evaluate","ForeignInfluence+1","CarveReality","BattleHymn","BowlingBash","Finesse","Wallop","MasterReality+1","Consecrate","Study","Mind Blast+1","CarveReality+1","Alpha+1","Scrawl+1","Prostrate+1","Prostrate+1","Madness","Madness","EmptyBody","ForeignInfluence"],"relics":["PureWater","MawBank","Mummified Hand","Anchor","Bird Faced Urn","Potion Belt","Bag of Preparation","Odd Mushroom","Busted Crown","Membership Card","The Courier","Astrolabe","Damaru","ClockworkSouvenir","Lantern","Bottled Tornado","CloakClasp","Pocketwatch","Red Mask"],"acts_visited":["Exordium","TheCity","TheBeyond"],"potions_floor_usage":[39,46,50],"damage_taken":[{"damage":0.0,"enemies":"2 Louse","floor":1.0,"turns":3.0},{"damage":0.0,"enemies":"Small Slimes","floor":2.0,"turns":2.0},{"damage":0.0,"enemies":"Jaw Worm","floor":4.0,"turns":3.0},{"damage":37.0,"enemies":"Lagavulin","floor":6.0,"turns":6.0},{"damage":29.0,"enemies":"3 Sentries","floor":8.0,"turns":8.0},{"damage":0.0,"enemies":"Exordium Wildlife","floor":13.0,"turns":2.0},{"damage":1.0,"enemies":"The Mushroom Lair","floor":14.0,"turns":3.0},{"damage":49.0,"enemies":"Hexaghost","floor":16.0,"turns":5.0},{"damage":0.0,"enemies":"2 Thieves","floor":18.0,"turns":2.0},{"damage":0.0,"enemies":"Chosen","floor":20.0,"turns":3.0},{"damage":5.0,"enemies":"Shelled Parasite and Fungi","floor":21.0,"turns":3.0},{"damage":0.0,"enemies":"Cultist and Chosen","floor":24.0,"turns":3.0},{"damage":7.0,"enemies":"Sentry and Sphere","floor":25.0,"turns":3.0},{"damage":20.0,"enemies":"Snake Plant","floor":29.0,"turns":4.0},{"damage":11.0,"enemies":"Centurion and Healer","floor":31.0,"turns":4.0},{"damage":53.0,"enemies":"Collector","floor":33.0,"turns":8.0},{"damage":14.0,"enemies":"3 Darklings","floor":35.0,"turns":4.0},{"damage":4.0,"enemies":"3 Shapes","floor":36.0,"turns":4.0},{"damage":15.0,"enemies":"3 Darklings","floor":38.0,"turns":6.0},{"damage":0,"enemies":"Writhing Mass","floor":39,"turns":1},{"damage":12,"enemies":"Sphere and 2 Shapes","floor":41,"turns":3},{"damage":3,"enemies":"Giant Head","floor":42,"turns":4},{"damage":11,"enemies":"Mind Bloom Boss Battle","floor":46,"turns":4},{"damage":0,"enemies":"Maw","floor":48,"turns":4},{"damage":70,"enemies":"Time Eater","floor":50,"turns":8}],"seed_played":"8038018256560586802","potions_obtained":[{"floor":2.0,"key":"BottledMiracle"},{"floor":6.0,"key":"FairyPotion"},{"floor":8.0,"key":"Strength Potion"},{"floor":14.0,"key":"Fire Potion"},{"floor":20.0,"key":"Ambrosia"},{"floor":21.0,"key":"Regen Potion"},{"floor":31.0,"key":"Fire Potion"},{"floor":35.0,"key":"Block Potion"},{"floor":42,"key":"StancePotion"},{"floor":48,"key":"PowerPotion"}],"is_trial":false,"path_per_floor":["M","M","?","M","?","E","R","E","T","$","R","$","M","?","R","B",null,"M","?","M","M","$","$","M","M","T","R","$","M","R","M","R","B",null,"M","M","$","M","M","R","M","E","T","?","R","?","?","M","R","B",null],"character_chosen":"WATCHER","items_purchased":["Bag of Preparation","BattleHymn","BowlingBash","Finesse","Membership Card","SmokeBomb","Mind Blast","Damaru","ClockworkSouvenir","Lantern"],"campfire_rested":6,"item_purchase_floors":[10,10,10,12,22,22,28,37,37,37],"current_hp_per_floor":[65,65,53,53,53,16,37,8,8,8,29,29,29,30,51,4,55,57,57,61,58,58,58,60,57,57,57,57,55,55,46,67,20,59,51,53,53,46,46,67,59,62,62,53,53,44,44,50,71,8],"gold":18,"neow_bonus":"RANDOM_COMMON_RELIC","is_daily":false,"chose_seed":false,"campfire_upgraded":3,"win_rate":0.0,"timestamp":1610460841,"path_taken":["M","M","?","M","?","E","R","E","T","$","R","?","?","?","R","BOSS","M","?","?","M","$","?","M","M","T","R","$","M","R","M","R","BOSS","M","M","$","M","M","R","M","E","T","?","R","?","?","M","R","BOSS"],"items_purchased_type":["Relic","Card","Card","Card","Relic","Potion","Card","Relic","Relic","Relic"],"build_version":"2020-12-22","purchased_purges":0,"victory":true,"max_hp_per_floor":[72,72,72,72,72,72,72,72,72,72,72,72,72,72,72,72,72,72,72,72,72,72,72,72,72,72,72,72,72,72,72,72,72,72,72,72,72,72,72,72,72,72,72,72,72,72,72,72,72,72],"card_choices":[{"not_picked":["Evaluate","Crescendo"],"picked":"ReachHeaven","floor":1.0},{"not_picked":["ClearTheMind","CutThroughFate"],"picked":"FlurryOfBlows","floor":2.0},{"not_picked":["Collect","JustLucky"],"picked":"Evaluate","floor":4.0},{"not_picked":["JustLucky","Perseverance"],"picked":"ForeignInfluence","floor":6.0},{"not_picked":["Halt","ClearTheMind"],"picked":"CarveReality","floor":8.0},{"not_picked":["CrushJoints","WaveOfTheHand"],"picked":"Wallop","floor":13.0},{"not_picked":["DevaForm","SpiritShield"],"picked":"MasterReality","floor":16.0},{"not_picked":[],"picked":"Consecrate","floor":18.0},{"not_picked":[],"picked":"Halt","floor":20.0},{"not_picked":[],"picked":"SashWhip","floor":21.0},{"not_picked":[],"picked":"Study","floor":24.0},{"not_picked":["Consecrate"],"picked":"SKIP","floor":25.0},{"not_picked":[],"picked":"Crescendo","floor":29.0},{"not_picked":["Halt"],"picked":"SKIP","floor":31.0},{"not_picked":[],"picked":"Prostrate+1","floor":35.0},{"not_picked":["FlyingSleeves"],"picked":"SKIP","floor":36.0},{"not_picked":[],"picked":"Prostrate+1","floor":38.0},{"not_picked":["SignatureMove+1"],"picked":"SKIP","floor":41},{"not_picked":["Study"],"picked":"SKIP","floor":42},{"not_picked":[],"picked":"EmptyBody","floor":46},{"not_picked":[],"picked":"ForeignInfluence","floor":48}],"player_experience":1231903,"relics_obtained":[{"floor":6.0,"key":"Anchor"},{"floor":8.0,"key":"Bird Faced Urn"},{"floor":9.0,"key":"Potion Belt"},{"floor":14.0,"key":"Odd Mushroom"},{"floor":26.0,"key":"The Courier"},{"floor":42,"key":"Bottled Tornado"},{"floor":43,"key":"CloakClasp"},{"floor":46,"key":"Pocketwatch"}],"event_choices":[{"damage_healed":0.0,"max_hp_gain":0.0,"max_hp_loss":0.0,"gold_gain":0.0,"event_name":"Scrap Ooze","player_choice":"Success","floor":3.0,"gold_loss":0.0,"damage_taken":12.0,"relics_obtained":["Mummified Hand"]},{"damage_healed":0.0,"max_hp_gain":0.0,"max_hp_loss":0.0,"gold_gain":0.0,"event_name":"Living Wall","player_choice":"Grow","floor":5.0,"gold_loss":0.0,"damage_taken":0.0,"cards_upgraded":["Eruption"]},{"damage_healed":0.0,"max_hp_gain":0.0,"max_hp_loss":0.0,"gold_gain":0.0,"event_name":"Mushrooms","player_choice":"Fought Mushrooms","floor":14.0,"gold_loss":0.0,"damage_taken":0.0},{"damage_healed":0.0,"max_hp_gain":0.0,"max_hp_loss":0.0,"gold_gain":0.0,"event_name":"Purifier","player_choice":"Ignored","floor":19.0,"gold_loss":0.0,"damage_taken":0.0},{"damage_healed":0,"gold_gain":0,"player_choice":"Embrace Madness","damage_taken":9,"max_hp_gain":0,"max_hp_loss":0,"event_name":"Winding Halls","floor":44,"gold_loss":0,"cards_obtained":["Madness","Madness"]},{"damage_healed":0,"gold_gain":0,"player_choice":"Fight","damage_taken":0,"max_hp_gain":0,"max_hp_loss":0,"event_name":"MindBloom","floor":46,"gold_loss":0},{"damage_healed":0,"gold_gain":0,"player_choice":"Paid","damage_taken":0,"relics_obtained":["Red Mask"],"max_hp_gain":0,"max_hp_loss":0,"event_name":"Tomb of Lord Red Mask","floor":47,"gold_loss":107}],"is_beta":false,"boss_relics":[{"not_picked":["HolyWater","Runic Dome"],"picked":"Busted Crown"},{"not_picked":["Pandora\u0027s Box","Velvet Choker"],"picked":"Astrolabe"}],"items_purged_floors":[],"is_endless":false,"potions_floor_spawned":[2,6,8,14,20,21,24,31,35,42,48],"ascension_level":12}}