{"host":"vohenq18pmg6jboc","time":1610440568,"event":{"mods":["Arknights The Spire","Bard","BaseMod","Chen","Downfall","Gremlin Mod","GungeonMod","Hermit","Koishi","Marisa¡]Ãú«B¡@Å]²z¨F¡^","Minty Spire (QoL Compilation)","Relic Stats","Remilia¡]Á¢¦Ì²ú?¡^","StSLib","The Administrix","The Bug Knight","The Cursed","The Hierophant","The IronCluck","The Runesmith","The Servant 0.9.4","WarShipGirlsR/??¤Ö¤kR mod","Yakumo Yukari mod","Youmu¡]»î¾z§¯?¡^","Yuyuko"],"gold_per_floor":[118,130,230,246,84,84,113,133,133,133,151,171,171,13,13,112,112,125,125,141,16,16,46,46,46,46],"floor_reached":25,"playtime":1424,"items_purged":[],"score":201,"play_id":"23ce8cb2-b93e-42ad-b841-7af3a851559f","local_time":"20210112163608","is_ascension_mode":false,"campfire_choices":[{"data":"DemoMod:AWP","floor":6,"key":"SMITH"},{"floor":10,"key":"REST"},{"floor":15,"key":"REST"}],"circlet_count":0,"master_deck":["DemoMod:Strike_Huntress","DemoMod:Strike_Huntress","DemoMod:Strike_Huntress","DemoMod:Defend_Huntress","DemoMod:Defend_Huntress","DemoMod:Defend_Huntress","DemoMod:Defend_Huntress","DemoMod:Roll","DemoMod:ManualReload","DemoMod:RustySidearm","DemoMod:CrossBow","DemoMod:TripleGun","DemoMod:AWP+1","DemoMod:DoubleSwitch","DemoMod:EasyReloadBullets","DemoMod:GunShield","DemoMod:TeaPot","DemoMod:TripleGun","DemoMod:PotionOfGunFriendShip","DemoMod:StickyCrossBow","DemoMod:SuppressiveFire","DemoMod:PotionOfGunFriendShip","DemoMod:BlankBullets","DemoMod:MachoBrace+1","Writhe","DemoMod:Camera","DemoMod:FightSabre","DemoMod:ShadowBullets","DemoMod:SniperShot","DemoMod:MachoBrace+1"],"relics":["DemoMod:Dog","NeowsBlessing","Bag of Marbles","Matryoshka","Toy Ornithopter","Boot","Membership Card","DemoMod:ElasticCartridgeClip","Runesmith:Nanobots","Bottled Flame","Shuriken"],"acts_visited":["Exordium","TheCity"],"potions_floor_usage":[16,16],"damage_taken":[{"damage":0,"enemies":"Cultist","floor":1,"turns":1},{"damage":0,"enemies":"Jaw Worm","floor":2,"turns":1},{"damage":0,"enemies":"Small Slimes","floor":4,"turns":1},{"damage":40,"enemies":"HollowMod:MossKnight","floor":7,"turns":9},{"damage":9,"enemies":"2 Fungi Beasts","floor":8,"turns":4},{"damage":0,"enemies":"Looter","floor":11,"turns":1},{"damage":0,"enemies":"3 Louse","floor":12,"turns":3},{"damage":47,"enemies":"Hexaghost","floor":16,"turns":7},{"damage":16,"enemies":"Spheric Guardian","floor":18,"turns":4},{"damage":16,"enemies":"Chosen","floor":20,"turns":6},{"damage":16,"enemies":"Centurion and Healer","floor":23,"turns":8},{"damage":22,"enemies":"Centurion and Healer","floor":25,"turns":5}],"seed_played":"3030886736600454480","potions_obtained":[{"floor":8,"key":"champ:CounterPotion"},{"floor":11,"key":"LiquidBronze"},{"floor":12,"key":"Energy Potion"},{"floor":20,"key":"Strength Potion"}],"is_trial":false,"path_per_floor":["M","M","?","M","$","R","E","M","T","R","M","M","T","$","R","B",null,"M","?","M","$","?","?","?","M"],"character_chosen":"HUNTRESS","items_purchased":["DemoMod:EasyReloadBullets","DemoMod:GunShield","DemoMod:TeaPot","Membership Card","DemoMod:PotionOfGunFriendShip","DemoMod:FightSabre","DemoMod:ShadowBullets","DemoMod:SniperShot"],"campfire_rested":2,"item_purchase_floors":[5,5,5,14,14,21,21,21],"current_hp_per_floor":[70,70,70,70,70,70,30,21,21,42,42,42,42,42,63,26,70,54,54,38,38,38,22,22,0,0],"gold":46,"neow_bonus":"THREE_ENEMY_KILL","is_daily":false,"chose_seed":false,"campfire_upgraded":1,"win_rate":0.0,"timestamp":1610440568,"path_taken":["M","?","?","M","?","R","E","M","T","R","M","?","?","$","R","BOSS","M","?","M","$","?","?","?","M"],"items_purchased_type":["Card","Card","Card","Relic","Card","Card","Card","Card"],"build_version":"2020-12-22","purchased_purges":0,"victory":false,"max_hp_per_floor":[70,70,70,70,70,70,70,70,70,70,70,70,70,70,70,70,70,70,70,70,70,70,70,70,70,70],"relic_stats":{"counters":[12,50],"Shuriken":[2],"Boot":[27],"obtain_stats":[{"Runesmith:Nanobots":19,"Bottled Flame":23,"Matryoshka":9,"DemoMod:Dog":0,"NeowsBlessing":0,"Shuriken":23,"DemoMod:GlassGuonStoneRelic":2,"Bag of Marbles":7,"Membership Card":14,"DemoMod:ElasticCartridgeClip":17,"Boot":13,"Toy Ornithopter":13},{"Runesmith:Nanobots":9,"Bottled Flame":11,"Matryoshka":5,"DemoMod:Dog":0,"NeowsBlessing":0,"Shuriken":11,"DemoMod:GlassGuonStoneRelic":2,"Bag of Marbles":4,"Membership Card":7,"DemoMod:ElasticCartridgeClip":8,"Boot":7,"Toy Ornithopter":7},{"Runesmith:Nanobots":31,"Bottled Flame":45,"Matryoshka":16,"DemoMod:Dog":0,"NeowsBlessing":0,"Shuriken":45,"DemoMod:GlassGuonStoneRelic":2,"Bag of Marbles":12,"Membership Card":20,"DemoMod:ElasticCartridgeClip":27,"Boot":20,"Toy Ornithopter":20}],"Toy Ornithopter":10},"card_choices":[{"not_picked":["DemoMod:PotionOfGunFriendShip","DemoMod:Ejector"],"picked":"DemoMod:TripleGun","floor":1},{"not_picked":["DemoMod:Polaris","DemoMod:BattleInHaste"],"picked":"DemoMod:AWP","floor":2},{"not_picked":["DemoMod:ProbeStrike","DemoMod:GunstockTap"],"picked":"DemoMod:DoubleSwitch","floor":4},{"not_picked":["DemoMod:Polaris","DemoMod:HungryBullets"],"picked":"DemoMod:TripleGun","floor":7},{"not_picked":["DemoMod:DoubleSwitch","DemoMod:FeignSurrender"],"picked":"DemoMod:PotionOfGunFriendShip","floor":8},{"not_picked":["DemoMod:BoxingGlove","DemoMod:FastSwitch"],"picked":"DemoMod:StickyCrossBow","floor":11},{"not_picked":["DemoMod:DirectionalPad","DemoMod:JK47"],"picked":"DemoMod:SuppressiveFire","floor":12},{"not_picked":["DemoMod:BlackHoleGun","DemoMod:BalloonGun"],"picked":"DemoMod:BlankBullets","floor":16},{"not_picked":["DemoMod:JK47","DemoMod:CombinedRifle+1"],"picked":"DemoMod:MachoBrace+1","floor":18},{"not_picked":["DemoMod:HardPowerCard","DemoMod:RadGun"],"picked":"DemoMod:Camera","floor":20},{"not_picked":["DemoMod:ProbeStrike","DemoMod:PotionOfGunFriendShip"],"picked":"DemoMod:MachoBrace+1","floor":23}],"player_experience":70758,"relics_obtained":[{"floor":7,"key":"Bag of Marbles"},{"floor":9,"key":"Matryoshka"},{"floor":13,"key":"Toy Ornithopter"},{"floor":13,"key":"Boot"},{"floor":23,"key":"Bottled Flame"},{"floor":23,"key":"Shuriken"}],"event_choices":[{"damage_healed":0,"gold_gain":100,"player_choice":"Pray","damage_taken":0,"max_hp_gain":0,"max_hp_loss":0,"event_name":"Golden Shrine","floor":3,"gold_loss":0},{"damage_healed":0,"gold_gain":0,"player_choice":"Opened","damage_taken":0,"relics_obtained":["Runesmith:Nanobots"],"max_hp_gain":0,"max_hp_loss":0,"event_name":"The Mausoleum","floor":19,"gold_loss":0,"cards_obtained":["Writhe"]}],"is_beta":false,"boss_relics":[{"not_picked":["Busted Crown","Runesmith:UraniumAnvil"],"picked":"DemoMod:ElasticCartridgeClip"}],"items_purged_floors":[],"is_endless":false,"potions_floor_spawned":[8,11,12,20],"killed_by":"Centurion and Healer","ascension_level":0}}