{"host":"t7mx8yfj1no5p62f","time":1610470979,"event":{"mods":["BaseMod","Bestiary","Colored Map","Colored Powertips","Minty Spire (QoL Compilation)","Relic Stats","StSLib"],"gold_per_floor":[119,134,153,168,168,168,168],"floor_reached":6,"playtime":229,"items_purged":[],"score":76,"play_id":"e9fa6330-05fb-4bd1-b58c-1c2b2bc233cb","local_time":"20210112120259","is_ascension_mode":true,"campfire_choices":[],"circlet_count":0,"master_deck":["AscendersBane","Strike_R","Strike_R","Strike_R","Defend_R","Defend_R","Defend_R","Defend_R","Bash","Pommel Strike","Battle Trance","Cleave","Armaments"],"relics":["Burning Blood","MealTicket"],"acts_visited":["Exordium"],"potions_floor_usage":[6,6],"damage_taken":[{"damage":18,"enemies":"Small Slimes","floor":1,"turns":8},{"damage":2,"enemies":"2 Louse","floor":2,"turns":3},{"damage":7,"enemies":"Jaw Worm","floor":3,"turns":3},{"damage":12,"enemies":"3 Louse","floor":4,"turns":3},{"damage":72,"enemies":"Gremlin Nob","floor":6,"turns":4}],"seed_played":"-6398649418472639689","potions_obtained":[{"floor":1,"key":"SteroidPotion"},{"floor":3,"key":"GamblersBrew"}],"is_trial":false,"path_per_floor":["M","M","M","M","?","E"],"character_chosen":"IRONCLAD","items_purchased":[],"campfire_rested":0,"item_purchase_floors":[],"current_hp_per_floor":[56,60,59,53,42,0,0],"gold":168,"neow_bonus":"REMOVE_TWO","is_daily":false,"chose_seed":false,"campfire_upgraded":0,"win_rate":0.0,"timestamp":1610470979,"path_taken":["M","M","M","M","?","E"],"items_purchased_type":[],"build_version":"2020-12-22","purchased_purges":0,"victory":false,"max_hp_per_floor":[68,68,68,68,68,68,68],"relic_stats":{"counters":[5,21],"MealTicket":0,"obtain_stats":[{"MealTicket":5,"Burning Blood":0},{"MealTicket":4,"Burning Blood":0},{"MealTicket":17,"Burning Blood":0}],"Burning Blood":24},"card_choices":[{"not_picked":["Second Wind","Thunderclap"],"picked":"Pommel Strike","floor":1},{"not_picked":["Perfected Strike","Shockwave"],"picked":"Battle Trance","floor":2},{"not_picked":["Shrug It Off","Pommel Strike"],"picked":"Cleave","floor":3},{"not_picked":["Wild Strike","Shrug It Off"],"picked":"Armaments","floor":4}],"player_experience":1739727,"relics_obtained":[],"event_choices":[{"damage_healed":0,"gold_gain":0,"player_choice":"Success","damage_taken":11,"relics_obtained":["MealTicket"],"max_hp_gain":0,"max_hp_loss":0,"event_name":"Scrap Ooze","floor":5,"gold_loss":0}],"is_beta":false,"boss_relics":[],"items_purged_floors":[],"is_endless":false,"potions_floor_spawned":[1,3],"killed_by":"Gremlin Nob","ascension_level":20}}