{"host":"5t6h2siq57l98co3","time":1610486532,"event":{"mods":["AchievementEnabler","Act Like it!","Aspiration","BaseMod","Better Altar","Better Match","Better Note","Better Sensory Stone","Better Skull","Better Third Choice","BetterRewards","CCEM","CatGirl Mod","Clawfect","Colored Map","Colored Powertips","Curses Come First","Displayed Cursed Tome","Downfall","Gold Saver","Googly Eyes","Highlight Path","Infinite Spire","Jedi Mod","Mimic Mod","Minty Spire (QoL Compilation)","Permanent Neow","Prisma Mod","RatMod","Replay The Spire","Spicy Shops","StSLib","The Alterego","The Jungle","Transform Curses","Virulent Crown","Yuri Mod","everything is the same but u backflip on backflip","vexMod"],"gold_per_floor":[117,135,152,152,152,152,185,185,212,224,254,280,280,22,22,22,22,22,22,22,22,22,22,22,22,22,22,22,22,22,22,22,22,22,22,22,22,22,22,68,83,83,114,114,149,160,160,170,205,233,233,414,414,435,535,560,18,46,46,114,114,210,210,234,260,287,309,309,436,436,456,456,24,24,70,70,137,155,247,300,318,347,347,377,377,497,497,524,524,524,545,545,602,631,631,657,657,716,716,782,808,808,948,948,966,989,1003,1034,1034,1034,1058,1086,1125,1125,1160,1160,1193,1213,1213,1323,1323,1334,1334,1334,1334,1352,1352,1408,1459,1485,1512,1530,1576,1576,1613,1613,1768,1768,1778,1778],"floor_reached":139,"language":"ENG","playtime":6596,"items_purged":[],"score":5087,"play_id":"d1d97412-c09c-4eef-9756-08f42ec10536","local_time":"20210112152212","daily_mods":["Hoarder","Vintage","DeadlyEvents","Binary","Elite Swarm","Lethality","downfall:WorldOfGoo"],"is_ascension_mode":true,"campfire_choices":[{"floor":6,"key":"REST"},{"floor":8,"key":"REST"},{"data":"infinitespire:Punishment","floor":13,"key":"SMITH"},{"data":"infinitespire:Punishment","floor":15,"key":"SMITH"},{"data":"infinitespire:Punishment","floor":23,"key":"SMITH"},{"data":"alterego_mod:Birthday","floor":27,"key":"SMITH"},{"data":"alterego_mod:Birthday","floor":29,"key":"SMITH"},{"data":"alterego_mod:Birthday","floor":34,"key":"SMITH"},{"floor":42,"key":"DIG"},{"floor":44,"key":"DIG"},{"floor":47,"key":"DIG"},{"floor":51,"key":"DIG"},{"data":"yuri:BookRed","floor":59,"key":"SMITH"},{"data":"yuri:BookRed","floor":61,"key":"SMITH"},{"data":"yuri:BookRed","floor":63,"key":"SMITH"},{"data":"1","floor":68,"key":"LIFT"},{"data":"2","floor":76,"key":"LIFT"},{"data":"3","floor":83,"key":"LIFT"},{"floor":85,"key":"DIG"},{"floor":95,"key":"DIG"},{"floor":97,"key":"DIG"},{"floor":99,"key":"DIG"},{"floor":102,"key":"DIG"},{"data":"alterego_mod:Bounce","floor":110,"key":"SMITH"},{"data":"alterego_mod:Bounce","floor":114,"key":"SMITH"},{"data":"alterego_mod:Bounce","floor":116,"key":"SMITH"},{"data":"alterego_mod:Impale","floor":119,"key":"SMITH"},{"data":"alterego_mod:Bounce","floor":127,"key":"SMITH"},{"floor":132,"key":"DIG"},{"floor":134,"key":"DIG"},{"floor":136,"key":"DIG"}],"circlet_count":0,"master_deck":["alterego_mod:Strike","alterego_mod:Strike","alterego_mod:Strike","alterego_mod:Strike","alterego_mod:Defend","alterego_mod:Defend","alterego_mod:Defend","alterego_mod:Defend","alterego_mod:Impale+1","alterego_mod:BigMeatyClaws+1","alterego_mod:BrynhildrsRune+1","infinitespire:Punishment+1","infinitespire:Punishment+1","infinitespire:Punishment+1","alterego_mod:Venus+1","alterego_mod:Venus+1","alterego_mod:Venus+1","jedi:forcepull+1","jedi:forcepull+1","jedi:forcepull+1","alterego_mod:Birthday+1","alterego_mod:Birthday+1","alterego_mod:Birthday+1","infinitespire:NeuralNetwork","infinitespire:NeuralNetwork","infinitespire:NeuralNetwork","alterego_mod:TrickOrTreatment+1","alterego_mod:TrickOrTreatment+1","alterego_mod:TrickOrTreatment+1","alterego_mod:1TonWallop+1","alterego_mod:1TonWallop+1","alterego_mod:1TonWallop+1","alterego_mod:Cooking+1","alterego_mod:Cooking+1","alterego_mod:Cooking+1","alterego_mod:Rake+1","alterego_mod:Rake+1","alterego_mod:Rake+1","alterego_mod:Birthday+1","alterego_mod:Birthday+1","alterego_mod:Birthday+1","yuri:DragonForm+1","yuri:DragonForm+1","yuri:DragonForm+1","yuri:CalmingAura+1","yuri:CalmingAura+1","yuri:CalmingAura+1","yuri:BookRed+1","yuri:BookRed+1","yuri:BookRed+1","alterego_mod:Palingenesis+1","alterego_mod:Palingenesis+1","alterego_mod:Palingenesis+1","alterego_mod:Birthday+1","alterego_mod:Birthday+1","alterego_mod:Birthday+1","alterego_mod:TrickOrTreatment+1","alterego_mod:TrickOrTreatment+1","alterego_mod:TrickOrTreatment+1","alterego_mod:Defend","alterego_mod:Defend","alterego_mod:Defend","yuri:BookGreen+1","yuri:BookGreen+1","yuri:BookGreen+1","alterego_mod:BrynhildrRomantia+1","alterego_mod:BrynhildrRomantia+1","alterego_mod:BrynhildrRomantia+1","yuri:Virus+1","yuri:Virus+1","yuri:Virus+1","alterego_mod:Schoolgirl+1","alterego_mod:Schoolgirl+1","alterego_mod:Schoolgirl+1","Pot Of Greed+1","Pot Of Greed+1","Pot Of Greed+1","Pot Of Greed+1","Pot Of Greed+1","Pot Of Greed+1","Pot Of Greed+1","Pot Of Greed+1","Pot Of Greed+1","Pot Of Greed+1","Pot Of Greed+1","Pot Of Greed+1","Pot Of Greed+1","Pot Of Greed+1","Pot Of Greed+1","Pot Of Greed+1","Pot Of Greed+1","Pot Of Greed+1","Pot Of Greed+1","Pot Of Greed+1","Pot Of Greed+1","yuri:BlackTea+1","yuri:BlackTea+1","yuri:BlackTea+1","alterego_mod:Venus+1","alterego_mod:Venus+1","alterego_mod:Venus+1","alterego_mod:Valkyrie+1","alterego_mod:Valkyrie+1","yuri:MirrorInsanity+1","yuri:MirrorInsanity+1","yuri:MirrorInsanity+1","infinitespire:Collect+1","infinitespire:Collect+1","infinitespire:Collect+1","Madness+1","Madness+1","Madness+1","Madness+1","Madness+1","Madness+1","alterego_mod:Weigh+1","alterego_mod:Weigh+1","alterego_mod:Weigh+1","alterego_mod:PainIsPleasure+1","alterego_mod:PainIsPleasure+1","alterego_mod:PainIsPleasure+1","yuri:Stalk+1","yuri:Stalk+1","yuri:Stalk+1","Pot Of Greed+1","Pot Of Greed+1","Pot Of Greed+1","alterego_mod:RidiculouslyBig+1","alterego_mod:RidiculouslyBig+1","alterego_mod:RidiculouslyBig+1","yuri:BlackTea+1","yuri:BlackTea+1","yuri:BlackTea+1","alterego_mod:RingBreak+1","alterego_mod:RingBreak+1","alterego_mod:RingBreak+1","alterego_mod:Weigh+1","alterego_mod:Weigh+1","alterego_mod:Weigh+1","alterego_mod:Bounce+1","alterego_mod:Bounce+1","alterego_mod:Bounce+1","yuri:Torment+1","yuri:Torment+1","yuri:Torment+1","alterego_mod:Jiggle+1","alterego_mod:Jiggle+1","alterego_mod:Jiggle+1","yuri:StealPen","yuri:StealPen","yuri:StealPen","alterego_mod:Bounce+1","alterego_mod:Bounce","alterego_mod:Bounce","alterego_mod:Venus+1","alterego_mod:Venus+1","alterego_mod:Venus+1","alterego_mod:SideboobHour+1","alterego_mod:SideboobHour+1","alterego_mod:SideboobHour+1","Panache+1","Panache+1","Panache+1","Pot Of Greed+1","Pot Of Greed+1","Pot Of Greed+1","Replay:SS_hec_2+1","Replay:SS_hec_2+1","Replay:SS_hec_2+1","alterego_mod:ClassAdvantage+1","alterego_mod:ClassAdvantage+1","alterego_mod:ClassAdvantage+1","expansioncontent:GoopSpray+1","expansioncontent:GoopSpray+1","expansioncontent:GoopSpray+1","infinitespire:SevenWalls+1","infinitespire:SevenWalls+1","infinitespire:SevenWalls+1","alterego_mod:Valkyrie+1","alterego_mod:Valkyrie+1","alterego_mod:Valkyrie+1","alterego_mod:Valkyrie+1","alterego_mod:Valkyrie+1","alterego_mod:Valkyrie+1","yuri:BookRed","yuri:BookRed","yuri:BookRed","yuri:Torment+1","yuri:Torment+1","yuri:Torment+1","alterego_mod:Lift+1","alterego_mod:Lift+1","alterego_mod:Lift+1","yuri:NerfBat+1","yuri:NerfBat+1","yuri:NerfBat+1","yuri:BlackTea+1","yuri:BlackTea+1","yuri:BlackTea+1","alterego_mod:Swimsuit+1","alterego_mod:Swimsuit+1","alterego_mod:Swimsuit+1","Pot Of Greed+1","Pot Of Greed+1","Pot Of Greed+1","alterego_mod:Tantrum+1","alterego_mod:Tantrum+1","alterego_mod:Tantrum+1","alterego_mod:Alter+1","alterego_mod:Alter+1","alterego_mod:Alter+1","alterego_mod:Weigh+1","alterego_mod:Weigh+1","alterego_mod:Weigh+1"],"relics":["alterego_mod:MasochisticConstitution","replay:Trail_Library","CCEMRelics:GrindingGear","Bag of Marbles","ReplayFunnel","jedi:bottledfury","ReplayTheSpireMod:Shallot","Blood Vial","Ornamental Fan","Replay:Bottled Eggs","Ice Cream","jedi:ominousloannote","Golden Egg","vexMod:PlasmaPancake","Tiny House","aspiration:FrozenJewel","vexMod:CardConverter","Bottled Lightning","Toxic Egg 2","infinitespire:FocusingShard","vexMod:MemoryStick","Blue Candle","aspiration:HummingbirdHeart","MutagenicStrength","Philosopher\u0027s Stone","Mango","Lantern","sneckomod:BlankCard","WingedGreaves","Shovel","aspiration:TomeofQuesting","Whetstone","vexMod:CardConverter","jedi:kaleidoscope","Replay:Mystery Machine","jedi:shrinkray","vexMod:ConsolationPrize","Replay:Bandana","Snack Pack","CCEMRelics:FryingPan","Replay:Grab Bag","Coffee Dripper","Sozu","aspiration:SecretTechniqueScroll","replay:Trail_Library","CCEMRelics:DerglesHeadphones","jedi:cryingmask","Vajra","Replay:Ringing Soul","Bag of Preparation","Iron Hammer","vexMod:BarristanHead","Bird Faced Urn","Art of War","CCEMRelics:Francisca","Girya","infinitespire:Satchel","ChewingGum","CCEMRelics:Pendulum","Replay:Wax Seal","Quantum Egg","vexMod:PaidLearning","Pet Ghost","CCEMRelics:GrapeVine","ReplayTheSpireMod:Lightbulb","CCEMRelics:D6","CCEMRelics:JestersCrown","Grinning Jar","jedi:heavyjacket","Pocketwatch","Oddly Smooth Stone","StrikeDummy","expansioncontent:StudyCardRelic","Replay:Kaleidoscope","CCEMRelics:TechnogenicHelmet","CaptainsWheel","jedi:firstaidkit","StoneCalendar","jedi:angrymask","PreservedInsect","aspiration:VileToxins","vexMod:InvisibilityCloak","War Paint","Tiny Chest","TungstenRod","Gremlin Food","Black Star","replay:Trail_Library","Simple Rune","infinitespire:Joker Card","infinitespire:Beetle Shell","Singing Bowl","Unceasing Top","Anchor","aspiration:ChemicalBlood","vexMod:RetaliationKit","jedi:HeartOfTheCards","CCEMRelics:SpiritsEdge","CCEMRelics:PorcelainBowl","Blue Doll","CCEMRelics:FestiveHat","Happy Flower","CCEMRelics:CocoNut","vexMod:TanglingVine","Molten Egg 2","Toolbox","Incense Burner","Nunchaku","Bronze Scales","Torii","jedi:matchstick","CeramicFish","infinitespire:WardingShard","Durian","infinitespire:Golems Mask","Eternal Feather","Turnip","jedi:arcanewood","CCEMRelics:Barrel","Regal Pillow","Prayer Wheel","Meat on the Bone","Mirror","aspiration:PoetsPen_weak","Ancient Tea Set"],"acts_visited":["Exordium","TheCity","TheBeyond","Exordium","TheCity","TheBeyond","Exordium","TheCity","TheBeyond"],"potions_floor_usage":[3,40,46,46,52],"damage_taken":[{"damage":15,"enemies":"Small Slimes","floor":1,"turns":2},{"damage":11,"enemies":"Jaw Worm","floor":2,"turns":5},{"damage":0,"enemies":"Cultist","floor":3,"turns":1},{"damage":21,"enemies":"3 Sentries","floor":7,"turns":3},{"damage":0,"enemies":"Looter","floor":10,"turns":2},{"damage":0,"enemies":"Gremlin Nob","floor":11,"turns":1},{"damage":3,"enemies":"Replay:BlueRogue","floor":12,"turns":2},{"damage":11,"enemies":"The Guardian","floor":16,"turns":2},{"damage":0,"enemies":"Spheric Guardian","floor":18,"turns":1},{"damage":0,"enemies":"Shell Parasite","floor":21,"turns":1},{"damage":0,"enemies":"3 Cultists","floor":22,"turns":1},{"damage":0,"enemies":"Book of Stabbing","floor":24,"turns":2},{"damage":0,"enemies":"Cultist and Chosen","floor":25,"turns":1},{"damage":0,"enemies":"Snake Plant","floor":26,"turns":2},{"damage":0,"enemies":"Gremlin Leader","floor":28,"turns":1},{"damage":0,"enemies":"Nightmare","floor":30,"turns":3},{"damage":0,"enemies":"Collector","floor":35,"turns":3},{"damage":0,"enemies":"Orb Walker","floor":37,"turns":1},{"damage":4,"enemies":"3 Darklings","floor":38,"turns":1},{"damage":4,"enemies":"4 Shapes","floor":39,"turns":1},{"damage":9,"enemies":"Mind Bloom Boss Battle","floor":40,"turns":2},{"damage":7,"enemies":"Jaw Worm Horde","floor":41,"turns":2},{"damage":4,"enemies":"R_Hoarder","floor":43,"turns":1},{"damage":0,"enemies":"Transient","floor":45,"turns":3},{"damage":0,"enemies":"Transient","floor":46,"turns":3},{"damage":0,"enemies":"Maw","floor":48,"turns":2},{"damage":0,"enemies":"Reptomancer","floor":49,"turns":1},{"damage":0,"enemies":"Jaw Worm Horde","floor":50,"turns":1},{"damage":16,"enemies":"Donu and Deca","floor":52,"turns":3},{"damage":0,"enemies":"2 Louse","floor":54,"turns":1},{"damage":4,"enemies":"Small Slimes","floor":56,"turns":1},{"damage":0,"enemies":"Cultist","floor":58,"turns":1},{"damage":0,"enemies":"Lagavulin","floor":60,"turns":1},{"damage":0,"enemies":"Large Slime","floor":62,"turns":2},{"damage":4,"enemies":"Large Slime","floor":64,"turns":1},{"damage":4,"enemies":"2 Fungi Beasts","floor":65,"turns":1},{"damage":0,"enemies":"3 Louse","floor":66,"turns":1},{"damage":0,"enemies":"Blue Slaver","floor":67,"turns":1},{"damage":0,"enemies":"Hexaghost","floor":69,"turns":2},{"damage":0,"enemies":"Chosen","floor":71,"turns":1},{"damage":4,"enemies":"Slavers","floor":75,"turns":1},{"damage":0,"enemies":"Book of Stabbing","floor":77,"turns":1},{"damage":0,"enemies":"Spheric Guardian","floor":78,"turns":1},{"damage":8,"enemies":"Centurion and Healer","floor":79,"turns":2},{"damage":4,"enemies":"Slavers","floor":80,"turns":1},{"damage":0,"enemies":"Centurion and Healer","floor":81,"turns":1},{"damage":0,"enemies":"Gremlin Leader","floor":82,"turns":1},{"damage":0,"enemies":"Book of Stabbing","floor":84,"turns":1},{"damage":0,"enemies":"Automaton","floor":86,"turns":2},{"damage":0,"enemies":"3 Shapes","floor":88,"turns":1},{"damage":0,"enemies":"Orb Walker","floor":91,"turns":1},{"damage":4,"enemies":"R_Hoarder","floor":93,"turns":2},{"damage":0,"enemies":"Reptomancer","floor":94,"turns":1},{"damage":0,"enemies":"R_Hoarder","floor":98,"turns":1},{"damage":0,"enemies":"Giant Head","floor":100,"turns":1},{"damage":0,"enemies":"Spire Growth","floor":101,"turns":1},{"damage":4,"enemies":"Awakened One","floor":103,"turns":2},{"damage":0,"enemies":"Cultist","floor":105,"turns":1},{"damage":0,"enemies":"2 Louse","floor":106,"turns":1},{"damage":0,"enemies":"Jaw Worm","floor":107,"turns":1},{"damage":0,"enemies":"Lots of Slimes","floor":108,"turns":1},{"damage":0,"enemies":"Lagavulin","floor":112,"turns":1},{"damage":0,"enemies":"3 Louse","floor":113,"turns":2},{"damage":0,"enemies":"3 Sentries","floor":115,"turns":1},{"damage":0,"enemies":"Gremlin Nob","floor":117,"turns":1},{"damage":0,"enemies":"3 Louse","floor":118,"turns":1},{"damage":0,"enemies":"Slime Boss","floor":120,"turns":1},{"damage":0,"enemies":"Shell Parasite","floor":122,"turns":1},{"damage":0,"enemies":"2 Thieves","floor":126,"turns":1},{"damage":0,"enemies":"Book of Stabbing","floor":128,"turns":1},{"damage":0,"enemies":"Slavers","floor":129,"turns":1},{"damage":0,"enemies":"Centurion and Healer","floor":130,"turns":2},{"damage":0,"enemies":"Gremlin Leader","floor":131,"turns":1},{"damage":0,"enemies":"Slavers","floor":133,"turns":1},{"damage":0,"enemies":"Gremlin Leader","floor":135,"turns":1},{"damage":0,"enemies":"Collector","floor":137,"turns":1},{"damage":0,"enemies":"3 Shapes","floor":139,"turns":1}],"seed_played":"8492821559486236470","potions_obtained":[{"floor":1,"key":"SteroidPotion"},{"floor":12,"key":"FearPotion"},{"floor":17,"key":"JungleJuicePotion"},{"floor":18,"key":"GamblersBrew"},{"floor":30,"key":"Strength Potion"},{"floor":43,"key":"Guardian:BlockOnCardUsePotion"},{"floor":48,"key":"ColorlessPotion"},{"floor":50,"key":"Block Potion"}],"is_trial":true,"path_per_floor":["M","M","M","?","T","R","E","R","T","M","E","E","R","$","R_BF","B",null,"M","AVR","?","M","M","R","E","M","MIM","R","E","R","NM","PTL","PTL","?","R","B",null,"M","M","M","?","M","R","E","R","MIM","M","R","M","E","M","R_BF","B",null,"M","?","M","$","M","R","E","R","MIM","R","M","M","M","M","R","B",null,"M","?","$","?","E","R","E","M","MIM","E","M","E","R","E","R","B",null,"M","?","?","M","T","E","E","R","T","R","E","R","E","M","R","B",null,"M","M","M","M","T","R","T","E","MIM","R","E","R","E","M","R","B",null,"M","AVR","?","T","M","R","E","E","MIM","E","R","E","R","E","R","B",null,"M"],"character_chosen":"The_Alterego","items_purchased":["jedi:ominousloannote","Golden Egg","vexMod:PlasmaPancake","jedi:forcepull","Vajra","Replay:Ringing Soul","Bag of Preparation","Replay:Wax Seal","Quantum Egg","yuri:BookGreen","vexMod:PaidLearning"],"campfire_rested":2,"item_purchase_floors":[14,14,14,14,57,57,57,73,73,73,73],"current_hp_per_floor":[56,46,46,28,28,49,29,50,50,59,61,68,68,74,74,66,86,86,88,88,88,88,88,90,90,92,94,94,94,96,96,96,96,96,96,96,110,107,108,106,102,102,110,110,123,123,127,127,127,127,127,128,128,128,128,125,125,129,129,136,136,136,143,140,139,141,143,143,152,152,152,159,166,166,170,170,185,185,193,233,237,244,244,251,251,258,265,265,243,270,280,280,292,299,310,310,317,324,324,335,335,335,340,343,347,347,347,347,347,354,354,361,372,379,390,390,397,413,413,428,428,435,442,463,463,463,470,481,488,500,507,518,525,525,532,532,539,539,539,539],"gold":1778,"neow_bonus":"","is_daily":false,"chose_seed":false,"campfire_upgraded":14,"win_rate":0.0,"timestamp":1610486532,"path_taken":["M","M","M","?","?","R","E","R","T","?","?","E","R","?","R_BF","BOSS","M","AVR","?","?","M","R","E","M","MIM","R","E","R","NM","PTL","PTL","?","R","BOSS","M","M","M","?","M","R","E","R","MIM","M","R","M","?","?","R_BF","BOSS","M","?","M","$","M","R","E","R","MIM","R","M","M","?","M","R","BOSS","M","?","$","?","?","R","E","M","MIM","E","?","E","R","E","R","BOSS","M","?","?","?","?","E","?","R","T","R","E","R","E","M","R","BOSS","M","M","?","?","?","R","?","E","MIM","R","E","R","?","?","R","BOSS","M","AVR","?","?","?","R","E","?","MIM","E","R","E","R","E","R","BOSS","M"],"items_purchased_type":["Relic","Relic","Relic","Card","Relic","Relic","Relic","Relic","Relic","Card","Relic"],"build_version":"2020-12-22","purchased_purges":0,"victory":false,"max_hp_per_floor":[71,72,72,72,72,72,73,73,73,73,73,74,74,80,80,81,86,86,88,88,88,88,88,90,90,92,94,94,94,96,96,96,96,96,96,96,110,111,112,115,116,116,119,119,123,123,127,127,127,127,127,128,128,128,128,129,129,129,129,136,136,136,143,144,145,145,145,145,152,152,152,159,166,166,174,174,185,185,193,233,237,244,244,251,251,258,265,265,276,276,280,280,292,299,310,310,317,324,324,335,335,335,343,343,347,347,347,347,347,354,354,361,372,379,390,390,397,413,413,428,428,435,442,463,463,463,470,481,488,500,507,518,525,525,532,532,539,539,539,539],"card_choices":[{"not_picked":["infinitespire:Oblivion","infinitespire:FutureSight"],"picked":"infinitespire:Punishment","floor":4},{"not_picked":["alterego_mod:AlterEgo"],"picked":"alterego_mod:Venus","floor":7},{"not_picked":["alterego_mod:InsideBaseball","yuri:GhostForm"],"picked":"SKIP","floor":11},{"not_picked":["alterego_mod:STier","alterego_mod:Lift"],"picked":"SKIP","floor":12},{"not_picked":["alterego_mod:Belts"],"picked":"alterego_mod:Birthday","floor":17},{"not_picked":["yuri:NoEscape"],"picked":"alterego_mod:TrickOrTreatment","floor":24},{"not_picked":["alterego_mod:SuperDuperMasochism+1"],"picked":"alterego_mod:1TonWallop","floor":26},{"not_picked":["alterego_mod:Weigh","yuri:JumpScare+1"],"picked":"SKIP","floor":28},{"not_picked":["alterego_mod:Vow+1"],"picked":"alterego_mod:Rake","floor":30},{"not_picked":["yuri:Skip+1"],"picked":"alterego_mod:Birthday+1","floor":40},{"not_picked":["alterego_mod:InsideBaseball"],"picked":"yuri:DragonForm","floor":43},{"not_picked":["yuri:yuriQuickStrike"],"picked":"yuri:CalmingAura+1","floor":45},{"not_picked":["alterego_mod:GIGAMILK+1","alterego_mod:Alter+1"],"picked":"SKIP","floor":49},{"not_picked":["yuri:ConsumeGlitch+1"],"picked":"alterego_mod:Palingenesis","floor":60},{"not_picked":["alterego_mod:AlterEgo"],"picked":"alterego_mod:TrickOrTreatment","floor":69},{"not_picked":["alterego_mod:Palingenesis"],"picked":"alterego_mod:BrynhildrRomantia","floor":75},{"not_picked":["yuri:DistillInsanity+1"],"picked":"yuri:Virus+1","floor":77},{"not_picked":["yuri:yuriHeavyStrike"],"picked":"alterego_mod:Schoolgirl+1","floor":79},{"not_picked":["alterego_mod:RingBreak"],"picked":"yuri:BlackTea+1","floor":80},{"not_picked":["yuri:RelentlessStrikes"],"picked":"alterego_mod:Venus","floor":82},{"not_picked":["yuri:DisableStrike"],"picked":"alterego_mod:Valkyrie","floor":84},{"not_picked":["yuri:DuplicateCode+1"],"picked":"yuri:MirrorInsanity+1","floor":86},{"not_picked":["ReplayTheSpireMod:Haul","infinitespire:Starlight"],"picked":"infinitespire:Collect","floor":87},{"not_picked":["alterego_mod:RingBreak"],"picked":"alterego_mod:Weigh","floor":93},{"not_picked":["alterego_mod:Alter+1"],"picked":"alterego_mod:PainIsPleasure","floor":94},{"not_picked":["alterego_mod:GIGAMILK+1"],"picked":"yuri:BlackTea+1","floor":98},{"not_picked":["alterego_mod:PainIsPleasure"],"picked":"alterego_mod:RingBreak","floor":100},{"not_picked":["yuri:DuplicateCode+1"],"picked":"alterego_mod:Weigh","floor":103},{"not_picked":["yuri:DuplicateCode+1"],"picked":"yuri:Torment+1","floor":112},{"not_picked":["yuri:ThrowBook"],"picked":"yuri:StealPen","floor":113},{"not_picked":["yuri:RemoveSafetyChecks"],"picked":"alterego_mod:Venus","floor":115},{"not_picked":["yuri:MirrorInsanity+1"],"picked":"alterego_mod:SideboobHour","floor":117},{"not_picked":["expansioncontent:BronzeBeam+1"],"picked":"Panache+1","floor":118},{"not_picked":["Panacea+1"],"picked":"Replay:SS_hec_2+1","floor":120},{"not_picked":["yuri:MagneticKnives"],"picked":"alterego_mod:ClassAdvantage","floor":120},{"not_picked":["expansioncontent:Corrupt+1"],"picked":"expansioncontent:GoopSpray+1","floor":122},{"not_picked":["alterego_mod:IdEs+1"],"picked":"yuri:Torment+1","floor":128},{"not_picked":["yuri:DisableStrike+1"],"picked":"alterego_mod:Lift","floor":129},{"not_picked":["alterego_mod:DeftHands+1"],"picked":"yuri:NerfBat+1","floor":130},{"not_picked":["yuri:MagneticKnives"],"picked":"yuri:BlackTea+1","floor":131},{"not_picked":["yuri:Torment+1"],"picked":"alterego_mod:Tantrum+1","floor":133},{"not_picked":["yuri:JumpScare+1"],"picked":"alterego_mod:Alter+1","floor":135},{"not_picked":["alterego_mod:Alter+1"],"picked":"alterego_mod:Weigh+1","floor":137}],"player_experience":950403,"relics_obtained":[{"floor":1,"key":"CCEMRelics:GrindingGear"},{"floor":2,"key":"Bag of Marbles"},{"floor":3,"key":"ReplayFunnel"},{"floor":5,"key":"jedi:bottledfury"},{"floor":7,"key":"ReplayTheSpireMod:Shallot"},{"floor":9,"key":"Blood Vial"},{"floor":10,"key":"Ornamental Fan"},{"floor":11,"key":"Replay:Bottled Eggs"},{"floor":12,"key":"Ice Cream"},{"floor":18,"key":"aspiration:FrozenJewel"},{"floor":21,"key":"Bottled Lightning"},{"floor":22,"key":"Toxic Egg 2"},{"floor":24,"key":"infinitespire:FocusingShard"},{"floor":25,"key":"vexMod:MemoryStick"},{"floor":28,"key":"Blue Candle"},{"floor":30,"key":"aspiration:HummingbirdHeart"},{"floor":37,"key":"Mango"},{"floor":38,"key":"Lantern"},{"floor":39,"key":"sneckomod:BlankCard"},{"floor":40,"key":"WingedGreaves"},{"floor":41,"key":"Shovel"},{"floor":42,"key":"aspiration:TomeofQuesting"},{"floor":43,"key":"Whetstone"},{"floor":44,"key":"vexMod:CardConverter"},{"floor":45,"key":"jedi:kaleidoscope"},{"floor":46,"key":"Replay:Mystery Machine"},{"floor":47,"key":"jedi:shrinkray"},{"floor":48,"key":"vexMod:ConsolationPrize"},{"floor":49,"key":"Replay:Bandana"},{"floor":50,"key":"Snack Pack"},{"floor":51,"key":"CCEMRelics:FryingPan"},{"floor":54,"key":"CCEMRelics:DerglesHeadphones"},{"floor":56,"key":"jedi:cryingmask"},{"floor":58,"key":"Iron Hammer"},{"floor":60,"key":"vexMod:BarristanHead"},{"floor":62,"key":"Bird Faced Urn"},{"floor":64,"key":"Art of War"},{"floor":65,"key":"CCEMRelics:Francisca"},{"floor":66,"key":"Girya"},{"floor":67,"key":"infinitespire:Satchel"},{"floor":71,"key":"CCEMRelics:Pendulum"},{"floor":75,"key":"CCEMRelics:GrapeVine"},{"floor":77,"key":"ReplayTheSpireMod:Lightbulb"},{"floor":78,"key":"CCEMRelics:D6"},{"floor":79,"key":"CCEMRelics:JestersCrown"},{"floor":80,"key":"Grinning Jar"},{"floor":81,"key":"jedi:heavyjacket"},{"floor":82,"key":"Pocketwatch"},{"floor":84,"key":"Oddly Smooth Stone"},{"floor":85,"key":"StrikeDummy"},{"floor":88,"key":"Replay:Kaleidoscope"},{"floor":91,"key":"CCEMRelics:TechnogenicHelmet"},{"floor":92,"key":"CaptainsWheel"},{"floor":93,"key":"jedi:firstaidkit"},{"floor":94,"key":"StoneCalendar"},{"floor":95,"key":"jedi:angrymask"},{"floor":96,"key":"PreservedInsect"},{"floor":97,"key":"aspiration:VileToxins"},{"floor":98,"key":"vexMod:InvisibilityCloak"},{"floor":99,"key":"War Paint"},{"floor":100,"key":"Tiny Chest"},{"floor":101,"key":"TungstenRod"},{"floor":102,"key":"Gremlin Food"},{"floor":105,"key":"Simple Rune"},{"floor":106,"key":"infinitespire:Joker Card"},{"floor":107,"key":"infinitespire:Beetle Shell"},{"floor":108,"key":"Singing Bowl"},{"floor":109,"key":"Unceasing Top"},{"floor":111,"key":"Anchor"},{"floor":112,"key":"aspiration:ChemicalBlood"},{"floor":112,"key":"vexMod:RetaliationKit"},{"floor":113,"key":"jedi:HeartOfTheCards"},{"floor":113,"key":"CCEMRelics:SpiritsEdge"},{"floor":115,"key":"CCEMRelics:PorcelainBowl"},{"floor":115,"key":"Blue Doll"},{"floor":117,"key":"CCEMRelics:FestiveHat"},{"floor":117,"key":"Happy Flower"},{"floor":118,"key":"CCEMRelics:CocoNut"},{"floor":122,"key":"Molten Egg 2"},{"floor":125,"key":"Incense Burner"},{"floor":126,"key":"Nunchaku"},{"floor":128,"key":"Bronze Scales"},{"floor":128,"key":"Torii"},{"floor":129,"key":"jedi:matchstick"},{"floor":129,"key":"CeramicFish"},{"floor":130,"key":"infinitespire:WardingShard"},{"floor":130,"key":"Durian"},{"floor":131,"key":"infinitespire:Golems Mask"},{"floor":131,"key":"Eternal Feather"},{"floor":132,"key":"Turnip"},{"floor":133,"key":"jedi:arcanewood"},{"floor":133,"key":"CCEMRelics:Barrel"},{"floor":134,"key":"Regal Pillow"},{"floor":135,"key":"Prayer Wheel"},{"floor":135,"key":"Meat on the Bone"},{"floor":136,"key":"Mirror"},{"floor":139,"key":"Ancient Tea Set"}],"event_choices":[{"damage_healed":0,"gold_gain":0,"player_choice":"Simplicity","damage_taken":0,"max_hp_gain":0,"max_hp_loss":7,"event_name":"betterThird:BetterWriting","floor":20,"gold_loss":0},{"damage_healed":0,"gold_gain":0,"player_choice":"Inject Mutagens","damage_taken":0,"relics_obtained":["MutagenicStrength"],"max_hp_gain":0,"max_hp_loss":0,"event_name":"Drug Dealer","floor":33,"gold_loss":0},{"damage_healed":0,"gold_gain":0,"player_choice":"Fight","damage_taken":0,"max_hp_gain":0,"max_hp_loss":0,"event_name":"MindBloom","floor":40,"gold_loss":0},{"damage_healed":0,"gold_gain":100,"player_choice":"Pray","damage_taken":0,"max_hp_gain":0,"max_hp_loss":0,"event_name":"Golden Shrine","floor":55,"gold_loss":0},{"damage_healed":0,"gold_gain":0,"player_choice":"Gave Potion","damage_taken":0,"relics_obtained":["Pet Ghost"],"max_hp_gain":0,"max_hp_loss":0,"event_name":"WeMeetAgain","floor":74,"gold_loss":0},{"damage_healed":0,"gold_gain":0,"player_choice":"Embrace Madness","damage_taken":33,"max_hp_gain":0,"max_hp_loss":0,"event_name":"Winding Halls","floor":89,"gold_loss":0,"cards_obtained":["Madness","Madness"]},{"cards_removed":["alterego_mod:Valkyrie"],"damage_healed":0,"gold_gain":0,"player_choice":"Offered Rare","damage_taken":0,"max_hp_gain":10,"max_hp_loss":0,"event_name":"Bonfire Elementals","floor":124,"gold_loss":0}],"is_beta":false,"boss_relics":[{"not_picked":["aspiration:RunicSpoon","Replay:Ancient Bell"],"picked":"Tiny House"},{"not_picked":["Kintsugi","CCEMRelics:GreenEgg"],"picked":"Philosopher\u0027s Stone"},{"not_picked":["jedi:paperlyon","Abe\u0027s Treasure"],"picked":"Replay:Grab Bag"},{"not_picked":["Fusion Hammer","Velvet Choker"],"picked":"Coffee Dripper"},{"not_picked":["aspiration:FutureDiary","infinitespire:Cupcake"],"picked":"Sozu"},{"not_picked":["Pandora\u0027s Box","Ring of Chaos"],"picked":"aspiration:SecretTechniqueScroll"},{"not_picked":["Pandora\u0027s Box","Snecko Eye"],"picked":"ChewingGum"},{"not_picked":["SlaversCollar","Velvet Choker"],"picked":"expansioncontent:StudyCardRelic"},{"not_picked":["aspiration:RitualDagger","vexMod:DeviousBotling"],"picked":"Black Star"},{"not_picked":["Replay:Ancient Bell","vexMod:CursedCompass"],"picked":"vexMod:TanglingVine"},{"not_picked":["infinitespire:Cupcake","Velvet Choker"],"picked":"aspiration:PoetsPen_weak"}],"items_purged_floors":[],"is_endless":true,"potions_floor_spawned":[1,12,18,30,35,38,39,43,48,50,54,58,60,65,71,78,80,81,86,91,101,103,108,112,115,117,120,131,133,135],"killed_by":"3 Shapes","ascension_level":4}}