{"host":"Ian","time":1610480149,"event":{"mods":["BaseMod","Bestiary","Block Reminder","Colored Map","Highlight Path","Key Reminder","Minty Spire (QoL Compilation)","Relic Stats"],"gold_per_floor":[119,130,144,194,214,214,244,244,244,270,285,20,54,70,70,144,144,161,86,86,97,110,145,196,196,196,196,30,45,57,68,68,68,68],"floor_reached":33,"language":"ENG","playtime":1491,"items_purged":[],"score":628,"play_id":"139b7ae4-bab9-4060-8826-1fb2b8ab3d0f","local_time":"20210112193549","is_ascension_mode":true,"campfire_choices":[{"floor":6.0,"key":"REST"},{"floor":8.0,"key":"RECALL"},{"floor":15.0,"key":"REST"},{"floor":32,"key":"REST"}],"circlet_count":0,"master_deck":["AscendersBane","Strike_R+1","Strike_R+1","Strike_R+1","Strike_R+1","Defend_R+1","Defend_R+1","Defend_R+1","Defend_R+1","Bash","Iron Wave","Shrug It Off","Twin Strike","Clothesline","Reaper","Pommel Strike","Juggernaut","Burning Pact","Iron Wave","Immolate","Thunderclap","Rage","Metallicize","Battle Trance"],"relics":["Fusion Hammer","Gremlin Horn","keyreminder:keyreminder","Letter Opener","HornCleat","Happy Flower","Runic Cube","Centennial Puzzle","Regal Pillow","NlothsMask","Orrery"],"acts_visited":["Exordium","TheCity"],"potions_floor_usage":[21,23,33],"damage_taken":[{"damage":7.0,"enemies":"Jaw Worm","floor":1.0,"turns":3.0},{"damage":0.0,"enemies":"Cultist","floor":2.0,"turns":2.0},{"damage":7.0,"enemies":"Small Slimes","floor":3.0,"turns":4.0},{"damage":1.0,"enemies":"3 Louse","floor":5.0,"turns":5.0},{"damage":7.0,"enemies":"3 Sentries","floor":7.0,"turns":5.0},{"damage":7.0,"enemies":"Lagavulin","floor":10.0,"turns":6.0},{"damage":1.0,"enemies":"Blue Slaver","floor":11.0,"turns":3.0},{"damage":11.0,"enemies":"3 Sentries","floor":13.0,"turns":6.0},{"damage":0.0,"enemies":"2 Fungi Beasts","floor":14.0,"turns":3.0},{"damage":36.0,"enemies":"The Guardian","floor":16.0,"turns":11.0},{"damage":0.0,"enemies":"Chosen","floor":18.0,"turns":3.0},{"damage":0,"enemies":"2 Thieves","floor":21,"turns":3},{"damage":0,"enemies":"3 Cultists","floor":22,"turns":3},{"damage":0,"enemies":"Gremlin Leader","floor":23,"turns":6},{"damage":11,"enemies":"Snake Plant","floor":29,"turns":4},{"damage":10,"enemies":"Centurion and Healer","floor":30,"turns":7},{"damage":0,"enemies":"3 Cultists","floor":31,"turns":3},{"damage":87,"enemies":"Champ","floor":33,"turns":16}],"seed_played":"8664943504134856997","potions_obtained":[{"floor":3.0,"key":"AttackPotion"},{"floor":5.0,"key":"Explosive Potion"},{"floor":7.0,"key":"SteroidPotion"},{"floor":13.0,"key":"AttackPotion"},{"floor":16.0,"key":"LiquidMemories"},{"floor":18.0,"key":"Fire Potion"},{"floor":30,"key":"Energy Potion"}],"is_trial":false,"path_per_floor":["M","M","M","?","M","R","E","R","T","E","M","$","E","M","R","B",null,"M","?","?","M","M","E","T","?","T","?","$","M","M","M","R","B"],"character_chosen":"IRONCLAD","items_purchased":["Juggernaut","Burning Pact","Orrery"],"campfire_rested":3,"item_purchase_floors":[12,12,28],"current_hp_per_floor":[61,61,54,54,53,75,68,68,68,67,70,70,65,71,75,45,68,68,68,68,72,75,75,75,75,75,75,75,64,54,54,75,0,0],"gold":68,"neow_bonus":"BOSS_RELIC","is_daily":false,"chose_seed":false,"campfire_upgraded":0,"win_rate":0.0,"timestamp":1610480149,"path_taken":["M","M","M","?","?","R","E","R","T","E","M","?","E","M","R","BOSS","M","?","?","M","M","E","?","?","T","?","$","?","M","M","R","BOSS"],"items_purchased_type":["Card","Card","Relic"],"build_version":"2020-12-18","purchased_purges":0,"victory":false,"max_hp_per_floor":[75,75,75,75,75,75,75,75,75,75,75,75,75,75,75,75,75,75,75,75,75,75,75,75,75,75,75,75,75,75,75,75,75,75],"relic_stats":{"Centennial Puzzle":[9],"Regal Pillow":0,"Gremlin Horn":[15,15],"Happy Flower":[19],"counters":[18,93],"Letter Opener":[36],"obtain_stats":[{"keyreminder:keyreminder":8,"Centennial Puzzle":23,"Regal Pillow":24,"HornCleat":10,"Gremlin Horn":7,"Happy Flower":13,"Orrery":28,"Fusion Hammer":0,"Letter Opener":9,"Burning Blood":0,"Runic Cube":17,"NlothsMask":27},{"keyreminder:keyreminder":5,"Centennial Puzzle":14,"Regal Pillow":14,"HornCleat":6,"Gremlin Horn":5,"Happy Flower":8,"Orrery":14,"Fusion Hammer":0,"Letter Opener":5,"Burning Blood":0,"Runic Cube":10,"NlothsMask":14},{"keyreminder:keyreminder":19,"Centennial Puzzle":63,"Regal Pillow":63,"HornCleat":25,"Gremlin Horn":19,"Happy Flower":34,"Orrery":63,"Fusion Hammer":0,"Letter Opener":19,"Burning Blood":0,"Runic Cube":48,"NlothsMask":63}],"Runic Cube":[11]},"card_choices":[{"not_picked":["Perfected Strike","Cleave"],"picked":"Iron Wave","floor":1.0},{"not_picked":["Cleave","Headbutt"],"picked":"Shrug It Off","floor":2.0},{"not_picked":["Perfected Strike","Seeing Red"],"picked":"Twin Strike","floor":3.0},{"not_picked":["Battle Trance","Body Slam"],"picked":"Clothesline","floor":5.0},{"not_picked":["Uppercut","Thunderclap"],"picked":"Reaper","floor":7.0},{"not_picked":["Warcry","Havoc","Sever Soul"],"picked":"SKIP","floor":10.0},{"not_picked":["Anger","Clash"],"picked":"Pommel Strike","floor":11.0},{"not_picked":["Thunderclap","Sword Boomerang"],"picked":"Iron Wave","floor":13.0},{"not_picked":["Wild Strike","Body Slam","Sword Boomerang"],"picked":"SKIP","floor":14.0},{"not_picked":["Brutality","Reaper"],"picked":"Immolate","floor":16.0},{"not_picked":["Pommel Strike","Anger"],"picked":"Thunderclap","floor":18.0},{"not_picked":["Headbutt","Body Slam","Clash+1"],"picked":"SKIP","floor":21},{"not_picked":["Uppercut","Anger","Second Wind"],"picked":"SKIP","floor":22},{"not_picked":["Clash","Seeing Red"],"picked":"Rage","floor":23},{"not_picked":["Blood for Blood","Cleave"],"picked":"Metallicize","floor":28},{"not_picked":["Double Tap","Anger"],"picked":"Battle Trance","floor":28},{"not_picked":["Second Wind","Rampage","Sentinel"],"picked":"SKIP","floor":29},{"not_picked":["Rupture","Heavy Blade","Flex"],"picked":"SKIP","floor":30},{"not_picked":["Cleave","Seeing Red","Twin Strike+1"],"picked":"SKIP","floor":31}],"player_experience":2673195,"relics_obtained":[{"floor":7.0,"key":"Gremlin Horn"},{"floor":9.0,"key":"Letter Opener"},{"floor":10.0,"key":"HornCleat"},{"floor":13.0,"key":"Happy Flower"},{"floor":23,"key":"Centennial Puzzle"},{"floor":24,"key":"Regal Pillow"}],"event_choices":[{"damage_healed":0.0,"max_hp_gain":0.0,"max_hp_loss":0.0,"gold_gain":50.0,"event_name":"Golden Shrine","player_choice":"Pray","floor":4.0,"gold_loss":0.0,"damage_taken":0.0},{"cards_removed":["Strike_R"],"damage_healed":0.0,"max_hp_gain":0.0,"max_hp_loss":0.0,"gold_gain":0.0,"event_name":"Beggar","player_choice":"Gave Gold","floor":19.0,"gold_loss":75.0,"damage_taken":0.0},{"damage_healed":0.0,"max_hp_gain":0.0,"max_hp_loss":0.0,"gold_gain":0.0,"event_name":"Back to Basics","player_choice":"Simplicity","floor":20.0,"gold_loss":0.0,"damage_taken":0.0,"cards_upgraded":["Strike_R","Strike_R","Strike_R","Strike_R","Defend_R","Defend_R","Defend_R","Defend_R"]},{"damage_healed":0,"gold_gain":0,"player_choice":"Ignored","damage_taken":0,"max_hp_gain":0,"max_hp_loss":0,"event_name":"Vampires","floor":25,"gold_loss":0},{"damage_healed":0,"gold_gain":0,"player_choice":"Trade","damage_taken":0,"relics_obtained":["NlothsMask"],"max_hp_gain":0,"max_hp_loss":0,"event_name":"FaceTrader","floor":27,"gold_loss":0}],"is_beta":true,"boss_relics":[{"not_picked":["Runic Pyramid","Mark of Pain"],"picked":"Runic Cube"}],"items_purged_floors":[],"is_endless":false,"potions_floor_spawned":[3,5,7,13,16,18,30],"killed_by":"Champ","ascension_level":20}}