{"host":"gf95gjygaqy6b70i","time":1610468140,"event":{"mods":["BaseMod","Colored Map","Colored Powertips","Minty Spire (QoL Compilation)"],"gold_per_floor":[114,114,134,134,145,176,176,141,168,182,210,225,51,110,110,213,263,276,87,67,67,86,106,106,123,123,135,152,152,179,199,199,199,199],"floor_reached":33,"playtime":1188,"items_purged":["Strike_R","Strike_R"],"score":279,"play_id":"18e3a149-2fae-4b92-9bc3-32985329ff80","local_time":"20210112171540","is_ascension_mode":false,"campfire_choices":[{"floor":7,"key":"RECALL"},{"floor":15,"key":"REST"},{"floor":24,"key":"REST"},{"floor":29,"key":"REST"},{"floor":32,"key":"REST"}],"circlet_count":0,"master_deck":["Strike_R+1","Strike_R","Strike_R","Defend_R+1","Defend_R","Defend_R","Defend_R","Bash+1","Clash+1","Twin Strike","Warcry","Headbutt","Inflame","Seeing Red","Clothesline","Fire Breathing","Iron Wave","Rage","Reaper","Iron Wave","Burning Pact","Bandage Up","Infernal Blade","Disarm+1","Flex","Cleave+1","Perfected Strike","Shrug It Off+1","Sword Boomerang"],"relics":["Burning Blood","Ancient Tea Set","Oddly Smooth Stone","Regal Pillow","Shuriken","PreservedInsect","Tiny House","TungstenRod"],"acts_visited":["Exordium","TheCity"],"potions_floor_usage":[3,10,22,30,33,33],"damage_taken":[{"damage":0,"enemies":"Small Slimes","floor":1,"turns":3},{"damage":6,"enemies":"Cultist","floor":3,"turns":3},{"damage":3,"enemies":"Jaw Worm","floor":5,"turns":2},{"damage":14,"enemies":"Gremlin Nob","floor":6,"turns":3},{"damage":0,"enemies":"Large Slime","floor":10,"turns":2},{"damage":27,"enemies":"Lagavulin","floor":11,"turns":6},{"damage":0,"enemies":"2 Fungi Beasts","floor":12,"turns":2},{"damage":26,"enemies":"Lagavulin Event","floor":14,"turns":5},{"damage":14,"enemies":"Slime Boss","floor":16,"turns":9},{"damage":31,"enemies":"3 Byrds","floor":18,"turns":7},{"damage":38,"enemies":"2 Thieves","floor":22,"turns":4},{"damage":31,"enemies":"Snecko","floor":23,"turns":5},{"damage":29,"enemies":"Centurion and Healer","floor":25,"turns":12},{"damage":17,"enemies":"Shelled Parasite and Fungi","floor":27,"turns":8},{"damage":53,"enemies":"Sentry and Sphere","floor":28,"turns":6},{"damage":21,"enemies":"Book of Stabbing","floor":30,"turns":4},{"damage":27,"enemies":"Centurion and Healer","floor":31,"turns":7},{"damage":135,"enemies":"Automaton","floor":33,"turns":12}],"seed_played":"388126401183885488","potions_obtained":[{"floor":3,"key":"Fruit Juice"},{"floor":5,"key":"Explosive Potion"},{"floor":6,"key":"SneckoOil"},{"floor":17,"key":"FearPotion"},{"floor":18,"key":"Fire Potion"},{"floor":20,"key":"ElixirPotion"},{"floor":28,"key":"DistilledChaos"}],"is_trial":false,"path_per_floor":["M","?","M","?","M","E","R","?","T","M","E","M","$","?","R","B",null,"M","$","?","$","M","M","R","M","T","M","M","R","E","M","R","B"],"character_chosen":"IRONCLAD","items_purchased":["Fire Breathing","Iron Wave","Bandage Up"],"campfire_rested":4,"item_purchase_floors":[13,13,19],"current_hp_per_floor":[80,64,69,69,72,64,64,85,85,85,64,70,70,50,85,77,90,74,74,74,74,54,43,85,78,78,80,37,79,68,52,90,0,0],"gold":199,"neow_bonus":"RANDOM_COMMON_RELIC","is_daily":false,"chose_seed":false,"campfire_upgraded":0,"win_rate":0.0,"timestamp":1610468140,"path_taken":["M","?","M","?","?","E","R","?","T","M","E","M","?","?","R","BOSS","M","$","?","$","?","M","R","M","T","M","M","R","E","M","R","BOSS"],"items_purchased_type":["Card","Card","Card"],"build_version":"2020-12-22","purchased_purges":2,"victory":false,"max_hp_per_floor":[80,80,85,85,85,85,85,85,85,85,85,85,85,85,85,85,90,90,90,90,90,90,90,90,90,90,90,90,90,90,90,90,90,90],"card_choices":[{"not_picked":["True Grit","Sword Boomerang"],"picked":"Clash","floor":1},{"not_picked":["Perfected Strike","Bloodletting"],"picked":"Twin Strike","floor":3},{"not_picked":["Clash","Rupture"],"picked":"Warcry","floor":5},{"not_picked":["Dual Wield","Clash"],"picked":"Headbutt","floor":6},{"not_picked":["Pommel Strike","Headbutt"],"picked":"Inflame","floor":10},{"not_picked":["Hemokinesis","Twin Strike"],"picked":"Seeing Red","floor":11},{"not_picked":["Rage","Carnage"],"picked":"Clothesline","floor":12},{"not_picked":["Body Slam","Brutality"],"picked":"Rage","floor":14},{"not_picked":["Exhume","Impervious"],"picked":"Reaper","floor":16},{"not_picked":["Flex","Clash"],"picked":"Iron Wave","floor":17},{"not_picked":["Headbutt","Anger"],"picked":"Burning Pact","floor":18},{"not_picked":["Headbutt","Inflame"],"picked":"Infernal Blade","floor":22},{"not_picked":["Sword Boomerang+1","Blood for Blood"],"picked":"Disarm+1","floor":23},{"not_picked":["Warcry","Armaments"],"picked":"Flex","floor":25},{"not_picked":["Metallicize","Rage+1"],"picked":"Cleave+1","floor":27},{"not_picked":["Sever Soul+1","Whirlwind"],"picked":"Perfected Strike","floor":28},{"not_picked":["Wild Strike","Headbutt"],"picked":"Shrug It Off+1","floor":30},{"not_picked":["Power Through","Armaments"],"picked":"Sword Boomerang","floor":31}],"player_experience":53993,"relics_obtained":[{"floor":6,"key":"Oddly Smooth Stone"},{"floor":9,"key":"Regal Pillow"},{"floor":11,"key":"Shuriken"},{"floor":14,"key":"PreservedInsect"},{"floor":30,"key":"TungstenRod"}],"event_choices":[{"damage_healed":0,"gold_gain":0,"player_choice":"Entered Light","damage_taken":16,"max_hp_gain":0,"max_hp_loss":0,"event_name":"Shining Light","floor":2,"gold_loss":0,"cards_upgraded":["Strike_R","Defend_R"]},{"damage_healed":0,"gold_gain":0,"player_choice":"Upgraded","damage_taken":0,"max_hp_gain":0,"max_hp_loss":0,"event_name":"Upgrade Shrine","floor":4,"gold_loss":0,"cards_upgraded":["Bash"]},{"damage_healed":21,"gold_gain":0,"player_choice":"Healed","damage_taken":0,"max_hp_gain":0,"max_hp_loss":0,"event_name":"The Cleric","floor":8,"gold_loss":35},{"damage_healed":0,"gold_gain":0,"player_choice":"Searched \u00271\u0027 times","damage_taken":0,"max_hp_gain":0,"max_hp_loss":0,"event_name":"Dead Adventurer","floor":14,"gold_loss":0},{"damage_healed":0,"gold_gain":0,"player_choice":"Bought 1 Potion","damage_taken":0,"max_hp_gain":0,"max_hp_loss":0,"event_name":"The Woman in Blue","floor":20,"gold_loss":0}],"is_beta":false,"boss_relics":[{"not_picked":["Empty Cage","Coffee Dripper"],"picked":"Tiny House"}],"items_purged_floors":[13,19],"is_endless":false,"potions_floor_spawned":[3,5,6,18,28],"killed_by":"Automaton","ascension_level":0}}