{"host":"obza8r4x8ovwwhn2","time":1610434872,"event":{"mods":["BaseMod","Beaked The Cultist","BetterRewards","Colored Map","Downfall","Highlight Path","Infinite Spire","Minty Spire (QoL Compilation)","Permanent Neow","Quick Restart","Replay The Spire","StSLib","SuperFastMode"],"gold_per_floor":[111,126,138,138,138,138,165,177,200,200,218,235,251,285,285,385,385,356,19,19,19,19,19],"floor_reached":22,"playtime":934,"items_purged":["Amnesia"],"score":206,"play_id":"057bac6b-5454-493c-a939-1f3ce1da7cf2","local_time":"20210111230112","is_ascension_mode":true,"campfire_choices":[{"data":"beaked:Ceremony","floor":6,"key":"SMITH"},{"data":"beaked:Ceremony","floor":15,"key":"SMITH"}],"circlet_count":0,"master_deck":["beaked:Strike_Y","beaked:Strike_Y","beaked:Strike_Y","beaked:Strike_Y","beaked:Strike_Y","beaked:Defend_Y","beaked:Defend_Y","beaked:Defend_Y","beaked:Defend_Y","beaked:Ceremony","beaked:Ceremony+1","beaked:Ceremony+1","beaked:Brace","beaked:Daydream","beaked:CursingBlood","beaked:Evade","beaked:Flinch","beaked:FullHouse+1","beaked:DigDeep","beaked:BounceBack+1","beaked:StickSmack","beaked:AwakenedForm+1","beaked:CrazyRituals+1","expansioncontent:CaCaw","beaked:Daydream+1","beaked:StickSmack","beaked:Insight"],"relics":["beaked:MendingPlumage","Pen Nib","ReplayTheSpireMod:Ring of Exchange","Replay:Wax Seal","MealTicket","TungstenRod","beaked:RitualPlumage","Guide Book","Philosopher\u0027s Stone","Du-Vu Doll"],"acts_visited":["Exordium","TheCity"],"potions_floor_usage":[7,13,16,22],"damage_taken":[{"damage":22,"enemies":"infinitespire:Voidling","floor":1,"turns":6},{"damage":9,"enemies":"2 Louse","floor":2,"turns":5},{"damage":10,"enemies":"Jaw Worm","floor":3,"turns":5},{"damage":22,"enemies":"3 Sentries","floor":7,"turns":4},{"damage":17,"enemies":"2 Fungi Beasts","floor":8,"turns":5},{"damage":14,"enemies":"Exordium Wildlife","floor":11,"turns":6},{"damage":22,"enemies":"Looter","floor":12,"turns":5},{"damage":8,"enemies":"Large Slime","floor":13,"turns":8},{"damage":42,"enemies":"Gremlin Nob","floor":14,"turns":6},{"damage":22,"enemies":"The Guardian","floor":16,"turns":12},{"damage":39,"enemies":"2 Thieves","floor":18,"turns":5},{"damage":69,"enemies":"3 Byrds","floor":22,"turns":4}],"seed_played":"-7526621335984443868","potions_obtained":[{"floor":3,"key":"SkillPotion"},{"floor":11,"key":"Weak Potion"},{"floor":12,"key":"PowerPotion"},{"floor":13,"key":"EssenceOfSteel"},{"floor":16,"key":"Swift Potion"},{"floor":18,"key":"CultistPotion"}],"is_trial":false,"path_per_floor":["M","M","M","?","T","R","E","M","T","?","M","M","M","E","R","B",null,"M","$","?","AVR","M"],"character_chosen":"BEAKED_THE_CULTIST","items_purchased":["expansioncontent:CaCaw","beaked:Daydream+1","beaked:StickSmack","Guide Book"],"campfire_rested":0,"item_purchase_floors":[19,19,19,19],"current_hp_per_floor":[40,42,44,44,44,44,32,29,29,29,34,23,49,17,17,47,50,29,44,44,44,0,0],"gold":19,"neow_bonus":"RANDOM_COMMON_RELIC","is_daily":false,"chose_seed":false,"campfire_upgraded":2,"win_rate":0.0,"timestamp":1610434872,"path_taken":["M","?","M","?","?","R","E","M","T","?","?","M","M","E","R","BOSS","M","$","?","AVR","M"],"items_purchased_type":["Card","Card","Card","Relic"],"build_version":"2020-12-22","purchased_purges":1,"victory":false,"max_hp_per_floor":[50,50,50,50,50,50,50,50,50,50,50,50,50,50,50,50,50,50,50,50,50,50,50],"card_choices":[{"not_picked":["beaked:TuckingFeathers","beaked:Struggle"],"picked":"beaked:Brace","floor":1},{"not_picked":["beaked:Resilience","beaked:SurvivalInstinct"],"picked":"beaked:Daydream","floor":2},{"not_picked":["beaked:VigorBurst","beaked:Poke"],"picked":"beaked:CursingBlood","floor":3},{"not_picked":["beaked:CursingBlood","beaked:Daydream"],"picked":"beaked:Evade","floor":7},{"not_picked":["beaked:Brace","beaked:Evade"],"picked":"beaked:Flinch","floor":8},{"not_picked":["beaked:TuckingFeathers","beaked:Cower"],"picked":"beaked:DigDeep","floor":11},{"not_picked":["beaked:Poke","beaked:Evade","beaked:SurvivalInstinct"],"picked":"SKIP","floor":12},{"not_picked":["beaked:Molting","beaked:FeelMyPain"],"picked":"beaked:BounceBack","floor":13},{"not_picked":["beaked:HuntressSpirit","beaked:Caw"],"picked":"beaked:StickSmack","floor":14},{"not_picked":["beaked:CheekyTricks","beaked:DarkPact"],"picked":"beaked:AwakenedForm","floor":16},{"not_picked":["beaked:CursingBlood","beaked:Struggle"],"picked":"beaked:CrazyRituals+1","floor":18}],"player_experience":622404,"relics_obtained":[{"floor":4,"key":"ReplayTheSpireMod:Ring of Exchange"},{"floor":7,"key":"Replay:Wax Seal"},{"floor":9,"key":"MealTicket"},{"floor":14,"key":"TungstenRod"}],"event_choices":[{"damage_healed":0,"gold_gain":0,"player_choice":"Read","damage_taken":0,"max_hp_gain":0,"max_hp_loss":0,"event_name":"The Library","floor":20,"gold_loss":0,"cards_obtained":["beaked:Insight"]}],"is_beta":false,"boss_relics":[{"not_picked":["ReplayTheSpireMod:ShopPack","Calling Bell"],"picked":"beaked:RitualPlumage"}],"items_purged_floors":[21],"is_endless":false,"potions_floor_spawned":[3,11,12,13,16,18],"killed_by":"3 Byrds","ascension_level":1}}