{"host":"gk336il5jfnqajsw","time":1610444408,"event":{"mods":["2.2 Compatiblity","AchievementEnabler","BaseMod","Colored Powertips","Downfall","Hero for Fun","Marisa????????","Minty Spire (QoL Compilation)","Relic Stats","StSLib","The Servant 0.9.4"],"gold_per_floor":[99,112,125,136,136,136,136,161,181,91,91,91,76,251,267,267,267,267],"floor_reached":16,"playtime":1011,"items_purged":["Slimebound:Strike_Slimebound"],"score":125,"play_id":"adaf6075-c243-451b-97ea-019db9fcb571","local_time":"20210112024008","is_ascension_mode":false,"campfire_choices":[{"data":"Slimebound:Split","floor":1,"key":"SMITH"},{"data":"Slimebound:MassFeed","floor":6,"key":"SMITH"},{"data":"Slimebound:Grow","floor":11,"key":"SMITH"}],"circlet_count":0,"master_deck":["Slimebound:Strike_Slimebound","Slimebound:Tackle","Slimebound:Defend_Slimebound+1","Slimebound:Defend_Slimebound","Slimebound:Defend_Slimebound+1","Slimebound:Defend_Slimebound","Slimebound:Split+1","Slimebound:CorrosiveSpit","Slimebound:MassFeed+1","Slimebound:SlimeSpikes","Slimebound:Grow+1","Slimebound:SplitMire","Slimebound:LevelUp+1","Slimebound:Replication","Regret","Slimebound:MassRepurpose","Doubt"],"relics":["Slimebound:AbsorbEndCombat","Pen Nib","MealTicket"],"acts_visited":["Exordium"],"potions_floor_usage":[16,16],"damage_taken":[{"damage":14,"enemies":"Jaw Worm","floor":2,"turns":5},{"damage":8,"enemies":"Small Slimes","floor":3,"turns":3},{"damage":9,"enemies":"2 Louse","floor":4,"turns":3},{"damage":15,"enemies":"Lagavulin","floor":8,"turns":7},{"damage":28,"enemies":"Gremlin Gang","floor":9,"turns":5},{"damage":15,"enemies":"downfall:FleeingMerchant","floor":10,"turns":4},{"damage":28,"enemies":"downfall:FleeingMerchant","floor":13,"turns":4},{"damage":11,"enemies":"Blue Slaver","floor":15,"turns":2},{"damage":99,"enemies":"downfall:Silent","floor":16,"turns":12}],"seed_played":"6216289301048226520","potions_obtained":[{"floor":8,"key":"Ancient Potion"},{"floor":9,"key":"FearPotion"},{"floor":15,"key":"PowerPotion"}],"is_trial":false,"path_per_floor":["R","M","M","M","?","R","T","E","M","$","R","?","$","?","M","B"],"character_chosen":"SLIMEBOUND","items_purchased":[],"campfire_rested":0,"item_purchase_floors":[],"current_hp_per_floor":[60,59,64,65,65,65,65,70,64,77,77,77,66,66,67,0,0,0],"gold":267,"neow_bonus":"ONE_RANDOM_RARE_CARD","is_daily":false,"chose_seed":false,"campfire_upgraded":3,"win_rate":0.0,"timestamp":1610444408,"path_taken":["R","M","M","M","?","R","T","E","M","$","R","?","?","?","M","BOSS"],"items_purchased_type":[],"build_version":"2020-12-22","purchased_purges":1,"victory":false,"max_hp_per_floor":[60,63,66,66,66,66,66,70,78,78,78,78,78,78,82,82,82,82],"relic_stats":{"counters":[9,43],"MealTicket":15,"Pen Nib":[2],"obtain_stats":[{"MealTicket":8,"Pen Nib":7,"Slimebound:AbsorbEndCombat":0},{"MealTicket":4,"Pen Nib":3,"Slimebound:AbsorbEndCombat":0},{"MealTicket":17,"Pen Nib":10,"Slimebound:AbsorbEndCombat":0}]},"card_choices":[{"not_picked":["Slimebound:Schlurp","Slimebound:ComboTackle"],"picked":"Slimebound:SlimeSpikes","floor":2},{"not_picked":["Slimebound:FinishingTackle","Slimebound:SlimeSpikes","Slimebound:GoopTackle"],"picked":"SKIP","floor":3},{"not_picked":["Slimebound:ItLooksTasty","Slimebound:Chomp"],"picked":"Slimebound:Grow","floor":4},{"not_picked":["Slimebound:Equalize","Slimebound:SlimeSpikes"],"picked":"Slimebound:SplitMire","floor":8},{"not_picked":["Slimebound:Nibble","Slimebound:Chomp"],"picked":"Slimebound:LevelUp","floor":9},{"not_picked":["Slimebound:Gluttony","Slimebound:FinishingTackle"],"picked":"Slimebound:Replication","floor":10},{"not_picked":["Slimebound:PrepareCrush","Slimebound:LeechingTouch"],"picked":"Slimebound:MassRepurpose","floor":13},{"not_picked":["Slimebound:Schlurp","Slimebound:SplitAcid","Slimebound:FinishingTackle"],"picked":"SKIP","floor":15}],"player_experience":546986,"relics_obtained":[{"floor":7,"key":"Pen Nib"},{"floor":8,"key":"MealTicket"}],"event_choices":[{"cards_removed":["Slimebound:Strike_Slimebound"],"damage_healed":0,"gold_gain":0,"player_choice":"Card Removal","damage_taken":0,"max_hp_gain":0,"max_hp_loss":0,"event_name":"The Cleric","floor":5,"gold_loss":0}],"is_beta":false,"boss_relics":[],"items_purged_floors":[10],"is_endless":false,"potions_floor_spawned":[8,9,15],"killed_by":"downfall:Silent","ascension_level":0}}