{"host":"5ezk7t18wcb10u1o","time":1610453706,"event":{"mods":["BaseMod","Bestiary","Colored Powertips","Minty Spire (QoL Compilation)","Relic Sorter"],"gold_per_floor":[111,111,111,111,121,121,131,131,131,131,149,169,169,196,196,270,270,282,207,157,167,167,167,195,195,195],"floor_reached":25,"playtime":874,"items_purged":["Defend_B"],"score":438,"play_id":"403ede42-2471-45a9-b668-2f0b436762e1","local_time":"20210112121506","is_ascension_mode":true,"campfire_choices":[{"data":"Sweeping Beam","floor":6.0,"key":"SMITH"},{"data":"Melter","floor":8.0,"key":"SMITH"},{"data":"Defend_B","floor":10.0,"key":"SMITH"},{"floor":13.0,"key":"REST"},{"data":"Conserve Battery","floor":15.0,"key":"SMITH"},{"data":"Zap","floor":23.0,"key":"SMITH"}],"circlet_count":0,"master_deck":["AscendersBane","Strike_B","Strike_B+1","Strike_B+1","Defend_B","Defend_B+1","Zap+1","Dualcast","Leap+1","Sweeping Beam+1","Melter+1","Go for the Eyes+1","Conserve Battery+1","Echo Form","Cold Snap+1","Compile Driver+1","Beam Cell+1"],"relics":["Cracked Core","Molten Egg 2","Ornamental Fan","SlaversCollar","Regal Pillow"],"acts_visited":["Exordium","TheCity"],"potions_floor_usage":[25],"damage_taken":[{"damage":3.0,"enemies":"2 Louse","floor":1.0,"turns":2.0},{"damage":0.0,"enemies":"Jaw Worm","floor":5.0,"turns":2.0},{"damage":0.0,"enemies":"Small Slimes","floor":7.0,"turns":2.0},{"damage":0.0,"enemies":"Red Slaver","floor":11.0,"turns":2.0},{"damage":1.0,"enemies":"Exordium Thugs","floor":12.0,"turns":3.0},{"damage":15.0,"enemies":"3 Sentries","floor":14.0,"turns":4.0},{"damage":22.0,"enemies":"The Guardian","floor":16.0,"turns":14.0},{"damage":0.0,"enemies":"Spheric Guardian","floor":18.0,"turns":3.0},{"damage":1.0,"enemies":"Shell Parasite","floor":21.0,"turns":3.0},{"damage":51.0,"enemies":"Slavers","floor":24.0,"turns":5.0},{"damage":9,"enemies":"Snake Plant","floor":25,"turns":2}],"seed_played":"-1329233143565933357","potions_obtained":[{"floor":1.0,"key":"FearPotion"},{"floor":7.0,"key":"DuplicationPotion"},{"floor":16.0,"key":"Energy Potion"},{"floor":18.0,"key":"Fire Potion"},{"floor":24.0,"key":"SpeedPotion"}],"is_trial":false,"path_per_floor":["M","?","?","?","M","R","M","R","T","R","M","M","R","E","R","B",null,"M","$","?","M","$","R","E","M"],"character_chosen":"DEFECT","items_purchased":[],"campfire_rested":1,"item_purchase_floors":[],"current_hp_per_floor":[61,40,40,40,40,40,40,40,40,40,40,39,60,45,45,23,59,59,59,59,58,58,58,7,0,0],"gold":195,"neow_bonus":"REMOVE_CARD","is_daily":false,"chose_seed":false,"campfire_upgraded":5,"win_rate":0.0,"timestamp":1610453706,"path_taken":["M","?","?","?","M","R","M","R","T","R","M","M","R","E","R","BOSS","M","$","?","M","?","R","E","?"],"items_purchased_type":[],"build_version":"2020-12-22","purchased_purges":1,"victory":false,"max_hp_per_floor":[71,71,71,71,71,71,71,71,71,71,71,71,71,71,71,71,71,71,71,71,71,71,71,71,71,71],"card_choices":[{"not_picked":["Capacitor","Rip and Tear"],"picked":"Leap","floor":1.0},{"not_picked":["Compile Driver","Gash"],"picked":"Sweeping Beam","floor":5.0},{"not_picked":["Redo","Hologram"],"picked":"Melter","floor":7.0},{"not_picked":["Aggregate","Force Field","Capacitor"],"picked":"SKIP","floor":11.0},{"not_picked":["Redo","Echo Form"],"picked":"Go for the Eyes+1","floor":12.0},{"not_picked":["Stack","Undo"],"picked":"Conserve Battery","floor":14.0},{"not_picked":["Seek","Biased Cognition"],"picked":"Echo Form","floor":16.0},{"not_picked":["Turbo","Rip and Tear+1"],"picked":"Cold Snap+1","floor":18.0},{"not_picked":["Gash+1","Blizzard+1"],"picked":"Compile Driver+1","floor":21.0},{"not_picked":["Rip and Tear+1","Hologram"],"picked":"Beam Cell+1","floor":24.0}],"player_experience":1119088,"relics_obtained":[{"floor":9.0,"key":"Molten Egg 2"},{"floor":14.0,"key":"Ornamental Fan"},{"floor":24.0,"key":"Regal Pillow"}],"event_choices":[{"damage_healed":0.0,"max_hp_gain":0.0,"max_hp_loss":0.0,"gold_gain":0.0,"event_name":"Shining Light","player_choice":"Entered Light","floor":2.0,"gold_loss":0.0,"damage_taken":21.0,"cards_upgraded":["Strike_B","Strike_B"]},{"damage_healed":0.0,"max_hp_gain":0.0,"max_hp_loss":0.0,"gold_gain":0.0,"event_name":"Living Wall","player_choice":"Grow","floor":3.0,"gold_loss":0.0,"damage_taken":0.0,"cards_upgraded":["Leap"]},{"cards_removed":["Strike_B"],"damage_healed":0.0,"max_hp_gain":0.0,"max_hp_loss":0.0,"gold_gain":0.0,"event_name":"Bonfire Elementals","player_choice":"Offered Basic","floor":4.0,"gold_loss":0.0,"damage_taken":0.0},{"damage_healed":0.0,"max_hp_gain":0.0,"max_hp_loss":0.0,"gold_gain":0.0,"event_name":"The Joust","player_choice":"Bet on Owner","floor":20.0,"gold_loss":50.0,"damage_taken":0.0}],"is_beta":false,"boss_relics":[{"not_picked":["Busted Crown","SacredBark"],"picked":"SlaversCollar"}],"items_purged_floors":[19],"is_endless":false,"potions_floor_spawned":[1,7,11,16,18,24],"killed_by":"Snake Plant","ascension_level":20}}