{"host":"bydnmyvf669xu6ab","time":1610483480,"event":{"mods":["BaseMod","BetterRewards","Colored Map","Infinite Spire","Minty Spire (QoL Compilation)","Poor People Problems","Rare Cards Sparkle","Relic Stats","Shop Mod","Spikes Relics","StSLib","SuperFastMode"],"gold_per_floor":[114,114,91,91,102,129,129,104,104,130,130,150,150,150,150,251,251,261,271,66,66,85,85,120,67,93,93,109,109,109,109],"floor_reached":30,"playtime":1699,"items_purged":[],"score":397,"play_id":"e5f4c1cd-b089-49af-9d8b-4ae0584d89d6","local_time":"20210112123120","is_ascension_mode":true,"campfire_choices":[{"data":"Armaments","floor":7,"key":"SMITH"},{"floor":13,"key":"REST"},{"data":"Inflame","floor":15,"key":"SMITH"},{"data":"True Grit","floor":23,"key":"SMITH"},{"data":"BlessedFruit","floor":27,"key":"SMITH"},{"data":"BlessedFruit","floor":29,"key":"SMITH"}],"circlet_count":0,"master_deck":["Strike_R","Strike_R","Strike_R","Strike_R","Strike_R","Defend_R","Defend_R","Defend_R","Defend_R","Bash","Inflame+1","Blur","Armaments+1","Twin Strike","Warcry","Flex","Infinite Blades","Limit Break+1","Self Repair+1","True Grit+1","Sword Boomerang","BlessedFruit+1","BlessedFruit+1","Shrug It Off+1","Heavy Blade","Stack"],"relics":["Burning Blood","Pantograph","PrismaticShard","Letter Opener","LugNut","Potion Belt","infinitespire:CheckeredPen","Ginger","Darkstone Periapt","HailfireSword","ClockworkSouvenir","HeavenlyBonsai"],"acts_visited":["Exordium","TheCity"],"potions_floor_usage":[16,30,30,30,30],"damage_taken":[{"damage":14,"enemies":"Small Slimes","floor":1,"turns":3},{"damage":9,"enemies":"2 Louse","floor":5,"turns":5},{"damage":32,"enemies":"Gremlin Nob","floor":6,"turns":4},{"damage":13,"enemies":"Lagavulin","floor":10,"turns":6},{"damage":6,"enemies":"Jaw Worm","floor":12,"turns":2},{"damage":33,"enemies":"The Guardian","floor":16,"turns":8},{"damage":28,"enemies":"Spheric Guardian","floor":18,"turns":4},{"damage":0,"enemies":"Chosen","floor":19,"turns":3},{"damage":10,"enemies":"Sentry and Sphere","floor":22,"turns":3},{"damage":47,"enemies":"Book of Stabbing","floor":24,"turns":5},{"damage":52,"enemies":"3 Cultists","floor":28,"turns":5},{"damage":70,"enemies":"Nightmare","floor":30,"turns":4}],"seed_played":"5724181400901614839","potions_obtained":[{"floor":10,"key":"LiquidMemories"},{"floor":12,"key":"ColorlessPotion"},{"floor":19,"key":"EssenceOfSteel"},{"floor":22,"key":"BloodPotion"},{"floor":24,"key":"Regen Potion"}],"is_trial":false,"path_per_floor":["M","?","$","?","M","E","R","$","T","E","T","M","R","?","R","B",null,"M","M","$","?","M","R","E","$","T","R","M","R","NM"],"character_chosen":"IRONCLAD","items_purchased":["Pantograph","PrismaticShard","Inflame","Letter Opener","Armaments","Flex","ClockworkSouvenir","True Grit","Heavy Blade"],"campfire_rested":1,"item_purchase_floors":[0,0,0,0,3,8,20,20,25],"current_hp_per_floor":[45,45,45,50,47,21,21,21,21,14,14,14,39,85,85,58,85,63,79,79,79,85,85,54,54,54,54,23,23,0,0],"gold":109,"neow_bonus":"","is_daily":false,"chose_seed":false,"campfire_upgraded":5,"win_rate":0.0,"timestamp":1610483480,"path_taken":["M","?","$","?","M","E","R","$","T","E","?","?","R","?","R","BOSS","M","?","?","?","M","R","E","$","T","R","?","R","NM"],"items_purchased_type":["Relic","Relic","Card","Relic","Card","Card","Relic","Card","Card"],"build_version":"2020-12-22","purchased_purges":0,"victory":false,"max_hp_per_floor":[80,80,80,85,85,85,85,85,85,85,85,85,85,85,85,85,85,85,85,85,85,85,85,85,85,85,85,90,90,98,98],"relic_stats":{"Darkstone Periapt":0,"counters":[39,163],"Pantograph":0,"Letter Opener":[73],"Ginger":[0],"obtain_stats":[{"Darkstone Periapt":11,"SnailShell":43,"Black Blood":34,"Ginger":10,"HeavenlyBonsai":24,"PrismaticShard":0,"Burning Blood":0,"ClockworkSouvenir":20,"HailfireSword":17,"Gambling Chip":40,"Pantograph":0,"Fusion Hammer":17,"Toxic Egg 2":0,"LugNut":2,"Potion Belt":38,"MerchantsRug":8,"Dead Branch":0,"Pen Nib":8,"Omamori":12,"Letter Opener":0,"infinitespire:CheckeredPen":9,"War Paint":0,"infinitespire:WardingShard":46,"Shuriken":19,"infinitespire:Lychee Nut":26,"Bird Faced Urn":23,"Membership Card":0},{"Darkstone Periapt":31,"SnailShell":25,"Black Blood":19,"Ginger":31,"HeavenlyBonsai":37,"PrismaticShard":27,"Burning Blood":0,"ClockworkSouvenir":35,"HailfireSword":33,"Gambling Chip":23,"Pantograph":27,"Fusion Hammer":9,"Toxic Egg 2":0,"LugNut":28,"Potion Belt":21,"MerchantsRug":5,"Dead Branch":0,"Pen Nib":5,"Omamori":6,"Letter Opener":27,"infinitespire:CheckeredPen":30,"War Paint":0,"infinitespire:WardingShard":26,"Shuriken":10,"infinitespire:Lychee Nut":15,"Bird Faced Urn":13,"Membership Card":0},{"Darkstone Periapt":129,"SnailShell":102,"Black Blood":75,"Ginger":129,"HeavenlyBonsai":154,"PrismaticShard":111,"Burning Blood":0,"ClockworkSouvenir":146,"HailfireSword":139,"Gambling Chip":93,"Pantograph":111,"Fusion Hammer":34,"Toxic Egg 2":0,"LugNut":114,"Potion Belt":84,"MerchantsRug":17,"Dead Branch":0,"Pen Nib":17,"Omamori":21,"Letter Opener":111,"infinitespire:CheckeredPen":123,"War Paint":0,"infinitespire:WardingShard":107,"Shuriken":36,"infinitespire:Lychee Nut":54,"Bird Faced Urn":48,"Membership Card":0}],"Burning Blood":256},"card_choices":[{"not_picked":["Pace","Outmaneuver"],"picked":"Blur","floor":1},{"not_picked":["Tantrum","Go for the Eyes"],"picked":"Twin Strike","floor":5},{"not_picked":["Underhanded Strike","DiskWipe"],"picked":"Warcry","floor":6},{"not_picked":["Sword Boomerang","Pummel"],"picked":"Infinite Blades","floor":10},{"not_picked":["WaveOfTheHand","DiskWipe","Clash"],"picked":"SKIP","floor":12},{"not_picked":["Immolate","Adrenaline"],"picked":"Limit Break","floor":16},{"not_picked":["Second Wind","Turbo"],"picked":"Self Repair+1","floor":18},{"not_picked":["Evaluate","Acrobatics","ClearTheMind"],"picked":"SKIP","floor":19},{"not_picked":["Barrage","Underhanded Strike"],"picked":"Sword Boomerang","floor":22},{"not_picked":["Rebound","Wild Strike"],"picked":"Shrug It Off+1","floor":24},{"not_picked":["Auto Shields","DiskWipe"],"picked":"Stack","floor":28}],"player_experience":2211805,"relics_obtained":[{"floor":2,"key":"LugNut"},{"floor":6,"key":"Potion Belt"},{"floor":9,"key":"infinitespire:CheckeredPen"},{"floor":10,"key":"Ginger"},{"floor":11,"key":"Darkstone Periapt"},{"floor":24,"key":"HeavenlyBonsai"}],"event_choices":[{"damage_healed":0,"gold_gain":0,"player_choice":"Donut","damage_taken":0,"max_hp_gain":5,"max_hp_loss":0,"event_name":"Big Fish","floor":4,"gold_loss":0},{"damage_healed":46,"gold_gain":0,"player_choice":"Full Heal","damage_taken":0,"max_hp_gain":0,"max_hp_loss":0,"event_name":"Wheel of Change","floor":14,"gold_loss":0},{"damage_healed":0,"gold_gain":0,"player_choice":"Forge","damage_taken":0,"max_hp_gain":0,"max_hp_loss":0,"event_name":"Accursed Blacksmith","floor":21,"gold_loss":0,"cards_upgraded":["Limit Break"]}],"is_beta":false,"boss_relics":[{"not_picked":["infinitespire:Burning Sword","Empty Cage"],"picked":"HailfireSword"}],"items_purged_floors":[],"is_endless":false,"potions_floor_spawned":[10,12,19,22,24],"killed_by":"Nightmare","ascension_level":1}}