{"host":"l15sdf2mmi0nobpi","time":1610462743,"event":{"mods":["100% Spire Juice","BaseMod","Highlight Path","Minty Spire (QoL Compilation)","Quick Restart","StSLib","¡¾¹¦ÄÜMod¡¿Neow½±Àø"],"gold_per_floor":[16,34,34,34,34,34,54,70,70,70,91,91,91,111,111,231,231,252,271,294,312,312,312,312,312],"floor_reached":24,"playtime":32457,"items_purged":[],"score":209,"play_id":"a9aa5c0c-cec8-48be-a0a8-01415e489fb1","local_time":"20210112224543","is_ascension_mode":true,"campfire_choices":[{"data":"Moonworks:JonathanRush","floor":6.0,"key":"SMITH"},{"data":"Moonworks:JonathanRush","floor":10.0,"key":"SMITH"},{"data":"Moonworks:AwakeningOfTalent","floor":12.0,"key":"SMITH"},{"data":"Moonworks:JonathanRush","floor":15.0,"key":"SMITH"},{"floor":23,"key":"REST"}],"circlet_count":0,"master_deck":["Moonworks:Strike","Moonworks:Defend","Moonworks:Defend","Moonworks:Defend","Moonworks:Defend","Moonworks:Ambush","Moonworks:LongDistanceShot","Moonworks:JonathanRush+1","Moonworks:JonathanRush+1","Moonworks:AwakeningOfTalent+1","Moonworks:SakisCookie","Moonworks:JonathanRush+1","Moonworks:WeAreWaruda","Moonworks:LulusLuckyEgg+1","Moonworks:EvilSpyWorkPreparation+1","Moonworks:LulusLuckyEgg+1"],"relics":["Moonworks:BrokenBomb","Moonworks:Homemark","CaptainsWheel","Golden Idol","Meat on the Bone","Empty Cage","Nilry\u0027s Codex"],"acts_visited":["Exordium","TheCity"],"potions_floor_usage":[20,24],"damage_taken":[{"damage":0.0,"enemies":"Small Slimes","floor":1.0,"turns":3.0},{"damage":2.0,"enemies":"Jaw Worm","floor":2.0,"turns":3.0},{"damage":0.0,"enemies":"Cultist","floor":7.0,"turns":3.0},{"damage":7.0,"enemies":"Large Slime","floor":8.0,"turns":5.0},{"damage":2.0,"enemies":"2 Fungi Beasts","floor":11.0,"turns":4.0},{"damage":6.0,"enemies":"Exordium Thugs","floor":14.0,"turns":5.0},{"damage":17.0,"enemies":"The Guardian","floor":16.0,"turns":9.0},{"damage":9,"enemies":"Shell Parasite","floor":18,"turns":5},{"damage":0,"enemies":"Chosen","floor":19,"turns":3},{"damage":1,"enemies":"Sentry and Sphere","floor":20,"turns":5},{"damage":13,"enemies":"Snecko","floor":21,"turns":6},{"damage":38,"enemies":"Slavers","floor":24,"turns":2}],"seed_played":"3052451242699732668","potions_obtained":[{"floor":7.0,"key":"Ancient Potion"},{"floor":11.0,"key":"SpeedPotion"},{"floor":14.0,"key":"Explosive Potion"},{"floor":20,"key":"ColorlessPotion"}],"is_trial":false,"path_per_floor":["M","M","?","$","?","R","M","M","T","R","M","R","T","M","R","B",null,"M","M","M","M","?","R","E"],"character_chosen":"THE_STARBREAKER","items_purchased":[],"campfire_rested":1,"item_purchase_floors":[],"current_hp_per_floor":[60,58,56,56,49,49,49,42,42,42,40,40,40,34,34,29,56,47,47,48,35,19,35,0,0],"gold":312,"neow_bonus":"ONE_RARE_RELIC","is_daily":false,"chose_seed":false,"campfire_upgraded":4,"win_rate":0.0,"timestamp":1610462743,"path_taken":["M","M","?","$","?","R","M","M","T","R","M","R","?","M","R","BOSS","M","M","M","?","?","R","E"],"items_purchased_type":[],"build_version":"2020-12-22","purchased_purges":0,"victory":false,"max_hp_per_floor":[60,60,56,56,56,56,56,56,56,56,56,56,56,56,56,56,56,56,56,56,56,56,56,56,56],"card_choices":[{"not_picked":["Moonworks:Assault","Moonworks:LulusLuckyEgg"],"picked":"Moonworks:JonathanRush","floor":1.0},{"not_picked":["Moonworks:NicePresent","Moonworks:ScrambledEve"],"picked":"Moonworks:JonathanRush","floor":2.0},{"not_picked":["Moonworks:Assault","Moonworks:Dinner"],"picked":"Moonworks:AwakeningOfTalent","floor":7.0},{"not_picked":["Moonworks:CloudOfSeagulls","Moonworks:SealedMemories","Moonworks:ImOnFire"],"picked":"SKIP","floor":8.0},{"not_picked":["Moonworks:ReproductionOfRecords","Moonworks:BindingChains"],"picked":"Moonworks:SakisCookie","floor":11.0},{"not_picked":["Moonworks:AngelHand","Moonworks:SealedMemories"],"picked":"Moonworks:JonathanRush","floor":14.0},{"not_picked":["Moonworks:EvilMastermind","Moonworks:AccelHyper"],"picked":"Moonworks:WeAreWaruda","floor":16.0},{"not_picked":["Moonworks:NicePresent","Moonworks:Dinner+1"],"picked":"Moonworks:LulusLuckyEgg+1","floor":18},{"not_picked":["Moonworks:MiracleRedBeanIceCream+1","Moonworks:ExtendedPhotonRifle"],"picked":"Moonworks:EvilSpyWorkPreparation+1","floor":19},{"not_picked":["Moonworks:Gamble","Moonworks:FullSpeedAlicianrone"],"picked":"Moonworks:LulusLuckyEgg+1","floor":20},{"not_picked":["Moonworks:AwakeningOfTalent","Moonworks:IntelligenceOfficer","Moonworks:SakisCookie"],"picked":"SKIP","floor":21},{"not_picked":["Moonworks:AwakeningOfTalent","Moonworks:IntelligenceOfficer","Moonworks:SakisCookie"],"picked":"SKIP","floor":21}],"player_experience":465570,"relics_obtained":[{"floor":9.0,"key":"Meat on the Bone"},{"floor":22,"key":"Nilry\u0027s Codex"}],"event_choices":[{"damage_healed":0.0,"max_hp_gain":0.0,"max_hp_loss":4.0,"gold_gain":0.0,"event_name":"Golden Idol","player_choice":"Lose Max HP","floor":3.0,"gold_loss":0.0,"damage_taken":0.0,"relics_obtained":["Golden Idol"]},{"cards_removed":["Moonworks:Strike"],"damage_healed":0.0,"max_hp_gain":0.0,"max_hp_loss":0.0,"gold_gain":0.0,"event_name":"Golden Wing","player_choice":"Card Removal","floor":5.0,"gold_loss":0.0,"damage_taken":7.0},{"damage_healed":0,"gold_gain":0,"player_choice":"Obtained Book","damage_taken":16,"max_hp_gain":0,"max_hp_loss":0,"event_name":"Cursed Tome","floor":22,"gold_loss":0}],"is_beta":false,"boss_relics":[{"not_picked":["Cursed Key","Tiny House"],"picked":"Empty Cage"}],"items_purged_floors":[],"is_endless":false,"potions_floor_spawned":[7,11,14,20,21],"killed_by":"Slavers","ascension_level":2}}