{"host":"3l94tha3a4jgu0q4","time":1610452139,"event":{"mods":["2.2 Compatiblity","AchievementEnabler","BaseMod","Colored Map","Colored Powertips","Highlight Path","Minty Spire (QoL Compilation)","Permanent Neow","StSLib","SuperFastMode","The IronCluck","slay the spire mod where everything is the same but ironclad has a cowboy hat"],"gold_per_floor":[112,127,141,161,161,186,186,186,186,261,273,273,308,364,364,364,364],"floor_reached":16,"playtime":314,"items_purged":[],"score":193,"play_id":"9df39349-06de-41b5-9ed0-ee98dc5872fa","local_time":"20210112034859","is_ascension_mode":true,"campfire_choices":[{"data":"Eruption","floor":8,"key":"SMITH"},{"floor":12,"key":"REST"},{"floor":15,"key":"REST"}],"circlet_count":0,"master_deck":["AscendersBane","Strike_P","Strike_P","Strike_P","Strike_P","Defend_P","Defend_P","Defend_P+1","Defend_P+1","Eruption+1","Vigilance","FlurryOfBlows","FlurryOfBlows+1","LessonLearned+1","LikeWater","Adaptation","ClearTheMind+1","FlurryOfBlows"],"relics":["Sozu","Singing Bowl","Toxic Egg 2","Centennial Puzzle","Bronze Scales"],"acts_visited":["Exordium"],"potions_floor_usage":[],"damage_taken":[{"damage":0,"enemies":"2 Louse","floor":1,"turns":3},{"damage":0,"enemies":"Small Slimes","floor":2,"turns":2},{"damage":1,"enemies":"Jaw Worm","floor":3,"turns":4},{"damage":5,"enemies":"Large Slime","floor":4,"turns":7},{"damage":34,"enemies":"3 Sentries","floor":6,"turns":11},{"damage":15,"enemies":"Looter","floor":11,"turns":4},{"damage":29,"enemies":"Gremlin Nob","floor":13,"turns":5},{"damage":5,"enemies":"Gremlin Nob","floor":14,"turns":4},{"damage":26,"enemies":"The Guardian","floor":16,"turns":10}],"seed_played":"-5712255727523806611","potions_obtained":[],"is_trial":false,"path_per_floor":["M","M","M","M","?","E","?","R","T","?","M","R","E","?","R","B"],"character_chosen":"WATCHER","items_purchased":[],"campfire_rested":2,"item_purchase_floors":[],"current_hp_per_floor":[61,61,60,55,55,21,43,43,43,32,17,37,10,5,26,0,0],"gold":364,"neow_bonus":"BOSS_RELIC","is_daily":false,"chose_seed":false,"campfire_upgraded":1,"win_rate":0.0,"timestamp":1610452139,"path_taken":["M","M","M","M","?","E","?","R","T","?","M","R","E","?","R","BOSS"],"items_purchased_type":[],"build_version":"2020-12-22","purchased_purges":0,"victory":false,"max_hp_per_floor":[68,68,68,68,68,68,68,68,68,68,68,68,70,70,70,70,70],"card_choices":[{"not_picked":["Consecrate","PathToVictory"],"picked":"FlurryOfBlows","floor":1},{"not_picked":["Halt","Indignation"],"picked":"FlurryOfBlows","floor":2},{"not_picked":["Sanctity","SignatureMove"],"picked":"LessonLearned","floor":3},{"not_picked":["Worship","FlyingSleeves"],"picked":"LikeWater","floor":4},{"not_picked":["SandsOfTime","DeceiveReality"],"picked":"Adaptation","floor":6},{"not_picked":["JustLucky","Consecrate"],"picked":"ClearTheMind+1","floor":11},{"not_picked":["Protect+1","Collect+1","FlyingSleeves"],"picked":"Singing Bowl","floor":13},{"not_picked":["Consecrate","Study"],"picked":"FlurryOfBlows","floor":14}],"player_experience":1930224,"relics_obtained":[{"floor":6,"key":"Singing Bowl"},{"floor":9,"key":"Toxic Egg 2"},{"floor":13,"key":"Centennial Puzzle"},{"floor":14,"key":"Bronze Scales"}],"event_choices":[{"damage_healed":0,"gold_gain":0,"player_choice":"Ignored","damage_taken":0,"max_hp_gain":0,"max_hp_loss":0,"event_name":"Liars Game","floor":5,"gold_loss":0},{"damage_healed":22,"gold_gain":0,"player_choice":"Banana","damage_taken":0,"max_hp_gain":0,"max_hp_loss":0,"event_name":"Big Fish","floor":7,"gold_loss":0},{"damage_healed":0,"gold_gain":75,"player_choice":"Gather Gold","damage_taken":11,"max_hp_gain":0,"max_hp_loss":0,"event_name":"World of Goop","floor":10,"gold_loss":0},{"damage_healed":0,"gold_gain":0,"player_choice":"Searched \u00271\u0027 times","damage_taken":0,"max_hp_gain":0,"max_hp_loss":0,"event_name":"Dead Adventurer","floor":14,"gold_loss":0}],"is_beta":false,"boss_relics":[],"items_purged_floors":[],"is_endless":false,"potions_floor_spawned":[2,3,6,11,14],"killed_by":"The Guardian","ascension_level":15}}