{"host":"ctgqpqglqpm61kk7","time":1610475538,"event":{"mods":["BaseMod","Hubris","Infinite Spire","Marisa????????","Minty Spire (QoL Compilation)","Permanent Neow","Quick Restart","Replay The Spire","StSLib","The Animator","The Cursed","The Hierophant"],"gold_per_floor":[117,136,136,136,136,162,175,175,175,210,221,236,186,42,42,145,145,155,167,198,198,198,229,229,229,229],"floor_reached":25,"playtime":2136,"items_purged":["TheCursedMod:Strike_TheCursed","TheCursedMod:HellsGateOpen"],"score":254,"play_id":"7fab9c9d-e78c-4a6a-be3b-18dfc45e6cd5","local_time":"20210112201858","is_ascension_mode":false,"campfire_choices":[{"floor":8,"key":"REST"},{"data":"TheCursedMod:Strike_TheCursed","floor":15,"key":"PURGE"}],"circlet_count":0,"master_deck":["TheCursedMod:Defend_TheCursed","TheCursedMod:Defend_TheCursed","TheCursedMod:Defend_TheCursed","TheCursedMod:Defend_TheCursed","TheCursedMod:CursedWand","TheCursedMod:CleanUpWorkshop","TheCursedMod:Dregs","TheCursedMod:RapidMovement","TheCursedMod:CircleOfCorruption","TheCursedMod:FleshFromBone","TheCursedMod:CursedAmulet","TheCursedMod:CursedSpellbook","TheCursedMod:CircleOfCorruption","TheCursedMod:FleshFromBone","TheCursedMod:EmpowerCircles","TheCursedMod:OutForBlood","TheCursedMod:Grudge+1","TheCursedMod:FleshFromBone+1"],"relics":["TheCursedMod:BlackMagic101","Bag of Marbles","hubris:Icosahedron","ReplayFunnel","infinitespire:Broken Mirror","Peace Pipe","TheCursedMod:OminousMark","Red Mask","hubris:BottledHeart","hubris:SlimyHat","OrangePellets"],"acts_visited":["Exordium","TheCity"],"potions_floor_usage":[],"damage_taken":[{"damage":0,"enemies":"Jaw Worm","floor":1,"turns":7},{"damage":2,"enemies":"Small Slimes","floor":2,"turns":5},{"damage":50,"enemies":"Gremlin Nob","floor":6,"turns":6},{"damage":0,"enemies":"2 Louse","floor":7,"turns":4},{"damage":3,"enemies":"3 Sentries","floor":10,"turns":10},{"damage":0,"enemies":"Blue Slaver","floor":11,"turns":1},{"damage":4,"enemies":"Large Slime","floor":12,"turns":4},{"damage":6,"enemies":"The Guardian","floor":16,"turns":6},{"damage":3,"enemies":"Chosen","floor":18,"turns":8},{"damage":15,"enemies":"2 Thieves","floor":19,"turns":4},{"damage":49,"enemies":"Masked Bandits","floor":20,"turns":6},{"damage":0,"enemies":"Book of Stabbing","floor":23,"turns":5},{"damage":13,"enemies":"3 Cultists","floor":25,"turns":5}],"seed_played":"4491232130378010069","potions_obtained":[{"floor":1,"key":"SpeedPotion"},{"floor":6,"key":"Swift Potion"},{"floor":7,"key":"Energy Potion"},{"floor":10,"key":"Toxic Potion"},{"floor":11,"key":"Energy Potion"},{"floor":19,"key":"Energy Potion"}],"is_trial":false,"path_per_floor":["M","M","?","?","T","E","M","R","T","E","M","M","?","$","R","B",null,"M","M","?","?","?","E","AVR","M"],"character_chosen":"THE_CURSED","items_purchased":["TheCursedMod:EmpowerCircles"],"campfire_rested":1,"item_purchase_floors":[14],"current_hp_per_floor":[75,73,73,73,73,23,23,45,45,42,42,38,38,38,38,32,75,72,57,8,1,1,1,1,0,0],"gold":229,"neow_bonus":"REMOVE_CARD","is_daily":false,"chose_seed":false,"campfire_upgraded":0,"win_rate":0.0,"timestamp":1610475538,"path_taken":["M","M","?","?","?","E","M","R","T","E","M","?","?","?","R","BOSS","M","M","?","?","?","E","AVR","?"],"items_purchased_type":["Card"],"build_version":"2020-12-22","purchased_purges":2,"victory":false,"max_hp_per_floor":[75,75,75,75,75,75,75,75,75,75,75,75,75,75,75,75,75,75,75,75,1,1,1,1,1,1],"card_choices":[{"not_picked":["TheCursedMod:Stigma","TheCursedMod:SpitefulStrike"],"picked":"TheCursedMod:RapidMovement","floor":1},{"not_picked":["TheCursedMod:Torture","TheCursedMod:Stretching"],"picked":"TheCursedMod:CircleOfCorruption","floor":2},{"not_picked":["TheCursedMod:RapidMovement","TheCursedMod:HellsGateOpen"],"picked":"TheCursedMod:FleshFromBone","floor":6},{"not_picked":["TheCursedMod:Torture","TheCursedMod:RavingStaff"],"picked":"TheCursedMod:CursedAmulet","floor":7},{"not_picked":["TheCursedMod:RapidMovement","TheCursedMod:CircleOfCorruption"],"picked":"TheCursedMod:CursedSpellbook","floor":10},{"not_picked":["TheCursedMod:TacticalStrike","TheCursedMod:VitalStrike"],"picked":"TheCursedMod:CircleOfCorruption","floor":11},{"not_picked":["TheCursedMod:SaltUponWound","TheCursedMod:CursedBlade"],"picked":"TheCursedMod:FleshFromBone","floor":12},{"not_picked":["TheCursedMod:ForbiddenAlchemy","TheCursedMod:CursedRelics"],"picked":"TheCursedMod:OutForBlood","floor":16},{"not_picked":["TheCursedMod:CursedBoomerang+1","TheCursedMod:SoulCrush+1"],"picked":"TheCursedMod:HellsGateOpen","floor":18},{"not_picked":["TheCursedMod:Evocation+1","TheCursedMod:Stretching"],"picked":"TheCursedMod:Grudge+1","floor":19},{"not_picked":["TheCursedMod:SurpriseAttack","TheCursedMod:SpitefulPray"],"picked":"TheCursedMod:FleshFromBone+1","floor":23}],"player_experience":29014,"relics_obtained":[{"floor":3,"key":"Bag of Marbles"},{"floor":6,"key":"ReplayFunnel"},{"floor":9,"key":"infinitespire:Broken Mirror"},{"floor":10,"key":"Peace Pipe"},{"floor":20,"key":"Red Mask"},{"floor":23,"key":"hubris:SlimyHat"}],"event_choices":[{"cards_removed":["TheCursedMod:Strike_TheCursed"],"damage_healed":0,"gold_gain":0,"player_choice":"Card Removal","damage_taken":0,"max_hp_gain":0,"max_hp_loss":0,"event_name":"The Cleric","floor":13,"gold_loss":50},{"damage_healed":0,"gold_gain":0,"player_choice":"Fought Bandits","damage_taken":0,"max_hp_gain":0,"max_hp_loss":0,"event_name":"Masked Bandits","floor":20,"gold_loss":0},{"damage_healed":0,"gold_gain":0,"player_choice":"Bought 0 Potions","damage_taken":0,"max_hp_gain":0,"max_hp_loss":0,"event_name":"The Woman in Blue","floor":22,"gold_loss":0}],"is_beta":false,"boss_relics":[{"not_picked":["hubris:RunicObelisk","Sozu"],"picked":"TheCursedMod:OminousMark"}],"items_purged_floors":[14,24],"is_endless":false,"potions_floor_spawned":[1,6,7,10,11,19],"killed_by":"3 Cultists","ascension_level":0}}