{"host":"sf9jac3ppl7h88gj","time":1610482211,"event":{"mods":["AchievementEnabler","Ascension Unlocker","BaseMod","Colored Map","Custom Start","Force Act Four","Minty Spire (QoL Compilation)","Replay The Spire","StSLib"],"gold_per_floor":[118,131,145,220,220,220,220],"floor_reached":6,"language":"ENG","playtime":534,"items_purged":[],"score":36,"play_id":"23c512d5-b5fe-483c-86ab-38ae456fe9f1","local_time":"20210112151011","is_ascension_mode":false,"campfire_choices":[],"circlet_count":0,"master_deck":["Strike_G","Strike_G","Strike_G","Strike_G","Strike_G","Defend_G","Defend_G","Defend_G","Defend_G","Defend_G","Survivor","Neutralize","CurseOfTheBell","Flying Knee","Dodge and Roll","Deflect"],"relics":["Calling Bell","Toy Ornithopter","Ornamental Fan","Calipers","Happy Flower"],"acts_visited":["Exordium"],"potions_floor_usage":[3,6],"damage_taken":[{"damage":5,"enemies":"Small Slimes","floor":1,"turns":5},{"damage":0,"enemies":"2 Louse","floor":2,"turns":4},{"damage":0,"enemies":"Cultist","floor":3,"turns":5},{"damage":57,"enemies":"Lagavulin","floor":6,"turns":14}],"seed_played":"-229304236876869396","potions_obtained":[{"floor":1,"key":"Adrenaline Potion"},{"floor":2,"key":"DuplicationPotion"}],"is_trial":false,"path_per_floor":["M","M","M","?","?","E"],"character_chosen":"THE_SILENT","items_purchased":[],"campfire_rested":0,"item_purchase_floors":[],"current_hp_per_floor":[65,65,70,59,52,0,0],"gold":220,"neow_bonus":"BOSS_RELIC","is_daily":false,"chose_seed":false,"campfire_upgraded":0,"win_rate":0.0,"timestamp":1610482211,"path_taken":["M","M","M","?","?","E"],"items_purchased_type":[],"build_version":"2020-12-22","purchased_purges":0,"victory":false,"max_hp_per_floor":[70,70,70,70,70,70,70],"card_choices":[{"not_picked":["Prepared","Dagger Throw"],"picked":"Flying Knee","floor":1},{"not_picked":["ReplayTheSpireMod:The Works","Masterful Stab"],"picked":"Dodge and Roll","floor":2},{"not_picked":["Deadly Poison","Quick Slash"],"picked":"Deflect","floor":3}],"player_experience":1107905,"relics_obtained":[{"floor":0,"key":"Toy Ornithopter"},{"floor":0,"key":"Ornamental Fan"},{"floor":0,"key":"Calipers"}],"event_choices":[{"damage_healed":0,"gold_gain":75,"player_choice":"Gather Gold","damage_taken":11,"max_hp_gain":0,"max_hp_loss":0,"event_name":"World of Goop","floor":4,"gold_loss":0},{"damage_healed":0,"gold_gain":0,"player_choice":"Success","damage_taken":7,"relics_obtained":["Happy Flower"],"max_hp_gain":0,"max_hp_loss":0,"event_name":"Scrap Ooze","floor":5,"gold_loss":0}],"is_beta":false,"boss_relics":[],"items_purged_floors":[],"is_endless":false,"potions_floor_spawned":[1,2],"killed_by":"Lagavulin","ascension_level":0}}