{"host":"480qzmvu0s2e3e6w","time":1610451634,"event":{"mods":["BaseMod","Colored Map","DeckTracker","Lobotomy","Minty Spire (QoL Compilation)","StSLib","SuperFastMode"],"gold_per_floor":[116,129,139,152,163,163,191,210,210,227,237,237,4,24,24,101,101,112,112,11,11,21,21,48,48,48,48,48,83,83,101,101,174,174,189,206,206,106,126,160,160,171,171,171,183,217,217,247,247,247,247,247,1,27,27,27],"floor_reached":55,"playtime":3465,"items_purged":["Strike_G","Strike_G","Strike_G"],"score":1555,"play_id":"c82d36eb-2e5c-41f3-a8ea-a91bdd0445a8","local_time":"20210112204034","is_ascension_mode":true,"campfire_choices":[{"data":"Dash","floor":6.0,"key":"SMITH"},{"data":"Footwork","floor":12.0,"key":"SMITH"},{"data":"Noxious Fumes","floor":15.0,"key":"SMITH"},{"data":"Deadly Poison","floor":23.0,"key":"SMITH"},{"data":"Poisoned Stab","floor":25.0,"key":"SMITH"},{"data":"Neutralize","floor":27.0,"key":"SMITH"},{"data":"Night Terror","floor":30.0,"key":"SMITH"},{"data":"Catalyst","floor":32.0,"key":"SMITH"},{"data":"After Image","floor":41.0,"key":"SMITH"},{"data":"Noxious Fumes","floor":44,"key":"SMITH"},{"floor":49,"key":"RECALL"},{"data":"PiercingWail","floor":52,"key":"SMITH"}],"circlet_count":0,"master_deck":["AscendersBane","Strike_G","Strike_G","Defend_G","Defend_G","Defend_G","Defend_G","Defend_G","Survivor","Neutralize+1","Dramatic Entrance","Flying Knee","Deflect","Deadly Poison+1","Glass Knife","Dash+1","Deflect","Footwork+1","PiercingWail+1","Blur","Noxious Fumes+1","Quick Slash","Venomology","Backflip","Dagger Throw","Poisoned Stab+1","Catalyst+1","Night Terror+1","Escape Plan+1","After Image+1","Noxious Fumes+1","Venomology","Flash of Steel","Outmaneuver+1","Acrobatics","Dodge and Roll"],"relics":["Ring of the Snake","Art of War","InkBottle","Medical Kit","Philosopher\u0027s Stone","Toy Ornithopter","Kunai","Letter Opener","SacredBark","Bag of Marbles","Regal Pillow","Centennial Puzzle","Oddly Smooth Stone"],"acts_visited":["Exordium","TheCity","TheBeyond","TheEnding"],"potions_floor_usage":[45,45,46,46,48,48,48,48,50,50,50,50,54,54,54,55,55,55,55],"damage_taken":[{"damage":1.0,"enemies":"Cultist","floor":1.0,"turns":4.0},{"damage":0.0,"enemies":"Jaw Worm","floor":2.0,"turns":4.0},{"damage":0.0,"enemies":"Small Slimes","floor":3.0,"turns":2.0},{"damage":14.0,"enemies":"Exordium Thugs","floor":4.0,"turns":7.0},{"damage":0.0,"enemies":"3 Louse","floor":5.0,"turns":3.0},{"damage":10.0,"enemies":"3 Sentries","floor":7.0,"turns":8.0},{"damage":3.0,"enemies":"Blue Slaver","floor":8.0,"turns":3.0},{"damage":0.0,"enemies":"Lots of Slimes","floor":10.0,"turns":3.0},{"damage":5.0,"enemies":"Large Slime","floor":11.0,"turns":5.0},{"damage":1.0,"enemies":"Looter","floor":14.0,"turns":4.0},{"damage":0.0,"enemies":"Hexaghost","floor":16.0,"turns":11.0},{"damage":0.0,"enemies":"3 Byrds","floor":18.0,"turns":5.0},{"damage":1.0,"enemies":"Spheric Guardian","floor":22.0,"turns":4.0},{"damage":0.0,"enemies":"Book of Stabbing","floor":24.0,"turns":7.0},{"damage":36.0,"enemies":"Slavers","floor":29.0,"turns":7.0},{"damage":0.0,"enemies":"3 Cultists","floor":31.0,"turns":6.0},{"damage":34.0,"enemies":"Collector","floor":33.0,"turns":8.0},{"damage":2.0,"enemies":"Orb Walker","floor":35.0,"turns":4.0},{"damage":0.0,"enemies":"3 Shapes","floor":36.0,"turns":6.0},{"damage":0.0,"enemies":"Jaw Worm Horde","floor":39.0,"turns":5.0},{"damage":0.0,"enemies":"Reptomancer","floor":40.0,"turns":8.0},{"damage":30,"enemies":"Transient","floor":42,"turns":5},{"damage":5,"enemies":"Maw","floor":45,"turns":6},{"damage":15,"enemies":"Nemesis","floor":46,"turns":9},{"damage":13,"enemies":"Giant Head","floor":48,"turns":7},{"damage":54,"enemies":"Donu and Deca","floor":50,"turns":7},{"damage":40,"enemies":"Shield and Spear","floor":54,"turns":8},{"damage":55,"enemies":"The Heart","floor":55,"turns":5}],"seed_played":"-8433753038161847149","potions_obtained":[{"floor":2.0,"key":"Block Potion"},{"floor":3.0,"key":"PowerPotion"},{"floor":4.0,"key":"Poison Potion"},{"floor":10.0,"key":"EssenceOfSteel"},{"floor":22.0,"key":"EssenceOfSteel"},{"floor":29.0,"key":"BlessingOfTheForge"},{"floor":31.0,"key":"ColorlessPotion"},{"floor":33.0,"key":"Dexterity Potion"},{"floor":35.0,"key":"DistilledChaos"},{"floor":42,"key":"SteroidPotion"},{"floor":45,"key":"Regen Potion"},{"floor":48,"key":"SkillPotion"}],"is_trial":false,"path_per_floor":["M","M","M","M","M","R","E","M","T","M","M","R","$","M","R","B",null,"M","?","$","?","M","R","E","R","T","R","?","E","R","M","R","B",null,"M","M","?","$","M","E","R","M","T","R","M","E","?","E","R","B",null,"R","$","E","B"],"character_chosen":"THE_SILENT","items_purchased":["Noxious Fumes","Medical Kit","Backflip","Acrobatics","DuplicationPotion"],"campfire_rested":0,"item_purchase_floors":[13,13,20,53,53],"current_hp_per_floor":[58,58,58,44,44,44,34,31,31,31,26,26,26,25,25,25,56,56,56,56,66,65,65,65,65,65,65,65,30,30,40,40,21,55,66,66,66,66,66,66,66,36,36,36,41,64,54,66,66,25,56,56,56,31,0,0],"gold":27,"neow_bonus":"RANDOM_COLORLESS","is_daily":false,"chose_seed":false,"campfire_upgraded":11,"win_rate":0.0,"timestamp":1610451634,"path_taken":["M","M","M","M","M","R","E","M","T","?","M","R","$","M","R","BOSS","M","?","$","?","?","R","E","R","T","R","?","E","R","M","R","BOSS","M","M","?","$","?","E","R","M","T","R","M","E","?","E","R","BOSS","R","$","E","BOSS"],"items_purchased_type":["Card","Relic","Card","Card","Potion"],"build_version":"2020-12-22","purchased_purges":3,"victory":false,"max_hp_per_floor":[66,66,66,66,66,66,66,66,66,66,66,66,66,66,66,66,66,66,66,66,66,66,66,66,66,66,66,66,66,66,66,66,66,66,66,66,66,66,66,66,66,66,66,66,66,66,66,66,66,66,66,66,66,66,66,66],"card_choices":[{"not_picked":["Discovery","PanicButton"],"picked":"Dramatic Entrance","floor":0.0},{"not_picked":["Escape Plan","Acrobatics"],"picked":"Flying Knee","floor":1.0},{"not_picked":["Catalyst","Blade Dance"],"picked":"Deflect","floor":2.0},{"not_picked":["Flechettes","Deflect"],"picked":"Deadly Poison","floor":3.0},{"not_picked":["Quick Slash","Setup"],"picked":"Glass Knife","floor":4.0},{"not_picked":["Outmaneuver","Dagger Throw"],"picked":"Dash","floor":5.0},{"not_picked":["Grand Finale","Storm of Steel"],"picked":"Deflect","floor":7.0},{"not_picked":["Cloak And Dagger","Dodge and Roll"],"picked":"Footwork","floor":8.0},{"not_picked":["Deflect","Quick Slash"],"picked":"PiercingWail","floor":10.0},{"not_picked":["Expertise","Endless Agony"],"picked":"Blur","floor":11.0},{"not_picked":["Caltrops","Flying Knee"],"picked":"Quick Slash","floor":14.0},{"not_picked":["A Thousand Cuts","Envenom"],"picked":"Venomology","floor":16.0},{"not_picked":["Underhanded Strike","Quick Slash","Masterful Stab"],"picked":"SKIP","floor":18.0},{"not_picked":["Outmaneuver","Cloak And Dagger"],"picked":"Dagger Throw","floor":22.0},{"not_picked":["Concentrate","Outmaneuver"],"picked":"Poisoned Stab","floor":24.0},{"not_picked":["Dagger Spray","Quick Slash"],"picked":"Night Terror","floor":29.0},{"not_picked":["Dodge and Roll","Setup"],"picked":"Escape Plan+1","floor":31.0},{"not_picked":["Doppelganger","Phantasmal Killer"],"picked":"After Image","floor":33.0},{"not_picked":["Deadly Poison","Bane","Skewer"],"picked":"SKIP","floor":35.0},{"not_picked":["Predator","Deadly Poison","Dagger Spray"],"picked":"SKIP","floor":36.0},{"not_picked":["Caltrops+1","Sucker Punch"],"picked":"Noxious Fumes","floor":39.0},{"not_picked":["Deflect","Setup","Sucker Punch+1"],"picked":"SKIP","floor":40.0},{"not_picked":["Poisoned Stab","Blade Dance","Skewer+1"],"picked":"SKIP","floor":42},{"not_picked":["Expertise+1","Prepared"],"picked":"Venomology","floor":45},{"not_picked":["Flying Knee+1","Deadly Poison","Distraction"],"picked":"SKIP","floor":46},{"not_picked":["PanicButton","Purity"],"picked":"Flash of Steel","floor":47},{"not_picked":["Noxious Fumes","Tactician"],"picked":"Outmaneuver+1","floor":48},{"not_picked":["Cloak And Dagger","Flying Knee+1"],"picked":"Dodge and Roll","floor":54}],"player_experience":694134,"relics_obtained":[{"floor":7.0,"key":"Art of War"},{"floor":9.0,"key":"InkBottle"},{"floor":24.0,"key":"Toy Ornithopter"},{"floor":26.0,"key":"Kunai"},{"floor":29.0,"key":"Letter Opener"},{"floor":40.0,"key":"Bag of Marbles"},{"floor":46,"key":"Regal Pillow"},{"floor":48,"key":"Centennial Puzzle"},{"floor":54,"key":"Oddly Smooth Stone"}],"event_choices":[{"damage_healed":0.0,"max_hp_gain":0.0,"max_hp_loss":0.0,"gold_gain":0.0,"event_name":"The Mausoleum","player_choice":"Ignored","floor":19.0,"gold_loss":0.0,"damage_taken":0.0},{"damage_healed":10.0,"max_hp_gain":0.0,"max_hp_loss":0.0,"gold_gain":0.0,"event_name":"Wheel of Change","player_choice":"Full Heal","floor":21.0,"gold_loss":0.0,"damage_taken":0.0},{"damage_healed":0.0,"max_hp_gain":0.0,"max_hp_loss":0.0,"gold_gain":0.0,"event_name":"The Library","player_choice":"Read","floor":28.0,"gold_loss":0.0,"damage_taken":0.0,"cards_obtained":["Catalyst"]},{"damage_healed":0.0,"max_hp_gain":0.0,"max_hp_loss":0.0,"gold_gain":0.0,"event_name":"Lab","player_choice":"Got Potions","floor":37.0,"gold_loss":0.0,"damage_taken":0.0},{"damage_healed":0,"gold_gain":0,"player_choice":"Memory 3","damage_taken":10,"max_hp_gain":0,"max_hp_loss":0,"event_name":"SensoryStone","floor":47,"gold_loss":0}],"is_beta":false,"boss_relics":[{"not_picked":["Runic Pyramid","Velvet Choker"],"picked":"Philosopher\u0027s Stone"},{"not_picked":["Sozu","Tiny House"],"picked":"SacredBark"}],"items_purged_floors":[20,38,53],"is_endless":false,"potions_floor_spawned":[2,3,4,10,22,29,31,33,35,42,45,48],"killed_by":"The Heart","ascension_level":15}}