{"host":"hwgw78dblb98i0ci","time":1610416334,"event":{"mods":["BaseMod","Better Note","Better Third Choice","Hubris","Minty Spire (QoL Compilation)","StSLib","The Cursed","The Marked"],"gold_per_floor":[119,79,97,109,125,125,143,174,174,174,202,217,217,234,234,338,338,351,351,366,141,66,92,92,120,120,120,120,139,153,153,153,255,255,266,266,266,266,319,319,352,352,352,372,391,50,70,82,82,82,82],"floor_reached":50,"playtime":4427,"items_purged":["theMarked:Defend","theMarked:Electrify+1"],"score":626,"play_id":"7ecd48e2-da46-40f6-a965-c914d7f690c6","local_time":"20210111205214","is_ascension_mode":true,"campfire_choices":[{"data":"theMarked:SoldierOfQuellstein","floor":6.0,"key":"SMITH"},{"data":"theMarked:StartUp","floor":10.0,"key":"SMITH"},{"data":"theMarked:Electrify","floor":15.0,"key":"SMITH"},{"data":"theMarked:Challenge","floor":28.0,"key":"SMITH"},{"floor":32.0,"key":"REST"},{"floor":40,"key":"REST"},{"data":"theMarked:Levitate","floor":42,"key":"SMITH"},{"floor":49,"key":"REST"}],"circlet_count":0,"master_deck":["theMarked:Strike+1","theMarked:Defend","theMarked:Defend+1","theMarked:SoldierOfQuellstein+1","theMarked:SuspiciousRaven","theMarked:StartUp+1","theMarked:Overcharge","theMarked:Challenge+1","theMarked:Opportunist","theMarked:Levitate+1","theMarked:Improvise+1","theMarked:GodGivenPower+1","theMarked:ReduceFriction+1","Finesse+1","theMarked:EnhanceMovement+1"],"relics":["theMarked:ArtifactOfAir","WingedGreaves","Mercury Hourglass","hubris:SlimyHat","Cursed Key","ClockworkSouvenir","hubris:MedicalManual","Toxic Egg 2","TungstenRod","SlaversCollar","hubris:Towel","StoneCalendar","Omamori","hubris:SphereOfDissonance","hubris:DeckOfHolding"],"acts_visited":["Exordium","TheCity","TheBeyond"],"potions_floor_usage":[33,33,33,33,41,45,48,50],"damage_taken":[{"damage":2.0,"enemies":"Small Slimes","floor":1.0,"turns":3.0},{"damage":1.0,"enemies":"Cultist","floor":3.0,"turns":3.0},{"damage":1.0,"enemies":"Jaw Worm","floor":4.0,"turns":5.0},{"damage":4.0,"enemies":"Large Slime","floor":5.0,"turns":7.0},{"damage":0.0,"enemies":"Lots of Slimes","floor":7.0,"turns":4.0},{"damage":2.0,"enemies":"Lagavulin","floor":8.0,"turns":5.0},{"damage":2.0,"enemies":"3 Sentries","floor":11.0,"turns":5.0},{"damage":0.0,"enemies":"2 Fungi Beasts","floor":12.0,"turns":2.0},{"damage":0.0,"enemies":"3 Louse","floor":14.0,"turns":2.0},{"damage":9.0,"enemies":"Slime Boss","floor":16.0,"turns":9.0},{"damage":8.0,"enemies":"Shell Parasite","floor":18.0,"turns":4.0},{"damage":8.0,"enemies":"3 Byrds","floor":20.0,"turns":3.0},{"damage":5.0,"enemies":"Book of Stabbing","floor":23.0,"turns":5.0},{"damage":0.0,"enemies":"Gremlin Leader","floor":25.0,"turns":4.0},{"damage":0.0,"enemies":"Cultist and Chosen","floor":29.0,"turns":4.0},{"damage":0.0,"enemies":"Snecko","floor":30.0,"turns":3.0},{"damage":4,"enemies":"Automaton","floor":33,"turns":11},{"damage":0,"enemies":"3 Shapes","floor":35,"turns":3},{"damage":66,"enemies":"2 Orb Walkers","floor":39,"turns":5},{"damage":5,"enemies":"Reptomancer","floor":41,"turns":6},{"damage":4,"enemies":"Orb Walker","floor":44,"turns":2},{"damage":9,"enemies":"Maw","floor":45,"turns":6},{"damage":0,"enemies":"Sphere and 2 Shapes","floor":47,"turns":4},{"damage":0,"enemies":"Jaw Worm Horde","floor":48,"turns":2},{"damage":33,"enemies":"hubris:GrandSnecko","floor":50,"turns":11}],"seed_played":"5179850986159180535","potions_obtained":[{"floor":2.0,"key":"Fire Potion"},{"floor":2.0,"key":"Weak Potion"},{"floor":2.0,"key":"Fruit Juice"},{"floor":3.0,"key":"FairyPotion"},{"floor":4.0,"key":"Fire Potion"},{"floor":5.0,"key":"SpeedPotion"},{"floor":16.0,"key":"Explosive Potion"},{"floor":18.0,"key":"Ancient Potion"},{"floor":20.0,"key":"SpeedPotion"},{"floor":39,"key":"Weak Potion"},{"floor":45,"key":"AttackPotion"},{"floor":48,"key":"Swift Potion"}],"is_trial":false,"path_per_floor":["M","?","M","M","M","R","M","E","T","R","E","M","?","M","R","B",null,"M","?","M","$","?","E","?","E","T","$","R","M","M","T","R","B",null,"M","?","?","T","?","R","E","R","T","M","M","$","M","M","R","B"],"character_chosen":"THE_DEFAULT","items_purchased":["ClockworkSouvenir","TungstenRod","EntropicBrew","hubris:DeckOfHolding","Finesse+1"],"campfire_rested":3,"item_purchase_floors":[21,27,27,46,46],"current_hp_per_floor":[47,52,51,50,46,46,46,44,44,44,42,42,27,27,27,18,75,67,67,59,59,59,54,54,54,54,24,24,24,24,24,46,42,75,75,71,71,71,5,27,22,22,22,18,9,9,9,9,31,0,0],"gold":82,"neow_bonus":"REMOVE_TWO","is_daily":false,"chose_seed":false,"campfire_upgraded":5,"win_rate":0.0,"timestamp":1610416334,"path_taken":["M","?","M","M","M","R","?","E","T","R","E","?","?","M","R","BOSS","M","?","?","$","?","E","?","E","T","?","R","?","M","?","R","BOSS","M","?","?","?","?","R","E","R","T","M","M","$","M","M","R","BOSS"],"items_purchased_type":["Relic","Relic","Potion","Relic","Card"],"build_version":"2020-12-22","purchased_purges":2,"victory":false,"max_hp_per_floor":[70,75,75,75,75,75,75,75,75,75,75,75,75,75,75,75,75,75,75,75,75,75,75,75,75,75,75,75,75,75,75,75,75,75,75,75,75,75,75,75,75,75,75,75,75,75,75,75,75,75,75],"card_choices":[{"not_picked":["theMarked:HeightenedSenses","theMarked:Frustration","theMarked:PowerFlow"],"picked":"SKIP","floor":1.0},{"not_picked":["theMarked:MaelstromOfLightning","theMarked:ElectricStrings","theMarked:Parry"],"picked":"SKIP","floor":3.0},{"not_picked":["theMarked:WastefulAttack","theMarked:Aftermath","theMarked:HeightenedSenses"],"picked":"SKIP","floor":4.0},{"not_picked":["theMarked:MaelstromOfLightning","theMarked:BanishingStrike"],"picked":"theMarked:SuspiciousRaven","floor":5.0},{"not_picked":["theMarked:SwordAndMagic","theMarked:TwofoldDefense"],"picked":"theMarked:StartUp","floor":7.0},{"not_picked":["theMarked:Parry","theMarked:ShockingTouch","theMarked:DeterminationOfTheMarked"],"picked":"SKIP","floor":8.0},{"not_picked":["theMarked:WastefulAttack","theMarked:EmpowerWeapon"],"picked":"theMarked:Electrify","floor":11.0},{"not_picked":["theMarked:Indomitable","theMarked:PowerFlow","theMarked:WastefulAttack"],"picked":"SKIP","floor":12.0},{"not_picked":["theMarked:DeterminationOfTheMarked","theMarked:RepellingDischarge"],"picked":"theMarked:Overcharge","floor":14.0},{"not_picked":["theMarked:TakeOffHeels","theMarked:Abjuration"],"picked":"theMarked:Challenge","floor":16.0},{"not_picked":["theMarked:ElementalBlade+1","theMarked:Standoff"],"picked":"theMarked:Opportunist","floor":18.0},{"not_picked":["theMarked:WastefulDefense+1","theMarked:Seal+1","theMarked:LightningStrikesTwice"],"picked":"SKIP","floor":20.0},{"not_picked":["theMarked:EmpowerWeapon","theMarked:ChainLightning","theMarked:ShockingTouch"],"picked":"SKIP","floor":23.0},{"not_picked":["theMarked:ElectricStrings","theMarked:EmpowerWeapon+1"],"picked":"theMarked:Improvise+1","floor":25.0},{"not_picked":["theMarked:HeightenedSenses+1","theMarked:RepellingDischarge+1","theMarked:MagicAdept"],"picked":"SKIP","floor":29.0},{"not_picked":["theMarked:Improvise+1","theMarked:DeterminationOfTheMarked","theMarked:ResourceFulStrike"],"picked":"SKIP","floor":30.0},{"not_picked":["theMarked:StartUp","theMarked:Electrocute+1"],"picked":"theMarked:GodGivenPower+1","floor":35},{"not_picked":["theMarked:Improvise+1","theMarked:ShockingTouch","theMarked:TakeCover+1"],"picked":"SKIP","floor":41},{"not_picked":["theMarked:PowerFlow+1","theMarked:WastefulAttack"],"picked":"theMarked:ReduceFriction+1","floor":44},{"not_picked":["theMarked:Electrify+1","theMarked:ChainLightning","theMarked:Panic+1"],"picked":"SKIP","floor":45},{"not_picked":["theMarked:Frustration+1","theMarked:Overcharge+1","theMarked:WastefulDefense+1"],"picked":"SKIP","floor":47},{"not_picked":["theMarked:Indomitable+1","theMarked:BindingBlade+1"],"picked":"theMarked:EnhanceMovement+1","floor":48}],"player_experience":233340,"relics_obtained":[{"floor":8.0,"key":"WingedGreaves"},{"floor":9.0,"key":"Mercury Hourglass"},{"floor":11.0,"key":"hubris:SlimyHat"},{"floor":23.0,"key":"hubris:MedicalManual"},{"floor":25.0,"key":"Toxic Egg 2"},{"floor":39,"key":"StoneCalendar"},{"floor":41,"key":"Omamori"},{"floor":43,"key":"hubris:SphereOfDissonance"}],"event_choices":[{"damage_healed":0.0,"max_hp_gain":0.0,"max_hp_loss":0.0,"gold_gain":0.0,"event_name":"The Woman in Blue","player_choice":"Bought 3 Potions","floor":2.0,"gold_loss":0.0,"damage_taken":0.0},{"damage_healed":42.0,"max_hp_gain":0.0,"max_hp_loss":75.0,"gold_gain":0.0,"event_name":"betterThird:BetterShining","player_choice":"Upgrade","floor":13.0,"gold_loss":0.0,"damage_taken":15.0,"cards_upgraded":["theMarked:Defend","theMarked:Strike"]},{"damage_healed":0.0,"max_hp_gain":0.0,"max_hp_loss":0.0,"gold_gain":0.0,"cards_transformed":["theMarked:Strike"],"event_name":"Transmorgrifier","player_choice":"Transformed","floor":19.0,"gold_loss":0.0,"damage_taken":0.0,"cards_obtained":["theMarked:Levitate"]},{"cards_removed":["theMarked:Defend"],"damage_healed":0.0,"max_hp_gain":0.0,"max_hp_loss":0.0,"gold_gain":0.0,"event_name":"Beggar","player_choice":"Gave Gold","floor":22.0,"gold_loss":75.0,"damage_taken":0.0},{"cards_removed":["theMarked:Strike"],"damage_healed":0.0,"max_hp_gain":0.0,"max_hp_loss":0.0,"gold_gain":0.0,"event_name":"betterThird:BetterWriting","player_choice":"Elegance","floor":24.0,"gold_loss":0.0,"damage_taken":0.0},{"damage_healed":0,"gold_gain":0,"player_choice":"Memory 2","damage_taken":5,"max_hp_gain":0,"max_hp_loss":0,"event_name":"SensoryStone","floor":36,"gold_loss":0},{"damage_healed":0,"gold_gain":0,"player_choice":"Fight","damage_taken":0,"max_hp_gain":0,"max_hp_loss":0,"event_name":"Mysterious Sphere","floor":39,"gold_loss":0}],"is_beta":false,"boss_relics":[{"not_picked":["Runic Dome","SacredBark"],"picked":"Cursed Key"},{"not_picked":["Snecko Eye","Black Star"],"picked":"SlaversCollar"}],"items_purged_floors":[21,27],"is_endless":false,"potions_floor_spawned":[3,4,5,16,18,20,29,39,45,48],"killed_by":"hubris:GrandSnecko","ascension_level":1}}