{"host":"bhbf7zxbh2qxgvbr","time":1610469871,"event":{"mods":["BaseMod","Chen","Friendly Minions","Marisa£®ÏF”Í°°ƒß¿Ì…≥£©","Minty Spire (QoL Compilation)","Quick Restart","Reimu£®≤©¿ˆ¡È√Œ£©","Remilia£®¿Ÿ√◊¿Ú—«£©","StSLib","The Administrix","The Servant 0.9.4","Youmu£®ªÍ∆«—˝√Œ£©","vexMod"],"gold_per_floor":[114,114,189,206,156,156,185,185,212,243,262,288,305,318,318,420,420,420,420,271,271,271,271,186,186,186,186,186,186,186,186,186,186,186,186,186,186,17,17,17,17,17,17,17,17,17,17,17,17,17],"floor_reached":51,"playtime":3323,"items_purged":["Strike_MRS","Defend_MRS"],"score":962,"play_id":"00d719d8-4597-4ee9-8910-744a5f35042d","local_time":"20210113004431","is_ascension_mode":true,"campfire_choices":[{"data":"GrandCross","floor":6.0,"key":"SMITH"},{"data":"MasterSpark","floor":8.0,"key":"SMITH"},{"data":"AsteroidBelt","floor":15.0,"key":"SMITH"},{"floor":30.0,"key":"REST"},{"data":"BlazeAway","floor":32.0,"key":"SMITH"},{"floor":45,"key":"REST"},{"data":"AbsoluteMagnitude","floor":49,"key":"SMITH"}],"circlet_count":0,"master_deck":["Strike_MRS","Strike_MRS","Defend_MRS+1","MasterSpark+1","UpSweep","GrandCross+1","AsteroidBelt+1","AlicesGift","AsteroidBelt","AbsoluteMagnitude+1","EnergyFlow","GrandCross","OortCloud","PulseMagic","AsteroidBelt+1","BlazeAway+1","RitualDagger","MagicChant+1","ChargingUp+1","GalacticHalo+1","OortCloud","Decay","GalacticHalo+1"],"relics":["MiniHakkero","NeowsBlessing","Potion Belt","Bag of Marbles","vexMod:FocusSash","Pear","Ectoplasm","War Paint","MealTicket","Bottled Flame","RuthlessExorcism:ReiMu","Gremlin Horn","Orichalcum","vexMod:RockOfEvil","TungstenRod","Question Card","Ancient Tea Set","Vajra","Lantern"],"acts_visited":["Exordium","TheCity","TheBeyond"],"potions_floor_usage":[40,42,47,50],"damage_taken":[{"damage":0.0,"enemies":"Jaw Worm","floor":1.0,"turns":1.0},{"damage":0.0,"enemies":"Small Slimes","floor":4.0,"turns":1.0},{"damage":0.0,"enemies":"3 Sentries","floor":7.0,"turns":2.0},{"damage":14.0,"enemies":"Gremlin Nob","floor":10.0,"turns":3.0},{"damage":0.0,"enemies":"2 Louse","floor":11.0,"turns":2.0},{"damage":23.0,"enemies":"Lagavulin","floor":12.0,"turns":6.0},{"damage":0.0,"enemies":"Exordium Wildlife","floor":13.0,"turns":3.0},{"damage":8.0,"enemies":"Blue Slaver","floor":14.0,"turns":3.0},{"damage":24.0,"enemies":"The Guardian","floor":16.0,"turns":9.0},{"damage":0.0,"enemies":"3 Byrds","floor":18.0,"turns":6.0},{"damage":1.0,"enemies":"Shell Parasite","floor":19.0,"turns":4.0},{"damage":0.0,"enemies":"3 Cultists","floor":22.0,"turns":5.0},{"damage":26.0,"enemies":"Slavers","floor":23.0,"turns":6.0},{"damage":3.0,"enemies":"Book of Stabbing","floor":25.0,"turns":6.0},{"damage":23.0,"enemies":"Slavers","floor":27.0,"turns":5.0},{"damage":0.0,"enemies":"Gremlin Leader","floor":31.0,"turns":4.0},{"damage":10.0,"enemies":"Automaton","floor":33.0,"turns":10.0},{"damage":6.0,"enemies":"3 Shapes","floor":35.0,"turns":4.0},{"damage":20.0,"enemies":"2 Orb Walkers","floor":37.0,"turns":3.0},{"damage":25,"enemies":"Nemesis","floor":40,"turns":5},{"damage":0,"enemies":"Orb Walker","floor":41,"turns":2},{"damage":42,"enemies":"Transient","floor":42,"turns":5},{"damage":4,"enemies":"Giant Head","floor":44,"turns":6},{"damage":9,"enemies":"Reptomancer","floor":47,"turns":4},{"damage":28,"enemies":"Awakened One","floor":50,"turns":8}],"seed_played":"260598234956863489","potions_obtained":[{"floor":1.0,"key":"Swift Potion"},{"floor":4.0,"key":"Energy Potion"},{"floor":7.0,"key":"LiquidBronze"},{"floor":13.0,"key":"SpeedPotion"},{"floor":14.0,"key":"Strength Potion"},{"floor":18.0,"key":"SneckoOil"},{"floor":19.0,"key":"EssenceOfSteel"},{"floor":25.0,"key":"Block Potion"},{"floor":27.0,"key":"SpeedPotion"},{"floor":37.0,"key":"StarNLove"},{"floor":40,"key":"SkillPotion"},{"floor":42,"key":"SpeedPotion"},{"floor":47,"key":"ZuzhouPotion:ReiMu"}],"is_trial":false,"path_per_floor":["M","?","?","M","?","R","E","R","T","E","M","E","M","M","R","B",null,"M","M","$","?","M","E","?","E","T","E","?","?","R","E","R","B",null,"M","?","?","$","?","E","M","M","T","E","R","?","E","$","R","B",null],"character_chosen":"MARISA","items_purchased":["OortCloud","OortCloud"],"campfire_rested":2,"item_purchase_floors":[20,38],"current_hp_per_floor":[75,75,64,64,64,64,64,64,64,50,50,37,37,29,29,5,85,85,84,84,68,68,42,42,39,39,16,10,10,37,37,37,27,90,84,84,64,79,79,54,54,12,12,8,35,35,26,41,41,13],"gold":17,"neow_bonus":"THREE_ENEMY_KILL","is_daily":false,"chose_seed":false,"campfire_upgraded":5,"win_rate":0.0,"timestamp":1610469871,"path_taken":["M","?","?","M","?","R","E","R","T","E","M","E","M","?","R","BOSS","M","M","$","?","M","E","?","E","T","E","?","?","R","E","R","BOSS","M","?","?","$","?","E","M","?","T","E","R","?","E","$","R","BOSS"],"items_purchased_type":["Card","Card"],"build_version":"2020-12-22","purchased_purges":2,"victory":true,"max_hp_per_floor":[75,75,75,75,75,75,75,75,75,75,75,85,85,85,85,85,85,85,85,85,90,90,90,90,90,90,90,90,90,90,90,90,90,90,90,90,90,90,90,90,90,90,90,90,90,85,85,85,85,85],"card_choices":[{"not_picked":["EnergyRecoil","WitchOfGreed","ManaConvection"],"picked":"SKIP","floor":1.0},{"not_picked":["NonDirectionalLaser","BlazeAway"],"picked":"GrandCross","floor":4.0},{"not_picked":["ShootingEcho","WitchOfGreed","MaximisePower"],"picked":"SKIP","floor":7.0},{"not_picked":["MilkyWay","6A"],"picked":"AsteroidBelt","floor":10.0},{"not_picked":["MilkyWay","MeteoricShower","PowerUp"],"picked":"SKIP","floor":11.0},{"not_picked":["JA","CollectingQuirk"],"picked":"AlicesGift","floor":12.0},{"not_picked":["StarlightTyphoon","UnstableBomb","Acceleration"],"picked":"SKIP","floor":13.0},{"not_picked":["DarkSpark","IllusionStar"],"picked":"AsteroidBelt","floor":14.0},{"not_picked":["StarDustReverie","JA"],"picked":"AbsoluteMagnitude","floor":16.0},{"not_picked":["DragonMeteor","NonDirectionalLaser"],"picked":"EnergyFlow","floor":18.0},{"not_picked":["IllusionStar","Acceleration"],"picked":"GrandCross","floor":19.0},{"not_picked":["UnstableBomb","6A"],"picked":"PulseMagic","floor":22.0},{"not_picked":["DarkMatter","IllusionStar"],"picked":"AsteroidBelt+1","floor":23.0},{"not_picked":["PowerUp","FairyDestructionRay"],"picked":"BlazeAway","floor":25.0},{"not_picked":["MachineGunSpark","MilkyWay","BinaryStars"],"picked":"SKIP","floor":27.0},{"not_picked":["WitchOfGreed","EventHorizon"],"picked":"MagicChant+1","floor":31.0},{"not_picked":["NonDirectionalLaser+1","WitchOfGreed"],"picked":"ChargingUp+1","floor":35.0},{"not_picked":["GrandCross+1","AlicesGift"],"picked":"GalacticHalo+1","floor":37.0},{"not_picked":["StarDustReverie","MysteriousBeam+1","UnstableBomb+1"],"picked":"SKIP","floor":40},{"not_picked":["DC+1","LuminesStrike","AsteroidBelt+1"],"picked":"GalacticHalo+1","floor":41},{"not_picked":["SporeBomb","Acceleration+1","DoubleSpark+1","AsteroidBelt"],"picked":"SKIP","floor":42},{"not_picked":["StarDustReverie","GrandCross+1","6A+1","WitchOfGreed+1"],"picked":"SKIP","floor":44},{"not_picked":["EnergyRecoil+1","GalacticHalo+1","DragonMeteor+1","MilkyWay+1"],"picked":"SKIP","floor":47}],"player_experience":364741,"relics_obtained":[{"floor":7.0,"key":"Potion Belt"},{"floor":9.0,"key":"Bag of Marbles"},{"floor":10.0,"key":"vexMod:FocusSash"},{"floor":12.0,"key":"Pear"},{"floor":23.0,"key":"War Paint"},{"floor":25.0,"key":"Bottled Flame"},{"floor":26.0,"key":"RuthlessExorcism:ReiMu"},{"floor":27.0,"key":"Gremlin Horn"},{"floor":31.0,"key":"Orichalcum"},{"floor":37.0,"key":"TungstenRod"},{"floor":40,"key":"Question Card"},{"floor":43,"key":"Ancient Tea Set"},{"floor":44,"key":"Vajra"},{"floor":47,"key":"Lantern"}],"event_choices":[{"cards_removed":["Strike_MRS"],"damage_healed":0.0,"max_hp_gain":0.0,"max_hp_loss":0.0,"gold_gain":0.0,"event_name":"Living Wall","player_choice":"Forget","floor":2.0,"gold_loss":0.0,"damage_taken":0.0},{"damage_healed":0.0,"max_hp_gain":0.0,"max_hp_loss":0.0,"gold_gain":75.0,"event_name":"World of Goop","player_choice":"Gather Gold","floor":3.0,"gold_loss":0.0,"damage_taken":11.0},{"cards_removed":["Defend_MRS"],"damage_healed":0.0,"max_hp_gain":0.0,"max_hp_loss":0.0,"gold_gain":0.0,"event_name":"The Cleric","player_choice":"Card Removal","floor":5.0,"gold_loss":50.0,"damage_taken":0.0},{"damage_healed":0.0,"max_hp_gain":5.0,"max_hp_loss":0.0,"gold_gain":0.0,"event_name":"Forgotten Altar","player_choice":"Shed Blood","floor":21.0,"gold_loss":0.0,"damage_taken":21.0},{"damage_healed":0.0,"max_hp_gain":0.0,"max_hp_loss":0.0,"gold_gain":0.0,"event_name":"Addict","player_choice":"Obtained Relic","floor":24.0,"gold_loss":85.0,"damage_taken":0.0,"relics_obtained":["MealTicket"]},{"damage_healed":0.0,"max_hp_gain":0.0,"max_hp_loss":0.0,"gold_gain":0.0,"event_name":"Nest","player_choice":"Joined the Cult","floor":28.0,"gold_loss":0.0,"damage_taken":6.0,"cards_obtained":["RitualDagger"]},{"damage_healed":0.0,"max_hp_gain":0.0,"max_hp_loss":0.0,"gold_gain":0.0,"event_name":"Cursed Tome","player_choice":"Ignored","floor":29.0,"gold_loss":0.0,"damage_taken":0.0},{"cards_removed":["Defend_MRS"],"damage_healed":0.0,"max_hp_gain":0.0,"max_hp_loss":0.0,"gold_gain":0.0,"event_name":"Falling","player_choice":"Removed Skill","floor":36.0,"gold_loss":0.0,"damage_taken":0.0},{"damage_healed":0.0,"max_hp_gain":0.0,"max_hp_loss":0.0,"gold_gain":0.0,"event_name":"Mysterious Sphere","player_choice":"Fight","floor":37.0,"gold_loss":0.0,"damage_taken":0.0},{"damage_healed":0,"gold_gain":0,"player_choice":"Cursed","damage_taken":0,"max_hp_gain":0,"max_hp_loss":0,"event_name":"Wheel of Change","floor":39,"gold_loss":0,"cards_obtained":["Decay"]},{"damage_healed":0,"gold_gain":0,"player_choice":"Max HP","damage_taken":0,"max_hp_gain":0,"max_hp_loss":5,"event_name":"Winding Halls","floor":46,"gold_loss":0}],"is_beta":false,"boss_relics":[{"not_picked":["Fusion Hammer","vexMod:MysteryBossChallenge"],"picked":"Ectoplasm"},{"not_picked":["RedLine:ReiMu","Coffee Dripper"],"picked":"vexMod:RockOfEvil"}],"items_purged_floors":[20,38],"is_endless":false,"potions_floor_spawned":[1,4,7,13,14,18,19,25,27,31,37,40,42,47],"ascension_level":2}}