{"host":"yn1175etg9ni8l0q","time":1610483743,"event":{"mods":["AchievementEnabler","BaseMod","Colored Map","Colored Powertips","DeckTracker","Minty Spire (QoL Compilation)","Rare Cards Sparkle","Relic Stats","SuperFastMode","everything is the same but u backflip on backflip"],"gold_per_floor":[116,191,191,116,133,133,159,176,176,176,195,213,163,181,181,276,276,290,34,34,48,62,62,78,78,78,95,95,18,35,51,51,152,152,172,172,172,189,204,204,231,248,328,363,363,413,124,142,142,142,142,142,3,28,28],"floor_reached":56,"language":"KOR","playtime":2608,"items_purged":["Shame","Strike_G","Strike_G"],"score":1236,"play_id":"f099ee6f-04c7-42a6-84f5-b9b33b95e718","local_time":"20210113053543","is_ascension_mode":false,"campfire_choices":[{"data":"Apotheosis","floor":6.0,"key":"SMITH"},{"data":"Footwork","floor":10.0,"key":"SMITH"},{"floor":15.0,"key":"REST"},{"data":"Neutralize","floor":23,"key":"SMITH"},{"floor":25,"key":"REST"},{"floor":32,"key":"REST"},{"floor":40,"key":"REST"},{"floor":45,"key":"REST"},{"floor":49,"key":"RECALL"},{"data":"Accuracy","floor":52,"key":"SMITH"}],"circlet_count":0,"master_deck":["Strike_G","Strike_G","Defend_G","Defend_G","Defend_G","Defend_G","Defend_G","Survivor","Neutralize+1","Apotheosis+1","Dagger Throw","Footwork+1","Sucker Punch+1","Acrobatics","Flechettes+1","After Image+1","Blade Dance+1","Choke+1","Blade Dance+1","Backflip","Blur+1","Phantasmal Killer","Prepared+1","Accuracy+1","Leg Sweep+1","Panacea","Flash of Steel+1","Reflex+1","Terror","Malaise","Calculated Gamble","Backflip+1"],"relics":["Ring of the Snake","Paper Crane","Molten Egg 2","SlaversCollar","Orrery","Pantograph","HoveringKite","Lantern","Toy Ornithopter","Thread and Needle","Membership Card","Chemical X","Torii"],"acts_visited":["Exordium","TheCity","TheBeyond","TheEnding"],"potions_floor_usage":[44,55,55,55],"damage_taken":[{"damage":0.0,"enemies":"Jaw Worm","floor":1.0,"turns":5.0},{"damage":0.0,"enemies":"Small Slimes","floor":5.0,"turns":3.0},{"damage":33.0,"enemies":"3 Sentries","floor":7.0,"turns":14.0},{"damage":1.0,"enemies":"Cultist","floor":8.0,"turns":3.0},{"damage":2.0,"enemies":"Large Slime","floor":11.0,"turns":7.0},{"damage":2.0,"enemies":"Exordium Thugs","floor":12.0,"turns":5.0},{"damage":4.0,"enemies":"3 Louse","floor":14.0,"turns":4.0},{"damage":17.0,"enemies":"Slime Boss","floor":16.0,"turns":18.0},{"damage":8.0,"enemies":"Spheric Guardian","floor":18.0,"turns":6.0},{"damage":2,"enemies":"Shell Parasite","floor":21,"turns":5},{"damage":20,"enemies":"3 Cultists","floor":22,"turns":7},{"damage":2,"enemies":"Shelled Parasite and Fungi","floor":24,"turns":7},{"damage":3,"enemies":"Snake Plant","floor":27,"turns":7},{"damage":5,"enemies":"Centurion and Healer","floor":30,"turns":7},{"damage":9,"enemies":"Shelled Parasite and Fungi","floor":31,"turns":7},{"damage":19,"enemies":"Automaton","floor":33,"turns":10},{"damage":13,"enemies":"3 Shapes","floor":35,"turns":4},{"damage":17,"enemies":"3 Darklings","floor":38,"turns":7},{"damage":0,"enemies":"Maw","floor":39,"turns":9},{"damage":11,"enemies":"Nemesis","floor":41,"turns":9},{"damage":2,"enemies":"Spire Growth","floor":42,"turns":6},{"damage":16,"enemies":"Reptomancer","floor":44,"turns":6},{"damage":0,"enemies":"Mind Bloom Boss Battle","floor":46,"turns":6},{"damage":6,"enemies":"4 Shapes","floor":48,"turns":8},{"damage":59,"enemies":"Donu and Deca","floor":50,"turns":14},{"damage":45,"enemies":"Shield and Spear","floor":54,"turns":14},{"damage":0,"enemies":"The Heart","floor":55,"turns":8}],"seed_played":"-2614408940511785658","potions_obtained":[{"floor":1.0,"key":"BlessingOfTheForge"},{"floor":7.0,"key":"LiquidMemories"},{"floor":8.0,"key":"EssenceOfSteel"},{"floor":22,"key":"Block Potion"},{"floor":30,"key":"Poison Potion"},{"floor":31,"key":"Strength Potion"},{"floor":33,"key":"Energy Potion"},{"floor":46,"key":"PowerPotion"}],"is_trial":false,"path_per_floor":["M","?","?","$","M","R","E","M","T","R","M","M","?","M","R","B",null,"M","$","?","M","M","R","M","R","T","M","?","$","M","M","R","B",null,"M","?","?","M","M","R","E","M","T","E","R","?","$","M","R","B",null,"R","$","E","B",null],"character_chosen":"THE_SILENT","items_purchased":["Orrery","Phantasmal Killer","Membership Card","Malaise","Chemical X","Calculated Gamble","PowerPotion"],"campfire_rested":5,"item_purchase_floors":[19,29,47,47,53,53,53],"current_hp_per_floor":[70,59,59,59,59,59,26,25,25,25,23,21,21,17,38,21,70,62,62,62,60,40,40,38,59,59,56,56,56,51,42,63,51,70,57,47,47,30,30,51,40,38,38,22,43,68,68,62,62,11,70,70,70,25,65],"gold":28,"neow_bonus":"RANDOM_COLORLESS_2","is_daily":false,"chose_seed":false,"campfire_upgraded":4,"win_rate":0.0,"timestamp":1610483743,"path_taken":["M","?","?","$","M","R","E","M","T","R","M","M","?","M","R","BOSS","M","$","?","M","M","R","M","R","T","?","?","?","M","M","R","BOSS","M","?","?","M","M","R","E","M","T","E","R","?","$","M","R","BOSS","R","$","E","BOSS"],"items_purchased_type":["Relic","Card","Relic","Card","Relic","Card","Potion"],"build_version":"2020-12-22","purchased_purges":3,"victory":true,"max_hp_per_floor":[70,70,70,70,70,70,70,70,70,70,70,70,70,70,70,70,70,70,70,70,70,70,70,70,70,70,70,70,70,70,70,70,70,70,70,70,70,70,70,70,70,70,70,70,70,70,70,70,70,70,70,70,70,70,70],"relic_stats":{"Torii":0,"counters":[27,206],"Pantograph":65,"HoveringKite":[51],"Chemical X":[3],"obtain_stats":[{"Lantern":41,"Torii":54,"HoveringKite":34,"Thread and Needle":46,"Paper Crane":7,"SlaversCollar":17,"Pantograph":26,"Orrery":19,"Molten Egg 2":9,"Membership Card":47,"Chemical X":53,"Toy Ornithopter":44,"Ring of the Snake":0},{"Lantern":20,"Torii":26,"HoveringKite":16,"Thread and Needle":23,"Paper Crane":3,"SlaversCollar":8,"Pantograph":12,"Orrery":9,"Molten Egg 2":4,"Membership Card":23,"Chemical X":25,"Toy Ornithopter":22,"Ring of the Snake":0},{"Lantern":144,"Torii":198,"HoveringKite":115,"Thread and Needle":162,"Paper Crane":22,"SlaversCollar":59,"Pantograph":84,"Orrery":65,"Molten Egg 2":25,"Membership Card":162,"Chemical X":184,"Toy Ornithopter":156,"Ring of the Snake":0}],"Toy Ornithopter":15,"Ring of the Snake":[54]},"card_choices":[{"not_picked":["Metamorphosis","Chrysalis"],"picked":"Apotheosis","floor":0.0},{"not_picked":["Bane","Sucker Punch"],"picked":"Dagger Throw","floor":1.0},{"not_picked":["Outmaneuver","Dodge and Roll","Poisoned Stab"],"picked":"SKIP","floor":5.0},{"not_picked":["Endless Agony","Poisoned Stab","Deadly Poison"],"picked":"SKIP","floor":7.0},{"not_picked":["PiercingWail","Poisoned Stab"],"picked":"Footwork","floor":8.0},{"not_picked":["Underhanded Strike+1","Tactician"],"picked":"Sucker Punch+1","floor":11.0},{"not_picked":["Wraith Form v2","Infinite Blades"],"picked":"Acrobatics","floor":12.0},{"not_picked":["Deflect","Masterful Stab+1"],"picked":"Flechettes+1","floor":14.0},{"not_picked":["Unload+1","Corpse Explosion"],"picked":"After Image","floor":16.0},{"not_picked":["Deadly Poison","Bane+1","Concentrate+1"],"picked":"SKIP","floor":18.0},{"not_picked":["Catalyst","Prepared+1"],"picked":"Blade Dance+1","floor":19},{"not_picked":["Expertise+1","Flying Knee+1"],"picked":"Choke+1","floor":19},{"not_picked":["PiercingWail","Doppelganger"],"picked":"Blade Dance+1","floor":19},{"not_picked":["Choke+1","Acrobatics","Caltrops+1"],"picked":"SKIP","floor":21},{"not_picked":["Poisoned Stab+1","Deadly Poison"],"picked":"Backflip","floor":22},{"not_picked":["Dagger Throw+1","Expertise+1","Sucker Punch+1"],"picked":"SKIP","floor":24},{"not_picked":["Quick Slash+1","Poisoned Stab+1"],"picked":"Blur+1","floor":27},{"not_picked":["Eviscerate+1","Dagger Throw+1"],"picked":"Prepared+1","floor":30},{"not_picked":["Acrobatics","Poisoned Stab+1"],"picked":"Accuracy","floor":31},{"not_picked":["Deadly Poison+1","Sucker Punch+1"],"picked":"Leg Sweep+1","floor":35},{"not_picked":["Mind Blast+1","Madness"],"picked":"Panacea","floor":36},{"not_picked":["Jack Of All Trades","Sadistic Nature"],"picked":"Flash of Steel+1","floor":36},{"not_picked":["Flying Knee+1","PiercingWail","Distraction"],"picked":"SKIP","floor":38},{"not_picked":["Quick Slash+1","Underhanded Strike+1","Deadly Poison+1"],"picked":"SKIP","floor":39},{"not_picked":["Outmaneuver+1","Flying Knee+1"],"picked":"Reflex+1","floor":41},{"not_picked":["Heel Hook+1","All Out Attack+1","Predator+1"],"picked":"SKIP","floor":42},{"not_picked":["Eviscerate+1","Predator+1"],"picked":"Terror","floor":44},{"not_picked":["Predator+1","Backflip+1","Dagger Spray+1"],"picked":"SKIP","floor":48},{"not_picked":["Predator+1","Masterful Stab+1"],"picked":"Backflip+1","floor":54}],"player_experience":319389,"relics_obtained":[{"floor":7.0,"key":"Paper Crane"},{"floor":9.0,"key":"Molten Egg 2"},{"floor":26,"key":"Pantograph"},{"floor":41,"key":"Lantern"},{"floor":44,"key":"Toy Ornithopter"},{"floor":46,"key":"Thread and Needle"},{"floor":54,"key":"Torii"}],"event_choices":[{"damage_healed":0.0,"max_hp_gain":0.0,"max_hp_loss":0.0,"gold_gain":75.0,"event_name":"World of Goop","player_choice":"Gather Gold","floor":2.0,"gold_loss":0.0,"damage_taken":11.0},{"damage_healed":0.0,"max_hp_gain":0.0,"max_hp_loss":0.0,"gold_gain":0.0,"event_name":"Liars Game","player_choice":"Ignored","floor":3.0,"gold_loss":0.0,"damage_taken":0.0},{"cards_removed":["Strike_G"],"damage_healed":0.0,"max_hp_gain":0.0,"max_hp_loss":0.0,"gold_gain":0.0,"event_name":"The Cleric","player_choice":"Card Removal","floor":13.0,"gold_loss":50.0,"damage_taken":0.0},{"damage_healed":0,"gold_gain":0,"player_choice":"0 cards matched","damage_taken":0,"max_hp_gain":0,"max_hp_loss":0,"event_name":"Match and Keep!","floor":20,"gold_loss":0,"cards_obtained":[]},{"damage_healed":0,"gold_gain":0,"player_choice":"Forge","damage_taken":0,"max_hp_gain":0,"max_hp_loss":0,"event_name":"Accursed Blacksmith","floor":28,"gold_loss":0,"cards_upgraded":["After Image"]},{"damage_healed":0,"gold_gain":0,"player_choice":"Memory 3","damage_taken":10,"max_hp_gain":0,"max_hp_loss":0,"event_name":"SensoryStone","floor":36,"gold_loss":0},{"damage_healed":0,"gold_gain":0,"player_choice":"Ignored","damage_taken":0,"max_hp_gain":0,"max_hp_loss":0,"event_name":"Tomb of Lord Red Mask","floor":37,"gold_loss":0},{"damage_healed":0,"gold_gain":0,"player_choice":"Fight","damage_taken":0,"max_hp_gain":0,"max_hp_loss":0,"event_name":"MindBloom","floor":46,"gold_loss":0}],"is_beta":false,"boss_relics":[{"not_picked":["Fusion Hammer","Runic Dome"],"picked":"SlaversCollar"},{"not_picked":["Black Star","SacredBark"],"picked":"HoveringKite"}],"items_purged_floors":[4,19,47],"is_endless":false,"potions_floor_spawned":[1,7,8,22,30,31,33,38,41,46,54],"ascension_level":0}}