{"host":"ec09novo68szpe7d","time":1610469923,"event":{"mods":["AchievementEnabler","BaseMod","Bestiary","Minty Spire (QoL Compilation)","StSLib"],"gold_per_floor":[110,128,53,70,87,118,118,129,154,188,88,88,107,136,136,238,238,258,272,288,288,288],"floor_reached":21,"playtime":1103,"items_purged":["Clumsy","Strike_R"],"score":305,"play_id":"01e54677-eca5-4fa1-a783-2b7734e9189d","local_time":"20210112174523","is_ascension_mode":true,"campfire_choices":[{"floor":7,"key":"REST"},{"floor":12,"key":"REST"},{"floor":15,"key":"REST"}],"circlet_count":0,"master_deck":["AscendersBane","Strike_R","Strike_R","Strike_R","Strike_R","Defend_R","Defend_R","Defend_R","Defend_R","Bash","Pommel Strike","Heavy Blade","Inflame","Corruption","Heavy Blade","Iron Wave","Battle Trance","Disarm","Feed","Headbutt","Dark Embrace","Shrug It Off+1"],"relics":["Burning Blood","Ginger","Regal Pillow","Red Skull","Nunchaku","Art of War","Sozu"],"acts_visited":["Exordium","TheCity"],"potions_floor_usage":[16,16,17,18],"damage_taken":[{"damage":14,"enemies":"Cultist","floor":1,"turns":5},{"damage":3,"enemies":"2 Louse","floor":2,"turns":3},{"damage":7,"enemies":"Jaw Worm","floor":4,"turns":3},{"damage":15,"enemies":"2 Fungi Beasts","floor":5,"turns":4},{"damage":41,"enemies":"Lagavulin","floor":6,"turns":6},{"damage":30,"enemies":"Exordium Wildlife","floor":8,"turns":6},{"damage":35,"enemies":"3 Sentries","floor":10,"turns":6},{"damage":8,"enemies":"Large Slime","floor":13,"turns":4},{"damage":30,"enemies":"Lagavulin","floor":14,"turns":7},{"damage":50,"enemies":"The Guardian","floor":16,"turns":9},{"damage":18,"enemies":"3 Byrds","floor":18,"turns":6},{"damage":30,"enemies":"Spheric Guardian","floor":19,"turns":5},{"damage":30,"enemies":"Snecko","floor":20,"turns":5},{"damage":11,"enemies":"Snake Plant","floor":21,"turns":1}],"seed_played":"7034568141468228853","potions_obtained":[{"floor":2,"key":"LiquidMemories"},{"floor":6,"key":"Dexterity Potion"},{"floor":8,"key":"Ancient Potion"},{"floor":13,"key":"Fire Potion"},{"floor":16,"key":"EntropicBrew"}],"is_trial":false,"path_per_floor":["M","M","$","M","M","E","R","M","T","E","$","R","M","E","R","B",null,"M","M","M","M"],"character_chosen":"IRONCLAD","items_purchased":[],"campfire_rested":3,"item_purchase_floors":[],"current_hp_per_floor":[64,67,67,66,57,22,61,37,37,8,8,47,45,21,60,16,64,55,31,7,0,0],"gold":288,"neow_bonus":"ONE_RARE_RELIC","is_daily":false,"chose_seed":false,"campfire_upgraded":0,"win_rate":0.0,"timestamp":1610469923,"path_taken":["M","M","$","M","?","E","R","M","T","E","$","R","M","E","R","BOSS","M","M","M","M"],"items_purchased_type":[],"build_version":"2020-12-22","purchased_purges":2,"victory":false,"max_hp_per_floor":[80,80,80,80,80,80,80,80,80,80,80,80,80,80,80,80,80,83,83,83,83,83],"card_choices":[{"not_picked":["Infernal Blade","Dual Wield"],"picked":"Pommel Strike","floor":1},{"not_picked":["True Grit","Cleave"],"picked":"Heavy Blade","floor":2},{"not_picked":["Cleave","Heavy Blade"],"picked":"Inflame","floor":4},{"not_picked":["Wild Strike","Warcry","Dual Wield"],"picked":"SKIP","floor":5},{"not_picked":["Seeing Red","Cleave"],"picked":"Corruption","floor":6},{"not_picked":["Sword Boomerang","Sentinel"],"picked":"Heavy Blade","floor":8},{"not_picked":["Metallicize","Clash"],"picked":"Iron Wave","floor":10},{"not_picked":["Havoc","Metallicize"],"picked":"Battle Trance","floor":13},{"not_picked":["Immolate","Power Through"],"picked":"Disarm","floor":14},{"not_picked":["Exhume","Brutality"],"picked":"Feed","floor":16},{"not_picked":["Searing Blow","Perfected Strike"],"picked":"Headbutt","floor":18},{"not_picked":["True Grit","Anger"],"picked":"Dark Embrace","floor":19},{"not_picked":["Anger","Combust"],"picked":"Shrug It Off+1","floor":20}],"player_experience":261003,"relics_obtained":[{"floor":6,"key":"Regal Pillow"},{"floor":9,"key":"Red Skull"},{"floor":10,"key":"Nunchaku"},{"floor":14,"key":"Art of War"}],"event_choices":[],"is_beta":false,"boss_relics":[{"not_picked":["Cursed Key","Ectoplasm"],"picked":"Sozu"}],"items_purged_floors":[3,11],"is_endless":false,"potions_floor_spawned":[2,6,8,13,16],"killed_by":"Snake Plant","ascension_level":10}}