{"host":"i7jfea87xc8lz16p","time":1610482910,"event":{"mods":["AchievementEnabler","BaseMod","Colored Powertips","Minty Spire (QoL Compilation)","Relic Stats"],"gold_per_floor":[117,117,127,141,216,227,39,39,121,121,133,158,177,194,194,272,272,285,302,302,321,51,81,81,81,136,11,22,22,75,105,105,182,182,193,193,208,208,208,208],"floor_reached":39,"language":"ENG","playtime":2165,"items_purged":["Strike_R","Strike_R","Strike_R"],"score":892,"play_id":"230c8271-de8d-4dee-8bb3-f269483be109","local_time":"20210112212150","is_ascension_mode":true,"campfire_choices":[{"data":"True Grit","floor":8,"key":"SMITH"},{"floor":10,"key":"REST"},{"floor":15,"key":"REST"},{"floor":24,"key":"REST"},{"floor":29,"key":"REST"},{"floor":32,"key":"REST"}],"circlet_count":0,"master_deck":["AscendersBane","Strike_R","Strike_R","Defend_R","Defend_R","Defend_R","Defend_R","Bash","Pommel Strike","Inflame","Clothesline","Feel No Pain","True Grit+1","Sword Boomerang","Twin Strike","Cleave","Impervious","True Grit","Shrug It Off","Offering","Havoc","J.A.X.","Fiend Fire","Apotheosis","Enlightenment"],"relics":["Velvet Choker","Juzu Bracelet","Bottled Tornado","Toy Ornithopter","Snecko Eye","Akabeko","Tiny Chest","Vajra","Ice Cream","Runic Pyramid"],"acts_visited":["Exordium","TheCity","TheBeyond"],"potions_floor_usage":[16,16,21,23,23,33],"damage_taken":[{"damage":7,"enemies":"Small Slimes","floor":1,"turns":3},{"damage":7,"enemies":"Jaw Worm","floor":3,"turns":2},{"damage":2,"enemies":"2 Louse","floor":4,"turns":3},{"damage":12,"enemies":"Blue Slaver","floor":6,"turns":3},{"damage":7,"enemies":"Red Slaver","floor":11,"turns":4},{"damage":17,"enemies":"3 Sentries","floor":12,"turns":9},{"damage":7,"enemies":"2 Fungi Beasts","floor":13,"turns":3},{"damage":1,"enemies":"Exordium Wildlife","floor":14,"turns":3},{"damage":45,"enemies":"Hexaghost","floor":16,"turns":10},{"damage":26,"enemies":"Spheric Guardian","floor":18,"turns":7},{"damage":0,"enemies":"Chosen","floor":19,"turns":3},{"damage":0,"enemies":"Centurion and Healer","floor":21,"turns":7},{"damage":41,"enemies":"Slavers","floor":23,"turns":6},{"damage":23,"enemies":"Shelled Parasite and Fungi","floor":28,"turns":6},{"damage":9,"enemies":"Gremlin Leader","floor":31,"turns":5},{"damage":82,"enemies":"Automaton","floor":33,"turns":12},{"damage":4,"enemies":"Orb Walker","floor":35,"turns":2},{"damage":17,"enemies":"3 Darklings","floor":37,"turns":6},{"damage":34,"enemies":"Sphere and 2 Shapes","floor":39,"turns":3}],"seed_played":"-4425060068856083862","potions_obtained":[{"floor":6,"key":"SneckoOil"},{"floor":11,"key":"ElixirPotion"},{"floor":16,"key":"Swift Potion"},{"floor":18,"key":"Block Potion"},{"floor":23,"key":"FairyPotion"},{"floor":31,"key":"Explosive Potion"},{"floor":35,"key":"LiquidMemories"}],"is_trial":false,"path_per_floor":["M","?","M","M","?","M","$","R","T","R","M","E","M","M","R","B",null,"M","M","?","M","$","E","R","?","T","$","M","R","T","E","R","B",null,"M","?","M","?","M"],"character_chosen":"IRONCLAD","items_purchased":["True Grit","SkillPotion","Offering","Regen Potion"],"campfire_rested":5,"item_purchase_floors":[7,7,22,22],"current_hp_per_floor":[61,56,49,47,36,24,24,24,24,46,39,22,15,14,36,1,57,31,31,31,36,36,20,42,42,42,42,19,41,41,32,54,9,59,55,50,33,33,0,0],"gold":208,"neow_bonus":"BOSS_RELIC","is_daily":false,"chose_seed":false,"campfire_upgraded":1,"win_rate":0.0,"timestamp":1610482910,"path_taken":["M","?","M","M","?","M","$","R","T","R","M","E","M","M","R","BOSS","M","M","?","M","$","E","R","?","T","$","M","R","?","E","R","BOSS","M","?","M","?","M"],"items_purchased_type":["Card","Potion","Card","Potion"],"build_version":"2020-12-22","purchased_purges":3,"victory":false,"max_hp_per_floor":[75,75,75,75,75,75,75,75,75,75,75,75,75,75,75,75,75,75,75,75,75,75,75,75,75,75,75,75,75,75,75,75,75,75,75,75,75,75,75,75],"relic_stats":{"counters":[19,97],"Snecko Eye":[94,104,109,105],"Tiny Chest":0,"Juzu Bracelet":0,"obtain_stats":[{"Ice Cream":31,"Velvet Choker":0,"Snecko Eye":17,"Vajra":30,"Tiny Chest":26,"Juzu Bracelet":2,"Bottled Tornado":9,"Burning Blood":0,"Toy Ornithopter":12,"Akabeko":23,"Runic Pyramid":34},{"Ice Cream":15,"Velvet Choker":0,"Snecko Eye":9,"Vajra":14,"Tiny Chest":13,"Juzu Bracelet":1,"Bottled Tornado":4,"Burning Blood":0,"Toy Ornithopter":6,"Akabeko":13,"Runic Pyramid":16},{"Ice Cream":74,"Velvet Choker":0,"Snecko Eye":40,"Vajra":69,"Tiny Chest":63,"Juzu Bracelet":3,"Bottled Tornado":11,"Burning Blood":0,"Toy Ornithopter":24,"Akabeko":63,"Runic Pyramid":86}],"Toy Ornithopter":30},"card_choices":[{"not_picked":["Wild Strike","Flex"],"picked":"Pommel Strike","floor":1},{"not_picked":["Power Through","True Grit"],"picked":"Inflame","floor":3},{"not_picked":["Ghostly Armor","Rampage"],"picked":"Clothesline","floor":4},{"not_picked":["Evolve","Clothesline"],"picked":"Feel No Pain","floor":6},{"not_picked":["Iron Wave","Clash"],"picked":"Sword Boomerang","floor":11},{"not_picked":["Bloodletting","Bludgeon"],"picked":"Twin Strike","floor":12},{"not_picked":["Wild Strike","Armaments"],"picked":"Cleave","floor":13},{"not_picked":["Bloodletting","Body Slam","Armaments"],"picked":"SKIP","floor":14},{"not_picked":["Double Tap","Barricade"],"picked":"Impervious","floor":16},{"not_picked":["Flex","Dropkick"],"picked":"True Grit","floor":18},{"not_picked":["Clash","Fire Breathing"],"picked":"Shrug It Off","floor":19},{"not_picked":["Flex","Iron Wave","Thunderclap"],"picked":"SKIP","floor":21},{"not_picked":["Iron Wave","Wild Strike"],"picked":"Havoc","floor":23},{"not_picked":["Clash","Double Tap","Iron Wave"],"picked":"SKIP","floor":28},{"not_picked":["Wild Strike","Fire Breathing","Twin Strike"],"picked":"SKIP","floor":31},{"not_picked":["Impervious","Bludgeon"],"picked":"Fiend Fire","floor":33},{"not_picked":["Rage","Iron Wave","Wild Strike"],"picked":"SKIP","floor":35},{"not_picked":["Panacea","Dark Shackles"],"picked":"Apotheosis","floor":36},{"not_picked":["Jack Of All Trades","Panache"],"picked":"Enlightenment","floor":36},{"not_picked":["Armaments+1","Cleave","Perfected Strike+1"],"picked":"SKIP","floor":37}],"player_experience":1763558,"relics_obtained":[{"floor":9,"key":"Bottled Tornado"},{"floor":12,"key":"Toy Ornithopter"},{"floor":23,"key":"Akabeko"},{"floor":26,"key":"Tiny Chest"},{"floor":30,"key":"Vajra"},{"floor":31,"key":"Ice Cream"}],"event_choices":[{"damage_healed":0,"gold_gain":0,"player_choice":"Success","damage_taken":5,"relics_obtained":["Juzu Bracelet"],"max_hp_gain":0,"max_hp_loss":0,"event_name":"Scrap Ooze","floor":2,"gold_loss":0},{"damage_healed":0,"gold_gain":75,"player_choice":"Gather Gold","damage_taken":11,"max_hp_gain":0,"max_hp_loss":0,"event_name":"World of Goop","floor":5,"gold_loss":0},{"damage_healed":0,"gold_gain":0,"player_choice":"Ignored","damage_taken":0,"max_hp_gain":0,"max_hp_loss":0,"event_name":"Ghosts","floor":20,"gold_loss":0},{"damage_healed":0,"gold_gain":0,"player_choice":"Obtain J.A.X.","damage_taken":0,"max_hp_gain":0,"max_hp_loss":0,"event_name":"Drug Dealer","floor":25,"gold_loss":0,"cards_obtained":["J.A.X."]},{"damage_healed":0,"gold_gain":0,"player_choice":"Memory 2","damage_taken":5,"max_hp_gain":0,"max_hp_loss":0,"event_name":"SensoryStone","floor":36,"gold_loss":0},{"damage_healed":0,"gold_gain":0,"player_choice":"Ignored","damage_taken":0,"max_hp_gain":0,"max_hp_loss":0,"event_name":"Tomb of Lord Red Mask","floor":38,"gold_loss":0}],"is_beta":false,"boss_relics":[{"not_picked":["Sozu","Ectoplasm"],"picked":"Snecko Eye"},{"not_picked":["Coffee Dripper","Calling Bell"],"picked":"Runic Pyramid"}],"items_purged_floors":[7,22,27],"is_endless":false,"potions_floor_spawned":[6,11,13,16,18,19,23,31,35],"killed_by":"Sphere and 2 Shapes","ascension_level":20}}