{"host":"bplbr8uekuotory4","time":1610415855,"event":{"mods":["Act Like it!","BaseMod","Custom Start","Gensokyo","GungeonMod","Hermit","KinomotoSakuraMod(ƒæ÷Æ±æ”£)","Koishi","Marisa£®ÏF”Í°°ƒß¿Ì…≥£©","Minty Spire (QoL Compilation)","Prisma Mod","Quick Restart","Reimu£®≤©¿ˆ¡È√Œ£©","SOS£®Àπ∞Õ¥Ô÷Æ◊”£©","Spicy Shops","StSLib","TestMod","The Alterego","The Blackbeard","The Cursed","The Marked","The Mystic","The Runesmith","The Saiyan","The Servant 0.9.4","Yuri Mod","[IsaacMod]“‘»ˆº‚À˛","vexMod"],"gold_per_floor":[117,117,17,31,48,48,82,155,155,188,203,1,24,67,67,181,181,210,210,229,25,25,62,62,82,136,136,162,87,27,57,57,180,180,205,205,205,117,144,189,17,59,86,128,128,50,50,79,79,96,96,96,24,65,102],"floor_reached":56,"playtime":1977,"items_purged":["TheCursedMod:Strike_TheCursed","TheCursedMod:Defend_TheCursed","TheCursedMod:Defend_TheCursed","TheCursedMod:Strike_TheCursed","TheCursedMod:Defend_TheCursed","TheCursedMod:Strike_TheCursed","TheCursedMod:Defend_TheCursed","TheCursedMod:Strike_TheCursed"],"score":1878,"play_id":"8e99b229-1b0b-4264-b413-f1a800cdbc2a","local_time":"20210112094415","is_ascension_mode":true,"campfire_choices":[{"data":"TheCursedMod:CleanUpWorkshop","floor":6.0,"key":"SMITH"},{"data":"TheCursedMod:ReleasedStrength","floor":15.0,"key":"SMITH"},{"data":"TheCursedMod:CursedRelics","floor":24,"key":"SMITH"},{"data":"TheCursedMod:OutForBlood","floor":32,"key":"SMITH"},{"floor":45,"key":"RECALL"},{"data":"TheCursedMod:CursedWand","floor":47,"key":"SMITH"},{"data":"TheCursedMod:DemonicPact","floor":49,"key":"SMITH"},{"data":"TheCursedMod:Stretching","floor":52,"key":"SMITH"}],"circlet_count":0,"master_deck":["TheCursedMod:CursedWand+1","TheCursedMod:CleanUpWorkshop+1","TheCursedMod:Dregs","TheCursedMod:CursedMace+1","TheCursedMod:SpitefulStrike+1","TheCursedMod:TroublousMinions+1","TheCursedMod:ReleasedStrength+1","TheCursedMod:OutForBlood+1","TheCursedMod:Stretching+1","TheCursedMod:ReleasedKnowledge","TheCursedMod:DemonicPact+1","CurseOfTheBell","TheCursedMod:HellfireBreathing+1","TheCursedMod:CursedRelics+1","TheCursedMod:StingEye+1","TheCursedMod:FleshFromBone+1","Decay","TheCursedMod:ManaCirculation+1","TheCursedMod:CircleOfAbyss+1","TheCursedMod:VoidForm"],"relics":["TheCursedMod:BlackMagic101","testmod-TestBox","HushsDoor","SteamSale","testmod-DeterminationOfClimber","HandDrill","testmod-Antiphasic","Pantograph","Odd Mushroom","Bag of Marbles","Mastiff:ReiMu","Nunchaku","Calling Bell","Runesmith:AutoHammer","DemoMod:OrangeGuonStone","WingedGreaves","RottenBaby","Bag of Preparation","Toxic Egg 2","DemoMod:ClearGuonStone","TungstenRod","testmod-Prudence","GuppysHairball","Gambling Chip","vexMod:PaidLearning","DemoMod:GlassGuonStoneRelic","FossilizedHelix","Centennial Puzzle","Kunai","Whetstone","Toolbox","Akabeko"],"acts_visited":["Exordium","TheCity","TheBeyond","TheEnding"],"potions_floor_usage":[16,16,33,55,55],"damage_taken":[{"damage":0.0,"enemies":"Cultist","floor":1.0,"turns":3.0},{"damage":0.0,"enemies":"2 Louse","floor":4.0,"turns":2.0},{"damage":0.0,"enemies":"Jaw Worm","floor":5.0,"turns":1.0},{"damage":0.0,"enemies":"3 Sentries","floor":7.0,"turns":1.0},{"damage":5.0,"enemies":"Lagavulin Event","floor":8.0,"turns":3.0},{"damage":0.0,"enemies":"The Mushroom Lair","floor":10.0,"turns":3.0},{"damage":0.0,"enemies":"2 Fungi Beasts","floor":11.0,"turns":1.0},{"damage":0.0,"enemies":"Blue Slaver","floor":13.0,"turns":1.0},{"damage":2.0,"enemies":"Lagavulin","floor":14.0,"turns":3.0},{"damage":0,"enemies":"The Guardian","floor":16,"turns":5},{"damage":0,"enemies":"Chosen","floor":18,"turns":1},{"damage":0,"enemies":"3 Byrds","floor":20,"turns":2},{"damage":0,"enemies":"Gremlin Leader","floor":23,"turns":1},{"damage":0,"enemies":"Cultist and Chosen","floor":25,"turns":1},{"damage":3,"enemies":"Centurion and Healer","floor":28,"turns":2},{"damage":0,"enemies":"Shelled Parasite and Fungi","floor":31,"turns":1},{"damage":0,"enemies":"Collector","floor":33,"turns":1},{"damage":0,"enemies":"3 Darklings","floor":35,"turns":2},{"damage":0,"enemies":"3 Shapes","floor":39,"turns":1},{"damage":0,"enemies":"Giant Head","floor":40,"turns":1},{"damage":0,"enemies":"Nemesis","floor":42,"turns":1},{"damage":0,"enemies":"Reptomancer","floor":44,"turns":1},{"damage":0,"enemies":"Jaw Worm Horde","floor":48,"turns":1},{"damage":0,"enemies":"Time Eater","floor":50,"turns":2},{"damage":0,"enemies":"Shield and Spear","floor":54,"turns":1},{"damage":0,"enemies":"The Heart","floor":55,"turns":3}],"seed_played":"-4299803545251021910","potions_obtained":[{"floor":0.0,"key":"TheCursedMod:DregsPotion"},{"floor":0.0,"key":"EssenceOfSteel"},{"floor":0.0,"key":"SmokeBomb"},{"floor":4.0,"key":"AttackPotion"},{"floor":5.0,"key":"PowerPotion"},{"floor":10.0,"key":"SkillPotion"},{"floor":16,"key":"testmod-SpacePotion"},{"floor":25,"key":"BlessingOfTheForge"},{"floor":33,"key":"MagicPotion:ReiMu"},{"floor":35,"key":"Regen Potion"},{"floor":40,"key":"testmod-TestPotion"}],"is_trial":false,"path_per_floor":["M","$","$","M","M","R","E","?","T","?","M","$","M","E","R","B",null,"M","?","M","$","?","E","R","M","T","?","M","$","$","M","R","B",null,"M","?","?","$","M","E","$","E","T","E","R","$","R","M","R","B",null,"R","$","E","B",null],"character_chosen":"THE_CURSED","items_purchased":["HandDrill","TheCursedMod:CursedMace","Bag of Marbles","Mastiff:ReiMu","RottenBaby","Bag of Preparation","TheCursedMod:CursedRelics","TungstenRod","GuppysHairball","TheCursedMod:CircleOfAbyss+1","vexMod:PaidLearning","Whetstone","Toolbox"],"campfire_rested":0,"item_purchase_floors":[3,3,12,12,17,21,21,30,34,34,41,46,53],"current_hp_per_floor":[75,75,75,75,75,75,75,71,71,75,75,75,75,74,74,75,54,54,54,54,54,44,53,53,59,59,49,54,54,54,64,64,64,43,43,34,34,34,45,48,48,48,48,48,48,48,48,48,48,48,48,48,48,48,48],"gold":102,"neow_bonus":"THREE_SMALL_POTIONS","is_daily":false,"chose_seed":false,"campfire_upgraded":7,"win_rate":0.0,"timestamp":1610415855,"path_taken":["M","?","$","M","M","R","E","?","T","?","M","$","M","E","R","BOSS","M","?","M","$","?","E","R","?","T","?","?","$","$","?","R","BOSS","M","?","?","$","M","E","$","E","T","E","R","$","R","M","R","BOSS","R","$","E","BOSS"],"items_purchased_type":["Relic","Card","Relic","Relic","Relic","Relic","Card","Relic","Relic","Card","Relic","Relic","Relic"],"build_version":"2020-12-22","purchased_purges":8,"victory":true,"max_hp_per_floor":[75,75,75,75,75,75,75,75,75,75,75,75,75,75,75,75,54,54,54,54,54,59,59,59,59,59,64,64,64,64,64,64,64,43,43,48,48,48,48,48,48,48,48,48,48,48,48,48,48,48,48,48,48,48,48],"card_choices":[{"not_picked":["TheCursedMod:TacticalStrike","TheCursedMod:SurpriseAttack"],"picked":"Bomb","floor":1.0},{"not_picked":["TheCursedMod:CircleOfCorruption","TheCursedMod:CursedBlade"],"picked":"TheCursedMod:SpitefulStrike","floor":4.0},{"not_picked":["TheCursedMod:Stretching","TheCursedMod:Wield"],"picked":"TheCursedMod:TroublousMinions","floor":5.0},{"not_picked":["TheCursedMod:CircleOfAmplification","TheCursedMod:CursedBlade","TheCursedMod:RapidMovement"],"picked":"SKIP","floor":7.0},{"not_picked":["TheCursedMod:VitalStrike","TheCursedMod:SpreadPlague"],"picked":"TheCursedMod:ReleasedStrength","floor":10.0},{"not_picked":["TheCursedMod:CircleOfFocus","TheCursedMod:BlessingInDisguise"],"picked":"TheCursedMod:OutForBlood","floor":11.0},{"not_picked":["TheCursedMod:Grudge","TheCursedMod:CircleOfCorruption"],"picked":"TheCursedMod:Stretching","floor":13.0},{"not_picked":["TheCursedMod:Obscuration","TheCursedMod:AbyssShockwave"],"picked":"TheCursedMod:ReleasedKnowledge","floor":14.0},{"not_picked":["TheCursedMod:Neurasthenia","TheCursedMod:ForbiddenAlchemy"],"picked":"TheCursedMod:DemonicPact","floor":16},{"not_picked":["TheCursedMod:CircleOfFlame","TheCursedMod:Obscuration"],"picked":"TheCursedMod:HellfireBreathing+1","floor":18},{"not_picked":["TheCursedMod:Neurasthenia","TheCursedMod:SmokeScreen","TheCursedMod:TroublousMinions+1"],"picked":"SKIP","floor":20},{"not_picked":["TheCursedMod:BloodBarrier+1","TheCursedMod:SmokeScreen+1","TheCursedMod:CursedMace"],"picked":"SKIP","floor":23},{"not_picked":["TheCursedMod:CursedBlade","TheCursedMod:Stigma+1"],"picked":"TheCursedMod:StingEye+1","floor":25},{"not_picked":["TheCursedMod:RavingStaff","TheCursedMod:VitalStrike"],"picked":"TheCursedMod:FleshFromBone+1","floor":28},{"not_picked":["TheCursedMod:FleshFromBone+1","TheCursedMod:ParallelWorld+1","TheCursedMod:WearCloak+1"],"picked":"SKIP","floor":31},{"not_picked":["TheCursedMod:ParallelWorld+1","TheCursedMod:OutForBlood"],"picked":"TheCursedMod:ManaCirculation","floor":33},{"not_picked":["TheCursedMod:CursedAmulet+1","TheCursedMod:AbyssShockwave","TheCursedMod:SmokeScreen+1"],"picked":"SKIP","floor":35},{"not_picked":["TheCursedMod:SaltUponWound+1","TheCursedMod:Torture+1","TheCursedMod:EmpowerCircles+1"],"picked":"SKIP","floor":39},{"not_picked":["TheCursedMod:ReleasedStrength+1","TheCursedMod:CursedArmor+1","TheCursedMod:Obscuration+1"],"picked":"SKIP","floor":40},{"not_picked":["TheCursedMod:CircleOfCorruption+1","TheCursedMod:FleshFromBone+1","TheCursedMod:TroublousMinions+1"],"picked":"SKIP","floor":42},{"not_picked":["TheCursedMod:AshesToAshes+1","TheCursedMod:TacticalStrike+1","TheCursedMod:WearCloak+1"],"picked":"SKIP","floor":44},{"not_picked":["TheCursedMod:CircleOfWindfury+1","TheCursedMod:CursedShiv+1","TheCursedMod:CircleOfCorruption+1"],"picked":"SKIP","floor":48},{"not_picked":["TheCursedMod:DoubleShield+1","TheCursedMod:FuryStrike+1"],"picked":"TheCursedMod:VoidForm","floor":54}],"player_experience":1196456,"relics_obtained":[{"floor":7.0,"key":"testmod-Antiphasic"},{"floor":8.0,"key":"Pantograph"},{"floor":10.0,"key":"Odd Mushroom"},{"floor":14.0,"key":"Nunchaku"},{"floor":17,"key":"Runesmith:AutoHammer"},{"floor":17,"key":"DemoMod:OrangeGuonStone"},{"floor":17,"key":"WingedGreaves"},{"floor":23,"key":"Toxic Egg 2"},{"floor":26,"key":"DemoMod:ClearGuonStone"},{"floor":40,"key":"Gambling Chip"},{"floor":42,"key":"FossilizedHelix"},{"floor":43,"key":"Centennial Puzzle"},{"floor":44,"key":"Kunai"},{"floor":54,"key":"Akabeko"}],"event_choices":[{"damage_healed":0.0,"max_hp_gain":0.0,"max_hp_loss":0.0,"gold_gain":0.0,"event_name":"Dead Adventurer","player_choice":"Searched \u00271\u0027 times","floor":8.0,"gold_loss":0.0,"damage_taken":0.0},{"damage_healed":0.0,"max_hp_gain":0.0,"max_hp_loss":0.0,"gold_gain":0.0,"event_name":"Mushrooms","player_choice":"Fought Mushrooms","floor":10.0,"gold_loss":0.0,"damage_taken":0.0},{"damage_healed":0,"gold_gain":0,"player_choice":"Ignored","damage_taken":0,"max_hp_gain":0,"max_hp_loss":0,"event_name":"Vampires","floor":19,"gold_loss":0},{"damage_healed":0,"gold_gain":0,"player_choice":"Shed Blood","damage_taken":15,"max_hp_gain":5,"max_hp_loss":0,"event_name":"Forgotten Altar","floor":27,"gold_loss":0},{"damage_healed":0,"gold_gain":0,"player_choice":"Ignored","damage_taken":0,"max_hp_gain":0,"max_hp_loss":0,"event_name":"SecretPortal","floor":37,"gold_loss":0}],"is_beta":false,"boss_relics":[{"not_picked":["Runesmith:UraniumAnvil","MagicMushroom"],"picked":"Calling Bell"},{"not_picked":[]},{"not_picked":["Tiny House","TheCursedMod:OminousMark"],"picked":"testmod-Prudence"},{"not_picked":[]}],"items_purged_floors":[3,12,17,21,29,34,38,41],"is_endless":false,"potions_floor_spawned":[4,5,10,16,25,28,31,33,35,39,40,54],"ascension_level":1}}