{"host":"4ftwfwncs88tvnc0","time":1610494296,"event":{"mods":["AchievementEnabler","Arknights The Spire","Aspiration","BaseMod","Beaked The Cultist","Bestiary","Better Altar","Better Match","Better Note","Better Sensory Stone","Better Skull","Better Third Choice","Clawfect","Colored Map","Conspire","Downfall","GifTheSpireLib","Halation","Hubris","Infinite Spire","Mad Scientist","Mimic Mod","Minty Spire (QoL Compilation)","Replay The Spire","Shade Mod","Shop Mod","Spicy Shops","StSLib","Stuff the Spire","The Construct","The Cursed","The Disciple","The Necromancer","The Servant 0.9.4"],"gold_per_floor":[113,131,131,147,159,184,202,202,202,232,18,18,28,168,168,266,266,283,483,498,512,512,620,640,756,786,798,798,798,816,832,832,983,983,1063,230,263,263,298,457,499,499,533,585,633,684,828,828,828,981,1081,1157,1157,1239,1239,1320,1407,1365,1365],"floor_reached":58,"language":"ENG","playtime":3616,"items_purged":["Replay:Hysterical Blindness","Clumsy"],"score":1658,"play_id":"79485fbb-d04c-4a0f-b2e7-9b111cc50a95","local_time":"20210112233136","is_ascension_mode":false,"campfire_choices":[{"data":"Summon_Undead_Army","floor":8,"key":"SMITH"},{"data":"Summon_Undead","floor":12,"key":"SMITH"},{"data":"Uncharnel","floor":15,"key":"SMITH"},{"floor":28,"key":"REST"},{"floor":32,"key":"REST"},{"floor":49,"key":"RECALL"}],"circlet_count":0,"master_deck":["Strike_W","Strike_W","Strike_W","Defend_W","Defend_W","Defend_W","Defend_W","Negative_Energy_Arrows","Bone_Wall","Negative_Energy_Sphere","Summon_Undead_Army+1","Summon_Undead+1","Stop_Heart","Doubt","Uncharnel+1","Spectral_Armor","Skeleton_Dragon","Summon_Vampire_Lady","Spectral_Armor","Skeleton_Dragon","CommonCold","Summon_Undead_Army","Spectral_Walk+1","Parasite","infinitespire:Execution","Pain","Summon_Vampire_Lady"],"relics":["StuffTheSpire:OccultApparatus","infinitespire:Lucky Rock","StuffTheSpire:TintedRock","Snack Pack","Blood Vial","Mercury Hourglass","Regal Pillow","Velvet Choker","StuffTheSpire:PointBlank","Turnip","conspire:DeflatedDodgeball","hubris:FruitBowl","hubris:EvacipatedBox","infinitespire:ShieldingShard","StuffTheSpire:Expresso","infinitespire:EvilPickle","Replay:Ancient Bell","Bag of Preparation","Chameleon Ring","Torii","BargainBundle","beaked:ShinyBauble","Matryoshka","Pet Ghost","hubris:Zylophone","halation:SelfBoilingWater","halation:EternalFortune","Lantern","aspiration:AnachronicSnailShell","WarpedTongs","Replay:Wanted Poster"],"acts_visited":["Exordium","TheCity","TheBeyond","Exordium"],"potions_floor_usage":[6,16,16,16,23,24,30,33,50,50,58],"damage_taken":[{"damage":2,"enemies":"Jaw Worm","floor":1,"turns":4},{"damage":0,"enemies":"Cultist","floor":2,"turns":3},{"damage":0,"enemies":"2 Louse","floor":4,"turns":3},{"damage":4,"enemies":"2 Fungi Beasts","floor":5,"turns":3},{"damage":22,"enemies":"Lagavulin","floor":6,"turns":6},{"damage":8,"enemies":"Looter","floor":7,"turns":4},{"damage":9,"enemies":"Gremlin Gang","floor":13,"turns":4},{"damage":9,"enemies":"3 Sentries","floor":14,"turns":4},{"damage":0,"enemies":"Slime Boss","floor":16,"turns":6},{"damage":21,"enemies":"3 Byrds","floor":18,"turns":4},{"damage":17,"enemies":"Shell Parasite","floor":20,"turns":4},{"damage":17,"enemies":"conspire:HollyBat","floor":21,"turns":6},{"damage":28,"enemies":"conspire:SneckoGhost","floor":23,"turns":6},{"damage":22,"enemies":"Centurion and Healer","floor":24,"turns":6},{"damage":21,"enemies":"Replay:Snechameleon","floor":25,"turns":5},{"damage":8,"enemies":"Snecko","floor":26,"turns":5},{"damage":22,"enemies":"Snecko","floor":27,"turns":4},{"damage":0,"enemies":"Chosen and Byrds","floor":30,"turns":4},{"damage":0,"enemies":"Centurion and Healer","floor":31,"turns":5},{"damage":16,"enemies":"Pondfish","floor":33,"turns":10},{"damage":24,"enemies":"Orb Walker","floor":35,"turns":5},{"damage":0,"enemies":"3 Darklings","floor":37,"turns":4},{"damage":19,"enemies":"Writhing Mass","floor":39,"turns":6},{"damage":10,"enemies":"Nemesis","floor":40,"turns":7},{"damage":2,"enemies":"Jaw Worm Horde","floor":41,"turns":4},{"damage":1,"enemies":"Maw","floor":43,"turns":8},{"damage":0,"enemies":"Maw","floor":44,"turns":7},{"damage":2,"enemies":"Transient","floor":45,"turns":5},{"damage":5,"enemies":"4 Shapes","floor":46,"turns":5},{"damage":38,"enemies":"Nightmare","floor":47,"turns":8},{"damage":18,"enemies":"infinitespire:MassOfShapes","floor":50,"turns":9},{"damage":0,"enemies":"2 Louse","floor":52,"turns":2},{"damage":0,"enemies":"Jaw Worm","floor":54,"turns":2},{"damage":0,"enemies":"Small Slimes","floor":56,"turns":2},{"damage":0,"enemies":"3 Louse","floor":57,"turns":2},{"damage":155,"enemies":"Nightmare","floor":58,"turns":10}],"seed_played":"-1533694266240692189","potions_obtained":[{"floor":4,"key":"Strength Potion"},{"floor":6,"key":"DistilledChaos"},{"floor":7,"key":"infinitespire:BlackPotion"},{"floor":13,"key":"Adrenaline Potion"},{"floor":18,"key":"GamblersBrew"},{"floor":21,"key":"Block Potion"},{"floor":22,"key":"Energy Potion"},{"floor":22,"key":"Regen Potion"},{"floor":22,"key":"FairyPotion"},{"floor":24,"key":"Toxic Potion"},{"floor":25,"key":"Swift Potion"},{"floor":33,"key":"Flashbang"},{"floor":35,"key":"SteroidPotion"},{"floor":37,"key":"Regen Potion"},{"floor":41,"key":"DuplicationPotion"},{"floor":44,"key":"BlessingOfTheForge"},{"floor":50,"key":"EssenceOfSteel"},{"floor":54,"key":"Elixir"},{"floor":57,"key":"Strength Potion"}],"is_trial":false,"path_per_floor":["M","M","?","M","M","E","M","R","T","?","$","R","M","E","R","B",null,"M","?","M","M","?","E","M","E","MIM","M","R","$","M","M","R","B",null,"M","$","M","AVR","M","E","M","?","MIM","M","M","M","NM","?","R_BF","B",null,"M","?","M","?","M","M","NM"],"character_chosen":"NECROMANCER","items_purchased":["Mercury Hourglass","Uncharnel","Spectral_Armor","hubris:FruitBowl","hubris:EvacipatedBox","infinitespire:ShieldingShard","StuffTheSpire:Expresso","BargainBundle","beaked:ShinyBauble","Matryoshka","Summon_Undead_Army","Spectral_Walk+1","Pet Ghost","Fire Potion","Explosive Potion"],"campfire_rested":2,"item_purchase_floors":[11,11,11,29,29,29,29,36,36,36,36,36,36,36,36],"current_hp_per_floor":[75,75,75,75,75,55,49,49,49,49,49,49,56,55,55,65,75,60,60,50,52,52,37,47,48,61,52,75,2,14,29,66,73,75,59,59,65,65,65,75,75,79,79,79,79,78,65,65,65,79,79,79,79,79,79,79,79,0,0],"gold":1365,"neow_bonus":"RANDOM_COMMON_RELIC","is_daily":false,"chose_seed":false,"campfire_upgraded":3,"win_rate":0.0,"timestamp":1610494296,"path_taken":["M","M","?","M","?","E","M","R","T","?","$","R","M","E","R","BOSS","M","?","M","?","?","E","M","E","MIM","M","R","?","M","M","R","BOSS","M","$","M","AVR","M","E","M","?","MIM","M","M","?","NM","?","R_BF","BOSS","M","?","M","?","M","M","NM"],"items_purchased_type":["Relic","Card","Card","Relic","Relic","Relic","Relic","Relic","Relic","Relic","Card","Card","Relic","Potion","Potion"],"build_version":"2020-12-22","purchased_purges":2,"victory":false,"max_hp_per_floor":[75,75,75,75,75,75,75,75,75,75,75,75,75,75,75,75,75,75,75,75,75,75,75,75,75,75,75,75,75,75,75,75,75,75,75,75,75,75,75,75,75,79,79,79,79,79,79,79,79,79,79,79,79,79,79,79,79,79,79],"card_choices":[{"not_picked":["Negative_Energy_Mist","Death_Knell"],"picked":"Negative_Energy_Sphere","floor":1},{"not_picked":["Spectral_Walk","Stop_Heart"],"picked":"Summon_Undead_Army","floor":2},{"not_picked":["Pandemic","Bone_Armor"],"picked":"Summon_Undead","floor":4},{"not_picked":["Exploit","Negative_Energy_Shield","Bone_Armor"],"picked":"SKIP","floor":5},{"not_picked":["Negative_Energy_Sphere","Bone_Shift","Exploit"],"picked":"SKIP","floor":6},{"not_picked":["Finger_Of_Death","Negative_Energy_Mist"],"picked":"Stop_Heart","floor":7},{"not_picked":["Shackles_Of_Pain","Negative_Energy_Sphere","Bone_Armor"],"picked":"SKIP","floor":13},{"not_picked":["Blood_Whip","Death_Coil"],"picked":"Skeleton_Dragon","floor":14},{"not_picked":["Blood_Magic","Reap_The_Weak"],"picked":"Summon_Vampire_Lady","floor":16},{"not_picked":["Bone_Bullets+1","Bone_Armor","Life_Drain"],"picked":"SKIP","floor":18},{"not_picked":["Blood_Shield","Negative_Energy_Mist+1","Death_Knell"],"picked":"SKIP","floor":20},{"not_picked":["Toxic_Smoke_Screen","Blood_Curse","Death_March_Dance"],"picked":"SKIP","floor":21},{"not_picked":["Bone_Armor","Blood_Whip","Requiem"],"picked":"SKIP","floor":23},{"not_picked":["Life_Drain","Toxic_Smoke_Screen","Consume_Illness"],"picked":"SKIP","floor":24},{"not_picked":["Cloudkill","Negative_Energy_Javelin","Death_Knell"],"picked":"SKIP","floor":25},{"not_picked":["Vampiric_Strike","Blood_Is_Power"],"picked":"Spectral_Armor","floor":27},{"not_picked":["Corrupt","Chill_Blood+1","Toxic_Smoke_Screen"],"picked":"SKIP","floor":30},{"not_picked":["Negative_Energy_Sphere","Bone_Armor","Death_March_Dance"],"picked":"SKIP","floor":31},{"not_picked":["Grasp_Heart","Blood_Magic"],"picked":"Skeleton_Dragon","floor":33},{"not_picked":["ReplayTheSpireMod:Doomed","hubris:Greed"],"picked":"Clumsy","floor":34},{"not_picked":["Decay","hubris:Sloth"],"picked":"CommonCold","floor":34},{"not_picked":["Looming Evil","ReplayTheSpireMod:Splinters"],"picked":"Replay:Hysterical Blindness","floor":34},{"not_picked":["Bone_Spikes+1","Scare+1","Acid_Javelin+1"],"picked":"SKIP","floor":35},{"not_picked":["Death_Coil","Blood_Is_Power+1","Scare"],"picked":"SKIP","floor":37},{"not_picked":["Stop_Heart+1","Corrupt+1","Chill_Blood+1"],"picked":"SKIP","floor":39},{"not_picked":["Blood_Curse","Bone_Shift+1","Chill_Blood"],"picked":"SKIP","floor":40},{"not_picked":["Bone_Shift","Blood_Is_Power","Blood_Curse+1"],"picked":"SKIP","floor":41},{"not_picked":["Toxic_Smoke_Screen","Negative_Energy_Javelin+1","Acid_Javelin+1"],"picked":"SKIP","floor":44},{"not_picked":["Bone_Shift","Bone_Armor","Epidemic+1"],"picked":"SKIP","floor":45},{"not_picked":["Bone_Shift+1","Vampiric_Strike","Negative_Energy_Javelin"],"picked":"SKIP","floor":46},{"not_picked":["ReplayTheSpireMod:Black Plague","ReplayTheSpireMod:??????????????????????"],"picked":"infinitespire:Execution","floor":47},{"not_picked":["Negative_Energy_Javelin+1","Negative_Energy_Shield","Bone_Bullets+1"],"picked":"SKIP","floor":47},{"not_picked":["Slay_Living","Stop_Heart","Consume_Illness"],"picked":"SKIP","floor":52},{"not_picked":["Consume_Illness","Deaths_Shadow","Scare"],"picked":"SKIP","floor":54},{"not_picked":["Thousand_Bone_Knives","Whirlwind_of_Bones"],"picked":"Summon_Vampire_Lady","floor":56},{"not_picked":["Bone_Bullets","Bones_to_Steel","Stop_Heart"],"picked":"SKIP","floor":57}],"player_experience":120749,"relics_obtained":[{"floor":6,"key":"StuffTheSpire:TintedRock"},{"floor":9,"key":"Snack Pack"},{"floor":14,"key":"Regal Pillow"},{"floor":23,"key":"StuffTheSpire:PointBlank"},{"floor":25,"key":"Turnip"},{"floor":26,"key":"conspire:DeflatedDodgeball"},{"floor":40,"key":"halation:SelfBoilingWater"},{"floor":43,"key":"Lantern"},{"floor":47,"key":"aspiration:AnachronicSnailShell"}],"event_choices":[{"cards_removed":["Strike_W"],"damage_healed":0,"gold_gain":0,"player_choice":"Purged","damage_taken":0,"max_hp_gain":0,"max_hp_loss":0,"event_name":"Purifier","floor":3,"gold_loss":0},{"damage_healed":0,"gold_gain":30,"player_choice":"Searched \u00273\u0027 times","damage_taken":0,"relics_obtained":["Blood Vial"],"max_hp_gain":0,"max_hp_loss":0,"event_name":"Dead Adventurer","floor":10,"gold_loss":0},{"damage_healed":0,"gold_gain":250,"player_choice":"Bet on Owner","damage_taken":0,"max_hp_gain":0,"max_hp_loss":0,"event_name":"The Joust","floor":19,"gold_loss":50},{"damage_healed":0,"gold_gain":0,"player_choice":"Got Potions","damage_taken":0,"max_hp_gain":0,"max_hp_loss":0,"event_name":"Lab","floor":22,"gold_loss":0},{"damage_healed":0,"gold_gain":0,"player_choice":"Rummage","damage_taken":0,"relics_obtained":["WarpedTongs"],"max_hp_gain":0,"max_hp_loss":0,"event_name":"Accursed Blacksmith","floor":48,"gold_loss":0,"cards_obtained":["Pain"]},{"damage_healed":0,"gold_gain":0,"player_choice":"Ignored","damage_taken":1157,"max_hp_gain":0,"max_hp_loss":0,"event_name":"betterThird:BetterSerpent","floor":53,"gold_loss":0}],"is_beta":false,"boss_relics":[{"not_picked":["Coffee Dripper","Abe\u0027s Treasure"],"picked":"Velvet Choker"},{"not_picked":["aspiration:RitualDagger","Busted Crown","conspire:RunicOctahedron"],"picked":"Replay:Ancient Bell"},{"not_picked":["Smiling Mask","hubris:ToyBattleship","Fusion Hammer"],"picked":"Bag of Preparation"},{"not_picked":["Sundial","aspiration:SeaSaltIceCream","halation:CatFaceCupcake"],"picked":"Chameleon Ring"},{"not_picked":["infinitespire:CursedDice","aspiration:HatOfInfinitePower","Sozu"],"picked":"Torii"},{"not_picked":["aspiration:IroncladSkillbook","Pandora\u0027s Box","hubris:GrandSneckoEye"],"picked":"Replay:Wanted Poster"}],"items_purged_floors":[36,38],"is_endless":true,"potions_floor_spawned":[4,6,7,13,14,18,21,24,25,33,35,37,41,44,45,46,50,54,56,57],"killed_by":"Nightmare","ascension_level":0}}