{"host":"ukx402utdi8v8522","time":1610495769,"event":{"mods":["AchievementEnabler","BaseMod","Colored Map","Downfall","Minty Spire (QoL Compilation)","StSLib"],"gold_per_floor":[99,112,112,125,136,136,136,163,179,29,49,77,77,103,119,217,217,142,158,44,60,80,80,105,105,141,141,141,170,190,190,207,318,318,318,339,46,75,133,133,222,222,261,261,11,55,55,96,121,121,121,121],"floor_reached":50,"language":"ENG","playtime":3115,"items_purged":["hexamod:Defend","hexamod:Defend","Writhe"],"score":812,"play_id":"54aea718-913c-45b7-880d-0541804c142a","local_time":"20210113105608","is_ascension_mode":true,"campfire_choices":[{"floor":1,"key":"RECALL"},{"data":"expansioncontent:Collect","floor":10,"key":"SMITH"},{"floor":13,"key":"REST"},{"data":"hexamod:TimeOfNeed","floor":18,"key":"SMITH"},{"data":"hexamod:RainOfEmbers","floor":23,"key":"SMITH"},{"data":"hexamod:FastForward","floor":25,"key":"SMITH"},{"floor":28,"key":"REST"},{"data":"hexamod:PowerFromBeyond","floor":35,"key":"SMITH"},{"floor":40,"key":"REST"},{"data":"hexamod:HauntingEcho","floor":42,"key":"SMITH"},{"floor":44,"key":"REST"},{"data":"hexamod:RadiantFlame","floor":47,"key":"SMITH"}],"circlet_count":0,"master_deck":["hexamod:Strike","hexamod:Strike","hexamod:Strike","hexamod:Strike","hexamod:Defend","hexamod:Sear+1","hexamod:Float+1","expansioncontent:Collect+1","hexamod:AdvancingGuard+1","hexamod:RadiantFlame+1","hexamod:FastForward+1","hexamod:ExtraCrispy","hexamod:RainOfEmbers+1","hexamod:TimeOfNeed+1","hexamod:ShieldOfDarkness","hexamod:HauntingEcho+1","hexamod:FlamesFromBeyond","hexamod:PowerFromBeyond+1","hexamod:TurnItUp+1","hexamod:HeatMetal+1","Apotheosis+1","hexamod:AdvancingGuard+1","hexamod:NightmareStrike+1","hexamod:SpectersWail+1","hexamod:Firestarter+1","hexamod:HeatShield+1","hexamod:Toasty+1","hexamod:HeatCrush+1"],"relics":["hexamod:SpiritBrand","StrikeDummy","downfall:HeartBlessingRed","downfall:HeartBlessingGreen","Thread and Needle","Shuriken","SlaversCollar","downfall:HeartBlessingBlue","CeramicFish","Bottled Tornado","Enchiridion","Toxic Egg 2","Cursed Key","WingedGreaves","Bottled Flame","Gambling Chip","Ginger","War Paint","Molten Egg 2","Anchor"],"acts_visited":["Exordium","TheCity","TheBeyond"],"potions_floor_usage":[12,14,14,26,29,30,33,33,39,39,50,50],"damage_taken":[{"damage":0,"enemies":"Small Slimes","floor":2,"turns":3},{"damage":0,"enemies":"Cultist","floor":4,"turns":3},{"damage":0,"enemies":"Jaw Worm","floor":5,"turns":4},{"damage":25,"enemies":"Gremlin Nob","floor":8,"turns":6},{"damage":9,"enemies":"Lots of Slimes","floor":9,"turns":5},{"damage":3,"enemies":"Blue Slaver","floor":11,"turns":4},{"damage":4,"enemies":"Lagavulin","floor":12,"turns":6},{"damage":0,"enemies":"Gremlin Nob","floor":14,"turns":3},{"damage":10,"enemies":"Exordium Wildlife","floor":15,"turns":3},{"damage":16,"enemies":"downfall:Watcher","floor":16,"turns":8},{"damage":12,"enemies":"Spheric Guardian","floor":19,"turns":5},{"damage":0,"enemies":"downfall:FleeingMerchant","floor":20,"turns":4},{"damage":14,"enemies":"Snake Plant","floor":21,"turns":3},{"damage":0,"enemies":"Snecko","floor":22,"turns":4},{"damage":22,"enemies":"Gremlin Leader","floor":26,"turns":6},{"damage":8,"enemies":"Book of Stabbing","floor":29,"turns":4},{"damage":8,"enemies":"Sentry and Sphere","floor":30,"turns":4},{"damage":5,"enemies":"Snake Plant","floor":32,"turns":4},{"damage":9,"enemies":"downfall:Defect","floor":33,"turns":7},{"damage":19,"enemies":"3 Darklings","floor":36,"turns":5},{"damage":0,"enemies":"downfall:FleeingMerchant","floor":37,"turns":4},{"damage":0,"enemies":"Orb Walker","floor":38,"turns":3},{"damage":68,"enemies":"2 Orb Walkers","floor":39,"turns":5},{"damage":5,"enemies":"Nemesis","floor":43,"turns":7},{"damage":5,"enemies":"downfall:FleeingMerchant","floor":45,"turns":4},{"damage":0,"enemies":"Giant Head","floor":46,"turns":7},{"damage":15,"enemies":"Reptomancer","floor":48,"turns":6},{"damage":20,"enemies":"3 Darklings","floor":49,"turns":6},{"damage":24,"enemies":"downfall:Silent","floor":50,"turns":7}],"seed_played":"5274985855109828422","potions_obtained":[{"floor":5,"key":"DistilledChaos"},{"floor":9,"key":"AttackPotion"},{"floor":12,"key":"ColorlessPotion"},{"floor":14,"key":"LiquidBronze"},{"floor":15,"key":"Fruit Juice"},{"floor":19,"key":"PowerPotion"},{"floor":26,"key":"hexamod:EctoCoolerPotion"},{"floor":29,"key":"LiquidBronze"},{"floor":32,"key":"champ:CounterPotion"},{"floor":36,"key":"Regen Potion"},{"floor":38,"key":"LiquidBronze"},{"floor":43,"key":"PowerPotion"}],"is_trial":false,"path_per_floor":["R","M","?","M","M","?","T","E","M","R","M","E","R","E","M","B",null,"R","M","$","M","M","R","T","R","E","?","R","E","M","?","M","B",null,"R","M","$","M","?","R","T","R","E","R","$","E","R","E","M","B"],"character_chosen":"THE_SPIRIT","items_purchased":["hexamod:HauntingEcho","Apotheosis+1","Ginger","War Paint"],"campfire_rested":4,"item_purchase_floors":[20,37,45,45],"current_hp_per_floor":[70,70,70,70,70,70,70,45,36,36,33,29,50,50,40,24,70,80,68,68,54,54,54,54,54,32,16,40,32,24,24,19,15,85,85,66,66,66,12,37,37,37,32,57,52,52,52,37,17,0,0,0],"gold":121,"neow_bonus":"RANDOM_COLORLESS","is_daily":false,"chose_seed":false,"campfire_upgraded":7,"win_rate":0.0,"timestamp":1610495768,"path_taken":["R","M","?","?","?","?","T","E","?","R","M","E","R","E","M","BOSS","R","M","$","M","M","R","T","R","E","?","R","E","M","?","M","BOSS","R","M","$","M","?","R","T","R","E","R","$","E","R","E","M","BOSS"],"items_purchased_type":["Card","Card","Relic","Relic"],"build_version":"2020-12-22","purchased_purges":3,"victory":false,"max_hp_per_floor":[70,70,70,70,70,70,70,70,70,70,70,70,70,70,70,70,70,80,80,80,80,80,80,80,80,80,80,80,80,80,80,80,85,85,85,85,85,85,85,85,85,85,85,85,85,85,85,85,85,85,85,85],"card_choices":[{"not_picked":["Deep Breath","expansioncontent:GuardianWhirl"],"picked":"expansioncontent:Collect","floor":0},{"not_picked":["hexamod:SwordOfDarkness","hexamod:NightmareGuise"],"picked":"hexamod:AdvancingGuard","floor":2},{"not_picked":["hexamod:FlamesFromBeyond","hexamod:ShieldOfDarkness"],"picked":"hexamod:RadiantFlame","floor":4},{"not_picked":["hexamod:AdvancingGuard","hexamod:SwordOfDarkness"],"picked":"hexamod:FastForward","floor":5},{"not_picked":["hexamod:SixthSeal","hexamod:PhantomCloak","hexamod:SwordOfDarkness"],"picked":"SKIP","floor":8},{"not_picked":["hexamod:ShieldOfDarkness","hexamod:SecondSeal"],"picked":"hexamod:ExtraCrispy","floor":9},{"not_picked":["hexamod:GhostOfSpirePast","hexamod:GhostShield","hexamod:HauntingEcho"],"picked":"SKIP","floor":11},{"not_picked":["hexamod:GhostflameBarrier","hexamod:GhostShield"],"picked":"hexamod:RainOfEmbers","floor":12},{"not_picked":["hexamod:GhostOfSpirePast","hexamod:GhostOfSpirePresent","hexamod:GhostLash"],"picked":"SKIP","floor":14},{"not_picked":["hexamod:FirstSeal","hexamod:SixthSeal","hexamod:ThermalTransfer"],"picked":"SKIP","floor":15},{"not_picked":["hexamod:GiftsFromTheDead","hexamod:EmpoweringStance"],"picked":"hexamod:TimeOfNeed","floor":16},{"not_picked":["hexamod:RainOfEmbers","hexamod:HauntingEcho","hexamod:BacktrackSmack"],"picked":"SKIP","floor":19},{"not_picked":["hexamod:NecessarySacrifice","hexamod:BurningTouch"],"picked":"hexamod:ShieldOfDarkness","floor":20},{"not_picked":["hexamod:EtherealExpedition","hexamod:HauntingEcho"],"picked":"hexamod:FlamesFromBeyond","floor":21},{"not_picked":["hexamod:ApocalypticArmor","hexamod:ChargedBarrage","hexamod:AdvancingGuard"],"picked":"SKIP","floor":22},{"not_picked":["hexamod:PhantomCloak+1","hexamod:SwordOfDarkness"],"picked":"hexamod:PowerFromBeyond","floor":26},{"not_picked":["hexamod:InspiringFlames+1","hexamod:RainOfEmbers+1","hexamod:Haunt+1"],"picked":"SKIP","floor":29},{"not_picked":["hexamod:GhostOfSpirePresent","hexamod:CatchUp+1","hexamod:EtherealExpedition+1"],"picked":"SKIP","floor":30},{"not_picked":["hexamod:InspiringFlames+1","hexamod:FourthSeal","hexamod:DynamicBlow"],"picked":"SKIP","floor":32},{"not_picked":["hexamod:WildfireWeapon","hexamod:GhostflameInferno+1"],"picked":"hexamod:TurnItUp+1","floor":33},{"not_picked":["hexamod:RainOfEmbers+1","hexamod:SkipABeat+1"],"picked":"hexamod:HeatMetal+1","floor":36},{"not_picked":["hexamod:Again+1","hexamod:GhostShield+1","hexamod:BacktrackSmack"],"picked":"SKIP","floor":37},{"not_picked":["hexamod:Rewind+1","hexamod:Again+1"],"picked":"hexamod:AdvancingGuard+1","floor":38},{"not_picked":["hexamod:ShieldOfDarkness+1","hexamod:ThermalTransfer+1"],"picked":"hexamod:NightmareStrike+1","floor":39},{"not_picked":["hexamod:CrushingStance","hexamod:FastForward+1"],"picked":"hexamod:SpectersWail+1","floor":43},{"not_picked":["hexamod:GhostLash","hexamod:InspiringFlames+1"],"picked":"hexamod:Firestarter+1","floor":45},{"not_picked":["hexamod:SwordOfDarkness+1","hexamod:BurningTouch+1"],"picked":"hexamod:HeatShield+1","floor":46},{"not_picked":["hexamod:SpectersWail+1","hexamod:ExtraCrispy+1"],"picked":"hexamod:Toasty+1","floor":48},{"not_picked":["hexamod:SpectralSpark+1","hexamod:Hexaguard+1"],"picked":"hexamod:HeatCrush+1","floor":49}],"player_experience":519605,"relics_obtained":[{"floor":8,"key":"StrikeDummy"},{"floor":12,"key":"Thread and Needle"},{"floor":14,"key":"Shuriken"},{"floor":24,"key":"CeramicFish"},{"floor":26,"key":"Bottled Tornado"},{"floor":27,"key":"Enchiridion"},{"floor":29,"key":"Toxic Egg 2"},{"floor":39,"key":"WingedGreaves"},{"floor":41,"key":"Bottled Flame"},{"floor":43,"key":"Gambling Chip"},{"floor":46,"key":"Molten Egg 2"},{"floor":48,"key":"Anchor"}],"event_choices":[{"cards_removed":["hexamod:Defend"],"damage_healed":0,"gold_gain":0,"player_choice":"Purged","damage_taken":0,"max_hp_gain":0,"max_hp_loss":0,"event_name":"Purifier","floor":3,"gold_loss":0},{"damage_healed":0,"gold_gain":0,"player_choice":"Upgraded","damage_taken":0,"max_hp_gain":0,"max_hp_loss":0,"event_name":"Upgrade Shrine","floor":6,"gold_loss":0,"cards_upgraded":["hexamod:Float"]},{"damage_healed":0,"gold_gain":0,"player_choice":"Fight","damage_taken":0,"max_hp_gain":0,"max_hp_loss":0,"event_name":"Mysterious Sphere","floor":39,"gold_loss":0}],"is_beta":false,"boss_relics":[{"not_picked":["Black Star","downfall:Hecktoplasm"],"picked":"SlaversCollar"},{"not_picked":["expansioncontent:StudyCardRelic","Astrolabe"],"picked":"Cursed Key"}],"items_purged_floors":[20,37,45],"is_endless":false,"potions_floor_spawned":[5,9,12,14,15,19,21,26,29,32,36,38,43],"killed_by":"downfall:Silent","ascension_level":3}}