{"host":"vlqejv0notyktumz","time":1610491785,"event":{"mods":["AchievementEnabler","BaseMod","Googly Eyes","Minty Spire (QoL Compilation)"],"gold_per_floor":[119,139,157,172,247,279,279,294,294,309,309,309,329,342,342,447,447,461,475,490,490,490,490,256,16,40,57,76,103,53,53,53,148,198,215,215,215],"floor_reached":36,"language":"ENG","playtime":1159,"items_purged":["Strike_B+1","Strike_B+1"],"score":524,"play_id":"40dd612b-1298-4d58-851d-98dd8cca34fa","local_time":"20210112164945","is_ascension_mode":true,"campfire_choices":[{"data":"White Noise","floor":7,"key":"SMITH"},{"floor":11,"key":"REST"},{"data":"Conserve Battery","floor":15,"key":"SMITH"},{"floor":23,"key":"REST"},{"floor":32,"key":"REST"}],"circlet_count":0,"master_deck":["Strike_B+1","Defend_B+1","Defend_B+1","Defend_B+1","Defend_B+1","Zap+1","Dualcast","Hologram","Go for the Eyes+1","White Noise+1","Redo","Conserve Battery+1","Ball Lightning","Storm","Core Surge","Scrape","Redo+1","Enlightenment","Hello World","Go for the Eyes","Buffer","Defragment"],"relics":["Cracked Core","Anchor","Regal Pillow","Busted Crown","Ornamental Fan","Happy Flower","Smiling Mask","Tiny House"],"acts_visited":["Exordium","TheCity","TheBeyond"],"potions_floor_usage":[14,14,16,33,33,35],"damage_taken":[{"damage":0,"enemies":"Small Slimes","floor":1,"turns":2},{"damage":0,"enemies":"Cultist","floor":2,"turns":3},{"damage":5,"enemies":"Jaw Worm","floor":3,"turns":4},{"damage":8,"enemies":"Exordium Wildlife","floor":4,"turns":4},{"damage":26,"enemies":"Gremlin Nob","floor":6,"turns":4},{"damage":4,"enemies":"3 Louse","floor":8,"turns":6},{"damage":0,"enemies":"Large Slime","floor":10,"turns":4},{"damage":1,"enemies":"Exordium Wildlife","floor":13,"turns":4},{"damage":0,"enemies":"Looter","floor":14,"turns":3},{"damage":52,"enemies":"Slime Boss","floor":16,"turns":11},{"damage":16,"enemies":"Shell Parasite","floor":18,"turns":6},{"damage":3,"enemies":"Chosen","floor":19,"turns":5},{"damage":23,"enemies":"Centurion and Healer","floor":20,"turns":10},{"damage":20,"enemies":"Chosen and Byrds","floor":27,"turns":7},{"damage":4,"enemies":"Cultist and Chosen","floor":28,"turns":5},{"damage":14,"enemies":"Book of Stabbing","floor":29,"turns":6},{"damage":57,"enemies":"Automaton","floor":33,"turns":12},{"damage":48,"enemies":"3 Darklings","floor":35,"turns":7},{"damage":23,"enemies":"3 Shapes","floor":36,"turns":3}],"seed_played":"4471811781128859663","potions_obtained":[{"floor":3,"key":"PotionOfCapacity"},{"floor":6,"key":"Block Potion"},{"floor":8,"key":"Energy Potion"},{"floor":14,"key":"Fruit Juice"},{"floor":27,"key":"FocusPotion"},{"floor":28,"key":"GamblersBrew"},{"floor":34,"key":"Explosive Potion"}],"is_trial":false,"path_per_floor":["M","M","M","M","?","E","R","M","T","M","R","?","M","M","R","B",null,"M","M","M","?","?","R","$","$","T","M","M","E","$","?","R","B",null,"M","M"],"character_chosen":"DEFECT","items_purchased":["Enlightenment","Hello World","Ornamental Fan"],"campfire_rested":3,"item_purchase_floors":[24,24,25],"current_hp_per_floor":[68,68,63,55,44,18,18,14,14,14,51,51,50,55,55,3,61,45,42,19,19,19,58,58,58,58,38,34,20,20,20,59,2,66,18,0,0],"gold":215,"neow_bonus":"UPGRADE_CARD","is_daily":false,"chose_seed":false,"campfire_upgraded":2,"win_rate":0.0,"timestamp":1610491785,"path_taken":["M","M","M","M","?","E","R","M","T","M","R","?","M","?","R","BOSS","M","M","M","?","?","R","?","$","T","M","M","E","$","?","R","BOSS","M","M"],"items_purchased_type":["Card","Card","Relic"],"build_version":"2020-12-22","purchased_purges":2,"victory":false,"max_hp_per_floor":[75,75,75,75,75,75,75,75,75,75,75,75,75,80,80,80,80,80,80,80,80,80,80,80,80,80,80,80,80,80,80,80,80,85,85,85,85],"card_choices":[{"not_picked":["Sweeping Beam","Hello World"],"picked":"Hologram","floor":1},{"not_picked":["Hello World","Turbo"],"picked":"Go for the Eyes","floor":2},{"not_picked":["Hologram","Turbo"],"picked":"White Noise","floor":3},{"not_picked":["Steam","Streamline"],"picked":"Redo","floor":4},{"not_picked":["Stack","Compile Driver"],"picked":"Conserve Battery","floor":6},{"not_picked":["Steam Power","Reprogram","Coolheaded"],"picked":"SKIP","floor":8},{"not_picked":["Core Surge","Redo"],"picked":"Ball Lightning","floor":10},{"not_picked":["Self Repair","Rebound"],"picked":"Storm","floor":13},{"not_picked":["Force Field","Barrage","Doom and Gloom"],"picked":"SKIP","floor":14},{"not_picked":["Biased Cognition","Hyperbeam"],"picked":"Core Surge","floor":16},{"not_picked":[],"picked":"Scrape","floor":18},{"not_picked":["Reprogram"],"picked":"SKIP","floor":19},{"not_picked":[],"picked":"Redo+1","floor":20},{"not_picked":["Compile Driver"],"picked":"SKIP","floor":27},{"not_picked":[],"picked":"Go for the Eyes","floor":28},{"not_picked":["Skim"],"picked":"SKIP","floor":29},{"not_picked":[],"picked":"Buffer","floor":33},{"not_picked":[],"picked":"Defragment","floor":34},{"not_picked":["Darkness+1"],"picked":"SKIP","floor":35}],"player_experience":331087,"relics_obtained":[{"floor":6,"key":"Anchor"},{"floor":9,"key":"Regal Pillow"},{"floor":26,"key":"Happy Flower"},{"floor":29,"key":"Smiling Mask"}],"event_choices":[{"damage_healed":0,"gold_gain":75,"player_choice":"Gather Gold","damage_taken":11,"max_hp_gain":0,"max_hp_loss":0,"event_name":"World of Goop","floor":5,"gold_loss":0},{"cards_removed":["Strike_B"],"damage_healed":0,"gold_gain":0,"player_choice":"Offered Basic","damage_taken":0,"max_hp_gain":0,"max_hp_loss":0,"event_name":"Bonfire Elementals","floor":12,"gold_loss":0},{"damage_healed":0,"gold_gain":0,"player_choice":"Ignored","damage_taken":0,"max_hp_gain":0,"max_hp_loss":0,"event_name":"Cursed Tome","floor":21,"gold_loss":0},{"damage_healed":0,"gold_gain":0,"player_choice":"Simplicity","damage_taken":0,"max_hp_gain":0,"max_hp_loss":0,"event_name":"Back to Basics","floor":22,"gold_loss":0,"cards_upgraded":["Strike_B","Strike_B","Strike_B","Defend_B","Defend_B","Defend_B","Defend_B"]},{"damage_healed":0,"gold_gain":0,"player_choice":"Ignored","damage_taken":0,"max_hp_gain":0,"max_hp_loss":0,"event_name":"Vampires","floor":31,"gold_loss":0}],"is_beta":false,"boss_relics":[{"not_picked":["Calling Bell","Philosopher\u0027s Stone"],"picked":"Busted Crown"},{"not_picked":["SacredBark","FrozenCore"],"picked":"Tiny House"}],"items_purged_floors":[24,30],"is_endless":false,"potions_floor_spawned":[3,6,8,10,13,14,27,28],"killed_by":"3 Shapes","ascension_level":7}}