{"host":"tr12w2fixbnujl15","time":1610482107,"event":{"mods":["2.2 Compatiblity","BaseMod","Better Skull","BetterRewards","Clockwork Mod","Colored Powertips","Evolution","Hermit","Hubris","Infinite Spire","Koishi","Mad Scientist","Minty Spire (QoL Compilation)","Quick Restart","Replay The Spire","Shop Mod","StSLib","SuperFastMode","The Animator","The Bug Knight","The Construct","The Cursed","The Hierophant","The Necromancer","The Sage","The Senshi","The Servant 0.9.4","The Spell Scribe","TheFirefly","WarShipGirlsR/????R mod"],"gold_per_floor":[114,114,114,0,20,20,44,44,71,85,85,63,143,143,143,251,251,251,251],"floor_reached":18,"language":"ENG","playtime":588,"items_purged":[],"score":148,"play_id":"e398fe99-b335-42c1-9933-97c0d31f94a0","local_time":"20210112150827","is_ascension_mode":false,"campfire_choices":[{"data":"animator:TanyaDegurechaff","floor":6,"key":"SMITH"},{"data":"animator:Illya","floor":8,"key":"SMITH"},{"data":"animator:Mikaela","floor":11,"key":"SMITH"},{"data":"animator:Sebas","floor":15,"key":"SMITH"}],"circlet_count":0,"master_deck":["animator:ChaikaBohdan","animator:LizardPriest","animator:Strike","animator:Strike","animator:Defend","animator:Defend","animator:Shinoa","animator:Mikaela+1","animator:TanyaDegurechaff+1","animator:Emilia","animator:HououinKyouma","animator:Albedo","animator:Chris","animator:Illya+1","animator:Assassin","animator:Tyuule","Delirium","animator:Envy","animator:Kuribayashi+1","animator:Yoichi+1","animator:Tet+1"],"relics":["animator:LivingPicture","animator:TheMissingPiece","EVO:Axolotl","animator:PurgingStone","MerchantsRug","Pondfish Scales","ReplayTheSpireMod:ShopPack","infinitespire:ShieldingShard","animator:HeavyHalberd","Juzu Bracelet","Astrolabe"],"acts_visited":["Exordium","TheCity"],"potions_floor_usage":[],"damage_taken":[{"damage":0,"enemies":"2 Louse","floor":1,"turns":4},{"damage":0,"enemies":"Cultist","floor":5,"turns":3},{"damage":0,"enemies":"Jaw Worm","floor":7,"turns":2},{"damage":2,"enemies":"2 Fungi Beasts","floor":10,"turns":3},{"damage":1,"enemies":"Looter","floor":12,"turns":4},{"damage":12,"enemies":"The Guardian","floor":16,"turns":12},{"damage":0,"enemies":"Shell Parasite","floor":18,"turns":1}],"seed_played":"718063512162854250","potions_obtained":[{"floor":10,"key":"Dexterity Potion"},{"floor":16,"key":"Swift Potion"}],"is_trial":false,"path_per_floor":["M","?","?","?","M","R","M","R","T","M","R","M","?","?","R","B",null,"M"],"character_chosen":"THE_ANIMATOR","items_purchased":["MerchantsRug","ReplayTheSpireMod:ShopPack","infinitespire:ShieldingShard"],"campfire_rested":0,"item_purchase_floors":[0,0,0],"current_hp_per_floor":[66,66,66,66,66,66,66,66,66,64,64,63,63,63,63,51,66,66,66],"gold":251,"neow_bonus":"","is_daily":false,"chose_seed":false,"campfire_upgraded":4,"win_rate":0.0,"timestamp":1610482107,"path_taken":["M","?","?","?","M","R","M","R","T","M","R","M","?","?","R","BOSS","M"],"items_purchased_type":["Relic","Relic","Relic"],"build_version":"2020-12-22","purchased_purges":0,"victory":false,"max_hp_per_floor":[66,66,66,66,66,66,66,66,66,66,66,66,66,66,66,66,66,66,66],"card_choices":[{"not_picked":["animator:TakanashiRikka","animator:HarukoHaruhara"],"picked":"animator:TanyaDegurechaff","floor":0},{"not_picked":["animator:Kuroyukihime","animator:MisaKurobane"],"picked":"animator:Emilia","floor":0},{"not_picked":["animator:Urushihara","animator:Kagari"],"picked":"animator:HououinKyouma","floor":0},{"not_picked":["animator:Emonzaemon","animator:Vanir"],"picked":"animator:Albedo","floor":1},{"not_picked":["animator:Konayuki","animator:DolaSchwi"],"picked":"animator:Chris","floor":5},{"not_picked":["animator:Entoma","animator:ElricAlphonse"],"picked":"animator:Illya","floor":7},{"not_picked":["animator:Berserker","animator:Alexander"],"picked":"animator:Assassin","floor":10},{"not_picked":["animator:Ciel","animator:ShinjiMatou"],"picked":"animator:Tyuule","floor":12},{"not_picked":["animator:Eris","animator:Hans"],"picked":"animator:Envy","floor":16}],"player_experience":50635,"relics_obtained":[{"floor":9,"key":"Juzu Bracelet"}],"event_choices":[{"damage_healed":0,"gold_gain":0,"player_choice":"Leave","damage_taken":0,"max_hp_gain":0,"max_hp_loss":0,"event_name":"The Cleric","floor":2,"gold_loss":0},{"damage_healed":0,"gold_gain":0,"player_choice":"Ignored","damage_taken":0,"max_hp_gain":0,"max_hp_loss":0,"event_name":"Golden Wing","floor":3,"gold_loss":0},{"damage_healed":0,"gold_gain":0,"player_choice":"Paid Gold","damage_taken":0,"relics_obtained":["animator:HeavyHalberd"],"max_hp_gain":0,"max_hp_loss":0,"event_name":"WeMeetAgain","floor":4,"gold_loss":114}],"is_beta":false,"boss_relics":[{"not_picked":["Runic Dome","infinitespire:Cupcake"],"picked":"Astrolabe"}],"items_purged_floors":[],"is_endless":false,"potions_floor_spawned":[10,16],"killed_by":"Shell Parasite","ascension_level":0}}