{"host":"69vai7pma7zqkhbs","time":1610450304,"event":{"mods":["BaseMod","Duelist Mod","GifTheSpireLib","Hermit","Minty Spire (QoL Compilation)","Quick Restart","StSLib","The Judge","The Senshi"],"gold_per_floor":[110,128,142,142,67,67,97,97,167,184,84,159,173,173,173,268,268,281,281,281],"floor_reached":19,"playtime":809,"items_purged":["Strike_B","Strike_B"],"score":220,"play_id":"4034c879-3f93-4a7e-aa4c-95c6005e4928","local_time":"20210112221824","is_ascension_mode":true,"campfire_choices":[{"data":"Zap","floor":6,"key":"SMITH"},{"data":"Double Energy","floor":8,"key":"SMITH"},{"floor":15,"key":"REST"}],"circlet_count":0,"master_deck":["Strike_B","Defend_B","Defend_B","Defend_B","Defend_B","Zap+1","Dualcast","Biased Cognition","Leap","Double Energy+1","Gash","All For One"],"relics":["Cracked Core","Odd Mushroom","Eternal Feather","Black Star"],"acts_visited":["Exordium","TheCity"],"potions_floor_usage":[16],"damage_taken":[{"damage":3,"enemies":"Small Slimes","floor":1,"turns":4},{"damage":0,"enemies":"Cultist","floor":2,"turns":5},{"damage":0,"enemies":"2 Louse","floor":3,"turns":2},{"damage":17,"enemies":"The Mushroom Lair","floor":7,"turns":4},{"damage":23,"enemies":"Exordium Thugs","floor":10,"turns":6},{"damage":1,"enemies":"Large Slime","floor":13,"turns":5},{"damage":46,"enemies":"Slime Boss","floor":16,"turns":7},{"damage":41,"enemies":"Chosen","floor":18,"turns":7},{"damage":22,"enemies":"3 Byrds","floor":19,"turns":3}],"seed_played":"-1802302579945896881","potions_obtained":[{"floor":4,"key":"FairyPotion"},{"floor":4,"key":"CultistPotion"},{"floor":7,"key":"EssenceOfDarkness"},{"floor":13,"key":"Dexterity Potion"},{"floor":16,"key":"BlessingOfTheForge"}],"is_trial":false,"path_per_floor":["M","M","M","?","$","R","?","R","T","M","$","?","M","?","R","B",null,"M","M"],"character_chosen":"DEFECT","items_purchased":[],"campfire_rested":1,"item_purchase_floors":[],"current_hp_per_floor":[65,65,65,65,65,65,48,48,48,25,25,14,13,13,41,22,62,21,0,0],"gold":281,"neow_bonus":"ONE_RANDOM_RARE_CARD","is_daily":false,"chose_seed":false,"campfire_upgraded":2,"win_rate":0.0,"timestamp":1610450304,"path_taken":["M","M","M","?","?","R","?","R","T","M","$","?","M","?","R","BOSS","M","M"],"items_purchased_type":[],"build_version":"2020-12-22","purchased_purges":2,"victory":false,"max_hp_per_floor":[75,75,75,75,75,75,75,75,75,75,75,75,75,75,75,75,75,75,75,75],"card_choices":[{"not_picked":["Barrage","Steam Power"],"picked":"Leap","floor":1},{"not_picked":["Leap","Go for the Eyes","Doom and Gloom"],"picked":"SKIP","floor":2},{"not_picked":["Stack","Chaos","Rebound"],"picked":"SKIP","floor":3},{"not_picked":["BootSequence","Auto Shields"],"picked":"Double Energy","floor":7},{"not_picked":["Turbo","Sweeping Beam"],"picked":"Gash","floor":10},{"not_picked":["Cold Snap","Creative AI","Heatsinks"],"picked":"SKIP","floor":13},{"not_picked":["Thunder Strike","Reboot"],"picked":"All For One","floor":16},{"not_picked":["Turbo","Stack+1","Auto Shields"],"picked":"SKIP","floor":18}],"player_experience":1216104,"relics_obtained":[{"floor":7,"key":"Odd Mushroom"},{"floor":9,"key":"Eternal Feather"}],"event_choices":[{"damage_healed":0,"gold_gain":0,"player_choice":"Got Potions","damage_taken":0,"max_hp_gain":0,"max_hp_loss":0,"event_name":"Lab","floor":4,"gold_loss":0},{"damage_healed":0,"gold_gain":0,"player_choice":"Fought Mushrooms","damage_taken":0,"max_hp_gain":0,"max_hp_loss":0,"event_name":"Mushrooms","floor":7,"gold_loss":0},{"damage_healed":0,"gold_gain":75,"player_choice":"Gather Gold","damage_taken":11,"max_hp_gain":0,"max_hp_loss":0,"event_name":"World of Goop","floor":12,"gold_loss":0},{"cards_removed":["Strike_B"],"damage_healed":0,"gold_gain":0,"player_choice":"Offered Basic","damage_taken":0,"max_hp_gain":0,"max_hp_loss":0,"event_name":"Bonfire Elementals","floor":14,"gold_loss":0}],"is_beta":false,"boss_relics":[{"not_picked":["Calling Bell","Coffee Dripper"],"picked":"Black Star"}],"items_purged_floors":[5,11],"is_endless":false,"potions_floor_spawned":[7,13,16],"killed_by":"3 Byrds","ascension_level":8}}