{"host":"nlbr7nnijupf3yfg","time":1610439578,"event":{"mods":["AchievementEnabler","BaseMod","Colored Powertips","DeckTracker","Downfall","Hubris","Marisa????????","Minty Spire (QoL Compilation)","Replay The Spire","StSLib","SuperFastMode"],"gold_per_floor":[118,118,138,206,256,256,256,267,267,297,316,316,336,351,351,449,449,467,626,432,452,502,502,537,550,550,550,576,589,653,653,653],"floor_reached":31,"playtime":750,"items_purged":["ReplayTheSpireMod:Splinters"],"score":261,"play_id":"8e903acc-864a-4140-b3ef-8e971609310a","local_time":"20210112031938","is_ascension_mode":false,"campfire_choices":[{"data":"ShootTheMoon","floor":6,"key":"SMITH"},{"floor":12,"key":"REST"},{"data":"AlicesGift","floor":15,"key":"SMITH"},{"floor":23,"key":"REST"},{"floor":27,"key":"REST"}],"circlet_count":0,"master_deck":["Strike_MRS","Strike_MRS","Defend_MRS","Defend_MRS","Defend_MRS","UpSweep","RefractionSpark","MysteriousBeam","LuminesStrike","hubris:DuctTapeCard","GasGiant","AlicesGift+1","TreasureHunter","SporeBomb+1","RefractionSpark+1","LuminesStrike+1","GalacticHalo+1","expansioncontent:QuickStudy","expansioncontent:Sear","expansioncontent:DashGenerateEvil","ShootTheMoon+1","WitchOfGreed","MachineGunSpark+1","LuminesStrike+1","DC+1","UnstableBomb+1"],"relics":["MiniHakkero","SsserpentHead","hubris:Icosahedron","hubris:DuctTape","hubris:BottledRain","Honey Jar","ReplayTheSpireMod:ShopPack","Potion Belt","InkBottle"],"acts_visited":["Exordium","TheCity"],"potions_floor_usage":[13,21],"damage_taken":[{"damage":3,"enemies":"Jaw Worm","floor":1,"turns":3},{"damage":0,"enemies":"Cultist","floor":3,"turns":2},{"damage":0,"enemies":"2 Louse","floor":4,"turns":1},{"damage":0,"enemies":"Large Slime","floor":8,"turns":3},{"damage":13,"enemies":"3 Sentries","floor":10,"turns":5},{"damage":11,"enemies":"Exordium Wildlife","floor":11,"turns":3},{"damage":4,"enemies":"2 Fungi Beasts","floor":13,"turns":2},{"damage":6,"enemies":"Red Slaver","floor":14,"turns":3},{"damage":55,"enemies":"Fading Forest","floor":16,"turns":11},{"damage":5,"enemies":"Chosen","floor":18,"turns":3},{"damage":19,"enemies":"2 Thieves","floor":21,"turns":4},{"damage":29,"enemies":"Book of Stabbing","floor":24,"turns":4},{"damage":12,"enemies":"Snecko","floor":25,"turns":4},{"damage":10,"enemies":"Chosen and Byrds","floor":28,"turns":3},{"damage":26,"enemies":"Shelled Parasite and Fungi","floor":29,"turns":4},{"damage":24,"enemies":"3 Cultists","floor":30,"turns":5},{"damage":0,"enemies":"Snake Plant","floor":31,"turns":2}],"seed_played":"6240263493770005360","potions_obtained":[{"floor":1,"key":"Fire Potion"},{"floor":11,"key":"Weak Potion"},{"floor":13,"key":"EssenceOfSteel"},{"floor":14,"key":"Dexterity Potion"},{"floor":21,"key":"SteroidPotion"},{"floor":24,"key":"hexamod:EctoCoolerPotion"},{"floor":25,"key":"FairyPotion"},{"floor":29,"key":"CultistPotion"}],"is_trial":false,"path_per_floor":["M","?","M","M","?","R","?","M","T","E","M","R","M","M","R","B",null,"M","?","$","M","?","R","E","M","T","R","M","M","M","M"],"character_chosen":"MARISA","items_purchased":["ReplayTheSpireMod:ShopPack"],"campfire_rested":3,"item_purchase_floors":[20],"current_hp_per_floor":[72,72,72,72,72,72,72,72,72,59,48,70,66,60,60,15,75,70,70,70,51,51,73,44,40,40,62,52,26,2,2,2],"gold":653,"neow_bonus":"TRANSFORM_CARD","is_daily":false,"chose_seed":false,"campfire_upgraded":2,"win_rate":0.0,"timestamp":1610439578,"path_taken":["M","?","M","?","?","R","?","M","T","E","M","R","M","M","R","BOSS","M","?","$","M","?","R","E","M","T","R","M","M","?","M"],"items_purchased_type":["Relic"],"build_version":"2020-12-22","purchased_purges":1,"victory":false,"max_hp_per_floor":[75,75,75,75,75,75,75,75,75,75,75,75,75,75,75,75,75,75,75,75,75,75,75,75,75,75,75,75,75,75,75,75],"card_choices":[{"not_picked":["FairyDestructionRay","SprinkleStarSeal"],"picked":"MysteriousBeam","floor":1},{"not_picked":["Singularity","SporeBomb"],"picked":"LuminesStrike","floor":3},{"not_picked":["Acceleration","GasGiant"],"picked":"ShootTheMoon","floor":4},{"not_picked":["StarlightTyphoon","OpenUniverse","Acceleration"],"picked":"SKIP","floor":8},{"not_picked":["MysteriousBeam","GalacticHalo","LuminesStrike"],"picked":"SKIP","floor":10},{"not_picked":["MilkyWay","MachineGunSpark"],"picked":"GasGiant","floor":11},{"not_picked":["MilkyWay","AbsoluteMagnitude","OrrerysSun"],"picked":"SKIP","floor":13},{"not_picked":["Robbery","EnergyRecoil"],"picked":"AlicesGift","floor":14},{"not_picked":["SuperNova","StarDustReverie"],"picked":"TreasureHunter","floor":16},{"not_picked":["ShootingEcho","EventHorizon","Acceleration"],"picked":"SporeBomb+1","floor":18},{"not_picked":["MilkyWay","Acceleration","DoubleSpark"],"picked":"RefractionSpark+1","floor":19},{"not_picked":["DC","MilkyWay","StarDustReverie"],"picked":"LuminesStrike+1","floor":19},{"not_picked":["LuminesStrike","PulseMagic","ChargeUpSpray"],"picked":"GalacticHalo+1","floor":19},{"not_picked":["Secret Technique","expansioncontent:Corrupt","Violence"],"picked":"expansioncontent:QuickStudy","floor":20},{"not_picked":["Jack Of All Trades","Replay:SS_fish_1","expansioncontent:Hexaburn"],"picked":"expansioncontent:Sear","floor":20},{"not_picked":["Transmutation","ReplayUltimateDefense","hubris:Insight"],"picked":"expansioncontent:DashGenerateEvil","floor":20},{"not_picked":["GalacticHalo","PowerUp","DeepEcoloBomb"],"picked":"ShootTheMoon+1","floor":21},{"not_picked":["BinaryStars","Occultation","GrandCross"],"picked":"WitchOfGreed","floor":24},{"not_picked":["SporeBomb+1","DC","Occultation"],"picked":"MachineGunSpark+1","floor":25},{"not_picked":["NonDirectionalLaser","AsteroidBelt","GalacticHalo"],"picked":"LuminesStrike+1","floor":28},{"not_picked":["DarkSpark","NonDirectionalLaser","PropBag"],"picked":"DC+1","floor":29},{"not_picked":["Robbery+1","MysteriousBeam","OneTimeOff+1"],"picked":"UnstableBomb+1","floor":30}],"player_experience":38962,"relics_obtained":[{"floor":9,"key":"hubris:DuctTape"},{"floor":10,"key":"hubris:BottledRain"},{"floor":24,"key":"Potion Belt"},{"floor":26,"key":"InkBottle"}],"event_choices":[{"damage_healed":0,"gold_gain":0,"player_choice":"Trade","damage_taken":0,"relics_obtained":["SsserpentHead"],"max_hp_gain":0,"max_hp_loss":0,"event_name":"FaceTrader","floor":2,"gold_loss":0},{"cards_removed":["Strike_MRS"],"damage_healed":0,"gold_gain":0,"player_choice":"Card Removal","damage_taken":0,"max_hp_gain":0,"max_hp_loss":0,"event_name":"The Cleric","floor":7,"gold_loss":50},{"cards_removed":["Strike_MRS"],"damage_healed":0,"gold_gain":0,"player_choice":"Purged","damage_taken":0,"max_hp_gain":0,"max_hp_loss":0,"event_name":"Purifier","floor":22,"gold_loss":0}],"is_beta":false,"boss_relics":[{"not_picked":["Sozu","Abe\u0027s Treasure"],"picked":"Honey Jar"}],"items_purged_floors":[20],"is_endless":false,"potions_floor_spawned":[1,11,13,14,21,24,25,29],"killed_by":"Snake Plant","ascension_level":0}}