{"host":"y3iy5gb13b300rns","time":1610439307,"event":{"mods":["BaseMod","Bestiary","Curses Come First","Minty Spire (QoL Compilation)","Replay The Spire","StSLib","The Runesmith"],"gold_per_floor":[119,135,135,95,111,111,111,111,138,168,168,193,36,36,36,167,167,187,187,127,127,150,150,150,194,194,194,194,50,50,50,50,170,170,191,191,191],"floor_reached":36,"playtime":1754,"items_purged":[],"score":432,"play_id":"9943ba4f-4797-4357-bd0c-681eec94c900","local_time":"20210112021507","daily_mods":["Draft","Heirloom","Flight"],"is_ascension_mode":false,"campfire_choices":[{"data":"Demon Form","floor":6,"key":"SMITH"},{"data":"Echo Form","floor":8,"key":"SMITH"},{"data":"DevaForm","floor":11,"key":"SMITH"},{"data":"Reaper","floor":15,"key":"SMITH"},{"floor":23,"key":"REST"},{"data":"ReplayTheSpireMod:Muscle Training","floor":24,"key":"SMITH"},{"floor":27,"key":"REST"},{"floor":30,"key":"REST"},{"floor":32,"key":"REST"}],"circlet_count":0,"master_deck":["Demon Form+1","Wraith Form v2","Echo Form+1","DevaForm+1","Runesmith:CreatorForm","Twin Strike","Disarm","Cleave","Rampage","Iron Wave","Rage+1","Shrug It Off","Sever Soul","Clothesline","Anger","Bloodletting","Battle Trance+1","Inflame","Dropkick","Sword Boomerang","Heavy Blade","Heavy Blade","Cleave","Bludgeon","Disarm","Reaper+1","Injury","Hemogenesis","Dark Embrace+1","ReplayTheSpireMod:Muscle Training+1","Writhe","Heavy Blade+1","Twin Strike+1","Blood for Blood","RitualDagger","Immolate","Combust+1"],"relics":["Black Blood","replay:Trail_Library","StoneCalendar","Toy Ornithopter","Oddly Smooth Stone","Runesmith:Nanobots","War Paint","Golden Idol","Replay:Mystery Machine","Snack Pack","ReplayTheSpireMod:TigerMarble","Potion Belt","Nilry\u0027s Codex"],"acts_visited":["Exordium","TheCity","TheBeyond"],"potions_floor_usage":[2,12,16,16,18,33,36],"damage_taken":[{"damage":10,"enemies":"Cultist","floor":1,"turns":4},{"damage":0,"enemies":"2 Louse","floor":2,"turns":2},{"damage":3,"enemies":"Small Slimes","floor":5,"turns":2},{"damage":14,"enemies":"Gremlin Nob","floor":10,"turns":3},{"damage":15,"enemies":"3 Sentries","floor":12,"turns":3},{"damage":20,"enemies":"Fading Forest","floor":16,"turns":9},{"damage":20,"enemies":"2 Thieves","floor":18,"turns":3},{"damage":55,"enemies":"3 Byrds","floor":22,"turns":6},{"damage":67,"enemies":"Gremlin Leader","floor":25,"turns":7},{"damage":119,"enemies":"Collector","floor":33,"turns":9},{"damage":54,"enemies":"3 Shapes","floor":35,"turns":7},{"damage":67,"enemies":"2 Orb Walkers","floor":36,"turns":3}],"seed_played":"-4611457516489092152","potions_obtained":[{"floor":1,"key":"AttackPotion"},{"floor":4,"key":"Regen Potion"},{"floor":4,"key":"Ancient Potion"},{"floor":4,"key":"DuplicationPotion"},{"floor":12,"key":"FairyPotion"},{"floor":16,"key":"Swift Potion"},{"floor":25,"key":"Block Potion"},{"floor":35,"key":"Ancient Potion"}],"is_trial":true,"path_per_floor":["M","M","$","?","M","R","$","R","T","E","R","E","$","?","R","B",null,"M","?","?","?","M","R","R","E","T","R","?","$","R","?","R","B",null,"M","?"],"character_chosen":"IRONCLAD","items_purchased":["War Paint","Potion Belt"],"campfire_rested":4,"item_purchase_floors":[13,29],"current_hp_per_floor":[76,80,80,80,80,80,80,80,80,72,72,68,68,68,68,75,80,77,77,77,77,46,70,70,33,33,57,51,51,75,59,80,16,80,50,0,0],"gold":191,"neow_bonus":"","is_daily":false,"chose_seed":false,"campfire_upgraded":5,"win_rate":0.0,"timestamp":1610439307,"path_taken":["M","M","$","?","?","R","?","R","T","E","R","E","$","?","R","BOSS","M","?","?","?","?","R","R","E","T","R","?","$","R","?","R","BOSS","M","?"],"items_purchased_type":["Relic","Relic"],"build_version":"2020-12-22","purchased_purges":0,"victory":false,"max_hp_per_floor":[80,80,80,80,80,80,80,80,80,80,80,80,80,80,80,80,80,80,80,80,80,80,80,80,80,80,80,80,80,80,80,80,80,80,80,80,80],"card_choices":[{"not_picked":["Rupture","Body Slam"],"picked":"Twin Strike","floor":0},{"not_picked":["Shockwave","Whirlwind"],"picked":"Disarm","floor":0},{"not_picked":["Havoc","Warcry"],"picked":"Cleave","floor":0},{"not_picked":["Havoc","Uppercut"],"picked":"Rampage","floor":0},{"not_picked":["Clothesline","Dual Wield"],"picked":"Iron Wave","floor":0},{"not_picked":["Havoc","Pommel Strike"],"picked":"Rage","floor":0},{"not_picked":["Body Slam","Wild Strike"],"picked":"Shrug It Off","floor":0},{"not_picked":["Dark Embrace","Warcry"],"picked":"Sever Soul","floor":0},{"not_picked":["Replay:Undeath\u0027s Touch","Dropkick"],"picked":"Clothesline","floor":0},{"not_picked":["Replay:Undeath\u0027s Touch","Dual Wield"],"picked":"Anger","floor":0},{"not_picked":["Iron Wave","Perfected Strike"],"picked":"Bloodletting","floor":0},{"not_picked":["Armaments","Headbutt"],"picked":"Battle Trance","floor":0},{"not_picked":["Iron Wave","ReplayTheSpireMod:Strike From Hell"],"picked":"Inflame","floor":0},{"not_picked":["Second Wind","Replay:Undeath\u0027s Touch"],"picked":"Dropkick","floor":0},{"not_picked":["Intimidate","Clothesline"],"picked":"Sword Boomerang","floor":0},{"not_picked":["Clash","Pommel Strike"],"picked":"Heavy Blade","floor":1},{"not_picked":["Intimidate","Headbutt"],"picked":"Heavy Blade","floor":2},{"not_picked":["Warcry","Iron Wave"],"picked":"Cleave","floor":5},{"not_picked":["Wild Strike","Twin Strike"],"picked":"Bludgeon","floor":10},{"not_picked":["Heavy Blade","Evolve"],"picked":"Reaper","floor":12},{"not_picked":["Fiend Fire","Exhume"],"picked":"Hemogenesis","floor":16},{"not_picked":["Flex","Anger"],"picked":"Dark Embrace+1","floor":18},{"not_picked":["Hemokinesis+1","ReplayTheSpireMod:Limb From Limb"],"picked":"Heavy Blade+1","floor":22},{"not_picked":["Run Through","Armaments"],"picked":"Twin Strike+1","floor":25},{"not_picked":["Feed","Offering"],"picked":"Immolate","floor":33},{"not_picked":["Clash+1","Pommel Strike+1"],"picked":"Combust+1","floor":35}],"player_experience":417251,"relics_obtained":[{"floor":9,"key":"Toy Ornithopter"},{"floor":10,"key":"Oddly Smooth Stone"},{"floor":12,"key":"Runesmith:Nanobots"},{"floor":25,"key":"Snack Pack"},{"floor":26,"key":"ReplayTheSpireMod:TigerMarble"},{"floor":31,"key":"Nilry\u0027s Codex"}],"event_choices":[{"damage_healed":0,"gold_gain":0,"player_choice":"Bought 3 Potions","damage_taken":0,"max_hp_gain":0,"max_hp_loss":0,"event_name":"The Woman in Blue","floor":4,"gold_loss":0},{"damage_healed":0,"gold_gain":0,"player_choice":"Take Wound","damage_taken":0,"relics_obtained":["Golden Idol"],"max_hp_gain":0,"max_hp_loss":0,"event_name":"Golden Idol","floor":14,"gold_loss":0,"cards_obtained":["Injury"]},{"damage_healed":0,"gold_gain":0,"player_choice":"Read","damage_taken":0,"max_hp_gain":0,"max_hp_loss":0,"event_name":"The Library","floor":19,"gold_loss":0,"cards_obtained":["ReplayTheSpireMod:Muscle Training"]},{"damage_healed":0,"gold_gain":0,"player_choice":"Opened","damage_taken":0,"relics_obtained":["Replay:Mystery Machine"],"max_hp_gain":0,"max_hp_loss":0,"event_name":"The Mausoleum","floor":21,"gold_loss":0,"cards_obtained":["Writhe"]},{"damage_healed":0,"gold_gain":0,"player_choice":"Joined the Cult","damage_taken":6,"max_hp_gain":0,"max_hp_loss":0,"event_name":"Nest","floor":28,"gold_loss":0,"cards_obtained":["RitualDagger"]},{"damage_healed":0,"gold_gain":0,"player_choice":"Obtained Book","damage_taken":16,"max_hp_gain":0,"max_hp_loss":0,"event_name":"Cursed Tome","floor":31,"gold_loss":0},{"damage_healed":0,"gold_gain":0,"player_choice":"Fight","damage_taken":0,"max_hp_gain":0,"max_hp_loss":0,"event_name":"Mysterious Sphere","floor":36,"gold_loss":0}],"is_beta":false,"boss_relics":[{"not_picked":["SacredBark","Electric Blood"],"picked":"Black Blood"},{"not_picked":["Abe\u0027s Treasure","Replay:Grab Bag","Snecko Eye"]}],"items_purged_floors":[],"is_endless":false,"potions_floor_spawned":[1,12,16,25,35],"killed_by":"2 Orb Walkers","ascension_level":0}}