{"host":"pl1fbpkom0aq337f","time":1610446729,"event":{"mods":["AchievementEnabler","BaseMod","Colored Map","Minty Spire (QoL Compilation)"],"gold_per_floor":[116,116,191,207,222,133,160,160,160,179,144,144,144,158,132,132,132,146,146,157,168,168,263,263,277,257,109,126,143,143,143,159,159,159,174,189,199,199,231,231,231],"floor_reached":40,"playtime":2669,"items_purged":[],"score":385,"play_id":"547f4920-c62b-48fc-88ba-ed94124e23dd","local_time":"20210112111849","is_ascension_mode":false,"campfire_choices":[{"data":"Discovery","floor":8.0,"key":"SMITH"},{"data":"Hologram","floor":19.0,"key":"SMITH"},{"data":"Hologram","floor":22,"key":"SMITH"},{"data":"Hologram","floor":31,"key":"SMITH"},{"data":"Hologram","floor":38,"key":"SMITH"}],"circlet_count":0,"master_deck":["Strike_B","Strike_B+1","Strike_B","Strike_B+1","Defend_B","Defend_B","Defend_B","Defend_B","Zap","Dualcast","Fusion","Coolheaded","Force Field","Discovery+1","Undo","Hologram+1","Hologram+1","Creative AI","Redo+1","Hologram+1","Hologram+1","Recycle+1","Force Field+1","Writhe"],"relics":["Snecko Eye","Potion Belt","Whetstone","Black Star","Orrery","Letter Opener","Ginger","Pocketwatch","Pear"],"acts_visited":["Exordium","TheCity"],"potions_floor_usage":[28,29,39,39],"damage_taken":[{"damage":4.0,"enemies":"Cultist","floor":1.0,"turns":4.0},{"damage":0.0,"enemies":"Small Slimes","floor":4.0,"turns":3.0},{"damage":8.0,"enemies":"Jaw Worm","floor":5.0,"turns":3.0},{"damage":6.0,"enemies":"Lagavulin","floor":7.0,"turns":8.0},{"damage":11.0,"enemies":"Red Slaver","floor":10.0,"turns":4.0},{"damage":0.0,"enemies":"Blue Slaver","floor":14.0,"turns":3.0},{"damage":3.0,"enemies":"Exordium Wildlife","floor":18.0,"turns":4.0},{"damage":0.0,"enemies":"Gremlin Gang","floor":20.0,"turns":1.0},{"damage":0.0,"enemies":"Blue Slaver","floor":21.0,"turns":6.0},{"damage":15,"enemies":"Hexaghost","floor":23,"turns":11},{"damage":12,"enemies":"Shell Parasite","floor":25,"turns":7},{"damage":3,"enemies":"2 Thieves","floor":28,"turns":4},{"damage":21,"enemies":"Snake Plant","floor":29,"turns":8},{"damage":11,"enemies":"Sentry and Sphere","floor":32,"turns":6},{"damage":0,"enemies":"Snecko","floor":35,"turns":6},{"damage":7,"enemies":"Snake Plant","floor":36,"turns":6},{"damage":0,"enemies":"Centurion and Healer","floor":37,"turns":2},{"damage":15,"enemies":"Gremlin Leader","floor":39,"turns":9},{"damage":37,"enemies":"Chosen and Byrds","floor":40,"turns":8}],"seed_played":"1456408993492239716","potions_obtained":[{"floor":5.0,"key":"Ancient Potion"},{"floor":10.0,"key":"FearPotion"},{"floor":20.0,"key":"Swift Potion"},{"floor":21.0,"key":"FearPotion"},{"floor":26,"key":"SneckoOil"},{"floor":28,"key":"Regen Potion"},{"floor":32,"key":"Block Potion"},{"floor":35,"key":"FearPotion"},{"floor":37,"key":"SteroidPotion"}],"is_trial":false,"path_per_floor":["M","?","?","M","M","$","E","R","E","M","?","T","T","M","$","?","E","M","R","M","M","R","B",null,"M","?","$","M","M","$","R","M","?","T","M","M","M","R","E","M"],"character_chosen":"DEFECT","items_purchased":["Discovery","Hologram","Orrery"],"campfire_rested":0,"item_purchase_floors":[6,15,27],"current_hp_per_floor":[71,76,65,65,57,57,51,51,40,29,49,49,49,49,49,49,49,46,46,46,46,46,31,80,68,68,68,65,59,59,59,48,48,48,48,41,41,41,36,0,0],"gold":231,"neow_bonus":"BOSS_RELIC","is_daily":false,"chose_seed":false,"campfire_upgraded":5,"win_rate":0.0,"timestamp":1610446729,"path_taken":["M","?","?","M","M","?","E","R","E","?","?","T","T","M","$","?","E","M","R","M","M","R","BOSS","M","?","$","?","M","$","R","M","?","T","M","M","M","R","E","M"],"items_purchased_type":["Card","Card","Relic"],"build_version":"2020-12-22","purchased_purges":0,"victory":false,"max_hp_per_floor":[75,80,80,80,80,80,80,80,80,80,80,80,80,80,80,80,80,80,80,80,80,80,80,80,80,80,80,80,80,80,80,80,80,80,80,80,80,80,90,90,90],"card_choices":[{"not_picked":["Hologram","Compile Driver"],"picked":"Fusion","floor":1.0},{"not_picked":["Defragment","Recycle"],"picked":"Coolheaded","floor":4.0},{"not_picked":["Leap","Turbo"],"picked":"Force Field","floor":5.0},{"not_picked":["Seek","Gash"],"picked":"Undo","floor":7.0},{"not_picked":["Go for the Eyes","FTL","Steam"],"picked":"SKIP","floor":10.0},{"not_picked":["Skim","Heatsinks"],"picked":"Hologram","floor":14.0},{"not_picked":["Genetic Algorithm","Sweeping Beam","Beam Cell"],"picked":"SKIP","floor":18.0},{"not_picked":["Scrape","Leap","Go for the Eyes"],"picked":"SKIP","floor":20.0},{"not_picked":["Lockon","Genetic Algorithm","Static Discharge"],"picked":"SKIP","floor":21.0},{"not_picked":["Amplify","Rainbow"],"picked":"Creative AI","floor":23},{"not_picked":["Chill+1","Turbo+1","Cold Snap+1"],"picked":"SKIP","floor":25},{"not_picked":["Chill","Electrodynamics"],"picked":"Redo+1","floor":27},{"not_picked":["Sweeping Beam","Turbo"],"picked":"Hologram","floor":27},{"not_picked":["Rebound","Chaos"],"picked":"Hologram","floor":27},{"not_picked":["Turbo","Stack"],"picked":"Recycle+1","floor":27},{"not_picked":["Tempest","Chill","Skim"],"picked":"SKIP","floor":28},{"not_picked":["FTL","Go for the Eyes"],"picked":"Force Field+1","floor":29},{"not_picked":["Ball Lightning+1","FTL","Loop"],"picked":"SKIP","floor":32},{"not_picked":["Leap","Gash","Streamline"],"picked":"SKIP","floor":35},{"not_picked":["Melter","Chill","Skim+1"],"picked":"SKIP","floor":36},{"not_picked":["Skim","Barrage","BootSequence"],"picked":"SKIP","floor":37},{"not_picked":["Amplify","Darkness+1","Static Discharge"],"picked":"SKIP","floor":39}],"player_experience":452747,"relics_obtained":[{"floor":7.0,"key":"Potion Belt"},{"floor":12.0,"key":"Whetstone"},{"floor":34,"key":"Ginger"},{"floor":39,"key":"Pocketwatch"},{"floor":39,"key":"Pear"}],"event_choices":[{"damage_healed":0.0,"max_hp_gain":5.0,"max_hp_loss":0.0,"gold_gain":0.0,"event_name":"Big Fish","player_choice":"Donut","floor":2.0,"gold_loss":0.0,"damage_taken":0.0},{"damage_healed":0.0,"max_hp_gain":0.0,"max_hp_loss":0.0,"gold_gain":75.0,"event_name":"World of Goop","player_choice":"Gather Gold","floor":3.0,"gold_loss":0.0,"damage_taken":11.0},{"damage_healed":20.0,"max_hp_gain":0.0,"max_hp_loss":0.0,"gold_gain":0.0,"event_name":"The Cleric","player_choice":"Healed","floor":11.0,"gold_loss":35.0,"damage_taken":0.0},{"damage_healed":0.0,"max_hp_gain":0.0,"max_hp_loss":0.0,"gold_gain":0.0,"event_name":"Golden Wing","player_choice":"Ignored","floor":16.0,"gold_loss":0.0,"damage_taken":0.0},{"damage_healed":0,"gold_gain":0,"player_choice":"Bought 1 Potion","damage_taken":0,"max_hp_gain":0,"max_hp_loss":0,"event_name":"The Woman in Blue","floor":26,"gold_loss":0},{"damage_healed":0,"gold_gain":0,"player_choice":"Opened","damage_taken":0,"relics_obtained":["Letter Opener"],"max_hp_gain":0,"max_hp_loss":0,"event_name":"The Mausoleum","floor":33,"gold_loss":0,"cards_obtained":["Writhe"]}],"is_beta":false,"boss_relics":[{"not_picked":["Empty Cage","SacredBark"],"picked":"Black Star"}],"items_purged_floors":[],"is_endless":false,"potions_floor_spawned":[5,10,20,21,28,32,35,37],"killed_by":"Chosen and Byrds","ascension_level":0}}