{"host":"ctlqibkg0sskiu65","time":1610436687,"event":{"mods":["2.2 Compatiblity","AchievementEnabler","Aspiration","BaseMod","BetterRewards","Colored Map","Colored Powertips","Conspire","Downfall","Fiend Mod","Infinite Spire","Minty Spire (QoL Compilation)","Quick Restart","Replay The Spire","Shop Mod","StSLib","The Bladedancer","The Cursed","The Hierophant","The Jungle","The Kombatant","The Poker Player","The Servant 0.9.4","TheBandit"],"gold_per_floor":[117,117,117,117,131,131,166,166,247,257,257,283,10,20,20,20,20],"floor_reached":16,"playtime":453,"items_purged":["Strike_G"],"score":253,"play_id":"bc856626-d255-48a5-a314-2d0b1c2c3a2e","local_time":"20210112013127","is_ascension_mode":true,"campfire_choices":[{"data":"Bane","floor":6.0,"key":"SMITH"},{"floor":8.0,"key":"REST"},{"data":"Survivor","floor":15.0,"key":"SMITH"}],"circlet_count":0,"master_deck":["AscendersBane","Strike_G","Strike_G","Strike_G","Strike_G","Defend_G","Defend_G","Defend_G","Defend_G","Defend_G","Survivor+1","Neutralize","Poisoned Stab","Bane+1","Dagger Spray","Bane","Bane"],"relics":["Ring of the Snake","TwistedFunnel","Replay:Accelerometer","Divine Protection","Sundial","Strawberry"],"acts_visited":["Exordium"],"potions_floor_usage":[16],"damage_taken":[{"damage":2.0,"enemies":"Jaw Worm","floor":1.0,"turns":4.0},{"damage":0.0,"enemies":"Small Slimes","floor":5.0,"turns":2.0},{"damage":44.0,"enemies":"Lagavulin","floor":7.0,"turns":9.0},{"damage":0.0,"enemies":"2 Louse","floor":10.0,"turns":2.0},{"damage":6.0,"enemies":"3 Sentries","floor":12.0,"turns":8.0},{"damage":0.0,"enemies":"2 Fungi Beasts","floor":14.0,"turns":2.0},{"damage":52,"enemies":"Fading Forest","floor":16,"turns":7}],"seed_played":"4068550453096931753","potions_obtained":[{"floor":7.0,"key":"AttackPotion"},{"floor":10.0,"key":"Energy Potion"}],"is_trial":false,"path_per_floor":["M","?","$","?","M","R","E","R","T","M","?","E","$","M","R","B"],"character_chosen":"THE_SILENT","items_purchased":["TwistedFunnel","Poisoned Stab","Strawberry","Bane"],"campfire_rested":1,"item_purchase_floors":[0,0,13,13],"current_hp_per_floor":[61,61,61,61,61,61,17,38,38,38,38,32,39,39,39,0,0],"gold":20,"neow_bonus":"","is_daily":false,"chose_seed":false,"campfire_upgraded":2,"win_rate":0.0,"timestamp":1610436687,"path_taken":["M","?","$","?","M","R","E","R","T","M","?","E","$","M","R","BOSS"],"items_purchased_type":["Relic","Card","Relic","Card"],"build_version":"2020-12-22","purchased_purges":1,"victory":false,"max_hp_per_floor":[70,70,70,70,70,70,70,70,70,70,70,70,77,77,77,77,77],"card_choices":[{"not_picked":["Deflect","Dagger Throw"],"picked":"Bane","floor":1.0},{"not_picked":["Well Laid Plans","Blade Dance","Sucker Punch"],"picked":"SKIP","floor":5.0},{"not_picked":["ReplayTheSpireMod:Shiv Toss","Backflip","Dagger Spray"],"picked":"SKIP","floor":7.0},{"not_picked":["Riddle With Holes","All Out Attack"],"picked":"Dagger Spray","floor":10.0},{"not_picked":["Sucker Punch","Night Terror"],"picked":"Bane","floor":12.0},{"not_picked":["Acrobatics","ReplayTheSpireMod:Speed Training","Underhanded Strike"],"picked":"SKIP","floor":14.0}],"player_experience":199155,"relics_obtained":[{"floor":7.0,"key":"Replay:Accelerometer"},{"floor":9.0,"key":"Divine Protection"},{"floor":12.0,"key":"Sundial"}],"event_choices":[{"damage_healed":0.0,"max_hp_gain":0.0,"max_hp_loss":0.0,"gold_gain":0.0,"event_name":"conspire:Investor","player_choice":"Leave","floor":11.0,"gold_loss":0.0,"damage_taken":0.0}],"is_beta":false,"boss_relics":[],"items_purged_floors":[13],"is_endless":false,"potions_floor_spawned":[1,7,10],"killed_by":"Fading Forest","ascension_level":12}}