{"host":"uv231blk40vjdojr","time":1610486368,"event":{"mods":["AchievementEnabler","BaseMod","Bestiary","Minty Spire (QoL Compilation)","Relic Stats"],"gold_per_floor":[110,110,110,35,60,103,103],"floor_reached":6,"language":"ENG","playtime":165,"items_purged":["Strike_P"],"score":44,"play_id":"39e6f4f4-098a-4048-91fb-6de25704dc55","local_time":"20210112221928","is_ascension_mode":false,"campfire_choices":[],"circlet_count":0,"master_deck":["Strike_P","Strike_P","Strike_P","Defend_P","Defend_P","Defend_P","Eruption","Vigilance","Vault","FollowUp"],"relics":["PureWater","Golden Idol","Letter Opener"],"acts_visited":["Exordium"],"potions_floor_usage":[6],"damage_taken":[{"damage":5,"enemies":"Jaw Worm","floor":1,"turns":5},{"damage":4,"enemies":"Small Slimes","floor":5,"turns":4},{"damage":12,"enemies":"Gremlin Nob","floor":6,"turns":4}],"seed_played":"-2251982423605925652","potions_obtained":[{"floor":5,"key":"AttackPotion"}],"is_trial":false,"path_per_floor":["M","?","?","$","M","E"],"character_chosen":"WATCHER","items_purchased":[],"campfire_rested":0,"item_purchase_floors":[],"current_hp_per_floor":[67,60,60,60,56,44,44],"gold":103,"neow_bonus":"ONE_RANDOM_RARE_CARD","is_daily":false,"chose_seed":false,"campfire_upgraded":0,"win_rate":0.0,"timestamp":1610486368,"path_taken":["M","?","?","$","M","E"],"items_purchased_type":[],"build_version":"2020-12-22","purchased_purges":1,"victory":false,"max_hp_per_floor":[72,72,67,67,67,67,67],"relic_stats":{"counters":[3,13],"Golden Idol":14,"Letter Opener":[0],"obtain_stats":[{"Golden Idol":3,"Letter Opener":6,"PureWater":0},{"Golden Idol":1,"Letter Opener":3,"PureWater":0},{"Golden Idol":5,"Letter Opener":13,"PureWater":0}]},"card_choices":[{"not_picked":["Consecrate","Prostrate","EmptyBody"],"picked":"SKIP","floor":1},{"not_picked":["EmptyFist","JustLucky"],"picked":"FollowUp","floor":5}],"player_experience":677003,"relics_obtained":[{"floor":6,"key":"Letter Opener"}],"event_choices":[{"cards_removed":["Defend_P"],"damage_healed":0,"gold_gain":0,"player_choice":"Card Removal","damage_taken":7,"max_hp_gain":0,"max_hp_loss":0,"event_name":"Golden Wing","floor":2,"gold_loss":0},{"damage_healed":0,"gold_gain":0,"player_choice":"Lose Max HP","damage_taken":0,"relics_obtained":["Golden Idol"],"max_hp_gain":0,"max_hp_loss":5,"event_name":"Golden Idol","floor":3,"gold_loss":0}],"is_beta":false,"boss_relics":[],"items_purged_floors":[4],"is_endless":false,"potions_floor_spawned":[5],"killed_by":"Gremlin Nob","ascension_level":0}}