{"host":"hpblzw0i8q79bazj","time":1610481994,"event":{"mods":["2.2 Compatiblity","AchievementEnabler","Act Like it!","BaseMod","Better Altar","Better Skull","Better Third Choice","BetterRewards","Colored Map","Colored Powertips","Downfall","Hermit","Jorbs\u0027s Wanderer Trilogy","Marisa????????","Minty Spire (QoL Compilation)","Relic Stats","Replay The Spire","StSLib","The Animator","The Bug Knight","The Gatherer","The Hierophant","The Senshi"],"gold_per_floor":[113,125,87,87,87,128,158,158,158,192,212,227,227,227,227,334,334,348,382,12,25,42,42,55,55,78,105,125,125,153,168,168,270,295,311,21,96,96,144,198,215,258,309,381,447,447,499,512,512,512],"floor_reached":51,"language":"ENG","playtime":3979,"items_purged":["animator:Strike"],"score":1197,"play_id":"606315b9-df33-47a4-bb97-c78516c59a96","local_time":"20210112140634","is_ascension_mode":true,"campfire_choices":[{"floor":8,"key":"REST"},{"data":"animator:Aqua","floor":13,"key":"SMITH"},{"data":"animator:YunYun","floor":15,"key":"SMITH"},{"data":"animator:IzunaHatsuse","floor":23,"key":"SMITH"},{"data":"animator:Eris","floor":29,"key":"SMITH"},{"data":"animator:Strike","floor":32,"key":"PURGE"},{"data":"animator:Saber","floor":46,"key":"SMITH"},{"data":"animator:Albedo","floor":49,"key":"SMITH"}],"circlet_count":0,"master_deck":["animator:Strike_Konosuba","animator:Defend_Konosuba","animator:Strike","animator:Defend","animator:Defend","animator:Defend","animator:Kazuma","animator:Aqua+1","animator:Millim","animator:Darkness","animator:KyokoSakura+1","animator:Lancer","animator:YunYun+1","animator:Albedo+1","animator:Mitsurugi","animator:Eris+1","animator:Vanir","animator:IzunaHatsuse+1","animator:Darkness","animator:Entoma+4","animator:Gilgamesh+8","animator:Lelouch","animator:Envy","animator:Megumin+5","animator:Saber+1"],"relics":["animator:LivingPicture","animator:TheMissingPiece","animator:PurgingStone","Replay:Kaleidoscope","Sundial","SacredBark","betterThird:SlimedRelic","animator:WornHelmet","Eternal Feather","MealTicket","Ring of Fury","Sozu","Red Mask","Bag of Marbles","TwistedFunnel","PreservedInsect","Snack Pack","Counterbalance","sneckomod:SneckoTalon","Whetstone","DataDisk","Unceasing Top","Pet Ghost","HornCleat","Vajra","CatCart","Champion Belt","Red Skull"],"acts_visited":["Exordium","TheCity","TheBeyond"],"potions_floor_usage":[16,16,50],"damage_taken":[{"damage":3,"enemies":"Small Slimes","floor":1,"turns":4},{"damage":8,"enemies":"2 Louse","floor":2,"turns":2},{"damage":13,"enemies":"Replay:BlueRogue","floor":6,"turns":8},{"damage":0,"enemies":"Jaw Worm","floor":7,"turns":3},{"damage":1,"enemies":"HollowMod:MossKnight","floor":10,"turns":6},{"damage":0,"enemies":"3 Louse","floor":11,"turns":2},{"damage":0,"enemies":"Large Slime","floor":12,"turns":5},{"damage":13,"enemies":"The Guardian","floor":16,"turns":7},{"damage":15,"enemies":"2 Thieves","floor":18,"turns":3},{"damage":18,"enemies":"Masked Bandits","floor":19,"turns":4},{"damage":1,"enemies":"Spheric Guardian","floor":21,"turns":3},{"damage":0,"enemies":"Centurion and Healer","floor":22,"turns":4},{"damage":6,"enemies":"Snake Plant","floor":24,"turns":2},{"damage":8,"enemies":"Gremlin Leader","floor":27,"turns":3},{"damage":16,"enemies":"Shelled Parasite and Fungi","floor":28,"turns":4},{"damage":10,"enemies":"Book of Stabbing","floor":30,"turns":3},{"damage":0,"enemies":"Centurion and Healer","floor":31,"turns":4},{"damage":36,"enemies":"Pondfish","floor":33,"turns":10},{"damage":0,"enemies":"3 Shapes","floor":35,"turns":2},{"damage":5,"enemies":"Mind Bloom Boss Battle","floor":37,"turns":7},{"damage":21,"enemies":"R_Hoarder","floor":40,"turns":7},{"damage":12,"enemies":"3 Darklings","floor":41,"turns":3},{"damage":7,"enemies":"Writhing Mass","floor":42,"turns":3},{"damage":7,"enemies":"Orin","floor":44,"turns":5},{"damage":12,"enemies":"Reptomancer","floor":45,"turns":4},{"damage":18,"enemies":"Giant Head","floor":47,"turns":6},{"damage":9,"enemies":"Transient","floor":48,"turns":5},{"damage":42,"enemies":"Donu and Deca","floor":50,"turns":8}],"seed_played":"-4614370354926803294","potions_obtained":[{"floor":6,"key":"sneckomod:MuddlingPotion"},{"floor":7,"key":"GamblersBrew"},{"floor":11,"key":"Regen Potion"},{"floor":16,"key":"Swift Potion"}],"is_trial":false,"path_per_floor":["M","M","?","?","?","E","M","R","T","E","M","M","R","?","R_BF","B",null,"M","?","$","M","M","R","M","?","T","E","M","R","E","M","R_BF","B",null,"M","$","?","?","T","E","M","M","T","?","E","R","E","M","R","B",null],"character_chosen":"THE_ANIMATOR","items_purchased":["Sundial","animator:Millim","animator:Darkness","Bag of Marbles","TwistedFunnel","Whetstone","DataDisk"],"campfire_rested":1,"item_purchase_floors":[0,0,0,20,20,36,36],"current_hp_per_floor":[51,43,32,32,37,26,28,47,47,48,49,51,60,60,67,57,67,56,44,59,64,67,68,62,62,62,57,46,58,55,62,68,46,69,69,69,68,68,68,54,48,47,47,47,39,54,45,42,57,61],"gold":512,"neow_bonus":"","is_daily":false,"chose_seed":false,"campfire_upgraded":6,"win_rate":0.0,"timestamp":1610481994,"path_taken":["M","M","?","?","?","E","M","R","T","E","M","?","R","?","R_BF","BOSS","M","?","$","M","M","R","M","?","T","E","M","R","E","M","R_BF","BOSS","M","$","?","?","?","E","M","?","T","?","E","R","E","M","R","BOSS"],"items_purchased_type":["Relic","Card","Card","Relic","Relic","Relic","Relic"],"build_version":"2020-12-22","purchased_purges":1,"victory":true,"max_hp_per_floor":[61,61,61,61,66,66,66,66,66,66,67,67,67,67,67,67,67,68,68,68,68,68,68,68,68,68,68,68,68,68,68,68,69,69,69,69,71,71,71,71,71,71,71,71,71,71,71,71,71,73],"relic_stats":{"Sozu":5,"counters":[69,305],"Sundial":[16],"Eternal Feather":65,"MealTicket":15,"PreservedInsect":365,"Whetstone":["animator:KyokoSakura","animator:Entoma"],"Champion Belt":[6],"obtain_stats":[{"TwistedFunnel":20,"Divine Protection":26,"Vajra":43,"Whetstone":19,"Sozu":17,"HornCleat":40,"Sundial":0,"MealTicket":10,"HollowMod:PaleOreRelic":20,"theSenshi:MoonKaleidoScopeRelic":17,"animator:BattleDrones":6,"Counterbalance":30,"Oddly Smooth Stone":36,"Eternal Feather":9,"Replay:Kaleidoscope":0,"Question Card":28,"sneckomod:SneckoTalon":34,"Akabeko":0,"animator:CerealBox":0,"OrangePellets":39,"Replay:Baseball":9,"animator:HolyGrailRelic":17,"Brimstone":20,"Simple Rune":13,"Onion Ring":11,"ReplayTheSpireMod:TigerMarble":24,"CatCart":44,"Unceasing Top":37,"Meat on the Bone":7,"ReplayFunnel":4,"Regal Pillow":11,"theSenshi:SuperSailorFukuRelic":26,"animator:TheMissingPiece":0,"sneckomod:BlankCard":30,"SacredBark":0,"CloakClasp":28,"Replay:Mystery Machine":48,"Pet Ghost":39,"SsserpentHead":7,"Dream Catcher":9,"Nunchaku":36,"animator:PurgingStone":0,"Pantograph":43,"Red Mask":22,"animator:VividPicture":34,"Red Skull":47,"Lee\u0027s Waffle":19,"NeowsBlessing":0,"Golden Idol":5,"The Courier":23,"Replay:WaspNest":30,"PreservedInsect":26,"Frozen Egg 2":22,"animator:WornHelmet":25,"DataDisk":36,"betterThird:SlimedRelic":3,"Ring of Fury":14,"animator:LivingPicture":0,"Bag of Marbles":20,"Snack Pack":27,"Champion Belt":45},{"TwistedFunnel":51,"Divine Protection":32,"Vajra":64,"Whetstone":9,"Sozu":49,"HornCleat":62,"Sundial":41,"MealTicket":46,"HollowMod:PaleOreRelic":28,"theSenshi:MoonKaleidoScopeRelic":8,"animator:BattleDrones":21,"Counterbalance":57,"Oddly Smooth Stone":36,"Eternal Feather":45,"Replay:Kaleidoscope":41,"Question Card":33,"sneckomod:SneckoTalon":59,"Akabeko":16,"animator:CerealBox":16,"OrangePellets":38,"Replay:Baseball":3,"animator:HolyGrailRelic":26,"Brimstone":28,"Simple Rune":6,"Onion Ring":23,"ReplayTheSpireMod:TigerMarble":11,"CatCart":65,"Unceasing Top":61,"Meat on the Bone":3,"ReplayFunnel":2,"Regal Pillow":5,"theSenshi:SuperSailorFukuRelic":12,"animator:TheMissingPiece":0,"sneckomod:BlankCard":15,"SacredBark":41,"CloakClasp":14,"Replay:Mystery Machine":40,"Pet Ghost":61,"SsserpentHead":21,"Dream Catcher":21,"Nunchaku":36,"animator:PurgingStone":0,"Pantograph":38,"Red Mask":29,"animator:VividPicture":35,"Red Skull":67,"Lee\u0027s Waffle":9,"NeowsBlessing":0,"Golden Idol":2,"The Courier":30,"Replay:WaspNest":33,"PreservedInsect":54,"Frozen Egg 2":10,"animator:WornHelmet":32,"DataDisk":60,"betterThird:SlimedRelic":43,"Ring of Fury":48,"animator:LivingPicture":0,"Bag of Marbles":51,"Snack Pack":55,"Champion Belt":66},{"TwistedFunnel":222,"Divine Protection":133,"Vajra":277,"Whetstone":35,"Sozu":215,"HornCleat":271,"Sundial":178,"MealTicket":201,"HollowMod:PaleOreRelic":118,"theSenshi:MoonKaleidoScopeRelic":31,"animator:BattleDrones":89,"Counterbalance":241,"Oddly Smooth Stone":150,"Eternal Feather":195,"Replay:Kaleidoscope":178,"Question Card":137,"sneckomod:SneckoTalon":255,"Akabeko":69,"animator:CerealBox":69,"OrangePellets":159,"Replay:Baseball":3,"animator:HolyGrailRelic":112,"Brimstone":118,"Simple Rune":18,"Onion Ring":99,"ReplayTheSpireMod:TigerMarble":45,"CatCart":282,"Unceasing Top":264,"Meat on the Bone":3,"ReplayFunnel":2,"Regal Pillow":13,"theSenshi:SuperSailorFukuRelic":48,"animator:TheMissingPiece":0,"sneckomod:BlankCard":62,"SacredBark":178,"CloakClasp":58,"Replay:Mystery Machine":171,"Pet Ghost":264,"SsserpentHead":89,"Dream Catcher":89,"Nunchaku":150,"animator:PurgingStone":0,"Pantograph":159,"Red Mask":121,"animator:VividPicture":147,"Red Skull":292,"Lee\u0027s Waffle":35,"NeowsBlessing":0,"Golden Idol":2,"The Courier":124,"Replay:WaspNest":137,"PreservedInsect":231,"Frozen Egg 2":39,"animator:WornHelmet":133,"DataDisk":257,"betterThird:SlimedRelic":184,"Ring of Fury":208,"animator:LivingPicture":0,"Bag of Marbles":222,"Snack Pack":234,"Champion Belt":286}],"Unceasing Top":[0]},"card_choices":[{"not_picked":["animator:Gluttony","animator:ShinjiMatou"],"picked":"animator:KyokoSakura","floor":1},{"not_picked":["animator:SayakaMiki","animator:MamiTomoe","animator:Demiurge"],"picked":"SKIP","floor":2},{"not_picked":["animator:Berserker","animator:Tet"],"picked":"animator:Lancer","floor":6},{"not_picked":["animator:Kazuma","animator:Verdia"],"picked":"animator:YunYun","floor":7},{"not_picked":["animator:DolaRiku","animator:Guy"],"picked":"animator:Albedo","floor":10},{"not_picked":["animator:Millim","animator:Jibril"],"picked":"animator:Mitsurugi","floor":11},{"not_picked":["animator:FielNirvalen","animator:ChaikaBohdan","animator:RoyMustang"],"picked":"SKIP","floor":12},{"not_picked":["animator:Sora","animator:Shiro"],"picked":"animator:Eris","floor":16},{"not_picked":["animator:Kazuma","animator:Verdia"],"picked":"animator:Vanir","floor":18},{"not_picked":["animator:Archer","animator:Shalltear","animator:Assassin+1"],"picked":"SKIP","floor":21},{"not_picked":["animator:Evileye","animator:ChaikaTrabant"],"picked":"animator:IzunaHatsuse","floor":22},{"not_picked":["animator:ElricEdward","animator:Layla","animator:Cocytus"],"picked":"SKIP","floor":24},{"not_picked":["animator:IrohaTamaki+1","animator:Add+1"],"picked":"animator:Entoma+1","floor":28},{"not_picked":["animator:DolaCouronne","animator:AcuraAkari","animator:YunYun"],"picked":"SKIP","floor":30},{"not_picked":["animator:Darkness","animator:DolaSchwi+1","animator:Shion"],"picked":"SKIP","floor":31},{"not_picked":["animator:ChaikaTrabant","animator:AcuraShin"],"picked":"animator:Gilgamesh","floor":33},{"not_picked":["animator:IchigoKurosaki","animator:Emilia"],"picked":"animator:Lelouch","floor":38},{"not_picked":["animator:Rider","animator:Sora"],"picked":"animator:Envy","floor":40},{"not_picked":["animator:Aqua+1","animator:Chung","animator:OrikoMikuni+1"],"picked":"SKIP","floor":41},{"not_picked":["animator:Mitsurugi+1","animator:Kaijin+1"],"picked":"animator:Megumin","floor":42},{"not_picked":["animator:Gluttony","animator:Kaijin+1"],"picked":"animator:Saber","floor":45},{"not_picked":["animator:Elsword","animator:MaesHughes+1","animator:ElricEdward"],"picked":"SKIP","floor":47},{"not_picked":["animator:DolaCouronne+1","animator:Kazuma+1","animator:DolaStephanie"],"picked":"SKIP","floor":48}],"player_experience":428872,"relics_obtained":[{"floor":6,"key":"animator:WornHelmet"},{"floor":9,"key":"Eternal Feather"},{"floor":10,"key":"MealTicket"},{"floor":14,"key":"Ring of Fury"},{"floor":19,"key":"Red Mask"},{"floor":26,"key":"PreservedInsect"},{"floor":27,"key":"Snack Pack"},{"floor":30,"key":"Counterbalance"},{"floor":37,"key":"Unceasing Top"},{"floor":39,"key":"Pet Ghost"},{"floor":40,"key":"HornCleat"},{"floor":43,"key":"Vajra"},{"floor":44,"key":"CatCart"},{"floor":45,"key":"Champion Belt"},{"floor":47,"key":"Red Skull"}],"event_choices":[{"damage_healed":0,"gold_gain":0,"player_choice":"Slimed","damage_taken":11,"max_hp_gain":0,"max_hp_loss":0,"event_name":"betterThird:BetterGoop","floor":3,"gold_loss":38},{"damage_healed":0,"gold_gain":0,"player_choice":"Ignored","damage_taken":0,"max_hp_gain":0,"max_hp_loss":0,"event_name":"Golden Wing","floor":4,"gold_loss":0},{"damage_healed":0,"gold_gain":0,"player_choice":"Donut","damage_taken":0,"max_hp_gain":5,"max_hp_loss":0,"event_name":"Big Fish","floor":5,"gold_loss":0},{"damage_healed":0,"gold_gain":0,"player_choice":"Fought Bandits","damage_taken":0,"max_hp_gain":0,"max_hp_loss":0,"event_name":"Masked Bandits","floor":19,"gold_loss":0},{"damage_healed":0,"gold_gain":0,"player_choice":"Read","damage_taken":0,"max_hp_gain":0,"max_hp_loss":0,"event_name":"The Library","floor":25,"gold_loss":0,"cards_obtained":["animator:Darkness"]},{"damage_healed":0,"gold_gain":0,"player_choice":"Fight","damage_taken":0,"max_hp_gain":0,"max_hp_loss":0,"event_name":"MindBloom","floor":37,"gold_loss":0},{"damage_healed":0,"gold_gain":0,"player_choice":"Memory 1","damage_taken":0,"max_hp_gain":0,"max_hp_loss":0,"event_name":"SensoryStone","floor":38,"gold_loss":0},{"damage_healed":0,"gold_gain":0,"player_choice":"Fight","damage_taken":0,"max_hp_gain":0,"max_hp_loss":0,"event_name":"OrinTheCat","floor":44,"gold_loss":0}],"is_beta":false,"boss_relics":[{"not_picked":["Tiny House","ChewingGum"],"picked":"Sozu"},{"not_picked":["Abe\u0027s Treasure","Replay:Bronze Core"],"picked":"sneckomod:SneckoTalon"}],"items_purged_floors":[20],"is_endless":false,"potions_floor_spawned":[6,7,11,16,21,24,28,30,33,42,44,48],"ascension_level":4}}