{"host":"refsn2q8at3dn95k","time":1610417713,"event":{"mods":["BaseMod","Hubris","Infinite Spire","Minty Spire (QoL Compilation)","Replay The Spire","StSLib","The Jungle"],"gold_per_floor":[118,134,134,144,69,99,99,99,99,114,114,155,155,170,170,291,291,291,291],"floor_reached":18,"playtime":1114,"items_purged":["Strike_B"],"score":264,"play_id":"65240615-b047-4980-9969-1df21af03606","local_time":"20210111201513","is_ascension_mode":true,"campfire_choices":[{"floor":7,"key":"REST"},{"floor":11,"key":"REST"},{"floor":15,"key":"REST"}],"circlet_count":0,"master_deck":["AscendersBane","Strike_B","Strike_B","Strike_B","Defend_B","Defend_B","Defend_B","Defend_B","Zap","Dualcast","Ball Lightning+1","Ball Lightning+1","Crystallizer","Time Bomb","Ball Lightning+1","Defragment"],"relics":["Cracked Core","NeowsBlessing","Replay:Bottled Eggs","Replay:PocketPolymizer","Golden Idol","Blood Vial","infinitespire:Beetle Shell","Nuclear Battery"],"acts_visited":["Exordium","Exordium"],"potions_floor_usage":[6,10,16,16],"damage_taken":[{"damage":0,"enemies":"Small Slimes","floor":1,"turns":1},{"damage":0,"enemies":"Cultist","floor":2,"turns":1},{"damage":0,"enemies":"2 Louse","floor":4,"turns":1},{"damage":15,"enemies":"3 Sentries","floor":6,"turns":6},{"damage":1,"enemies":"Looter","floor":10,"turns":2},{"damage":42,"enemies":"Gremlin Nob","floor":12,"turns":4},{"damage":14,"enemies":"Red Slaver","floor":14,"turns":2},{"damage":24,"enemies":"The Guardian","floor":16,"turns":6},{"damage":47,"enemies":"theJungle:5_Spyders","floor":18,"turns":5}],"seed_played":"-3626502604424817215","potions_obtained":[{"floor":2,"key":"Strength Potion"},{"floor":6,"key":"AttackPotion"},{"floor":12,"key":"Strength Potion"},{"floor":13,"key":"LifebloodPotion"}],"is_trial":false,"path_per_floor":["M","M","?","M","$","E","R","?","T","M","R","E","?","M","R","B",null,"M"],"character_chosen":"DEFECT","items_purchased":[],"campfire_rested":3,"item_purchase_floors":[],"current_hp_per_floor":[68,68,68,68,68,53,75,57,57,58,75,33,33,21,43,21,62,17,17],"gold":291,"neow_bonus":"THREE_ENEMY_KILL","is_daily":false,"chose_seed":false,"campfire_upgraded":0,"win_rate":0.0,"timestamp":1610417713,"path_taken":["M","M","?","M","?","E","R","?","T","M","R","E","?","M","R","BOSS","M"],"items_purchased_type":[],"build_version":"2020-12-22","purchased_purges":1,"victory":false,"max_hp_per_floor":[75,75,75,75,75,75,75,75,75,75,75,75,75,75,75,75,75,75,75],"card_choices":[{"not_picked":["ReplayGash","ReplaySort"],"picked":"Ball Lightning","floor":1},{"not_picked":["Redo","FIFO Queue"],"picked":"Ball Lightning","floor":2},{"not_picked":["Leap","Chaos"],"picked":"Crystallizer","floor":4},{"not_picked":["BasicCrystalCard","Skim"],"picked":"Time Bomb","floor":6},{"not_picked":["Meteor Strike","Steam"],"picked":"Ball Lightning","floor":10},{"not_picked":["Gash","Hello World","Rebound"],"picked":"SKIP","floor":12},{"not_picked":["Coolheaded","Storm"],"picked":"Defragment","floor":14}],"player_experience":1623585,"relics_obtained":[{"floor":3,"key":"Replay:Bottled Eggs"},{"floor":6,"key":"Replay:PocketPolymizer"},{"floor":9,"key":"Blood Vial"},{"floor":12,"key":"infinitespire:Beetle Shell"}],"event_choices":[{"damage_healed":0,"gold_gain":0,"player_choice":"Take Damage","damage_taken":18,"relics_obtained":["Golden Idol"],"max_hp_gain":0,"max_hp_loss":0,"event_name":"Golden Idol","floor":8,"gold_loss":0},{"damage_healed":0,"gold_gain":0,"player_choice":"Got Potions","damage_taken":0,"max_hp_gain":0,"max_hp_loss":0,"event_name":"Lab","floor":13,"gold_loss":0}],"is_beta":false,"boss_relics":[{"not_picked":["Replay:Bronze Core","Ectoplasm"],"picked":"Nuclear Battery"}],"items_purged_floors":[5],"is_endless":false,"potions_floor_spawned":[2,6,12],"killed_by":"theJungle:5_Spyders","ascension_level":11}}