{"host":"c5ukdwo3xwa4ucd0","time":1610489797,"event":{"mods":["AchievementEnabler","BaseMod","Colored Powertips","Minty Spire (QoL Compilation)","Quick Restart"],"gold_per_floor":[109,30,30,91,21,51,51,68,95,109,109,128,148,148,148,148,148],"floor_reached":16,"language":"ENG","playtime":678,"items_purged":[],"score":125,"play_id":"e5ff5722-c886-49d9-a085-9465ba4a282d","local_time":"20210112231637","is_ascension_mode":false,"campfire_choices":[{"floor":11,"key":"REST"},{"floor":15,"key":"REST"}],"circlet_count":0,"master_deck":["Strike_G","Strike_G","Strike_G","Strike_G","Strike_G","Defend_G","Defend_G","Defend_G","Defend_G","Defend_G","Survivor","Neutralize","Backstab","Footwork+1","Footwork","Slice","Cloak And Dagger","Deflect","Cloak And Dagger"],"relics":["Ring of the Snake","Strawberry","Matryoshka","Peace Pipe","Pear","Art of War","Toxic Egg 2"],"acts_visited":["Exordium"],"potions_floor_usage":[],"damage_taken":[{"damage":1,"enemies":"Cultist","floor":1,"turns":5},{"damage":46,"enemies":"Gremlin Nob","floor":6,"turns":7},{"damage":0,"enemies":"2 Louse","floor":8,"turns":2},{"damage":0,"enemies":"Small Slimes","floor":10,"turns":3},{"damage":0,"enemies":"2 Fungi Beasts","floor":12,"turns":4},{"damage":0,"enemies":"3 Louse","floor":13,"turns":4},{"damage":83,"enemies":"Slime Boss","floor":16,"turns":25}],"seed_played":"670466119895865126","potions_obtained":[{"floor":1,"key":"Swift Potion"},{"floor":10,"key":"DistilledChaos"}],"is_trial":false,"path_per_floor":["M","$","?","?","$","E","?","M","T","M","R","M","M","?","R","B"],"character_chosen":"THE_SILENT","items_purchased":["Footwork","Footwork"],"campfire_rested":2,"item_purchase_floors":[2,5],"current_hp_per_floor":[76,76,76,76,76,30,30,30,40,40,66,66,66,54,80,0,0],"gold":148,"neow_bonus":"RANDOM_COMMON_RELIC","is_daily":false,"chose_seed":false,"campfire_upgraded":0,"win_rate":0.0,"timestamp":1610489797,"path_taken":["M","?","?","?","$","E","?","M","T","M","R","M","M","?","R","BOSS"],"items_purchased_type":["Card","Card"],"build_version":"2020-12-22","purchased_purges":0,"victory":false,"max_hp_per_floor":[77,77,77,77,77,77,77,77,87,87,87,87,87,87,87,87,87],"card_choices":[{"not_picked":["Terror","Outmaneuver"],"picked":"Backstab","floor":1},{"not_picked":["Dodge and Roll","Storm of Steel"],"picked":"Slice","floor":6},{"not_picked":["Poisoned Stab","Heel Hook"],"picked":"Cloak And Dagger","floor":8},{"not_picked":["Concentrate","Acrobatics"],"picked":"Deflect","floor":10},{"not_picked":["Underhanded Strike","Masterful Stab"],"picked":"Cloak And Dagger","floor":12},{"not_picked":["Sucker Punch","Heel Hook","Prepared"],"picked":"SKIP","floor":13}],"player_experience":310953,"relics_obtained":[{"floor":6,"key":"Matryoshka"},{"floor":9,"key":"Pear"},{"floor":9,"key":"Art of War"}],"event_choices":[{"damage_healed":0,"gold_gain":0,"player_choice":"Grow","damage_taken":0,"max_hp_gain":0,"max_hp_loss":0,"event_name":"Living Wall","floor":3,"gold_loss":0,"cards_upgraded":["Footwork"]},{"damage_healed":0,"gold_gain":61,"player_choice":"Gained Gold","damage_taken":0,"max_hp_gain":0,"max_hp_loss":0,"event_name":"Golden Wing","floor":4,"gold_loss":0},{"damage_healed":0,"gold_gain":0,"player_choice":"Searched \u00271\u0027 times","damage_taken":0,"relics_obtained":["Peace Pipe"],"max_hp_gain":0,"max_hp_loss":0,"event_name":"Dead Adventurer","floor":7,"gold_loss":0},{"damage_healed":0,"gold_gain":0,"player_choice":"Success","damage_taken":12,"relics_obtained":["Toxic Egg 2"],"max_hp_gain":0,"max_hp_loss":0,"event_name":"Scrap Ooze","floor":14,"gold_loss":0}],"is_beta":false,"boss_relics":[],"items_purged_floors":[],"is_endless":false,"potions_floor_spawned":[1,10],"killed_by":"Slime Boss","ascension_level":0}}