{"host":"qk06od3ap196wbz4","time":1610458502,"event":{"mods":["AchievementEnabler","Arknights The Spire","BaseMod","DeckTracker","Keyboard Shortcuts","Minty Spire (QoL Compilation)","Permanent Neow","StSLib","SuperFastMode"],"gold_per_floor":[110,125,125,139,139,169,198,198,198,198,198,218,246,258,258,354,354,374,473,497,517,109,109,141,169,194,194,225,255,255,355,355,460,460,474,98,98,108,135,160,71,71,71,421,1,1,35,54,54,54],"floor_reached":51,"playtime":2277,"items_purged":["ats:Revitalization","ats:Consecutive Shot Auto","ats:Childhood Dance","ats:Curse Doll"],"score":920,"play_id":"c9924b36-dfd2-4149-9f4d-cca9831ece18","local_time":"20210112223502","daily_mods":["Draft","Heirloom","Time Dilation","Flight"],"is_ascension_mode":false,"campfire_choices":[{"data":"ats:Closed Bolt Burst Fire","floor":8,"key":"SMITH"},{"data":"ats:Sword Rain","floor":10,"key":"PURGE"},{"floor":15,"key":"REST"},{"data":"ats:Echo Reverb","floor":23,"key":"SMITH"},{"data":"ats:Hammer On","floor":27,"key":"SMITH"},{"data":"ats:Sword Rain","floor":30,"key":"PURGE"},{"floor":32,"key":"REST"},{"data":"ats:Poison Spread","floor":42,"key":"PURGE"},{"data":"ats:Part Time Job","floor":49,"key":"SMITH"}],"circlet_count":0,"master_deck":["ats:Assault Order","ats:Hammer On","ats:Shell Defense","ats:Hammer On+1","ats:Part Time Job+1","ats:Sunburst","ats:Shell Defense","ats:Flexible Camouflage","ats:Closed Bolt Burst Fire+1","ats:Apocalypse","ats:Mental Burst+1","ats:Leaping Hammer","ats:Echo Reverb+1","ats:Ignite+1","ats:Closed Bolt Burst Fire+1","ats:Ignite","ats:Ignite","ats:Sunburst+1","ats:Wolf Pack","ats:Soul Absorption+1"],"relics":["ats:Sanity Plus","TungstenRod","Peace Pipe","ats:Originium","The Courier","Tiny Chest","Bottled Tornado","Turnip","Black Star","Lantern","Membership Card","PreservedInsect","Torii","ats:Spiritual Recovery","Ice Cream","Mango","Toy Ornithopter","Smiling Mask","Vajra","Bronze Scales","HornCleat","Darkstone Periapt","Toxic Egg 2","ats:Emergency Defibrillator","Kunai","Mercury Hourglass","ats:Industrial Water Cannon","Unceasing Top","Happy Flower","MealTicket","Boot","Calipers","Old Coin","Ornamental Fan","Mummified Hand","Pear","Lee\u0027s Waffle","ats:Lavender","StoneCalendar","Juzu Bracelet"],"acts_visited":["Exordium","TheCity","TheBeyond"],"potions_floor_usage":[7,12,13,14,21,28,33,33,33,35,40,50],"damage_taken":[{"damage":2,"enemies":"2 Louse","floor":1,"turns":3},{"damage":0,"enemies":"Small Slimes","floor":2,"turns":2},{"damage":0,"enemies":"Cultist","floor":4,"turns":2},{"damage":22,"enemies":"Gremlin Nob","floor":6,"turns":5},{"damage":15,"enemies":"Lagavulin","floor":7,"turns":5},{"damage":0,"enemies":"3 Louse","floor":12,"turns":1},{"damage":13,"enemies":"Gremlin Nob","floor":13,"turns":3},{"damage":0,"enemies":"Blue Slaver","floor":14,"turns":1},{"damage":7,"enemies":"Slime Boss","floor":16,"turns":8},{"damage":21,"enemies":"Shell Parasite","floor":18,"turns":4},{"damage":0,"enemies":"3 Byrds","floor":21,"turns":3},{"damage":20,"enemies":"Gremlin Leader","floor":24,"turns":4},{"damage":6,"enemies":"Slavers","floor":25,"turns":3},{"damage":28,"enemies":"Book of Stabbing","floor":28,"turns":4},{"damage":7,"enemies":"Gremlin Leader","floor":29,"turns":4},{"damage":12,"enemies":"Colosseum Slavers","floor":31,"turns":2},{"damage":12,"enemies":"Colosseum Nobs","floor":31,"turns":3},{"damage":18,"enemies":"Automaton","floor":33,"turns":5},{"damage":9,"enemies":"Orb Walker","floor":35,"turns":2},{"damage":18,"enemies":"3 Shapes","floor":38,"turns":3},{"damage":35,"enemies":"Giant Head","floor":40,"turns":7},{"damage":0,"enemies":"Mind Bloom Boss Battle","floor":44,"turns":4},{"damage":15,"enemies":"Reptomancer","floor":47,"turns":3},{"damage":21,"enemies":"Spire Growth","floor":48,"turns":4},{"damage":71,"enemies":"Awakened One","floor":50,"turns":9}],"seed_played":"-5457387324410320850","potions_obtained":[{"floor":1,"key":"Fire Potion"},{"floor":4,"key":"ats:Emergency Sanity Potion"},{"floor":12,"key":"Strength Potion"},{"floor":13,"key":"Fire Potion"},{"floor":14,"key":"LiquidMemories"},{"floor":18,"key":"CultistPotion"},{"floor":24,"key":"PowerPotion"},{"floor":25,"key":"Block Potion"},{"floor":31,"key":"FearPotion"},{"floor":35,"key":"EntropicBrew"},{"floor":38,"key":"Dexterity Potion"},{"floor":47,"key":"LiquidBronze"}],"is_trial":true,"path_per_floor":["M","M","$","M","?","E","E","R","T","R","?","M","E","M","R","B",null,"M","?","T","M","$","R","E","E","T","R","E","E","R","?","R","B",null,"M","$","?","M","T","E","$","R","T","?","$","T","E","M","R","B",null],"character_chosen":"DOCTOR_CLASS","items_purchased":["Membership Card","PreservedInsect","Torii","ats:Spiritual Recovery","Mercury Hourglass","ats:Industrial Water Cannon","Unceasing Top","FairyPotion","Ornamental Fan","Mummified Hand","Pear","Lee\u0027s Waffle"],"campfire_rested":2,"item_purchase_floors":[22,22,22,22,36,36,36,41,45,45,45,45],"current_hp_per_floor":[72,72,72,72,58,43,44,44,44,44,44,44,36,36,57,65,72,54,54,54,63,63,63,61,64,64,64,47,46,46,30,55,67,86,82,82,82,69,69,45,60,60,60,70,103,103,95,82,82,54],"gold":54,"neow_bonus":"","is_daily":false,"chose_seed":false,"campfire_upgraded":4,"win_rate":0.0,"timestamp":1610458502,"path_taken":["M","M","$","M","?","E","E","R","T","R","?","?","E","M","R","BOSS","M","?","?","M","$","R","E","E","T","R","E","E","R","?","R","BOSS","M","$","?","?","?","E","?","R","T","?","?","?","E","M","R","BOSS"],"items_purchased_type":["Relic","Relic","Relic","Relic","Relic","Relic","Relic","Potion","Relic","Relic","Relic","Relic"],"build_version":"2020-12-22","purchased_purges":4,"victory":true,"max_hp_per_floor":[72,72,72,72,72,72,72,72,72,72,72,72,72,72,72,72,72,72,72,72,72,72,72,86,86,86,86,86,86,86,86,86,86,86,86,86,86,86,86,86,86,86,86,86,103,103,103,103,103,103],"card_choices":[{"not_picked":["ats:Healing Strengthening","ats:Encircling Forest"],"picked":"ats:Assault Order","floor":0},{"not_picked":["ats:Shell Defense","ats:Powerful Strike"],"picked":"ats:Hammer On","floor":0},{"not_picked":["ats:Apocalypse","ats:Explosion Area Strengthen"],"picked":"ats:Shell Defense","floor":0},{"not_picked":["ats:Ignite","ats:LN2 Cannon"],"picked":"ats:Hammer On","floor":0},{"not_picked":["ats:Rapid Magazine","ats:Steam Pump"],"picked":"ats:Curse Doll","floor":0},{"not_picked":["ats:Cat Scratch","ats:Flame Of Heaven"],"picked":"ats:Childhood Dance","floor":0},{"not_picked":["ats:Cat Scratch","ats:Curse Doll"],"picked":"ats:Part Time Job","floor":0},{"not_picked":["ats:Support Order","ats:Ignite"],"picked":"ats:Sunburst","floor":0},{"not_picked":["ats:Assault Order","ats:Cat Scratch"],"picked":"ats:Sword Rain","floor":0},{"not_picked":["ats:Poison Spread","ats:Curse Doll"],"picked":"ats:Shell Defense","floor":0},{"not_picked":["ats:Steam Pump","ats:Beaten Up"],"picked":"ats:Flexible Camouflage","floor":0},{"not_picked":["ats:Revitalization","ats:Ignite"],"picked":"ats:Consecutive Shot Auto","floor":0},{"not_picked":["ats:Song Of Battle","ats:Childhood Dance"],"picked":"ats:Revitalization","floor":0},{"not_picked":["ats:Encircling Forest","ats:Rapid Magazine"],"picked":"ats:Closed Bolt Burst Fire","floor":0},{"not_picked":["ats:Powerful Strike","ats:Support Order"],"picked":"ats:Apocalypse","floor":0},{"not_picked":["ats:Assault Order","ats:Powerful Strike","ats:Flexible Camouflage"],"picked":"SKIP","floor":1},{"not_picked":["ats:Assault Order","ats:Curse Doll"],"picked":"ats:Sword Rain","floor":2},{"not_picked":["ats:Assault Order","ats:Ignite","ats:Revitalization"],"picked":"SKIP","floor":4},{"not_picked":["ats:Childhood Dance","ats:Curse Doll"],"picked":"ats:Poison Spread","floor":6},{"not_picked":["ats:Shadow Assault","ats:Encircling Forest"],"picked":"ats:Mental Burst","floor":7},{"not_picked":["ats:Consecutive Shot Auto","ats:Directed Diagnosis","ats:Hammer On"],"picked":"SKIP","floor":12},{"not_picked":["ats:Sword Rain","ats:Ignite","ats:Demon Strength"],"picked":"SKIP","floor":13},{"not_picked":["ats:Shell Defense","ats:Demon Strength"],"picked":"ats:Leaping Hammer","floor":14},{"not_picked":["ats:Fractured Body","ats:True Silver Slash"],"picked":"ats:Echo Reverb","floor":16},{"not_picked":["ats:Composite Medical Shells+1","ats:Shadow Raid"],"picked":"ats:Ignite+1","floor":18},{"not_picked":["ats:Encircling Forest","ats:Assault Order","ats:Flexible Camouflage"],"picked":"SKIP","floor":21},{"not_picked":["ats:Part Time Job","ats:Apocalypse"],"picked":"ats:Closed Bolt Burst Fire+1","floor":24},{"not_picked":["ats:Shell Defense","ats:Directed Diagnosis+1"],"picked":"ats:Ignite","floor":25},{"not_picked":["ats:Shell Defense","ats:Leaping Hammer","ats:Mental Burst"],"picked":"SKIP","floor":28},{"not_picked":["ats:Magnetic Hammer+1","ats:Burning Ground+1"],"picked":"ats:Ignite","floor":29},{"not_picked":["ats:Apocalypse+1","ats:Flexible Camouflage+1"],"picked":"ats:Sunburst+1","floor":31},{"not_picked":["ats:Roar Of Ursus","ats:Fractured Body+1"],"picked":"ats:Wolf Pack","floor":33},{"not_picked":["ats:Overload","ats:Powerful Strike+1","ats:Encircling Forest+1"],"picked":"SKIP","floor":35},{"not_picked":["ats:Sunburst","ats:Very Hot Blade"],"picked":"ats:Soul Absorption+1","floor":38},{"not_picked":["ats:Leaping Hammer","ats:Revitalization+1","ats:Childhood Dance+1"],"picked":"SKIP","floor":40},{"not_picked":["ats:Echo Reverb+1","ats:Curse Doll+1","ats:Automatic Cover+1"],"picked":"SKIP","floor":47},{"not_picked":["ats:Hammer On+1","ats:Cat Scratch+1","ats:Leaping Hammer"],"picked":"SKIP","floor":48}],"player_experience":156485,"relics_obtained":[{"floor":6,"key":"ats:Originium"},{"floor":6,"key":"The Courier"},{"floor":7,"key":"ats:Originium"},{"floor":7,"key":"Tiny Chest"},{"floor":9,"key":"Bottled Tornado"},{"floor":13,"key":"ats:Originium"},{"floor":13,"key":"Turnip"},{"floor":20,"key":"Lantern"},{"floor":24,"key":"Ice Cream"},{"floor":24,"key":"Mango"},{"floor":25,"key":"Toy Ornithopter"},{"floor":25,"key":"Smiling Mask"},{"floor":26,"key":"Vajra"},{"floor":28,"key":"Bronze Scales"},{"floor":28,"key":"HornCleat"},{"floor":29,"key":"Darkstone Periapt"},{"floor":29,"key":"Toxic Egg 2"},{"floor":31,"key":"ats:Emergency Defibrillator"},{"floor":31,"key":"Kunai"},{"floor":39,"key":"Happy Flower"},{"floor":40,"key":"ats:Originium"},{"floor":40,"key":"MealTicket"},{"floor":40,"key":"Boot"},{"floor":43,"key":"Calipers"},{"floor":44,"key":"Old Coin"},{"floor":46,"key":"ats:Lavender"},{"floor":47,"key":"StoneCalendar"},{"floor":47,"key":"Juzu Bracelet"}],"event_choices":[{"damage_healed":0,"gold_gain":0,"player_choice":"Success","damage_taken":18,"relics_obtained":["Peace Pipe"],"max_hp_gain":0,"max_hp_loss":0,"event_name":"Scrap Ooze","floor":5,"gold_loss":0},{"damage_healed":0,"gold_gain":0,"player_choice":"Forge","damage_taken":0,"max_hp_gain":0,"max_hp_loss":0,"event_name":"Accursed Blacksmith","floor":11,"gold_loss":0,"cards_upgraded":["ats:Mental Burst"]},{"damage_healed":0,"gold_gain":99,"player_choice":"Stole From Cult","damage_taken":0,"max_hp_gain":0,"max_hp_loss":0,"event_name":"Nest","floor":19,"gold_loss":0},{"damage_healed":0,"gold_gain":0,"player_choice":"Fight","damage_taken":0,"max_hp_gain":0,"max_hp_loss":0,"event_name":"Colosseum","floor":31,"gold_loss":0},{"damage_healed":0,"gold_gain":0,"player_choice":"Fought Nobs","damage_taken":0,"max_hp_gain":0,"max_hp_loss":0,"event_name":"Colosseum","floor":31,"gold_loss":0},{"damage_healed":0,"gold_gain":0,"player_choice":"Bought 0 Potions","damage_taken":0,"max_hp_gain":0,"max_hp_loss":0,"event_name":"The Woman in Blue","floor":37,"gold_loss":0},{"damage_healed":0,"gold_gain":0,"player_choice":"Fight","damage_taken":0,"max_hp_gain":0,"max_hp_loss":0,"event_name":"MindBloom","floor":44,"gold_loss":0}],"is_beta":false,"boss_relics":[{"not_picked":["Runic Pyramid","Ectoplasm"],"picked":"Black Star"},{"not_picked":["SlaversCollar","Empty Cage"],"picked":"ats:Sanity Plus"}],"items_purged_floors":[22,36,41,45],"is_endless":false,"potions_floor_spawned":[1,4,12,13,14,18,24,25,31,35,38,47],"ascension_level":0}}