{"host":"4ftwfwncs88tvnc0","time":1610495275,"event":{"mods":["AchievementEnabler","Arknights The Spire","Aspiration","BaseMod","Beaked The Cultist","Bestiary","Better Altar","Better Match","Better Note","Better Sensory Stone","Better Skull","Better Third Choice","Clawfect","Colored Map","Conspire","Downfall","GifTheSpireLib","Halation","Hubris","Infinite Spire","Mad Scientist","Mimic Mod","Minty Spire (QoL Compilation)","Replay The Spire","Shade Mod","Shop Mod","Spicy Shops","StSLib","Stuff the Spire","The Construct","The Cursed","The Disciple","The Necromancer","The Servant 0.9.4"],"gold_per_floor":[99,99,99,116,136,136,136,154,154,180,180,193,220,233,250,250,267,365,365,315,315,315,315],"floor_reached":21,"language":"ENG","playtime":802,"items_purged":[],"score":179,"play_id":"450d035c-1dc3-4fc3-8abb-2ba27548933c","local_time":"20210112234755","is_ascension_mode":false,"campfire_choices":[{"data":"Slimebound:Split","floor":3,"key":"SMITH"},{"data":"Slimebound:Gluttony","floor":11,"key":"SMITH"},{"data":"Slimebound:MassFeed","floor":20,"key":"SMITH"}],"circlet_count":0,"master_deck":["Slimebound:Strike_Slimebound","Slimebound:Strike_Slimebound","Slimebound:Strike_Slimebound","Slimebound:Tackle","Slimebound:Defend_Slimebound","Slimebound:Defend_Slimebound","Slimebound:Defend_Slimebound","Slimebound:Defend_Slimebound","Slimebound:Split+1","Slimebound:CorrosiveSpit","Slimebound:Gluttony","Slimebound:Gluttony+1","Regret","Slimebound:LeechingTouch","Pot Of Greed","Pot Of Greed","Slimebound:ViciousTackle","Slimebound:LeechingTouch","Slimebound:AcidTongue","Slimebound:MassFeed+1"],"relics":["Slimebound:AbsorbEndCombat","Dream Catcher","hubris:TenFootPole","conspire:Flyswatter","Grinning Jar","StuffTheSpire:Gunfinga","Slimebound:GreedOozeRelic","StuffTheSpire:ModemDavis"],"acts_visited":["Exordium","TheCity"],"potions_floor_usage":[13,18],"damage_taken":[{"damage":15,"enemies":"Jaw Worm","floor":4,"turns":4},{"damage":8,"enemies":"Small Slimes","floor":5,"turns":3},{"damage":16,"enemies":"2 Louse","floor":8,"turns":4},{"damage":30,"enemies":"Large Slime","floor":12,"turns":5},{"damage":29,"enemies":"Lagavulin","floor":13,"turns":6},{"damage":29,"enemies":"Blue Slaver","floor":14,"turns":3},{"damage":28,"enemies":"Exordium Thugs","floor":15,"turns":4},{"damage":16,"enemies":"2 Fungi Beasts","floor":17,"turns":3},{"damage":57,"enemies":"downfall:Ironclad","floor":18,"turns":7},{"damage":62,"enemies":"Spheric Guardian","floor":21,"turns":5}],"seed_played":"8394312640471820195","potions_obtained":[{"floor":5,"key":"Strength Potion"},{"floor":8,"key":"SkillPotion"},{"floor":15,"key":"FearPotion"},{"floor":17,"key":"PowerPotion"}],"is_trial":false,"path_per_floor":["R_BF","PTL","R","M","M","?","?","M","T","T","R","M","E","M","M","?","M","B",null,"R_BF","M"],"character_chosen":"SLIMEBOUND","items_purchased":[],"campfire_rested":0,"item_purchase_floors":[],"current_hp_per_floor":[60,60,60,60,60,60,60,56,56,56,56,54,55,46,42,42,42,29,60,60,0,0,0],"gold":315,"neow_bonus":"RANDOM_COMMON_RELIC","is_daily":false,"chose_seed":false,"campfire_upgraded":3,"win_rate":0.0,"timestamp":1610495275,"path_taken":["R_BF","PTL","R","M","M","?","?","M","T","?","R","M","E","M","M","?","M","BOSS","R_BF","M"],"items_purchased_type":[],"build_version":"2020-12-22","purchased_purges":0,"victory":false,"max_hp_per_floor":[60,60,60,60,60,60,60,60,60,60,60,60,60,60,60,60,60,60,60,60,60,60,60],"card_choices":[{"not_picked":["Slimebound:SlimeBarrage","Slimebound:FlameTackle"],"picked":"Slimebound:Gluttony","floor":4},{"not_picked":["Slimebound:PressTheAttack","Slimebound:RollThrough"],"picked":"Slimebound:Gluttony","floor":5},{"not_picked":["Slimebound:SamplingLick","Slimebound:Equalize"],"picked":"Slimebound:LeechingTouch","floor":8},{"not_picked":["Slimebound:PressTheAttack","Slimebound:RollThrough"],"picked":"Slimebound:ViciousTackle","floor":12},{"not_picked":["Slimebound:BestDefense","Slimebound:Schlurp","Slimebound:RollThrough"],"picked":"SKIP","floor":13},{"not_picked":["Slimebound:Gluttony","Slimebound:ForwardTackle"],"picked":"Slimebound:LeechingTouch","floor":14},{"not_picked":["Slimebound:SlimeSpikes","Slimebound:LeadByExample","Slimebound:ProtectTheBoss"],"picked":"SKIP","floor":15},{"not_picked":["Slimebound:RainOfGoop","Slimebound:FormOfPuddle"],"picked":"Slimebound:AcidTongue","floor":17},{"not_picked":["Slimebound:SelfFormingGoo","Slimebound:MinionMaster"],"picked":"Slimebound:MassFeed","floor":18}],"player_experience":124424,"relics_obtained":[{"floor":9,"key":"conspire:Flyswatter"},{"floor":10,"key":"Grinning Jar"},{"floor":13,"key":"StuffTheSpire:Gunfinga"}],"event_choices":[{"damage_healed":0,"gold_gain":0,"player_choice":"Box","damage_taken":0,"relics_obtained":["hubris:TenFootPole"],"max_hp_gain":0,"max_hp_loss":0,"event_name":"Big Fish","floor":6,"gold_loss":0,"cards_obtained":["Regret"]},{"damage_healed":0,"gold_gain":0,"player_choice":"Leave","damage_taken":0,"max_hp_gain":0,"max_hp_loss":0,"event_name":"conspire:Investor","floor":7,"gold_loss":0}],"is_beta":false,"boss_relics":[{"not_picked":["conspire:RunicOctahedron","halation:Yufonium"],"picked":"StuffTheSpire:ModemDavis"}],"items_purged_floors":[],"is_endless":false,"potions_floor_spawned":[5,8,15,17],"killed_by":"Spheric Guardian","ascension_level":0}}