{"host":"5s7sm4h73jkd9266","time":1610340248,"event":{"mods":["AchievementEnabler","Bartender","BaseMod","Better Match","Better Vampires","BetterRewards","Colored Map","Colored Powertips","Conspire","Downfall","Energized Spire","GifTheSpireLib","Hermit","Hubris","Magitek Elite","Marisa????????","Melee Mod","Minty Spire (QoL Compilation)","Potion Indicator Mod","Rare Cards Sparkle","Relic Stats","Replay The Spire","Robot Space Explorer","Shop Mod","StSLib","Stuff the Spire","The Bladedancer","The Blue Laboratory","The Cursed","The Disciple","The Dragon Tamer","The Forsaken","The Necromancer","The Wild Card","The Witch","Virulent Crown","everything is the same but u backflip on backflip","slay the spire mod where everything is the same but ironclad has a cowboy hat","vexMod"],"gold_per_floor":[111,167,132,143,143,143,156,184,184,184,459,274,274,292,292,392,392,408,441,457,457,469,469,503,503,526,172,172,183,183,10,10,105,105,125,135,16,16,31,58,58,58,58,73,73,92,92,106,106,106,106],"floor_reached":50,"playtime":3774,"items_purged":["Regret"],"score":593,"play_id":"ff60cfb4-ed8f-42db-90fe-99ecd29595e8","local_time":"20210110234408","is_ascension_mode":false,"campfire_choices":[{"data":"Static Discharge","floor":6.0,"key":"SMITH"},{"floor":10.0,"key":"RECALL"},{"data":"Static Discharge","floor":13.0,"key":"SMITH"},{"floor":15.0,"key":"REST"},{"floor":23.0,"key":"REST"},{"floor":25.0,"key":"REST"},{"floor":30.0,"key":"REST"},{"floor":41.0,"key":"REST"},{"data":"hubris:EnhanceAbility","floor":47,"key":"SMITH"},{"floor":49,"key":"REST"}],"circlet_count":0,"master_deck":["Strike_B+1","Strike_B+1","Strike_B+1","Strike_B+1","Defend_B+1","Defend_B+1","Defend_B+1","Defend_B+1","Zap","Dualcast","expansioncontent:DashGenerateEvil+1","Static Discharge+1","Doom and Gloom","expansioncontent:ManipulateTime","Auto Shields","Ball Lightning","Coolheaded","StuffTheSpire:Plugnplay","Melter+1","Static Discharge+1","hubris:EnhanceAbility+1","Amplify","StuffTheSpire:ForEach","Coolheaded","Doom and Gloom","Loop","Turbo","StuffTheSpire:Plugnplay+1","White Noise","expansioncontent:Sear","Capacitor","Metamorphosis","ReplayTheSpireMod:Repulse","Steam","Creative AI","Gash","Go for the Eyes","expansioncontent:CaCaw","Rainbow","Storm+1","ReplayTheSpireMod:Calculation Training+1","Static Discharge","Doubt","Glacier+1","Parasite","Conserve Battery"],"relics":["Cracked Core","Membership Card","Bottled Flame","Gem_Box","Angel_Ring","Garlic","MawBank","StuffTheSpire:DarkSteelAnvil","hubris:MysteriousPyramids","Ribbon","Nunchaku"],"acts_visited":["Exordium","TheCity","TheBeyond"],"potions_floor_usage":[46],"damage_taken":[{"damage":1.0,"enemies":"Small Slimes","floor":1.0,"turns":3.0},{"damage":6.0,"enemies":"Jaw Worm","floor":4.0,"turns":3.0},{"damage":1.0,"enemies":"2 Louse","floor":7.0,"turns":2.0},{"damage":16.0,"enemies":"Lagavulin","floor":8.0,"turns":6.0},{"damage":0.0,"enemies":"Exordium Thugs","floor":14.0,"turns":5.0},{"damage":35.0,"enemies":"Slime Boss","floor":16.0,"turns":6.0},{"damage":9.0,"enemies":"Chosen","floor":18.0,"turns":4.0},{"damage":17.0,"enemies":"conspire:MimicChest","floor":19.0,"turns":4.0},{"damage":6.0,"enemies":"Spheric Guardian","floor":20.0,"turns":3.0},{"damage":4.0,"enemies":"Chosen and Byrds","floor":22.0,"turns":4.0},{"damage":28.0,"enemies":"Slavers","floor":24.0,"turns":4.0},{"damage":14.0,"enemies":"Cultist and Chosen","floor":29.0,"turns":4.0},{"damage":0.0,"enemies":"conspire:MysteriousRune","floor":33.0,"turns":12.0},{"damage":6.0,"enemies":"3 Shapes","floor":35.0,"turns":5.0},{"damage":10.0,"enemies":"3 Darklings","floor":36.0,"turns":3.0},{"damage":0.0,"enemies":"4 Shapes","floor":39.0,"turns":3.0},{"damage":21.0,"enemies":"Reptomancer","floor":40.0,"turns":5.0},{"damage":90.0,"enemies":"Nemesis","floor":42.0,"turns":5.0},{"damage":0.0,"enemies":"Sphere and 2 Shapes","floor":44.0,"turns":6.0},{"damage":25,"enemies":"Maw","floor":46,"turns":6},{"damage":5,"enemies":"Writhing Mass","floor":48,"turns":7},{"damage":84,"enemies":"conspire:OrnateMirror","floor":50,"turns":4}],"seed_played":"5220653249721052521","potions_obtained":[{"floor":4.0,"key":"BlessingOfTheForge"},{"floor":14.0,"key":"blueLaboratory:PlasmaFuel"},{"floor":16.0,"key":"PowerPotion"},{"floor":19.0,"key":"Doom Potion"},{"floor":32.0,"key":"Block Potion"},{"floor":32.0,"key":"SpeedPotion"},{"floor":33.0,"key":"ColorlessPotion"},{"floor":35.0,"key":"conspire:TimeTravelPotion"},{"floor":39.0,"key":"blueLaboratory:SystemWipe"},{"floor":44.0,"key":"ColorlessPotion"},{"floor":46,"key":"Ancient Potion"}],"is_trial":false,"path_per_floor":["M","?","?","M","?","R","M","E","T","R","?","$","R","M","R","B",null,"M","?","M","?","M","R","E","R","T","$","?","M","R","$","R_BF","B",null,"M","M","$","?","M","E","R","E","T","M","?","M","R","M","R","B"],"character_chosen":"DEFECT","items_purchased":["Membership Card","expansioncontent:DashGenerateEvil","Static Discharge","Doom and Gloom","Melter+1","Static Discharge","hubris:EnhanceAbility","StuffTheSpire:DarkSteelAnvil","White Noise","expansioncontent:Sear","Capacitor","Metamorphosis","Ribbon","Steam","expansioncontent:CaCaw","Rainbow"],"campfire_rested":6,"item_purchase_floors":[0,0,0,0,12,12,12,27,27,27,27,27,31,31,37,37],"current_hp_per_floor":[63,63,75,69,69,69,68,52,52,52,52,52,52,52,74,39,75,66,49,43,43,39,61,33,55,55,55,55,41,63,63,63,63,75,69,59,59,59,59,38,60,20,20,20,75,50,50,45,67,0,0],"gold":106,"neow_bonus":"","is_daily":false,"chose_seed":false,"campfire_upgraded":3,"win_rate":0.0,"timestamp":1610340248,"path_taken":["M","?","?","M","?","R","M","E","T","R","?","$","R","?","R","BOSS","M","?","M","?","M","R","E","R","T","?","?","?","R","$","R_BF","BOSS","M","M","?","?","M","E","R","E","T","?","?","M","R","M","R","BOSS"],"items_purchased_type":["Relic","Card","Card","Card","Card","Card","Card","Relic","Card","Card","Card","Card","Relic","Card","Card","Card"],"build_version":"2020-12-22","purchased_purges":1,"victory":false,"max_hp_per_floor":[75,75,75,75,75,75,75,75,75,75,75,75,75,75,75,75,75,75,75,75,75,75,75,75,75,75,75,75,75,75,75,75,75,75,75,75,75,75,75,75,75,75,75,75,75,75,75,75,75,75,75],"relic_stats":{"Nunchaku":[2],"counters":[47,214],"MawBank":12,"obtain_stats":[{"Angel_Ring":26,"hubris:MysteriousPyramids":28,"Nunchaku":40,"Ribbon":31,"Prayer Wheel":16,"Fusion Hammer":19,"Replay:Wax Seal":11,"StuffTheSpire:RedRose":3,"Cracked Core":0,"downfall:HeartsMalice":0,"PreservedInsect":20,"War Paint":9,"MawBank":26,"Replay:Arrowhead":6,"WarpedTongs":2,"Bottled Flame":8,"Bronze Scales":10,"StuffTheSpire:DarkSteelAnvil":27,"hubris:TenFootPole":28,"Snack Pack":10,"Black Star":17,"Garlic":24,"Membership Card":0,"Gem_Box":17,"hubris:Potato":13,"ReplayTheSpireMod:ShopPack":0},{"Angel_Ring":10,"hubris:MysteriousPyramids":36,"Nunchaku":42,"Ribbon":37,"Prayer Wheel":6,"Fusion Hammer":7,"Replay:Wax Seal":4,"StuffTheSpire:RedRose":16,"Cracked Core":0,"downfall:HeartsMalice":0,"PreservedInsect":22,"War Paint":18,"MawBank":36,"Replay:Arrowhead":3,"WarpedTongs":1,"Bottled Flame":29,"Bronze Scales":4,"StuffTheSpire:DarkSteelAnvil":36,"hubris:TenFootPole":10,"Snack Pack":18,"Black Star":21,"Garlic":36,"Membership Card":25,"Gem_Box":31,"hubris:Potato":4,"ReplayTheSpireMod:ShopPack":0},{"Angel_Ring":39,"hubris:MysteriousPyramids":154,"Nunchaku":186,"Ribbon":158,"Prayer Wheel":23,"Fusion Hammer":32,"Replay:Wax Seal":18,"StuffTheSpire:RedRose":68,"Cracked Core":0,"downfall:HeartsMalice":0,"PreservedInsect":99,"War Paint":77,"MawBank":154,"Replay:Arrowhead":13,"WarpedTongs":3,"Bottled Flame":124,"Bronze Scales":18,"StuffTheSpire:DarkSteelAnvil":154,"hubris:TenFootPole":39,"Snack Pack":77,"Black Star":93,"Garlic":154,"Membership Card":110,"Gem_Box":135,"hubris:Potato":18,"ReplayTheSpireMod:ShopPack":0}]},"card_choices":[{"not_picked":["Storm","Stack"],"picked":"Auto Shields","floor":1.0},{"not_picked":["Redo","Aggregate"],"picked":"Ball Lightning","floor":4.0},{"not_picked":["Lockon","ReplayTheSpireMod:Repulse"],"picked":"Coolheaded","floor":7.0},{"not_picked":["Cold Snap","Tempest"],"picked":"StuffTheSpire:Plugnplay","floor":8.0},{"not_picked":["Compile Driver","Heatsinks"],"picked":"Amplify","floor":14.0},{"not_picked":["Machine Learning","Biased Cognition"],"picked":"StuffTheSpire:ForEach","floor":16.0},{"not_picked":["Cold Snap","Turbo"],"picked":"Coolheaded","floor":18.0},{"not_picked":["Go for the Eyes","Fission"],"picked":"Doom and Gloom","floor":19.0},{"not_picked":["ReplaySolidLightProjector","Coolheaded+1"],"picked":"Loop","floor":20.0},{"not_picked":["Skim","ReplaySort"],"picked":"Turbo","floor":22.0},{"not_picked":["Beam Cell","Gash+1"],"picked":"StuffTheSpire:Plugnplay+1","floor":24.0},{"not_picked":["Force Field","Ball Lightning"],"picked":"ReplayTheSpireMod:Repulse","floor":29.0},{"not_picked":["hubris:DoWhile","hubris:Prefetch"],"picked":"Creative AI","floor":33.0},{"not_picked":["hubris:PowerSurge+1","Reinforced Body+1"],"picked":"Gash","floor":35.0},{"not_picked":["Steam","Blizzard+1"],"picked":"Go for the Eyes","floor":36.0},{"not_picked":["Sweeping Beam","Barrage"],"picked":"Storm+1","floor":39.0},{"not_picked":["Storm","Hello World+1"],"picked":"ReplayTheSpireMod:Calculation Training+1","floor":40.0},{"not_picked":["Tempest+1","Gash+1"],"picked":"Static Discharge","floor":44.0},{"not_picked":["Skim","StuffTheSpire:Purify"],"picked":"Glacier+1","floor":46},{"not_picked":["Capacitor+1","Heatsinks"],"picked":"Conserve Battery","floor":48}],"player_experience":5492985,"relics_obtained":[{"floor":8.0,"key":"Bottled Flame"},{"floor":19.0,"key":"Angel_Ring"},{"floor":24.0,"key":"Garlic"},{"floor":26.0,"key":"MawBank"},{"floor":40.0,"key":"Nunchaku"}],"event_choices":[{"damage_healed":0.0,"max_hp_gain":0.0,"max_hp_loss":0.0,"gold_gain":56.0,"event_name":"Golden Wing","player_choice":"Gained Gold","floor":2.0,"gold_loss":0.0,"damage_taken":0.0},{"damage_healed":18.0,"max_hp_gain":0.0,"max_hp_loss":0.0,"gold_gain":0.0,"event_name":"The Cleric","player_choice":"Healed","floor":3.0,"gold_loss":35.0,"damage_taken":0.0},{"damage_healed":0.0,"max_hp_gain":0.0,"max_hp_loss":0.0,"gold_gain":0.0,"event_name":"Living Wall","player_choice":"Grow","floor":5.0,"gold_loss":0.0,"damage_taken":0.0,"cards_upgraded":["expansioncontent:DashGenerateEvil"]},{"damage_healed":0.0,"max_hp_gain":0.0,"max_hp_loss":0.0,"gold_gain":275.0,"event_name":"Golden Shrine","player_choice":"Desecrate","floor":11.0,"gold_loss":0.0,"damage_taken":0.0,"cards_obtained":["Regret"]},{"damage_healed":0.0,"max_hp_gain":0.0,"max_hp_loss":0.0,"gold_gain":0.0,"event_name":"Back to Basics","player_choice":"Simplicity","floor":21.0,"gold_loss":0.0,"damage_taken":0.0,"cards_upgraded":["Strike_B","Strike_B","Strike_B","Strike_B","Defend_B","Defend_B","Defend_B","Defend_B"]},{"damage_healed":0.0,"max_hp_gain":0.0,"max_hp_loss":0.0,"gold_gain":0.0,"event_name":"The Mausoleum","player_choice":"Opened","floor":28.0,"gold_loss":0.0,"damage_taken":0.0,"relics_obtained":["hubris:MysteriousPyramids"]},{"damage_healed":0.0,"max_hp_gain":0.0,"max_hp_loss":0.0,"gold_gain":0.0,"event_name":"Purifier","player_choice":"Ignored","floor":38.0,"gold_loss":0.0,"damage_taken":0.0},{"damage_healed":55.0,"max_hp_gain":0.0,"max_hp_loss":0.0,"gold_gain":0.0,"event_name":"MindBloom","player_choice":"Heal","floor":45.0,"gold_loss":0.0,"damage_taken":0.0,"cards_obtained":["Doubt"]}],"is_beta":false,"boss_relics":[{"not_picked":["energizedSpire:SpiderWeb","Replay:Drink Me"],"picked":"Gem_Box"},{"not_picked":["Velvet Choker","hubris:TerracottaHorce","StuffTheSpire:Kangaroo"]}],"items_purged_floors":[12],"is_endless":false,"potions_floor_spawned":[4,14,16,19,33,35,39,44,46],"killed_by":"conspire:OrnateMirror","ascension_level":0}}