{"host":"oehe2dxjvdgux73m","time":1610453285,"event":{"mods":["AchievementEnabler","BaseMod","Colored Map","Colored Powertips","DeckTracker","Keyboard Shortcuts","Minty Spire (QoL Compilation)","Permanent Neow","Quick Restart","StSLib","SuperFastMode"],"gold_per_floor":[116,116,126,126,140,140,165,240,240,250,250,250,264,281,281,378,378,396,396,413,373,390,418,418,431,431,448,476,489,520,550,550,650,650,669,594,640,659,659,659,659],"floor_reached":40,"playtime":1421,"items_purged":["Bash"],"score":582,"play_id":"76ad88d9-c354-4fe6-84df-99d446b6d21e","local_time":"20210112210805","is_ascension_mode":true,"campfire_choices":[{"data":"Cleave","floor":6.0,"key":"SMITH"},{"data":"Fiend Fire","floor":12.0,"key":"SMITH"},{"floor":15.0,"key":"REST"},{"data":"Burning Pact","floor":24.0,"key":"SMITH"},{"data":"Second Wind","floor":32.0,"key":"SMITH"}],"circlet_count":0,"master_deck":["Second Wind+1","Twin Strike","Cleave+1","Fiend Fire+1","Burning Pact+1","Twin Strike","Immolate+1","CurseOfTheBell","Flame Barrier+1","Shrug It Off","Wild Strike+1","Berserk","Battle Trance","Second Wind","Havoc","Entrench","Shrug It Off","Warcry+1"],"relics":["Burning Blood","Matryoshka","Art of War","Pear","Calling Bell","Bag of Preparation","Mercury Hourglass","Magic Flower","Ancient Tea Set","Vajra","InkBottle","Pocketwatch","Prayer Wheel","Red Mask","Pandora\u0027s Box","Charon\u0027s Ashes"],"acts_visited":["Exordium","TheCity","TheBeyond"],"potions_floor_usage":[40],"damage_taken":[{"damage":3.0,"enemies":"Jaw Worm","floor":1.0,"turns":6.0},{"damage":0.0,"enemies":"Small Slimes","floor":3.0,"turns":3.0},{"damage":3.0,"enemies":"2 Louse","floor":5.0,"turns":4.0},{"damage":27.0,"enemies":"3 Sentries","floor":7.0,"turns":7.0},{"damage":0.0,"enemies":"2 Fungi Beasts","floor":10.0,"turns":3.0},{"damage":2.0,"enemies":"Gremlin Gang","floor":13.0,"turns":4.0},{"damage":11.0,"enemies":"Looter","floor":14.0,"turns":2.0},{"damage":47.0,"enemies":"The Guardian","floor":16.0,"turns":9.0},{"damage":0.0,"enemies":"Shell Parasite","floor":18.0,"turns":1.0},{"damage":5.0,"enemies":"2 Thieves","floor":20.0,"turns":3.0},{"damage":21.0,"enemies":"Sentry and Sphere","floor":22.0,"turns":5.0},{"damage":20.0,"enemies":"Slavers","floor":23.0,"turns":4.0},{"damage":0.0,"enemies":"Centurion and Healer","floor":25.0,"turns":2.0},{"damage":4.0,"enemies":"3 Cultists","floor":27.0,"turns":4.0},{"damage":20.0,"enemies":"Gremlin Leader","floor":28.0,"turns":6.0},{"damage":18.0,"enemies":"Snake Plant","floor":29.0,"turns":2.0},{"damage":23.0,"enemies":"Book of Stabbing","floor":30.0,"turns":5.0},{"damage":0.0,"enemies":"Masked Bandits","floor":31.0,"turns":2.0},{"damage":25.0,"enemies":"Collector","floor":33.0,"turns":7.0},{"damage":2.0,"enemies":"3 Darklings","floor":35.0,"turns":4.0},{"damage":31.0,"enemies":"2 Orb Walkers","floor":37.0,"turns":4.0},{"damage":0.0,"enemies":"3 Shapes","floor":38.0,"turns":2.0},{"damage":98,"enemies":"Nemesis","floor":40,"turns":4}],"seed_played":"698903785546890313","potions_obtained":[{"floor":1.0,"key":"BloodPotion"},{"floor":10.0,"key":"Fire Potion"},{"floor":13.0,"key":"Fire Potion"},{"floor":16.0,"key":"SkillPotion"},{"floor":18.0,"key":"Explosive Potion"},{"floor":20.0,"key":"SkillPotion"},{"floor":28.0,"key":"SneckoOil"},{"floor":29.0,"key":"BlessingOfTheForge"},{"floor":35.0,"key":"SmokeBomb"}],"is_trial":false,"path_per_floor":["M","?","M","?","M","R","E","?","T","M","?","R","M","M","R","B",null,"M","?","M","?","M","E","R","M","T","M","E","M","E","?","R","B",null,"M","$","?","M","?","E"],"character_chosen":"IRONCLAD","items_purchased":[],"campfire_rested":1,"item_purchase_floors":[],"current_hp_per_floor":[54,38,44,37,40,40,35,24,34,40,40,40,44,39,66,25,74,83,83,87,87,75,64,64,73,73,78,67,58,44,53,53,37,77,84,84,62,71,71,0,0],"gold":659,"neow_bonus":"REMOVE_TWO","is_daily":false,"chose_seed":false,"campfire_upgraded":4,"win_rate":0.0,"timestamp":1610453285,"path_taken":["M","?","M","?","M","R","E","?","T","M","?","R","?","M","R","BOSS","M","?","M","?","M","E","R","M","T","M","E","?","E","?","R","BOSS","M","$","?","M","?","E"],"items_purchased_type":[],"build_version":"2020-12-22","purchased_purges":1,"victory":false,"max_hp_per_floor":[80,80,80,80,80,80,80,80,90,90,90,90,90,90,90,90,90,90,90,90,90,90,90,90,90,90,90,90,90,90,90,90,90,90,90,90,90,90,85,85,85],"card_choices":[{"not_picked":["Sever Soul","Perfected Strike"],"picked":"Second Wind","floor":1.0},{"not_picked":["Whirlwind","Clothesline"],"picked":"Twin Strike","floor":3.0},{"not_picked":["Warcry","Thunderclap"],"picked":"Cleave","floor":5.0},{"not_picked":["Pummel","Hemokinesis"],"picked":"Fiend Fire","floor":7.0},{"not_picked":["Intimidate","Havoc","Anger"],"picked":"SKIP","floor":10.0},{"not_picked":["Thunderclap","Rage"],"picked":"Twin Strike","floor":13.0},{"not_picked":["Fire Breathing","Heavy Blade","Havoc"],"picked":"SKIP","floor":14.0},{"not_picked":["Impervious","Juggernaut"],"picked":"Immolate","floor":16.0},{"not_picked":["Perfected Strike","Disarm","Cleave"],"picked":"SKIP","floor":18.0},{"not_picked":["Burning Pact","Rupture","Clothesline"],"picked":"SKIP","floor":20.0},{"not_picked":["True Grit","Dual Wield+1"],"picked":"Flame Barrier+1","floor":22.0},{"not_picked":["Heavy Blade","Headbutt","Intimidate"],"picked":"SKIP","floor":23.0},{"not_picked":["Cleave","Fire Breathing"],"picked":"Shrug It Off","floor":25.0},{"not_picked":["Burning Pact","Infernal Blade"],"picked":"Wild Strike+1","floor":27.0},{"not_picked":["Infernal Blade","Anger","Rampage+1"],"picked":"SKIP","floor":28.0},{"not_picked":["Whirlwind","Sword Boomerang","Dropkick"],"picked":"SKIP","floor":29.0},{"not_picked":["Metallicize","Fire Breathing","Disarm+1"],"picked":"SKIP","floor":30.0},{"not_picked":["Reaper","Demon Form"],"picked":"Berserk","floor":33.0},{"not_picked":["Inflame+1","Sword Boomerang"],"picked":"Warcry+1","floor":35.0},{"not_picked":["Flex+1","Havoc+1","Headbutt+1"],"picked":"SKIP","floor":35.0},{"not_picked":["Headbutt+1","Whirlwind+1","Anger+1"],"picked":"SKIP","floor":38.0},{"not_picked":["Blood for Blood+1","Inflame+1","Anger"],"picked":"SKIP","floor":38.0}],"player_experience":133068,"relics_obtained":[{"floor":7.0,"key":"Matryoshka"},{"floor":9.0,"key":"Art of War"},{"floor":9.0,"key":"Pear"},{"floor":17.0,"key":"Bag of Preparation"},{"floor":17.0,"key":"Mercury Hourglass"},{"floor":17.0,"key":"Magic Flower"},{"floor":23.0,"key":"Ancient Tea Set"},{"floor":26.0,"key":"Vajra"},{"floor":26.0,"key":"InkBottle"},{"floor":28.0,"key":"Pocketwatch"},{"floor":30.0,"key":"Prayer Wheel"},{"floor":31.0,"key":"Red Mask"},{"floor":37.0,"key":"Charon\u0027s Ashes"}],"event_choices":[{"damage_healed":0.0,"max_hp_gain":0.0,"max_hp_loss":0.0,"gold_gain":0.0,"event_name":"Shining Light","player_choice":"Entered Light","floor":2.0,"gold_loss":0.0,"damage_taken":16.0,"cards_upgraded":["Defend_R","Defend_R"]},{"cards_removed":["Strike_R"],"damage_healed":0.0,"max_hp_gain":0.0,"max_hp_loss":0.0,"gold_gain":0.0,"event_name":"Golden Wing","player_choice":"Card Removal","floor":4.0,"gold_loss":0.0,"damage_taken":7.0},{"damage_healed":0.0,"max_hp_gain":0.0,"max_hp_loss":0.0,"gold_gain":75.0,"event_name":"World of Goop","player_choice":"Gather Gold","floor":8.0,"gold_loss":0.0,"damage_taken":11.0},{"damage_healed":0.0,"max_hp_gain":0.0,"max_hp_loss":0.0,"gold_gain":0.0,"cards_transformed":["Strike_R"],"event_name":"Transmorgrifier","player_choice":"Transformed","floor":11.0,"gold_loss":0.0,"damage_taken":0.0,"cards_obtained":["Burning Pact"]},{"damage_healed":0.0,"max_hp_gain":0.0,"max_hp_loss":0.0,"gold_gain":0.0,"event_name":"Cursed Tome","player_choice":"Ignored","floor":19.0,"gold_loss":0.0,"damage_taken":0.0},{"damage_healed":0.0,"max_hp_gain":0.0,"max_hp_loss":0.0,"gold_gain":0.0,"event_name":"Designer","player_choice":"Upgrade","floor":21.0,"gold_loss":40.0,"damage_taken":0.0,"cards_upgraded":["Immolate"]},{"damage_healed":0.0,"max_hp_gain":0.0,"max_hp_loss":0.0,"gold_gain":0.0,"event_name":"Masked Bandits","player_choice":"Fought Bandits","floor":31.0,"gold_loss":0.0,"damage_taken":0.0},{"damage_healed":0.0,"max_hp_gain":0.0,"max_hp_loss":0.0,"gold_gain":0.0,"event_name":"Mysterious Sphere","player_choice":"Fight","floor":37.0,"gold_loss":0.0,"damage_taken":0.0},{"damage_healed":0.0,"max_hp_gain":0.0,"max_hp_loss":5.0,"gold_gain":0.0,"event_name":"Winding Halls","player_choice":"Max HP","floor":39.0,"gold_loss":0.0,"damage_taken":0.0}],"is_beta":false,"boss_relics":[{"not_picked":["Tiny House","Velvet Choker"],"picked":"Calling Bell"},{"not_picked":["Busted Crown","Empty Cage"],"picked":"Pandora\u0027s Box"}],"items_purged_floors":[36],"is_endless":false,"potions_floor_spawned":[1,10,13,16,18,20,23,28,29,31,35],"killed_by":"Nemesis","ascension_level":6}}