{"host":"6bj8ykg4y4m3db2y","time":1610446472,"event":{"mods":["Act Like it!","Astrologer","Bard","BaseMod","Beaked The Cultist","Card Forge","ChefMod","Colored Map","Colorless Booster Pack","Conspire","Dio Mod","Downfall","Duelist Mod","Elementarium","Fiend Mod","Fireblade Mod","Friendly Minions","FutureSeer","GifTheSpireLib","Glutton Mod","Gremlin Mod","GungeonMod","Hermit","Hero for Fun","Hubris","Hyrulean Relics","Ironclad Rager","Jedi Mod","JesterMod","Jorbs\u0027s Wanderer Trilogy","Kalas","Marked Mod","Mathematician","Mimic Mod","Minty Spire (QoL Compilation)","Mirrors Mod","Pale of the Ancients","Pikachu Mod","QueenMod","READ ME - Guardian Mod","READ ME - Snecko Mod","Random Character Mod","Relic Sorter","Replay The Spire","Ruin Mod","Shade Mod","Shop Mod","Somnambulant","Spicy Shops","StSLib","Swap Starting Deck Mod","The Animator","The Blackbeard","The Bladedancer","The Construct","The Cursed","The Death Knight","The Disciple","The Druid","The Florist","The Gatherer","The Hayseed","The IronCluck","The Judge","The Jungle","The Mystic","The Necromancer","The Runesmith","The Saiyan","The Servant 0.9.4","The Showman","The Trickster","The Valiant","The Wild Card","TheBandit","TheHeartMod","TheHero","TheLocksmith","TheVacant","Thieving Mod","Treasure Hunter","Wandering Minibosses","Yuri Mod","yUi"],"gold_per_floor":[212,212,212,223,223,253,253,253,253,253,253],"floor_reached":10,"playtime":356,"items_purged":[],"score":64,"play_id":"8f6b00ae-0ee8-474c-b189-dfa8e3519903","local_time":"20210112021432","is_ascension_mode":false,"campfire_choices":[{"floor":7,"key":"REST"}],"circlet_count":0,"master_deck":["Fiend:FiendDemonSlash","Fiend:FiendDemonSlash","Fiend:FiendDemonSlash","Fiend:FiendDemonSlash","Fiend:FiendDemonSlash","Fiend:FiendFortify","Fiend:FiendFortify","Fiend:FiendFortify","Fiend:FiendFortify","Fiend:FiendConsume","Fiend:FiendDemonWhip","Fiend:FiendBloodlust","conspire:NecroticWound"],"relics":["Fiend:FiendTotem","Hammer of Thor","Seething Fire","Anvil of the Gods","hubris:DisguiseKit","Pen Nib","Replay:Rubber Ducky","hubris:CrystalStatue"],"acts_visited":["Exordium"],"potions_floor_usage":[6],"damage_taken":[{"damage":2,"enemies":"conspire:RoseBush","floor":1,"turns":2},{"damage":8,"enemies":"FloatingMirror","floor":4,"turns":3},{"damage":51,"enemies":"3 Sentries","floor":6,"turns":13},{"damage":61,"enemies":"Gremlin Nob","floor":10,"turns":4}],"seed_played":"-3960319330418881618","potions_obtained":[{"floor":4,"key":"EssenceOfSteel"},{"floor":6,"key":"Energy Potion"}],"is_trial":false,"path_per_floor":["M","?","?","M","?","E","R","T","T","E"],"character_chosen":"THE_FIEND","items_purchased":[],"campfire_rested":1,"item_purchase_floors":[],"current_hp_per_floor":[68,68,73,66,66,16,38,38,38,0,0],"gold":253,"neow_bonus":"HUNDRED_GOLD","is_daily":false,"chose_seed":false,"campfire_upgraded":0,"win_rate":0.0,"timestamp":1610446472,"path_taken":["M","?","?","M","?","E","R","?","T","E"],"items_purchased_type":[],"build_version":"2020-12-22","purchased_purges":0,"victory":false,"max_hp_per_floor":[70,70,75,75,75,75,75,75,75,75,75],"card_choices":[{"not_picked":["Fiend:FiendRam","Fiend:FiendDemonicContract"],"picked":"Fiend:FiendDemonWhip","floor":1},{"not_picked":["Fiend:FiendBlackMarket","Fiend:FiendSiphon","Fiend:FiendDemonWhip"],"picked":"SKIP","floor":4},{"not_picked":["TH:CursedSword","TH:ArmorSpikes"],"picked":"SKIP","floor":6},{"not_picked":["Fiend:FiendMeatShield","Fiend:FiendDemonWhip","Fiend:FiendInjection","dioMod:TripleThreat"],"picked":"SKIP","floor":6},{"not_picked":["TH:Mimic","TH:TreasureMap"],"picked":"SKIP","floor":8},{"not_picked":["TH:BikiniMail","TH:PixieDust"],"picked":"SKIP","floor":9}],"player_experience":387344,"relics_obtained":[{"floor":6,"key":"Pen Nib"},{"floor":8,"key":"Replay:Rubber Ducky"},{"floor":9,"key":"hubris:CrystalStatue"}],"event_choices":[{"damage_healed":0,"gold_gain":0,"player_choice":"Donut","damage_taken":0,"max_hp_gain":5,"max_hp_loss":0,"event_name":"Big Fish","floor":3,"gold_loss":0}],"is_beta":false,"boss_relics":[],"items_purged_floors":[],"is_endless":false,"potions_floor_spawned":[4,6],"killed_by":"Gremlin Nob","ascension_level":0}}