{"host":"18fx8vedlwj2s58x","time":1610419698,"event":{"mods":["AchievementEnabler","Aspiration","BaseMod","Beaked The Cultist","Better Altar","Better Sensory Stone","Better Skull","Better Third Choice","BetterRewards","Colored Map","Colored Powertips","Downfall","Hubris","Infinite Spire","Minty Spire (QoL Compilation)","Replay The Spire","Shop Mod","Spicy Shops","StSLib","The Runesmith"],"gold_per_floor":[118,118,118,118,137,162,46,81,81,94,94,22,22,33,33,138,138,152,164,264,283,301,301,336,153,153,184,184,198,198,226,226,330,330,341,391,391,403,414,439,451,470,470,470,501,501,411,144,144,144,144,144,13,43,43],"floor_reached":56,"playtime":1867,"items_purged":["Writhe","Strike_G","Dodge and Roll"],"score":2812,"play_id":"1bedc12c-55d9-46df-b0c2-5788993c5c99","local_time":"20210111214818","is_ascension_mode":true,"campfire_choices":[{"data":"Adrenaline","floor":11,"key":"SMITH"},{"data":"Envenom","floor":15,"key":"SMITH"},{"floor":23,"key":"RECALL"},{"data":"Backstab","floor":28,"key":"SMITH"},{"data":"Die Die Die","floor":30,"key":"SMITH"},{"data":"A Thousand Cuts","floor":32,"key":"SMITH"},{"data":"1","floor":44,"key":"LIFT"},{"data":"2","floor":46,"key":"LIFT"},{"data":"3","floor":49,"key":"LIFT"},{"data":"Heel Hook","floor":52,"key":"SMITH"}],"circlet_count":0,"master_deck":["AscendersBane","Strike_G","Strike_G","Strike_G","Defend_G+1","Defend_G","Defend_G","Survivor","Neutralize","Backstab+1","Heel Hook+1","Terror+1","Die Die Die+1","Cloak And Dagger","Dagger Throw","Adrenaline+1","Sucker Punch","Envenom+1","A Thousand Cuts+1","Blade Dance","Poisoned Stab+1","Underhanded Strike+1","Poisoned Stab+1","Backstab+1","Dash+1"],"relics":["Membership Card","Durian","Lee\u0027s Waffle","Dead Branch","Frozen Eye","infinitespire:CheckeredPen","Sling","Oddly Smooth Stone","hubris:SphereOfDissonance","Sizzling Blood","Mummified Hand","ReplayTheSpireMod:CursedCoin","TwistedFunnel","hubris:64BitClover","Replay:Towering Pillar of Hats","infinitespire:Lucky Rock","Molten Egg 2","hubris:BlackHole","Orichalcum","Paper Crane","Mercury Hourglass","OrangePellets","Incense Burner","Guardian:GemstoneGun","Bronze Scales","Empty Cage","Girya","ReplayFunnel","hubris:ToyBattleship","aspiration:ChemicalBlood","Bag of Marbles","Question Card","Quantum Egg","Toy Ornithopter"],"acts_visited":["Exordium","TheCity","TheBeyond","TheEnding"],"potions_floor_usage":[6,16,16,33,54,55,55],"damage_taken":[{"damage":0,"enemies":"Small Slimes","floor":1,"turns":1},{"damage":8,"enemies":"2 Louse","floor":5,"turns":2},{"damage":0,"enemies":"Lagavulin","floor":6,"turns":1},{"damage":0,"enemies":"Gremlin Nob","floor":8,"turns":2},{"damage":0,"enemies":"Jaw Worm","floor":10,"turns":1},{"damage":0,"enemies":"Blue Slaver","floor":14,"turns":2},{"damage":37,"enemies":"Hexaghost","floor":16,"turns":4},{"damage":0,"enemies":"3 Byrds","floor":18,"turns":1},{"damage":0,"enemies":"Shell Parasite","floor":19,"turns":1},{"damage":0,"enemies":"Centurion and Healer","floor":21,"turns":1},{"damage":0,"enemies":"Cultist and Chosen","floor":22,"turns":1},{"damage":0,"enemies":"Book of Stabbing","floor":24,"turns":1},{"damage":0,"enemies":"Gremlin Leader","floor":27,"turns":1},{"damage":0,"enemies":"Snake Plant","floor":29,"turns":1},{"damage":0,"enemies":"Replay:Snechameleon","floor":31,"turns":1},{"damage":0,"enemies":"hubris:MusketHawk","floor":33,"turns":1},{"damage":0,"enemies":"Orb Walker","floor":35,"turns":1},{"damage":0,"enemies":"Mind Bloom Boss Battle","floor":36,"turns":1},{"damage":0,"enemies":"3 Shapes","floor":38,"turns":1},{"damage":0,"enemies":"3 Darklings","floor":39,"turns":1},{"damage":0,"enemies":"R_Hoarder","floor":40,"turns":2},{"damage":0,"enemies":"Maw","floor":41,"turns":1},{"damage":0,"enemies":"Writhing Mass","floor":42,"turns":1},{"damage":0,"enemies":"Reptomancer","floor":45,"turns":1},{"damage":0,"enemies":"Awakened One","floor":50,"turns":2},{"damage":0,"enemies":"Shield and Spear","floor":54,"turns":1},{"damage":10,"enemies":"The Heart","floor":55,"turns":3}],"seed_played":"-8159134554433396579","potions_obtained":[{"floor":5,"key":"CunningPotion"},{"floor":8,"key":"Fire Potion"},{"floor":14,"key":"Milkshake"},{"floor":16,"key":"Fire Potion"},{"floor":19,"key":"Adrenaline Potion"},{"floor":29,"key":"champ:CounterPotion"},{"floor":38,"key":"Adrenaline Potion"},{"floor":54,"key":"Regen Potion"}],"is_trial":false,"path_per_floor":["M","?","?","?","M","E","$","E","T","M","R","$","?","M","R","B",null,"M","M","?","M","M","R","E","$","T","E","R","M","R","E","R","B",null,"M","?","?","M","M","E","M","M","T","R","E","R","?","$","R","B",null,"R","$","E","B",null],"character_chosen":"THE_SILENT","items_purchased":["Membership Card","Backstab","Lee\u0027s Waffle","Frozen Eye","Terror","Die Die Die","infinitespire:CheckeredPen","Sling","Oddly Smooth Stone","hubris:SphereOfDissonance","ReplayTheSpireMod:CursedCoin","TwistedFunnel","hubris:64BitClover","infinitespire:Lucky Rock","Mercury Hourglass","OrangePellets","Bag of Marbles","Question Card","Quantum Egg"],"campfire_rested":0,"item_purchase_floors":[0,0,0,0,0,0,0,0,0,0,7,7,7,12,25,25,48,48,53],"current_hp_per_floor":[82,82,86,86,82,86,86,86,86,86,86,86,86,86,86,53,78,82,86,86,86,86,86,86,86,86,86,86,86,86,86,86,86,86,86,86,86,86,86,86,86,86,86,86,86,86,86,86,86,86,86,86,86,86,86],"gold":43,"neow_bonus":"","is_daily":false,"chose_seed":false,"campfire_upgraded":6,"win_rate":0.0,"timestamp":1610419698,"path_taken":["M","?","?","?","M","E","$","E","T","M","R","?","?","M","R","BOSS","M","M","?","M","M","R","E","?","T","E","R","M","R","E","R","BOSS","M","?","?","M","M","E","M","M","T","R","E","R","?","$","R","BOSS","R","$","E","BOSS"],"items_purchased_type":["Relic","Card","Relic","Relic","Card","Card","Relic","Relic","Relic","Relic","Relic","Relic","Relic","Relic","Relic","Relic","Relic","Relic","Relic"],"build_version":"2020-12-22","purchased_purges":3,"victory":true,"max_hp_per_floor":[82,82,86,86,86,86,86,86,86,86,86,86,86,86,86,86,86,86,86,86,86,86,86,86,86,86,86,86,86,86,86,86,86,86,86,86,86,86,86,86,86,86,86,86,86,86,86,86,86,86,86,86,86,86,86],"card_choices":[{"not_picked":["Hidden Blade","Dagger Spray"],"picked":"Cloak And Dagger","floor":1},{"not_picked":["Outmaneuver","Deflect"],"picked":"Dagger Throw","floor":5},{"not_picked":["PiercingWail","Backflip"],"picked":"Adrenaline","floor":6},{"not_picked":["Quick Slash","Slice","Dagger Spray"],"picked":"SKIP","floor":8},{"not_picked":["Catalyst","Prepared"],"picked":"Sucker Punch","floor":10},{"not_picked":["Masterful Stab+1","hubris:TrickCloak"],"picked":"Envenom","floor":14},{"not_picked":["Grand Finale+1","Glass Knife+1"],"picked":"A Thousand Cuts","floor":16},{"not_picked":["Cloak And Dagger","hubris:SlightOfHand"],"picked":"Blade Dance","floor":18},{"not_picked":["Sucker Punch+1","Deadly Poison"],"picked":"Poisoned Stab+1","floor":19},{"not_picked":["Cloak And Dagger+1","Deadly Poison"],"picked":"Underhanded Strike+1","floor":21},{"not_picked":["Dagger Throw+1","Blur"],"picked":"Poisoned Stab+1","floor":22},{"not_picked":["Calculated Gamble","hubris:TrickCloak","Escape Plan"],"picked":"SKIP","floor":24},{"not_picked":["Deflect","ReplayTheSpireMod:Speed Training+1","Backflip"],"picked":"SKIP","floor":27},{"not_picked":["Poisoned Stab+1","Quick Slash+1","Slice+1"],"picked":"SKIP","floor":29},{"not_picked":["Tools of the Trade","Dagger Throw+1","hubris:TrickCloak"],"picked":"SKIP","floor":31},{"not_picked":["Blade Dance","Hidden Blade","PiercingWail+1"],"picked":"SKIP","floor":35},{"not_picked":["Backflip","Bane+1","Flying Knee+1"],"picked":"SKIP","floor":38},{"not_picked":["Sneak Up+1","ReplayTheSpireMod:Exploit Weakness","Terror"],"picked":"SKIP","floor":39},{"not_picked":["PiercingWail+1","ReplayTheSpireMod:Shiv Toss+1"],"picked":"Backstab+1","floor":40},{"not_picked":["Acrobatics","Deflect","Flying Knee+1"],"picked":"SKIP","floor":41},{"not_picked":["ReplayTheSpireMod:Tripwire","Well Laid Plans","Sucker Punch+1"],"picked":"SKIP","floor":42},{"not_picked":["hubris:SlightOfHand","Reflex+1","Expertise"],"picked":"SKIP","floor":45},{"not_picked":["Outmaneuver","Bouncing Flask+1","Underhanded Strike+1"],"picked":"Dash+1","floor":54}],"player_experience":569827,"relics_obtained":[{"floor":6,"key":"Mummified Hand"},{"floor":8,"key":"Replay:Towering Pillar of Hats"},{"floor":22,"key":"Orichalcum"},{"floor":24,"key":"Paper Crane"},{"floor":26,"key":"Incense Burner"},{"floor":27,"key":"Guardian:GemstoneGun"},{"floor":31,"key":"Bronze Scales"},{"floor":36,"key":"Girya"},{"floor":40,"key":"ReplayFunnel"},{"floor":42,"key":"hubris:ToyBattleship"},{"floor":43,"key":"aspiration:ChemicalBlood"},{"floor":54,"key":"Toy Ornithopter"}],"event_choices":[{"damage_healed":0,"gold_gain":0,"player_choice":"Grow","damage_taken":0,"max_hp_gain":0,"max_hp_loss":0,"event_name":"Living Wall","floor":2,"gold_loss":0,"cards_upgraded":["Terror"]},{"damage_healed":0,"gold_gain":100,"player_choice":"Pray","damage_taken":0,"max_hp_gain":0,"max_hp_loss":0,"event_name":"Golden Shrine","floor":20,"gold_loss":0},{"damage_healed":0,"gold_gain":0,"player_choice":"Fight","damage_taken":0,"max_hp_gain":0,"max_hp_loss":0,"event_name":"MindBloom","floor":36,"gold_loss":0},{"cards_removed":["Defend_G"],"damage_healed":0,"gold_gain":0,"player_choice":"Upgrade and Remove","damage_taken":0,"max_hp_gain":0,"max_hp_loss":0,"event_name":"Designer","floor":47,"gold_loss":90,"cards_upgraded":["Defend_G"]}],"is_beta":false,"boss_relics":[{"not_picked":["aspiration:PoetsPen","Calling Bell"],"picked":"hubris:BlackHole"},{"not_picked":["hubris:RunicObelisk","Honey Jar"],"picked":"Empty Cage"}],"items_purged_floors":[7,25,48],"is_endless":false,"potions_floor_spawned":[5,8,14,16,19,24,27,29,31,36,38,42,45,54],"ascension_level":12}}