{"host":"hbwa3kjetxrogfq8","time":1610456413,"event":{"mods":["AchievementEnabler","BaseMod","Block Reminder","Colored Map","Colored Powertips","Highlight Path","Minty Spire (QoL Compilation)","Rare Cards Sparkle","Relic Stats","StSLib"],"gold_per_floor":[117,128,142,211,19,19,54,54,54,54,3,34,34,52,52,154,154,173,198,41,52,64,64,64,64,142,142,23,23,23,23,23],"floor_reached":31,"playtime":1229,"items_purged":["Strike_R"],"score":335,"play_id":"cad44b8c-08fe-45f2-bc12-a82bdd018c32","local_time":"20210112140013","is_ascension_mode":true,"campfire_choices":[{"data":"Armaments","floor":6.0,"key":"SMITH"},{"data":"Rupture","floor":8.0,"key":"SMITH"},{"data":"Uppercut","floor":13.0,"key":"SMITH"},{"floor":15.0,"key":"REST"},{"floor":23.0,"key":"REST"},{"data":"Bloodletting","floor":25.0,"key":"SMITH"},{"data":"Sword Boomerang","floor":30.0,"key":"SMITH"}],"circlet_count":0,"master_deck":["Strike_R","Strike_R","Strike_R","Strike_R","Defend_R","Defend_R","Defend_R","Defend_R","Bash+1","Exhume","Sword Boomerang+1","Combust","Battle Trance","Rupture+1","Armaments+1","Intimidate","Shrug It Off","Uppercut+1","Spot Weakness","Offering","Spot Weakness","Heavy Blade+1","Bloodletting+1","J.A.X.","Rupture","Writhe"],"relics":["Burning Blood","Paper Frog","Mango","Shuriken","Bag of Marbles","Black Star","Boot","Bronze Scales","Molten Egg 2","Matryoshka"],"acts_visited":["Exordium","TheCity"],"potions_floor_usage":[31,31],"damage_taken":[{"damage":1.0,"enemies":"Cultist","floor":1.0,"turns":4.0},{"damage":11.0,"enemies":"2 Louse","floor":2.0,"turns":3.0},{"damage":9.0,"enemies":"Jaw Worm","floor":3.0,"turns":4.0},{"damage":39.0,"enemies":"3 Sentries","floor":7.0,"turns":6.0},{"damage":21.0,"enemies":"Lagavulin","floor":12.0,"turns":6.0},{"damage":11.0,"enemies":"3 Louse","floor":14.0,"turns":4.0},{"damage":54.0,"enemies":"Slime Boss","floor":16.0,"turns":7.0},{"damage":12.0,"enemies":"Chosen","floor":18.0,"turns":4.0},{"damage":26.0,"enemies":"2 Thieves","floor":21.0,"turns":5.0},{"damage":30.0,"enemies":"Snake Plant","floor":22.0,"turns":4.0},{"damage":56,"enemies":"Slavers","floor":31,"turns":3}],"seed_played":"-4241849802434725213","potions_obtained":[{"floor":7.0,"key":"SpeedPotion"},{"floor":12.0,"key":"Strength Potion"},{"floor":14.0,"key":"LiquidMemories"},{"floor":22.0,"key":"SpeedPotion"}],"is_trial":false,"path_per_floor":["M","M","M","T","$","R","E","R","T","?","$","E","R","M","R","B",null,"M","T","$","M","M","R","?","R","T","?","$","?","R","E"],"character_chosen":"IRONCLAD","items_purchased":["Rupture","Armaments","Shrug It Off","Bronze Scales","Rupture","Explosive Potion"],"campfire_rested":2,"item_purchase_floors":[5,5,11,20,28,28],"current_hp_per_floor":[77,72,69,69,69,69,50,50,50,50,50,35,35,30,58,10,73,67,67,67,47,23,51,51,51,51,51,51,51,51,0,0],"gold":23,"neow_bonus":"ONE_RANDOM_RARE_CARD","is_daily":false,"chose_seed":false,"campfire_upgraded":5,"win_rate":0.0,"timestamp":1610456413,"path_taken":["M","M","M","?","$","R","E","R","T","?","$","E","R","?","R","BOSS","M","?","?","?","M","R","?","R","T","?","$","?","R","E"],"items_purchased_type":["Card","Card","Card","Relic","Card","Potion"],"build_version":"2020-12-22","purchased_purges":1,"victory":false,"max_hp_per_floor":[80,80,80,80,80,80,94,94,94,94,94,94,94,94,94,94,94,94,94,94,94,94,94,94,94,94,94,94,94,94,94,94],"relic_stats":{"counters":[11,50],"Shuriken":[1],"Bronze Scales":[54],"Black Star":0,"Boot":[15],"obtain_stats":[{"Matryoshka":29,"Shuriken":9,"Bronze Scales":20,"Mango":7,"Molten Egg 2":26,"Bag of Marbles":12,"Black Star":17,"Boot":19,"Burning Blood":0,"Paper Frog":4},{"Matryoshka":10,"Shuriken":4,"Bronze Scales":8,"Mango":4,"Molten Egg 2":10,"Bag of Marbles":5,"Black Star":7,"Boot":8,"Burning Blood":0,"Paper Frog":3},{"Matryoshka":47,"Shuriken":17,"Bronze Scales":38,"Mango":17,"Molten Egg 2":47,"Bag of Marbles":23,"Black Star":34,"Boot":38,"Burning Blood":0,"Paper Frog":11}],"Burning Blood":60},"card_choices":[{"not_picked":["Iron Wave","Pummel"],"picked":"Sword Boomerang","floor":1.0},{"not_picked":["Perfected Strike","Hemokinesis"],"picked":"Combust","floor":2.0},{"not_picked":["Clothesline","Barricade"],"picked":"Battle Trance","floor":3.0},{"not_picked":["Twin Strike","Havoc"],"picked":"Intimidate","floor":7.0},{"not_picked":["Power Through","Wild Strike"],"picked":"Uppercut","floor":12.0},{"not_picked":["Rampage","Feel No Pain"],"picked":"Spot Weakness","floor":14.0},{"not_picked":["Brutality","Juggernaut"],"picked":"Offering","floor":16.0},{"not_picked":["Iron Wave+1","Uppercut"],"picked":"Spot Weakness","floor":18.0},{"not_picked":["Infernal Blade","Body Slam+1"],"picked":"Heavy Blade+1","floor":21.0},{"not_picked":["Anger+1","Fire Breathing"],"picked":"Bloodletting","floor":22.0}],"player_experience":629865,"relics_obtained":[{"floor":4.0,"key":"Paper Frog"},{"floor":7.0,"key":"Mango"},{"floor":9.0,"key":"Shuriken"},{"floor":12.0,"key":"Bag of Marbles"},{"floor":19.0,"key":"Boot"},{"floor":26.0,"key":"Molten Egg 2"}],"event_choices":[{"damage_healed":0.0,"max_hp_gain":0.0,"max_hp_loss":0.0,"gold_gain":0.0,"event_name":"Upgrade Shrine","player_choice":"Upgraded","floor":10.0,"gold_loss":0.0,"damage_taken":0.0,"cards_upgraded":["Bash"]},{"damage_healed":0.0,"max_hp_gain":0.0,"max_hp_loss":0.0,"gold_gain":0.0,"event_name":"Drug Dealer","player_choice":"Obtain J.A.X.","floor":24.0,"gold_loss":0.0,"damage_taken":0.0,"cards_obtained":["J.A.X."]},{"damage_healed":0.0,"max_hp_gain":0.0,"max_hp_loss":0.0,"gold_gain":0.0,"event_name":"Ghosts","player_choice":"Ignored","floor":27.0,"gold_loss":0.0,"damage_taken":0.0},{"damage_healed":0.0,"max_hp_gain":0.0,"max_hp_loss":0.0,"gold_gain":0.0,"event_name":"The Mausoleum","player_choice":"Opened","floor":29.0,"gold_loss":0.0,"damage_taken":0.0,"relics_obtained":["Matryoshka"],"cards_obtained":["Writhe"]}],"is_beta":false,"boss_relics":[{"not_picked":["Coffee Dripper","Cursed Key"],"picked":"Black Star"}],"items_purged_floors":[5],"is_endless":false,"potions_floor_spawned":[7,12,14,22],"killed_by":"Slavers","ascension_level":8}}