{"host":"t7mx8yfj1no5p62f","time":1610468058,"event":{"mods":["BaseMod","Bestiary","Colored Map","Colored Powertips","Minty Spire (QoL Compilation)","Relic Stats","StSLib"],"gold_per_floor":[118,134,148,160,160,160,185,185,211,211,286,316,372,382,382,457,457,474,364,377,377,395,395,424,424,477,512,524,799,539,549,549,624,624,637,654,342,342,60,86,86,119,119,119,154,172,183,217,217,217,217,217,217,19,52,52,52],"floor_reached":56,"playtime":3592,"items_purged":["Regret","Backstab","Dagger Spray"],"score":2376,"play_id":"830bf167-42df-4685-8f24-93009fa562c3","local_time":"20210112111418","is_ascension_mode":true,"campfire_choices":[{"data":"Dagger Spray","floor":6.0,"key":"SMITH"},{"data":"Dash","floor":8.0,"key":"SMITH"},{"data":"Footwork","floor":10.0,"key":"SMITH"},{"data":"Predator","floor":15.0,"key":"SMITH"},{"data":"Well Laid Plans","floor":23.0,"key":"SMITH"},{"data":"Bullet Time","floor":25.0,"key":"SMITH"},{"data":"Apotheosis","floor":32.0,"key":"SMITH"},{"data":"Acrobatics","floor":41,"key":"SMITH"},{"floor":44,"key":"RECALL"},{"data":"Burst","floor":49,"key":"SMITH"},{"data":"Malaise","floor":53,"key":"SMITH"}],"circlet_count":0,"master_deck":["AscendersBane","Survivor+1","Neutralize+1","Dash+1","Footwork+1","Dagger Spray+1","Blur","Blade Dance","Predator+1","Crippling Poison","Burst+1","Wraith Form v2","Flying Knee","Bullet Time+1","Well Laid Plans+1","Blade Dance","Die Die Die","Blur","Backflip","Deadly Poison+1","Backflip","Cloak And Dagger+1","Acrobatics+1","PiercingWail","Apotheosis+1","Outmaneuver","Malaise+1","Leg Sweep+1","Outmaneuver","Acrobatics","Calculated Gamble+1","Finisher+1","Blade Dance","Outmaneuver","Tactician+1"],"relics":["Ring of the Snake","NeowsBlessing","Anchor","MealTicket","Bag of Marbles","Lizard Tail","Pandora\u0027s Box","Snake Skull","Akabeko","Happy Flower","Snecko Eye","War Paint","Medical Kit","Bag of Preparation","Mummified Hand","Art of War","Whetstone","Membership Card"],"acts_visited":["Exordium","TheCity","TheBeyond","TheEnding"],"potions_floor_usage":[56,56,56],"damage_taken":[{"damage":0.0,"enemies":"Jaw Worm","floor":1.0,"turns":1.0},{"damage":0.0,"enemies":"2 Louse","floor":2.0,"turns":1.0},{"damage":0.0,"enemies":"Cultist","floor":3.0,"turns":1.0},{"damage":1.0,"enemies":"Blue Slaver","floor":4.0,"turns":6.0},{"damage":0.0,"enemies":"3 Sentries","floor":7.0,"turns":5.0},{"damage":25.0,"enemies":"Gremlin Nob","floor":12.0,"turns":6.0},{"damage":4.0,"enemies":"3 Sentries","floor":13.0,"turns":5.0},{"damage":0.0,"enemies":"Lots of Slimes","floor":14.0,"turns":1.0},{"damage":30.0,"enemies":"The Guardian","floor":16.0,"turns":20.0},{"damage":0.0,"enemies":"3 Byrds","floor":18.0,"turns":3.0},{"damage":1.0,"enemies":"Chosen","floor":20.0,"turns":4.0},{"damage":0.0,"enemies":"Centurion and Healer","floor":22.0,"turns":7.0},{"damage":13.0,"enemies":"Book of Stabbing","floor":24.0,"turns":6.0},{"damage":14.0,"enemies":"Gremlin Leader","floor":27.0,"turns":4.0},{"damage":3.0,"enemies":"Snecko","floor":28.0,"turns":3.0},{"damage":0.0,"enemies":"Cultist and Chosen","floor":31.0,"turns":2.0},{"damage":20.0,"enemies":"Collector","floor":33.0,"turns":9.0},{"damage":0,"enemies":"3 Shapes","floor":35,"turns":1},{"damage":0,"enemies":"3 Darklings","floor":36,"turns":1},{"damage":8,"enemies":"Reptomancer","floor":40,"turns":6},{"damage":0,"enemies":"Nemesis","floor":42,"turns":7},{"damage":0,"enemies":"Giant Head","floor":45,"turns":6},{"damage":0,"enemies":"Maw","floor":46,"turns":8},{"damage":1,"enemies":"4 Shapes","floor":47,"turns":2},{"damage":0,"enemies":"Reptomancer","floor":48,"turns":5},{"damage":0,"enemies":"Donu and Deca","floor":50,"turns":13},{"damage":54,"enemies":"Time Eater","floor":51,"turns":26},{"damage":31,"enemies":"Shield and Spear","floor":55,"turns":12},{"damage":49,"enemies":"The Heart","floor":56,"turns":2}],"seed_played":"-3953573802833808532","potions_obtained":[{"floor":1.0,"key":"ColorlessPotion"},{"floor":3.0,"key":"SteroidPotion"},{"floor":7.0,"key":"Block Potion"},{"floor":12.0,"key":"SteroidPotion"},{"floor":22.0,"key":"Poison Potion"},{"floor":27.0,"key":"Fire Potion"},{"floor":28.0,"key":"EntropicBrew"},{"floor":35,"key":"SpeedPotion"},{"floor":36,"key":"Poison Potion"}],"is_trial":false,"path_per_floor":["M","M","M","M","?","R","E","R","T","R","?","E","?","M","R","B",null,"M","$","M","?","M","R","E","R","T","E","M","?","$","M","R","B",null,"M","M","$","?","$","E","R","E","T","R","E","M","M","E","R","B","B",null,"R","$","E","B"],"character_chosen":"THE_SILENT","items_purchased":["AttackPotion","FearPotion","Apotheosis","Acrobatics","War Paint","Medical Kit","Membership Card","Outmaneuver"],"campfire_rested":0,"item_purchase_floors":[19,19,30,37,37,39,54,54],"current_hp_per_floor":[59,59,59,58,63,63,63,63,63,63,52,27,23,23,23,35,62,62,71,70,70,70,70,57,57,57,43,40,40,55,55,55,35,62,62,62,71,71,71,63,63,63,63,63,63,63,62,62,62,62,8,55,55,70,39,0,0],"gold":52,"neow_bonus":"THREE_ENEMY_KILL","is_daily":false,"chose_seed":false,"campfire_upgraded":10,"win_rate":0.0,"timestamp":1610468058,"path_taken":["M","M","M","M","?","R","E","R","T","R","?","E","?","M","R","BOSS","M","$","M","?","M","R","E","R","T","E","?","?","$","M","R","BOSS","M","?","$","?","?","E","R","E","T","R","E","?","M","E","R","BOSS","BOSS","R","$","E","BOSS"],"items_purchased_type":["Potion","Potion","Card","Card","Relic","Relic","Relic","Card"],"build_version":"2020-12-22","purchased_purges":3,"victory":false,"max_hp_per_floor":[66,66,66,66,71,71,71,71,71,71,71,71,71,71,71,71,71,71,71,71,71,71,71,71,71,71,71,71,71,71,71,71,71,71,71,71,71,71,71,71,71,71,71,71,71,71,71,71,71,71,71,71,71,71,71,71,71],"relic_stats":{"Happy Flower":[34],"counters":[29,173],"Snake Skull":[59],"Bag of Preparation":[9],"Whetstone":["Finisher","Neutralize"],"War Paint":["Survivor","Deadly Poison"],"Medical Kit":[23],"Lizard Tail":35,"Mummified Hand":[36],"Snecko Eye":[235,218,246,226],"MealTicket":48,"Pandora\u0027s Box":["Wraith Form v2","Flying Knee","Dagger Spray","Bullet Time","Distraction","Well Laid Plans","Blade Dance","Die Die Die","Blur","Backstab"],"Art of War":[17],"obtain_stats":[{"NeowsBlessing":0,"Happy Flower":27,"Snake Skull":24,"Bag of Preparation":40,"Whetstone":48,"War Paint":37,"Medical Kit":39,"Akabeko":26,"Anchor":7,"Lizard Tail":13,"Mummified Hand":42,"Snecko Eye":34,"MealTicket":9,"Pandora\u0027s Box":17,"Bag of Marbles":12,"Art of War":45,"Membership Card":54,"Ring of the Snake":0},{"NeowsBlessing":0,"Happy Flower":14,"Snake Skull":13,"Bag of Preparation":20,"Whetstone":25,"War Paint":19,"Medical Kit":19,"Akabeko":13,"Anchor":5,"Lizard Tail":7,"Mummified Hand":21,"Snecko Eye":17,"MealTicket":5,"Pandora\u0027s Box":9,"Bag of Marbles":6,"Art of War":22,"Membership Card":27,"Ring of the Snake":0},{"NeowsBlessing":0,"Happy Flower":70,"Snake Skull":66,"Bag of Preparation":92,"Whetstone":120,"War Paint":86,"Medical Kit":86,"Akabeko":66,"Anchor":14,"Lizard Tail":25,"Mummified Hand":99,"Snecko Eye":84,"MealTicket":14,"Pandora\u0027s Box":46,"Bag of Marbles":20,"Art of War":105,"Membership Card":159,"Ring of the Snake":0}],"Ring of the Snake":[58]},"card_choices":[{"not_picked":["Heel Hook","PiercingWail"],"picked":"Dash","floor":1.0},{"not_picked":["Blade Dance","PiercingWail"],"picked":"Footwork","floor":2.0},{"not_picked":["Cloak And Dagger","Prepared"],"picked":"Dagger Spray","floor":3.0},{"not_picked":["Slice","Infinite Blades","Skewer"],"picked":"SKIP","floor":4.0},{"not_picked":["PiercingWail","Underhanded Strike"],"picked":"Blur","floor":7.0},{"not_picked":["Flying Knee","Outmaneuver"],"picked":"Blade Dance","floor":12.0},{"not_picked":["Riddle With Holes","Bane"],"picked":"Predator","floor":13.0},{"not_picked":["PiercingWail","Predator"],"picked":"Crippling Poison","floor":14.0},{"not_picked":["Phantasmal Killer","Glass Knife"],"picked":"Burst","floor":16.0},{"not_picked":["Deadly Poison","Skewer"],"picked":"Backflip","floor":18.0},{"not_picked":["Dagger Throw","Dodge and Roll"],"picked":"Deadly Poison","floor":20.0},{"not_picked":["Well Laid Plans","Prepared"],"picked":"Backflip","floor":22.0},{"not_picked":["Infinite Blades+1","Blade Dance"],"picked":"Cloak And Dagger+1","floor":24.0},{"not_picked":["Distraction","Calculated Gamble"],"picked":"Acrobatics","floor":27.0},{"not_picked":["Dagger Spray","Grand Finale"],"picked":"PiercingWail","floor":28.0},{"not_picked":["Reflex","Choke"],"picked":"Outmaneuver","floor":31.0},{"not_picked":["Envenom","Bullet Time"],"picked":"Malaise","floor":33.0},{"not_picked":["Flying Knee","Sucker Punch+1"],"picked":"Leg Sweep+1","floor":35},{"not_picked":["Dagger Spray","Flying Knee"],"picked":"Outmaneuver","floor":36},{"not_picked":["Bane","Poisoned Stab","Choke"],"picked":"SKIP","floor":40},{"not_picked":["Unload","Predator+1"],"picked":"Calculated Gamble+1","floor":42},{"not_picked":["Dodge and Roll","Bane+1","Eviscerate"],"picked":"SKIP","floor":45},{"not_picked":["Dagger Throw+1","Slice","Deadly Poison"],"picked":"SKIP","floor":46},{"not_picked":["Sucker Punch","Finisher","Backstab"],"picked":"SKIP","floor":47},{"not_picked":["Sucker Punch","Backstab"],"picked":"Finisher","floor":47},{"not_picked":["Dash","Endless Agony"],"picked":"Blade Dance","floor":48},{"not_picked":["Deadly Poison","Flying Knee+1"],"picked":"Tactician+1","floor":55}],"player_experience":1736135,"relics_obtained":[{"floor":7.0,"key":"Anchor"},{"floor":9.0,"key":"MealTicket"},{"floor":12.0,"key":"Bag of Marbles"},{"floor":13.0,"key":"Lizard Tail"},{"floor":24.0,"key":"Snake Skull"},{"floor":26.0,"key":"Akabeko"},{"floor":27.0,"key":"Happy Flower"},{"floor":40,"key":"Bag of Preparation"},{"floor":42,"key":"Mummified Hand"},{"floor":45,"key":"Art of War"},{"floor":48,"key":"Whetstone"}],"event_choices":[{"damage_healed":0.0,"max_hp_gain":5.0,"max_hp_loss":0.0,"gold_gain":0.0,"event_name":"Big Fish","player_choice":"Donut","floor":5.0,"gold_loss":0.0,"damage_taken":0.0},{"damage_healed":0.0,"max_hp_gain":0.0,"max_hp_loss":0.0,"gold_gain":75.0,"event_name":"World of Goop","player_choice":"Gather Gold","floor":11.0,"gold_loss":0.0,"damage_taken":11.0},{"damage_healed":0.0,"max_hp_gain":0.0,"max_hp_loss":0.0,"gold_gain":0.0,"event_name":"Dead Adventurer","player_choice":"Searched \u00271\u0027 times","floor":13.0,"gold_loss":0.0,"damage_taken":0.0},{"cards_removed":["Distraction"],"damage_healed":0.0,"max_hp_gain":0.0,"max_hp_loss":0.0,"gold_gain":0.0,"event_name":"Purifier","player_choice":"Purged","floor":21.0,"gold_loss":0.0,"damage_taken":0.0},{"damage_healed":0.0,"max_hp_gain":0.0,"max_hp_loss":0.0,"gold_gain":275.0,"event_name":"Golden Shrine","player_choice":"Desecrate","floor":29.0,"gold_loss":0.0,"damage_taken":0.0,"cards_obtained":["Regret"]},{"damage_healed":0,"gold_gain":0,"player_choice":"Ignored","damage_taken":0,"max_hp_gain":0,"max_hp_loss":0,"event_name":"SecretPortal","floor":38,"gold_loss":0}],"is_beta":false,"boss_relics":[{"not_picked":["SlaversCollar","Empty Cage"],"picked":"Pandora\u0027s Box"},{"not_picked":["Astrolabe","Runic Pyramid"],"picked":"Snecko Eye"}],"items_purged_floors":[30,37,39],"is_endless":false,"potions_floor_spawned":[1,3,7,12,22,27,28,31,35,36,46,47],"killed_by":"The Heart","ascension_level":20}}