{"host":"pc7bizyp7423q6r6","time":1610469173,"event":{"mods":["AchievementEnabler","Act Like it!","Aspiration","BaseMod","Better Match","Better Note","Better Third Choice","BetterRewards","Block Reminder","Conspire","Disable Question Mark Monsters","Emptier Cage","GifTheSpireLib","Hubris","Infinite Spire","Minty Spire (QoL Compilation)","Rare Cards Sparkle","Relic Stats","Replay The Spire","Robot Space Explorer","Spicy Shops","StSLib","Stuff the Spire","The Blue Laboratory","The Cursed","Wandering Minibosses","everything is the same but u backflip on backflip"],"gold_per_floor":[116,116,129,143,64,90,90,121,199,212,226,226,226,226,226,298,298,309,336,354,354,373,373,383,416,416,450,450,461,492,508,508,581,581,599,616,616,616,616,616,636,663,663,693,693,693,722,247,247,247,247],"floor_reached":52,"playtime":2790,"items_purged":["Strike_G","Strike_G","Strike_G"],"score":3241,"play_id":"6eace116-0248-4de8-9892-0330959754bb","local_time":"20210112103253","is_ascension_mode":true,"campfire_choices":[{"data":"A Thousand Cuts","floor":7.0,"key":"SMITH"},{"data":"Dagger Spray","floor":12.0,"key":"SMITH"},{"data":"Caltrops","floor":15.0,"key":"SMITH"},{"data":"Calculated Gamble","floor":23.0,"key":"SMITH"},{"data":"Trip","floor":28.0,"key":"SMITH"},{"data":"Midas Touch","floor":40,"key":"SMITH"},{"data":"infinitespire:Fortify","floor":46,"key":"SMITH"},{"floor":49,"key":"REST"},{"data":"Wraith Form v2","floor":49,"key":"SMITH"}],"circlet_count":0,"master_deck":["AscendersBane","Defend_G","Defend_G+1","Defend_G","Defend_G","Defend_G","Survivor+1","Neutralize+1","Replay:Poison Smokescreen+1","Backflip+1","Skewer","Trip+1","Prepared","Prepared","Midas Touch+1","A Thousand Cuts+1","Dagger Spray+1","ReplayTheSpireMod:Speed Training","Prepared","conspire:PoisonWeapons+1","Crippling Poison","Caltrops+1","StuffTheSpire:ClusterCrunch","TheCursedMod:Dregs","infinitespire:Fortify+1","Corpse Explosion","Catalyst+1","Toxin Wave+1","Pain","Calculated Gamble+1","Prepared+1","All Out Attack+1","Leg Sweep","Cloak And Dagger+1","Die Die Die+1","hubris:Lust","Eruption+1","ReplayTheSpireMod:Private Reserves","infinitespire:Gouge+1","Blade Dance+1","Wraith Form v2","Wraith Form v2+1","Blade Dance"],"relics":["Ring of the Snake","hubris:Spice","Tiny Chest","Omamori","hubris:PeanutButter","Guide Book","Medical Kit","ReplayTheSpireMod:CursedCoin","Pantograph","infinitespire:CheckeredPen","Replay:PocketPolymizer","Tough Bandages","ReplayTheSpireMod:Shallot","aspiration:Nostalgia","RobotSpaceExplorer:RoboCore","BargainBundle","aspiration:AnachronicSnailShell","StuffTheSpire:HeavyRock","hubris:SlimyHat","Onion Ring","Replay:Grab Bag","Sozu","hubris:VirtuousBlindfold","Astrolabe","Pear","War Paint","Question Card","Molten Egg 2","wanderingMiniBosses:AbyssPearl","hubris:Potato","ReplayTheSpireMod:SealedPack","hubris:Towel","Byrd Skull","StuffTheSpire:Gunfinga","infinitespire:Magic Flask","Replay:Kaleidoscope","InkBottle","infinitespire:EmpoweringShard"],"acts_visited":["Exordium","TheCity","TheBeyond"],"potions_floor_usage":[],"damage_taken":[{"damage":0.0,"enemies":"conspire:RoseBush","floor":1.0,"turns":2.0},{"damage":0.0,"enemies":"Jaw Worm","floor":3.0,"turns":3.0},{"damage":0.0,"enemies":"Small Slimes","floor":4.0,"turns":2.0},{"damage":0.0,"enemies":"3 Sentries","floor":6.0,"turns":4.0},{"damage":0.0,"enemies":"Gremlin Nob","floor":8.0,"turns":3.0},{"damage":0.0,"enemies":"Looter","floor":10.0,"turns":2.0},{"damage":6.0,"enemies":"Exordium Wildlife","floor":11.0,"turns":6.0},{"damage":0.0,"enemies":"Hexaghost","floor":16.0,"turns":8.0},{"damage":0.0,"enemies":"Chosen","floor":18.0,"turns":2.0},{"damage":0.0,"enemies":"2 Thieves","floor":20.0,"turns":2.0},{"damage":0.0,"enemies":"3 Cultists","floor":22.0,"turns":2.0},{"damage":0.0,"enemies":"Chosen and Byrds","floor":24.0,"turns":3.0},{"damage":12.0,"enemies":"Book of Stabbing","floor":25.0,"turns":5.0},{"damage":0.0,"enemies":"conspire:Head Lice","floor":27.0,"turns":3.0},{"damage":6.0,"enemies":"Centurion and Healer","floor":29.0,"turns":7.0},{"damage":0.0,"enemies":"conspire:SneckoGhost","floor":30.0,"turns":3.0},{"damage":0.0,"enemies":"Snake Plant","floor":31.0,"turns":3.0},{"damage":0.0,"enemies":"Champ","floor":33.0,"turns":9.0},{"damage":0,"enemies":"3 Darklings","floor":35,"turns":1},{"damage":0,"enemies":"Orb Walker","floor":36,"turns":2},{"damage":0,"enemies":"Jaw Worm Horde","floor":41,"turns":2},{"damage":0,"enemies":"Reptomancer","floor":42,"turns":2},{"damage":7,"enemies":"R_Hoarder","floor":44,"turns":5},{"damage":20,"enemies":"Giant Head","floor":47,"turns":5},{"damage":83,"enemies":"conspire:OrnateMirror","floor":50,"turns":3},{"damage":0,"enemies":"Awakened One","floor":51,"turns":10}],"seed_played":"6626444165909101558","potions_obtained":[{"floor":16.0,"key":"Elixir"}],"is_trial":false,"path_per_floor":["M","?","M","M","$","E","R","E","T","M","M","R","?","?","R","B",null,"M","T","M","T","M","R","M","E","T","E","R","M","E","M","R","B",null,"M","M","?","T","?","R","M","E","T","E","?","R","E","$","R","B","B",null],"character_chosen":"THE_SILENT","items_purchased":["Replay:Poison Smokescreen","Tiny Chest","Omamori","hubris:PeanutButter","Backflip","Guide Book","Medical Kit","ReplayTheSpireMod:CursedCoin","Pantograph","infinitespire:CheckeredPen","Skewer","ReplayTheSpireMod:Shallot","aspiration:Nostalgia","BargainBundle","CultistPotion","Death Potion","Trip","Prepared","Midas Touch","StuffTheSpire:HeavyRock","A Thousand Cuts","conspire:PoisonWeapons+1","Wraith Form v2","Blade Dance","infinitespire:EmpoweringShard"],"campfire_rested":1,"item_purchase_floors":[0,0,0,0,0,0,0,0,0,0,0,0,0,0,0,0,0,0,0,0,0,5,48,48,48],"current_hp_per_floor":[25,25,25,25,25,25,25,25,25,25,19,19,19,19,19,44,67,67,67,67,77,77,77,77,65,65,65,65,59,59,59,84,84,84,84,84,84,84,84,84,84,84,84,77,77,77,57,57,82,1,26],"gold":247,"neow_bonus":"","is_daily":false,"chose_seed":false,"campfire_upgraded":8,"win_rate":0.0,"timestamp":1610469173,"path_taken":["M","?","M","M","$","E","R","E","T","M","M","R","?","?","R","BOSS","M","?","M","?","?","R","M","E","T","E","R","M","E","M","R","BOSS","M","M","?","?","?","R","M","E","T","E","?","R","E","?","R","BOSS","BOSS"],"items_purchased_type":["Card","Relic","Relic","Relic","Card","Relic","Relic","Relic","Relic","Relic","Card","Relic","Relic","Relic","Potion","Potion","Card","Card","Card","Relic","Card","Card","Card","Card","Relic"],"build_version":"2020-12-22","purchased_purges":3,"victory":true,"max_hp_per_floor":[74,74,74,74,74,74,74,74,74,74,74,74,74,74,74,74,74,74,74,74,84,84,84,84,84,84,84,84,84,84,84,84,84,84,84,84,84,84,84,84,84,84,84,84,84,84,84,84,84,84,84],"relic_stats":{"Sozu":8,"Tough Bandages":[489],"counters":[153,582],"Pantograph":52,"Astrolabe":["Catalyst","Toxin Wave","Pain"],"Tiny Chest":2,"War Paint":["Defend_G","Survivor"],"Medical Kit":[7],"Question Card":30,"obtain_stats":[{"TwistedFunnel":22,"Replay:Accelerometer":65,"Golden Egg":115,"Ginger":0,"Boot":23,"StuffTheSpire:SapphireSignet":23,"infinitespire:ShieldingShard":92,"Replay:Bottled Flurry":31,"Kunai":6,"Pear":21,"Velvet Choker":0,"hubris:SphereOfDissonance":56,"Eternal Feather":111,"Pen Nib":60,"ReplayTheSpireMod:SealedPack":34,"infinitespire:Magic Flask":43,"Paper Crane":15,"aspiration:IroncladSkillbook":17,"Akabeko":42,"infinitespire:Lychee Nut":0,"StuffTheSpire:MayFlowers":0,"MutagenicStrength":78,"Bird Faced Urn":0,"Snecko Eye":34,"conspire:Flyswatter":42,"infinitespire:Cupcake":102,"aspiration:Lifesprig":20,"Lantern":44,"StuffTheSpire:EmeraldSignet":7,"wanderingMiniBosses:AbyssPearl":29,"hubris:EmptyBottle":54,"Smiling Mask":81,"Replay:Rubber Ducky":26,"hubris:BlackHole":34,"StuffTheSpire:Gunfinga":9,"Matryoshka":21,"infinitespire:Bottled Soul":7,"aspiration:AnachronicSnailShell":0,"hubris:ScarierMask":17,"hubris:CuriousFeather":15,"Chemical X":17,"InkBottle":47,"Ring of the Snake":0,"StuffTheSpire:TintedRock":14,"Potion Belt":0,"NeowsBlessing":0,"hubris:64BitClover":0,"The Courier":11,"Omamori":0,"infinitespire:Lucky Rock":58,"infinitespire:CheckeredPen":0,"hubris:Towel":10,"Replay:Arrowhead":0,"Ornamental Fan":12,"hubris:Spice":0,"Orrery":37,"Garlic":26,"Art of War":0,"wanderingMiniBosses:Inkheart":71,"hubris:BottledRain":9,"Calipers":0,"conspire:RoyalGoblet":85,"Gremlin Horn":99,"Vajra":8,"hubris:VirtuousBlindfold":17,"Sozu":17,"FaceOfCleric":19,"DollysMirror":3,"aspiration:ArtOfWarUpgrade":8,"Toxic Egg 2":6,"Byrd Skull":28,"Girya":25,"hubris:DuctTape":30,"ReplayTheSpireMod:CursedCoin":0,"aspiration:Nostalgia":0,"Dead Branch":54,"Replay:Grab Bag":17,"Astrolabe":17,"hubris:FruitBowl":3,"Ring of Chaos":34,"hubris:HollowSoul":51,"aspiration:SeaSaltIceCream":0,"Replay:Kaleidoscope":44,"War Paint":25,"Question Card":95,"WarpedTongs":3,"hubris:Zylophone":114,"OrangePellets":24,"Replay:Baseball":43,"Bottled Flame":45,"ReplayTheSpireMod:Shallot":0,"Bronze Scales":23,"Simple Rune":26,"StuffTheSpire:DarkSteelAnvil":0,"hubris:PeanutButter":20,"Onion Ring":8,"Molten Egg 2":27,"StuffTheSpire:PointBlank":40,"infinitespire:EmpoweringShard":48,"Grinning Jar":12,"Mirror":11,"aspiration:HatOfInfinitePower":0,"StuffTheSpire:OldFever":26,"Darkstone Periapt":28,"ReplayFunnel":55,"ReplayTheSpireMod:Ring of Exchange":3,"Replay:PocketPolymizer":0,"SacredBark":68,"aspiration:TomeofQuesting":9,"conspire:SpecialSausage":119,"Mango":0,"Snake Skull":108,"Juzu Bracelet":73,"hubris:SlimyHat":13,"PrismaticShard":38,"conspire:TopHat":62,"ClockworkSouvenir":0,"Tough Bandages":0,"hubris:Icosahedron":2,"Chameleon Ring":28,"Mummified Hand":47,"Pantograph":9,"StuffTheSpire:HeavyRock":0,"Tiny Chest":0,"Red Mask":80,"hubris:KleinBottle":3,"Gremlin Food":31,"BargainBundle":0,"Replay:Towering Pillar of Hats":43,"Guide Book":36,"RobotSpaceExplorer:RoboCore":0,"infinitespire:FocusingShard":74,"Orichalcum":25,"Medical Kit":0,"Pondfish Scales":18,"Ring of Fury":3,"Coffee Dripper":19,"Bag of Marbles":73,"Snack Pack":110,"Membership Card":0,"hubris:AncientText":77,"TungstenRod":0,"hubris:OldNail":5,"hubris:Potato":30},{"TwistedFunnel":41,"Replay:Accelerometer":76,"Golden Egg":98,"Ginger":30,"Boot":111,"StuffTheSpire:SapphireSignet":42,"infinitespire:ShieldingShard":87,"Replay:Bottled Flurry":116,"Kunai":48,"Pear":137,"Velvet Choker":9,"hubris:SphereOfDissonance":72,"Eternal Feather":96,"Pen Nib":74,"ReplayTheSpireMod:SealedPack":145,"infinitespire:Magic Flask":149,"Paper Crane":15,"aspiration:IroncladSkillbook":109,"Akabeko":120,"infinitespire:Lychee Nut":100,"StuffTheSpire:MayFlowers":100,"MutagenicStrength":80,"Bird Faced Urn":100,"Snecko Eye":63,"conspire:Flyswatter":67,"infinitespire:Cupcake":92,"aspiration:Lifesprig":40,"Lantern":120,"StuffTheSpire:EmeraldSignet":33,"wanderingMiniBosses:AbyssPearl":142,"hubris:EmptyBottle":125,"Smiling Mask":82,"Replay:Rubber Ducky":113,"hubris:BlackHole":117,"StuffTheSpire:Gunfinga":13,"Matryoshka":55,"infinitespire:Bottled Soul":105,"aspiration:AnachronicSnailShell":127,"hubris:ScarierMask":52,"hubris:CuriousFeather":23,"Chemical X":38,"InkBottle":151,"Ring of the Snake":0,"StuffTheSpire:TintedRock":37,"Potion Belt":100,"NeowsBlessing":10,"hubris:64BitClover":100,"The Courier":20,"Omamori":100,"infinitespire:Lucky Rock":73,"infinitespire:CheckeredPen":127,"hubris:Towel":13,"Replay:Arrowhead":100,"Ornamental Fan":50,"hubris:Spice":127,"Orrery":119,"Garlic":58,"Art of War":100,"wanderingMiniBosses:Inkheart":79,"hubris:BottledRain":34,"Calipers":100,"conspire:RoyalGoblet":84,"Gremlin Horn":91,"Vajra":13,"hubris:VirtuousBlindfold":135,"Sozu":135,"FaceOfCleric":110,"DollysMirror":18,"aspiration:ArtOfWarUpgrade":105,"Toxic Egg 2":12,"Byrd Skull":115,"Girya":113,"hubris:DuctTape":61,"ReplayTheSpireMod:CursedCoin":127,"aspiration:Nostalgia":127,"Dead Branch":125,"Replay:Grab Bag":135,"Astrolabe":135,"hubris:FruitBowl":18,"Ring of Chaos":45,"hubris:HollowSoul":70,"aspiration:SeaSaltIceCream":100,"Replay:Kaleidoscope":150,"War Paint":140,"Question Card":89,"WarpedTongs":11,"hubris:Zylophone":97,"OrangePellets":28,"Replay:Baseball":67,"Bottled Flame":68,"ReplayTheSpireMod:Shallot":127,"Bronze Scales":56,"Simple Rune":42,"StuffTheSpire:DarkSteelAnvil":100,"hubris:PeanutButter":110,"Onion Ring":132,"Molten Egg 2":141,"StuffTheSpire:PointBlank":66,"infinitespire:EmpoweringShard":151,"Grinning Jar":15,"Mirror":50,"aspiration:HatOfInfinitePower":100,"StuffTheSpire:OldFever":58,"Darkstone Periapt":29,"ReplayFunnel":126,"ReplayTheSpireMod:Ring of Exchange":32,"Replay:PocketPolymizer":127,"SacredBark":77,"aspiration:TomeofQuesting":49,"conspire:SpecialSausage":100,"Mango":100,"Snake Skull":95,"Juzu Bracelet":79,"hubris:SlimyHat":108,"PrismaticShard":65,"conspire:TopHat":74,"ClockworkSouvenir":100,"Tough Bandages":127,"hubris:Icosahedron":11,"Chameleon Ring":60,"Mummified Hand":122,"Pantograph":19,"StuffTheSpire:HeavyRock":46,"Tiny Chest":127,"Red Mask":81,"hubris:KleinBottle":18,"Gremlin Food":44,"BargainBundle":127,"Replay:Towering Pillar of Hats":67,"Guide Book":64,"RobotSpaceExplorer:RoboCore":127,"infinitespire:FocusingShard":80,"Orichalcum":29,"Medical Kit":127,"Pondfish Scales":110,"Ring of Fury":32,"Coffee Dripper":25,"Bag of Marbles":79,"Snack Pack":96,"Membership Card":100,"hubris:AncientText":80,"TungstenRod":100,"hubris:OldNail":104,"hubris:Potato":143},{"TwistedFunnel":168,"Replay:Accelerometer":315,"Golden Egg":376,"Ginger":142,"Boot":428,"StuffTheSpire:SapphireSignet":172,"infinitespire:ShieldingShard":348,"Replay:Bottled Flurry":452,"Kunai":189,"Pear":517,"Velvet Choker":37,"hubris:SphereOfDissonance":308,"Eternal Feather":374,"Pen Nib":312,"ReplayTheSpireMod:SealedPack":552,"infinitespire:Magic Flask":559,"Paper Crane":51,"aspiration:IroncladSkillbook":418,"Akabeko":469,"infinitespire:Lychee Nut":381,"StuffTheSpire:MayFlowers":381,"MutagenicStrength":326,"Bird Faced Urn":381,"Snecko Eye":263,"conspire:Flyswatter":284,"infinitespire:Cupcake":369,"aspiration:Lifesprig":167,"Lantern":469,"StuffTheSpire:EmeraldSignet":149,"wanderingMiniBosses:AbyssPearl":537,"hubris:EmptyBottle":478,"Smiling Mask":330,"Replay:Rubber Ducky":438,"hubris:BlackHole":459,"StuffTheSpire:Gunfinga":42,"Matryoshka":221,"infinitespire:Bottled Soul":402,"aspiration:AnachronicSnailShell":483,"hubris:ScarierMask":207,"hubris:CuriousFeather":102,"Chemical X":163,"InkBottle":569,"Ring of the Snake":0,"StuffTheSpire:TintedRock":162,"Potion Belt":381,"NeowsBlessing":38,"hubris:64BitClover":381,"The Courier":86,"Omamori":381,"infinitespire:Lucky Rock":311,"infinitespire:CheckeredPen":483,"hubris:Towel":42,"Replay:Arrowhead":381,"Ornamental Fan":197,"hubris:Spice":483,"Orrery":466,"Garlic":237,"Art of War":381,"wanderingMiniBosses:Inkheart":321,"hubris:BottledRain":152,"Calipers":381,"conspire:RoyalGoblet":340,"Gremlin Horn":364,"Vajra":42,"hubris:VirtuousBlindfold":513,"Sozu":513,"FaceOfCleric":425,"DollysMirror":69,"aspiration:ArtOfWarUpgrade":402,"Toxic Egg 2":41,"Byrd Skull":449,"Girya":438,"hubris:DuctTape":248,"ReplayTheSpireMod:CursedCoin":483,"aspiration:Nostalgia":483,"Dead Branch":478,"Replay:Grab Bag":513,"Astrolabe":513,"hubris:FruitBowl":69,"Ring of Chaos":181,"hubris:HollowSoul":303,"aspiration:SeaSaltIceCream":381,"Replay:Kaleidoscope":564,"War Paint":527,"Question Card":359,"WarpedTongs":40,"hubris:Zylophone":375,"OrangePellets":136,"Replay:Baseball":284,"Bottled Flame":290,"ReplayTheSpireMod:Shallot":483,"Bronze Scales":228,"Simple Rune":172,"StuffTheSpire:DarkSteelAnvil":381,"hubris:PeanutButter":425,"Onion Ring":497,"Molten Egg 2":530,"StuffTheSpire:PointBlank":277,"infinitespire:EmpoweringShard":569,"Grinning Jar":51,"Mirror":197,"aspiration:HatOfInfinitePower":381,"StuffTheSpire:OldFever":237,"Darkstone Periapt":140,"ReplayFunnel":479,"ReplayTheSpireMod:Ring of Exchange":147,"Replay:PocketPolymizer":483,"SacredBark":317,"aspiration:TomeofQuesting":191,"conspire:SpecialSausage":381,"Mango":381,"Snake Skull":373,"Juzu Bracelet":321,"hubris:SlimyHat":412,"PrismaticShard":271,"conspire:TopHat":312,"ClockworkSouvenir":381,"Tough Bandages":483,"hubris:Icosahedron":40,"Chameleon Ring":243,"Mummified Hand":472,"Pantograph":81,"StuffTheSpire:HeavyRock":182,"Tiny Chest":483,"Red Mask":327,"hubris:KleinBottle":69,"Gremlin Food":176,"BargainBundle":483,"Replay:Towering Pillar of Hats":284,"Guide Book":268,"RobotSpaceExplorer:RoboCore":483,"infinitespire:FocusingShard":326,"Orichalcum":140,"Medical Kit":483,"Pondfish Scales":425,"Ring of Fury":147,"Coffee Dripper":120,"Bag of Marbles":321,"Snack Pack":374,"Membership Card":381,"hubris:AncientText":326,"TungstenRod":381,"hubris:OldNail":396,"hubris:Potato":540}],"InkBottle":[8],"Ring of the Snake":[120]},"card_choices":[{"not_picked":["StuffTheSpire:ReptileScales","Deflect"],"picked":"Dagger Spray","floor":1.0},{"not_picked":["Outmaneuver","Dagger Throw"],"picked":"ReplayTheSpireMod:Speed Training","floor":3.0},{"not_picked":["Toxin Wave","Blade Dance"],"picked":"Prepared","floor":4.0},{"not_picked":["Calculated Gamble","hubris:SlightOfHand"],"picked":"Crippling Poison","floor":6.0},{"not_picked":["Outmaneuver","Deflect","Hidden Blade"],"picked":"SKIP","floor":8.0},{"not_picked":["PiercingWail","Envenom"],"picked":"Caltrops","floor":10.0},{"not_picked":["Setup","Quick Slash"],"picked":"StuffTheSpire:ClusterCrunch","floor":11.0},{"not_picked":["infinitespire:NeuralNetwork","infinitespire:Collect"],"picked":"infinitespire:Fortify","floor":14.0},{"not_picked":["infinitespire:Neurotoxin","Replay:Bag of Tricks"],"picked":"Corpse Explosion","floor":16.0},{"not_picked":["Hidden Blade","StuffTheSpire:Python+1","Poisoned Stab+1"],"picked":"SKIP","floor":18.0},{"not_picked":["Prepared","StuffTheSpire:Injection","Flying Knee"],"picked":"SKIP","floor":20.0},{"not_picked":["Backflip","conspire:PoisonWeapons+1"],"picked":"Calculated Gamble","floor":22.0},{"not_picked":["ReplayTheSpireMod:Tripwire","Blade Dance"],"picked":"Prepared","floor":24.0},{"not_picked":["Malaise","Deflect"],"picked":"All Out Attack+1","floor":25.0},{"not_picked":["Bane+1","hubris:SlightOfHand","Toxin Wave+1"],"picked":"Leg Sweep","floor":27.0},{"not_picked":["Deadly Poison","Quick Slash+1","Flying Knee+1"],"picked":"Cloak And Dagger+1","floor":29.0},{"not_picked":["ReplayTheSpireMod:Necrosis","Slice+1","StuffTheSpire:ClusterCrunch+1","Sucker Punch+1"],"picked":"SKIP","floor":30.0},{"not_picked":["StuffTheSpire:Python","Deadly Poison","hubris:TrickCloak","Quick Slash+1"],"picked":"SKIP","floor":31.0},{"not_picked":["Poison Darts","Venomology","Malaise"],"picked":"Die Die Die+1","floor":33.0},{"not_picked":["Survivor","Neutralize","TheCursedMod:CursedWand"],"picked":"Eruption","floor":34},{"not_picked":["conspire:Banana","Finesse","Discovery"],"picked":"ReplayTheSpireMod:Private Reserves","floor":34},{"not_picked":["infinitespire:FutureSight","ReplayTheSpireMod:??????????????????????","ReplayTheSpireMod:Echoes of Time"],"picked":"infinitespire:Gouge","floor":34},{"not_picked":["Draining Mist","Backflip","StuffTheSpire:Incursion+1","StuffTheSpire:ClusterCrunch+1"],"picked":"SKIP","floor":35},{"not_picked":["Backflip","Cloak And Dagger+1","Underhanded Strike+1","Well Laid Plans+1"],"picked":"SKIP","floor":36},{"not_picked":["Bouncing Flask","StuffTheSpire:Injection+1","Dagger Spray+1","Poisoned Stab+1"],"picked":"SKIP","floor":41},{"not_picked":["StuffTheSpire:Incantation","Dodge and Roll","Acrobatics"],"picked":"Blade Dance+1","floor":42},{"not_picked":["StuffTheSpire:Repulse","Sucker Punch+1","Replay:Poison Smokescreen","Bouncing Flask"],"picked":"SKIP","floor":44},{"not_picked":["Flechettes+1","Choke+1","Cloak And Dagger","Masterful Stab+1"],"picked":"SKIP","floor":47}],"player_experience":1704888,"relics_obtained":[{"floor":6.0,"key":"hubris:SlimyHat"},{"floor":8.0,"key":"Onion Ring"},{"floor":21.0,"key":"Pear"},{"floor":25.0,"key":"War Paint"},{"floor":26.0,"key":"Question Card"},{"floor":27.0,"key":"Molten Egg 2"},{"floor":29.0,"key":"wanderingMiniBosses:AbyssPearl"},{"floor":30.0,"key":"hubris:Potato"},{"floor":38,"key":"Byrd Skull"},{"floor":42,"key":"StuffTheSpire:Gunfinga"},{"floor":43,"key":"infinitespire:Magic Flask"},{"floor":44,"key":"Replay:Kaleidoscope"},{"floor":47,"key":"InkBottle"}],"event_choices":[{"damage_healed":0.0,"max_hp_gain":0.0,"max_hp_loss":0.0,"gold_gain":0.0,"event_name":"betterThird:BetterSerpent","player_choice":"Ignored","floor":13.0,"gold_loss":0.0,"damage_taken":226.0}],"is_beta":false,"boss_relics":[{"not_picked":["Ring of the Serpent","hubris:HollowSoul"],"picked":"Replay:Grab Bag"},{"not_picked":["hubris:GrandSneckoEye","infinitespire:Cupcake"],"picked":"Sozu"},{"not_picked":["ChewingGum","conspire:SeveredTorchhead"],"picked":"hubris:VirtuousBlindfold"},{"not_picked":["conspire:RunicOctahedron","Snecko Scales"],"picked":"Astrolabe"},{"not_picked":["Honey Jar","hubris:BlackHole"],"picked":"ReplayTheSpireMod:SealedPack"}],"items_purged_floors":[0,0,0],"is_endless":false,"potions_floor_spawned":[3,10,16,18,22,25,27,29,33,35,44],"ascension_level":20}}