{"host":"qy1e0kd24tpj3i2m","time":1610483323,"event":{"mods":["Act Like it!","Alarm Clock","BaseMod","Better Skull","Better Vampires","Colored Map","Colored Powertips","Custom Start","Faster Ascension Climbing","Friendly Minions","GifTheSpireLib","Gremlin Skip","Highlight Path","Minty Spire (QoL Compilation)","Permanent Neow","Poor People Problems","Quick Restart","Red Circlet Mod","Relic Sorter","Reorder Act Four","SacredBarkPlus","Shop Mod","StSLib","SuperFastMode","Transform Curses","没有小屋子和绿帽子啦"],"gold_per_floor":[119,119,133,145,164,164,190,190,242,256,256,306,381,29,29,103,103,119,139,139,139],"floor_reached":20,"language":"ZHS","playtime":666,"items_purged":[],"score":348,"play_id":"d71bb6a9-5578-4563-995f-aab1d076aff7","local_time":"20210113052843","is_ascension_mode":true,"campfire_choices":[{"data":"Reckless Charge","floor":6.0,"key":"SMITH"},{"data":"Evolve","floor":8.0,"key":"SMITH"},{"data":"Immolate","floor":11,"key":"SMITH"},{"floor":15,"key":"REST"}],"circlet_count":0,"master_deck":["AscendersBane","Strike_R","Strike_R","Strike_R","Strike_R","Strike_R","Defend_R","Defend_R","Defend_R","Second Wind+1","Immolate+1","Evolve+1","Reckless Charge+1","Fire Breathing","True Grit"],"relics":["Burning Blood","Bottled Flame","PreservedInsect","Mercury Hourglass","Velvet Choker"],"acts_visited":["Exordium","TheCity"],"potions_floor_usage":[10,18,19],"damage_taken":[{"damage":0.0,"enemies":"Cultist","floor":1.0,"turns":3.0},{"damage":0.0,"enemies":"Small Slimes","floor":3.0,"turns":2.0},{"damage":14.0,"enemies":"Jaw Worm","floor":4.0,"turns":4.0},{"damage":12.0,"enemies":"Lots of Slimes","floor":5.0,"turns":2.0},{"damage":32.0,"enemies":"Gremlin Nob","floor":7.0,"turns":4.0},{"damage":9,"enemies":"Large Slime","floor":10,"turns":4},{"damage":20,"enemies":"Hexaghost","floor":16,"turns":7},{"damage":30,"enemies":"Shell Parasite","floor":18,"turns":3},{"damage":23,"enemies":"3 Byrds","floor":19,"turns":3},{"damage":27,"enemies":"Shelled Parasite and Fungi","floor":20,"turns":3}],"seed_played":"-1146588732962209185","potions_obtained":[{"floor":1.0,"key":"Strength Potion"},{"floor":4.0,"key":"SteroidPotion"},{"floor":7.0,"key":"Weak Potion"},{"floor":16,"key":"DuplicationPotion"},{"floor":18,"key":"BloodPotion"}],"is_trial":false,"path_per_floor":["M","?","M","M","M","R","E","R","T","M","R","?","?","$","R","B",null,"M","M","M"],"character_chosen":"IRONCLAD","items_purchased":["Mercury Hourglass","Fire Breathing"],"campfire_rested":1,"item_purchase_floors":[14,14],"current_hp_per_floor":[56,56,62,54,48,48,22,22,22,19,19,19,8,8,30,16,60,36,34,7,7],"gold":139,"neow_bonus":"TRANSFORM_TWO_CARDS","is_daily":false,"chose_seed":false,"campfire_upgraded":3,"win_rate":0.0,"timestamp":1610483323,"path_taken":["M","?","M","M","M","R","E","R","T","M","R","?","?","?","R","BOSS","M","?","M"],"items_purchased_type":["Relic","Card"],"build_version":"2020-12-22","purchased_purges":0,"victory":false,"max_hp_per_floor":[75,75,75,75,75,75,75,75,75,75,75,75,75,75,75,75,75,75,75,75,75],"card_choices":[{"not_picked":["Havoc","Anger"],"picked":"Evolve","floor":1.0},{"not_picked":["Spot Weakness","Havoc","Blood for Blood"],"picked":"SKIP","floor":3.0},{"not_picked":["Warcry","Anger"],"picked":"Reckless Charge","floor":4.0},{"not_picked":["Cleave","Spot Weakness","Sword Boomerang"],"picked":"SKIP","floor":5.0},{"not_picked":["Clothesline","Dropkick","Bludgeon"],"picked":"SKIP","floor":7.0},{"not_picked":["Shockwave","Hemokinesis","Blood for Blood"],"picked":"SKIP","floor":10},{"not_picked":["Shockwave","Cleave"],"picked":"True Grit","floor":18},{"not_picked":["Clash","Havoc+1","True Grit"],"picked":"SKIP","floor":19}],"player_experience":904216,"relics_obtained":[{"floor":7.0,"key":"Bottled Flame"},{"floor":9.0,"key":"PreservedInsect"}],"event_choices":[{"damage_healed":0.0,"max_hp_gain":0.0,"max_hp_loss":0.0,"gold_gain":0.0,"event_name":"Living Wall","player_choice":"Grow","floor":2.0,"gold_loss":0.0,"damage_taken":0.0,"cards_upgraded":["Second Wind"]},{"damage_healed":0,"gold_gain":50,"player_choice":"Gained Gold","damage_taken":0,"max_hp_gain":0,"max_hp_loss":0,"event_name":"Golden Wing","floor":12,"gold_loss":0},{"damage_healed":0,"gold_gain":75,"player_choice":"Gather Gold","damage_taken":11,"max_hp_gain":0,"max_hp_loss":0,"event_name":"World of Goop","floor":13,"gold_loss":0}],"is_beta":false,"boss_relics":[{"not_picked":["Fusion Hammer","Runic Pyramid"],"picked":"Velvet Choker"}],"items_purged_floors":[],"is_endless":false,"potions_floor_spawned":[1,4,7,16,18],"killed_by":"Shelled Parasite and Fungi","ascension_level":20}}