{"host":"a4220vmwe0snk9yx","time":1610461066,"event":{"mods":["100% Spire Juice","AchievementEnabler","BaseMod","Bestiary","Better Skull","BetterRewards","CapriCore","Card Forge","Chen","Gold Saver","HololiveMod","Koishi","Marisa（霧雨　魔理沙）","Minty Spire (QoL Compilation)","Prisma Mod","Reimu（博??梦）","StSLib","SuperFastMode","The Alterego","The Animator","The Immortal","The Wild Card","Waifu the Spire","WarShipGirlsR/??少女R mod","Yakumo Yukari mod"],"gold_per_floor":[113,113,113,113,124,124,199,199,199,199,234,234,63,79,79,184,184,204,219,229,239,250,285,285,295,295,295,295,325,337,120,120,216,216,230,246,264,264,114,114,143,158,158,187,203,215,40,66,66,66,66,66,66,94,94],"floor_reached":56,"playtime":3683,"items_purged":["Strike_MRS","Defend_MRS","Strike_MRS","Strike_MRS+1","Defend_MRS"],"score":1550,"play_id":"aef4f0e4-80d5-4d5e-ae2f-2d6ff08cb25a","local_time":"20210112091746","is_ascension_mode":false,"campfire_choices":[{"data":"Madness","floor":6,"key":"SMITH"},{"data":"EnergyFlow","floor":8,"key":"SMITH"},{"data":"StarBarrage","floor":12,"key":"SMITH"},{"data":"UpSweep","floor":15,"key":"SMITH"},{"floor":24,"key":"RECALL"},{"data":"MagicChant","floor":30,"key":"SMITH"},{"data":"SprinkleStarSeal","floor":32,"key":"SMITH"},{"data":"BigCrunch","floor":40,"key":"SMITH"},{"data":"Panache","floor":49,"key":"SMITH"},{"data":"GasGiant","floor":52,"key":"SMITH"}],"circlet_count":0,"master_deck":["Strike_MRS+1","Defend_MRS+1","Defend_MRS+1","MasterSpark+1","UpSweep+1","ChargeUpSpray","Madness+1","Panache+1","EnergyFlow+1","GasGiant+1","Flash of Steel+1","StarBarrage+1","PowerUp","MagicChant+1","ManaConvection+1","BlazeAway+1","SprinkleStarSeal+1","Flash of Steel","BigCrunch+1","AlicesGift+1","ChargingUp+1"],"relics":["MiniHakkero","Hammer of Thor","Seething Fire","Anvil of the Gods","SproutingBranch","SimpleLauncher","Blood Vial","Strawberry","Runic Pyramid","War Paint","CrazyTorch:ReiMu","Ornamental Fan","MawBank","Whetstone","ExperimentalFamiliar","Turnip","Letter Opener","Bronze Scales","Pen Nib","White Beast Statue"],"acts_visited":["Exordium","TheCity","TheBeyond","TheEnding"],"potions_floor_usage":[23,41,41,55,55],"damage_taken":[{"damage":7,"enemies":"2 Louse","floor":1,"turns":4},{"damage":1,"enemies":"Jaw Worm","floor":5,"turns":3},{"damage":5,"enemies":"Gremlin Nob","floor":11,"turns":3},{"damage":0,"enemies":"Cultist","floor":14,"turns":3},{"damage":0,"enemies":"Slime Boss","floor":16,"turns":5},{"damage":9,"enemies":"Chosen","floor":18,"turns":3},{"damage":7,"enemies":"Spheric Guardian","floor":19,"turns":4},{"damage":0,"enemies":"Centurion and Healer","floor":20,"turns":4},{"damage":22,"enemies":"Shelled Parasite and Fungi","floor":21,"turns":4},{"damage":16,"enemies":"Snake Plant","floor":22,"turns":3},{"damage":31,"enemies":"Book of Stabbing","floor":23,"turns":4},{"damage":18,"enemies":"3 Cultists","floor":25,"turns":4},{"damage":18,"enemies":"Gremlin Leader","floor":29,"turns":6},{"damage":11,"enemies":"Champ","floor":33,"turns":10},{"damage":5,"enemies":"Orb Walker","floor":35,"turns":3},{"damage":0,"enemies":"3 Shapes","floor":36,"turns":2},{"damage":11,"enemies":"Writhing Mass","floor":37,"turns":4},{"damage":5,"enemies":"Reptomancer","floor":41,"turns":2},{"damage":3,"enemies":"Sphere and 2 Shapes","floor":42,"turns":1},{"damage":0,"enemies":"Giant Head","floor":44,"turns":3},{"damage":0,"enemies":"Transient","floor":45,"turns":5},{"damage":0,"enemies":"Spire Growth","floor":46,"turns":1},{"damage":27,"enemies":"Nemesis","floor":48,"turns":5},{"damage":36,"enemies":"Donu and Deca","floor":50,"turns":5},{"damage":27,"enemies":"Shield and Spear","floor":54,"turns":4},{"damage":58,"enemies":"The Heart","floor":55,"turns":7}],"seed_played":"7417814071881828674","potions_obtained":[{"floor":5,"key":"DuplicationPotion"},{"floor":11,"key":"SneckoOil"},{"floor":20,"key":"ShroomBrew"},{"floor":21,"key":"DistilledChaos"},{"floor":23,"key":"SteroidPotion"},{"floor":33,"key":"ColorlessPotion"},{"floor":46,"key":"Weak Potion"}],"is_trial":false,"path_per_floor":["M","?","?","$","M","R","?","R","T","?","E","R","$","M","R","B",null,"M","M","M","M","M","E","R","M","T","?","?","E","R","$","R","B",null,"M","M","M","?","$","R","E","M","T","E","M","M","$","E","R","B",null,"R","$","E","B",null],"character_chosen":"MARISA","items_purchased":["SproutingBranch","ChargeUpSpray","Madness","Panache","SimpleLauncher","EnergyFlow","PowerUp","Flash of Steel","Whetstone"],"campfire_rested":0,"item_purchase_floors":[0,0,0,0,0,0,13,31,31],"current_hp_per_floor":[75,72,57,57,67,67,56,56,56,56,69,69,69,80,80,82,82,77,75,82,67,62,45,45,41,41,41,41,40,40,40,40,46,82,77,82,73,73,73,73,75,74,74,82,82,82,82,60,60,40,82,82,82,62,21],"gold":94,"neow_bonus":"","is_daily":false,"chose_seed":false,"campfire_upgraded":9,"win_rate":0.0,"timestamp":1610461066,"path_taken":["M","?","?","$","M","R","?","R","T","?","E","R","$","M","R","BOSS","M","M","M","M","M","E","R","M","T","?","?","E","R","$","R","BOSS","M","M","M","?","$","R","E","M","T","E","M","M","$","E","R","BOSS","R","$","E","BOSS"],"items_purchased_type":["Relic","Card","Card","Card","Relic","Card","Card","Card","Relic"],"build_version":"2020-12-22","purchased_purges":5,"victory":true,"max_hp_per_floor":[75,75,75,75,75,75,75,75,75,75,82,82,82,82,82,82,82,82,82,82,82,82,82,82,82,82,82,82,82,82,82,82,82,82,82,82,82,82,82,82,82,82,82,82,82,82,82,82,82,82,82,82,82,82,82],"card_choices":[{"not_picked":["WitchLeyline","ShootingEcho"],"picked":"GasGiant","floor":1},{"not_picked":["MilkyWay","DoubleSpark","IllusionStar"],"picked":"SKIP","floor":5},{"not_picked":["GrandCross","DragonMeteor"],"picked":"StarBarrage","floor":11},{"not_picked":["Occultation","MeteoricShower","FairyDestructionRay"],"picked":"SKIP","floor":14},{"not_picked":["BlazingStar","StarDustReverie"],"picked":"BinaryStars","floor":16},{"not_picked":["UnstableBomb","GravityBeat","6A+1"],"picked":"SKIP","floor":18},{"not_picked":["UnstableBomb","SporeBomb+1"],"picked":"MagicChant","floor":19},{"not_picked":["StarBarrage","Singularity"],"picked":"ManaConvection+1","floor":20},{"not_picked":["SprinkleStarSeal","UnstableBomb","StarlightTyphoon"],"picked":"SKIP","floor":21},{"not_picked":["6A","UnstableBomb","IllusionStar"],"picked":"SKIP","floor":22},{"not_picked":["WitchOfGreed","PulseMagic"],"picked":"BlazeAway+1","floor":23},{"not_picked":["SporeBomb","Singularity","IllusionStar"],"picked":"SKIP","floor":25},{"not_picked":["SuperPerseids+1","EventHorizon","DragonMeteor"],"picked":"SKIP","floor":29},{"not_picked":["BinaryStars","ManaRampage"],"picked":"BigCrunch","floor":33},{"not_picked":["DragonMeteor","OrrerysSun","GalacticHalo"],"picked":"SKIP","floor":35},{"not_picked":["AsteroidBelt","DragonMeteor"],"picked":"AlicesGift+1","floor":36},{"not_picked":["Occultation+1","PulseMagic+1","SporeBomb"],"picked":"SKIP","floor":37},{"not_picked":["6A","WitchOfGreed","StarlightTyphoon+1"],"picked":"SKIP","floor":41},{"not_picked":["MilkyWay+1","SuperPerseids","AsteroidBelt"],"picked":"SKIP","floor":42},{"not_picked":["WitchLeyline","DC","Singularity"],"picked":"SKIP","floor":44},{"not_picked":["DarkSpark+1","Singularity+1","WitchOfGreed"],"picked":"SKIP","floor":45},{"not_picked":["SporeBomb","MagicAbsorber+1","BlazeAway+1"],"picked":"SKIP","floor":46},{"not_picked":["AsteroidBelt","MagicChant","UnstableBomb"],"picked":"SKIP","floor":48},{"not_picked":["Acceleration+1","NonDirectionalLaser+1"],"picked":"ChargingUp+1","floor":54}],"player_experience":901466,"relics_obtained":[{"floor":11,"key":"Strawberry"},{"floor":23,"key":"War Paint"},{"floor":26,"key":"CrazyTorch:ReiMu"},{"floor":29,"key":"MawBank"},{"floor":41,"key":"Turnip"},{"floor":43,"key":"Letter Opener"},{"floor":44,"key":"Bronze Scales"},{"floor":48,"key":"Pen Nib"},{"floor":54,"key":"White Beast Statue"}],"event_choices":[{"damage_healed":0,"gold_gain":0,"player_choice":"Success","damage_taken":3,"relics_obtained":["Blood Vial"],"max_hp_gain":0,"max_hp_loss":0,"event_name":"Scrap Ooze","floor":2,"gold_loss":0},{"damage_healed":0,"gold_gain":0,"player_choice":"Entered Light","damage_taken":15,"max_hp_gain":0,"max_hp_loss":0,"event_name":"Shining Light","floor":3,"gold_loss":0,"cards_upgraded":["Strike_MRS","Strike_MRS"]},{"damage_healed":0,"gold_gain":75,"player_choice":"Gather Gold","damage_taken":11,"max_hp_gain":0,"max_hp_loss":0,"event_name":"World of Goop","floor":7,"gold_loss":0},{"damage_healed":0,"gold_gain":0,"player_choice":"1 cards matched","damage_taken":0,"max_hp_gain":0,"max_hp_loss":0,"event_name":"Match and Keep!","floor":10,"gold_loss":0,"cards_obtained":["Flash of Steel"]},{"damage_healed":0,"gold_gain":0,"player_choice":"Opened","damage_taken":0,"relics_obtained":["Ornamental Fan"],"max_hp_gain":0,"max_hp_loss":0,"event_name":"The Mausoleum","floor":27,"gold_loss":0},{"damage_healed":0,"gold_gain":0,"cards_transformed":["BinaryStars"],"player_choice":"Transformed","damage_taken":0,"max_hp_gain":0,"max_hp_loss":0,"event_name":"Transmorgrifier","floor":28,"gold_loss":0,"cards_obtained":["SprinkleStarSeal"]}],"is_beta":false,"boss_relics":[{"not_picked":["Hololive_TopUpMoneyS","Ectoplasm"],"picked":"Runic Pyramid"},{"not_picked":["Tiny House","SlaversCollar"],"picked":"ExperimentalFamiliar"}],"items_purged_floors":[0,0,13,39,47],"is_endless":false,"potions_floor_spawned":[5,11,20,21,23,33,36,37,45,46],"ascension_level":0}}