{"host":"hgppx942rrnelsya","time":1610460335,"event":{"mods":["Act Like it!","BaseMod","Friendly Minions","Gensokyo","GifTheSpireLib","Hallownest","KinomotoSakuraMod(????)","Koishi","Marisa????????","Minty Spire (QoL Compilation)","Prisma Mod","Remilia??????","StSLib","The Alterego","The Animator","The Forsaken","The Hierophant","The Mystic","The Runesmith","The Servant 0.9.4"],"gold_per_floor":[115,3,3,3,20,50,25,25,325,343,358,428,74,84,84,185,185,203,203,223,239,257,314,314,314,337,337,388,398,418,437,437,437,437],"floor_reached":33,"playtime":1261,"items_purged":["Panacea"],"score":344,"play_id":"10fbee54-1a07-4747-820e-c9f14a6b8fe2","local_time":"20210112140535","is_ascension_mode":false,"campfire_choices":[{"data":"ManaRampage","floor":15,"key":"SMITH"},{"floor":24,"key":"REST"},{"floor":27,"key":"REST"},{"floor":32,"key":"REST"}],"circlet_count":0,"master_deck":["Defend_MRS","Defend_MRS","Defend_MRS","Defend_MRS","MasterSpark+1","UpSweep","DoubleSpark","DeepEcoloBomb","ShootTheMoon","DarkMatter","GrandCross","SporeBomb","WitchLeyline","GrandCross","EnergyFlow","ManaRampage+1","GrandCross","SprinkleStarSeal","SuperPerseids","NonDirectionalLaser","ChargeUpSpray","BinaryStars","MysteriousBeam","Bite","Bite","Bite","Bite","Bite","MagicChant+1","WitchOfGreed+1","ChargingUp","UnstableBomb","GrandCross","DoubleSpark+1","UnstableBomb","MagicAbsorber+1"],"relics":["MiniHakkero","Strawberry","Old Coin","MealTicket","theForsaken:PaleLantern","Gremlin Horn","Pen Nib","Red Mask"],"acts_visited":["Exordium","TheCity"],"potions_floor_usage":[16,16,28,28,31,33,33],"damage_taken":[{"damage":0,"enemies":"2 Louse","floor":1,"turns":3},{"damage":6,"enemies":"Jaw Worm","floor":5,"turns":2},{"damage":23,"enemies":"Lagavulin","floor":6,"turns":4},{"damage":0,"enemies":"Small Slimes","floor":10,"turns":2},{"damage":9,"enemies":"Blue Slaver","floor":11,"turns":3},{"damage":0,"enemies":"2 Fungi Beasts","floor":14,"turns":2},{"damage":30,"enemies":"Hexaghost","floor":16,"turns":6},{"damage":6,"enemies":"Chosen","floor":18,"turns":3},{"damage":2,"enemies":"3 Byrds","floor":20,"turns":4},{"damage":18,"enemies":"3 Cultists","floor":21,"turns":4},{"damage":24,"enemies":"Snake Plant","floor":22,"turns":4},{"damage":22,"enemies":"Book of Stabbing","floor":23,"turns":3},{"damage":36,"enemies":"Masked Bandits","floor":28,"turns":4},{"damage":0,"enemies":"Snecko","floor":29,"turns":2},{"damage":1,"enemies":"Centurion and Healer","floor":30,"turns":2},{"damage":0,"enemies":"3 Cultists","floor":31,"turns":2},{"damage":73,"enemies":"Champ","floor":33,"turns":9}],"seed_played":"869549897804887421","potions_obtained":[{"floor":1,"key":"Strength Potion"},{"floor":10,"key":"PowerPotion"},{"floor":18,"key":"SpeedPotion"},{"floor":23,"key":"SpeedPotion"},{"floor":28,"key":"SpeedPotion"},{"floor":30,"key":"Explosive Potion"},{"floor":31,"key":"SkillPotion"}],"is_trial":false,"path_per_floor":["M","$","?","?","M","E","$","?","T","M","M","?","$","M","R","B",null,"M","?","M","M","M","E","R","?","T","R","?","M","M","M","R","B"],"character_chosen":"MARISA","items_purchased":["DeepEcoloBomb","ShootTheMoon","GrandCross","FairyPotion","MealTicket","NonDirectionalLaser"],"campfire_rested":3,"item_purchase_floors":[2,2,7,13,13,13],"current_hp_per_floor":[75,75,75,75,69,53,53,53,53,53,44,44,44,44,44,14,82,76,57,57,43,23,3,20,11,11,29,18,24,25,27,45,0,0],"gold":437,"neow_bonus":"RANDOM_COLORLESS","is_daily":false,"chose_seed":false,"campfire_upgraded":1,"win_rate":0.0,"timestamp":1610460335,"path_taken":["M","$","?","?","M","E","$","?","T","M","M","?","?","M","R","BOSS","M","?","M","M","M","E","R","?","T","R","?","M","M","M","R","BOSS"],"items_purchased_type":["Card","Card","Card","Potion","Relic","Card"],"build_version":"2020-12-22","purchased_purges":1,"victory":false,"max_hp_per_floor":[75,75,75,75,75,82,82,82,82,82,82,82,82,82,82,82,82,82,57,57,57,57,57,57,62,62,62,62,62,62,62,62,62,62],"card_choices":[{"not_picked":["Impatience","Purity"],"picked":"Panacea","floor":0},{"not_picked":["PowerUp","MagicAbsorber"],"picked":"DoubleSpark","floor":1},{"not_picked":["EventHorizon","FairyDestructionRay"],"picked":"EnergyFlow","floor":5},{"not_picked":["ShootingEcho","PowerUp"],"picked":"ManaRampage","floor":6},{"not_picked":["ManaConvection","AsteroidBelt"],"picked":"SprinkleStarSeal","floor":10},{"not_picked":["Orbital","DoubleSpark"],"picked":"SuperPerseids","floor":11},{"not_picked":["6A","DC"],"picked":"ChargeUpSpray","floor":14},{"not_picked":["MillisecondPulsars","AbsoluteMagnitude"],"picked":"BinaryStars","floor":16},{"not_picked":["ShootingEcho","MilkyWay"],"picked":"MysteriousBeam","floor":18},{"not_picked":["MagicAbsorber","IllusionStar"],"picked":"MagicChant+1","floor":20},{"not_picked":["EarthLightRay","WitchLeyline"],"picked":"WitchOfGreed+1","floor":21},{"not_picked":["GrandCross","Singularity"],"picked":"ChargingUp","floor":22},{"not_picked":["SporeBomb","DoubleSpark"],"picked":"UnstableBomb","floor":23},{"not_picked":["DragonMeteor","ShootingEcho"],"picked":"GrandCross","floor":28},{"not_picked":["ShootTheMoon+1","OpenUniverse"],"picked":"DoubleSpark+1","floor":29},{"not_picked":["DoubleSpark","DC"],"picked":"UnstableBomb","floor":30},{"not_picked":["6A","GrandCross"],"picked":"MagicAbsorber+1","floor":31}],"player_experience":41819,"relics_obtained":[{"floor":6,"key":"Strawberry"},{"floor":9,"key":"Old Coin"},{"floor":23,"key":"Gremlin Horn"},{"floor":26,"key":"Pen Nib"},{"floor":28,"key":"Red Mask"}],"event_choices":[{"damage_healed":0,"gold_gain":0,"player_choice":"Grow","damage_taken":0,"max_hp_gain":0,"max_hp_loss":0,"event_name":"Living Wall","floor":3,"gold_loss":0,"cards_upgraded":["MasterSpark"]},{"damage_healed":0,"gold_gain":0,"player_choice":"Searched \u00271\u0027 times","damage_taken":0,"max_hp_gain":0,"max_hp_loss":0,"event_name":"Dead Adventurer","floor":8,"gold_loss":0},{"damage_healed":0,"gold_gain":70,"player_choice":"Gained Gold","damage_taken":0,"max_hp_gain":0,"max_hp_loss":0,"event_name":"Golden Wing","floor":12,"gold_loss":0},{"damage_healed":0,"gold_gain":0,"player_choice":"Became a vampire","damage_taken":0,"max_hp_gain":0,"max_hp_loss":25,"event_name":"Vampires","floor":19,"gold_loss":0,"cards_obtained":["Bite","Bite","Bite","Bite","Bite"]},{"damage_healed":0,"gold_gain":0,"player_choice":"Shed Blood","damage_taken":14,"max_hp_gain":5,"max_hp_loss":0,"event_name":"Forgotten Altar","floor":25,"gold_loss":0},{"damage_healed":0,"gold_gain":0,"player_choice":"Fought Bandits","damage_taken":0,"max_hp_gain":0,"max_hp_loss":0,"event_name":"Masked Bandits","floor":28,"gold_loss":0}],"is_beta":false,"boss_relics":[{"not_picked":["SacredBark","Runic Dome"],"picked":"theForsaken:PaleLantern"}],"items_purged_floors":[13],"is_endless":false,"potions_floor_spawned":[1,5,10,18,22,30,31],"killed_by":"Champ","ascension_level":0}}