{"host":"wha9hktbkslqvblg","time":1610460757,"event":{"mods":["BaseMod","Colored Map","Minty Spire (QoL Compilation)","Relic Stats","SuperFastMode","everything is the same but u backflip on backflip"],"gold_per_floor":[113,125,125,125,125,160,178,178,259,303,96,124,176,200,200,308,308,331,351,369,396,94,94,9,57,57,57,75,99,132,156,156,252,252,284,307,182,203,221,259,279,279,306,306,350,200,233,65,65,65,65,65,65,65,100,100],"floor_reached":57,"playtime":2107,"items_purged":["Strike_R","Strike_R","True Grit","Bash"],"score":3519,"play_id":"18c40799-f459-4523-9078-2c2842a77d57","local_time":"20210112231237","is_ascension_mode":true,"campfire_choices":[{"data":"Blood for Blood","floor":8.0,"key":"SMITH"},{"data":"Body Slam","floor":15.0,"key":"SMITH"},{"data":"Dark Embrace","floor":23.0,"key":"SMITH"},{"data":"Ghostly","floor":32.0,"key":"SMITH"},{"data":"Evolve","floor":44.0,"key":"SMITH"},{"floor":49.0,"key":"RECALL"},{"data":"Power Through","floor":53.0,"key":"SMITH"}],"circlet_count":0,"master_deck":["AscendersBane","Disarm","Fire Breathing","Blood for Blood+1","Shrug It Off+1","Bloodletting","Body Slam+1","Power Through+1","Offering","Evolve+1","Offering","Pummel","Dark Embrace+1","Ghostly+1","Ghostly","Ghostly","Master of Strategy+1","Feel No Pain","Second Wind+1","Battle Trance+1"],"relics":["Burning Blood","NeowsBlessing","Golden Idol","Bag of Preparation","Singing Bowl","CeramicFish","Lantern","Runic Cube","Dream Catcher","Akabeko","Ancient Tea Set","Pandora\u0027s Box","Champion Belt","Bronze Scales","Charon\u0027s Ashes","TheAbacus","War Paint"],"acts_visited":["Exordium","TheCity","TheBeyond","TheEnding"],"potions_floor_usage":[56,56],"damage_taken":[{"damage":0.0,"enemies":"2 Louse","floor":1.0,"turns":1.0},{"damage":0.0,"enemies":"Small Slimes","floor":2.0,"turns":1.0},{"damage":0.0,"enemies":"Lagavulin","floor":6.0,"turns":1.0},{"damage":4.0,"enemies":"Cultist","floor":7.0,"turns":4.0},{"damage":17.0,"enemies":"3 Sentries","floor":10.0,"turns":5.0},{"damage":4.0,"enemies":"Red Slaver","floor":12.0,"turns":2.0},{"damage":26.0,"enemies":"Gremlin Nob","floor":13.0,"turns":4.0},{"damage":13.0,"enemies":"3 Louse","floor":14.0,"turns":3.0},{"damage":12.0,"enemies":"Hexaghost","floor":16.0,"turns":7.0},{"damage":16.0,"enemies":"Shell Parasite","floor":18.0,"turns":3.0},{"damage":16.0,"enemies":"2 Thieves","floor":19.0,"turns":3.0},{"damage":18.0,"enemies":"Gremlin Leader","floor":25.0,"turns":4.0},{"damage":2.0,"enemies":"Snake Plant","floor":28.0,"turns":3.0},{"damage":2.0,"enemies":"Chosen and Byrds","floor":29.0,"turns":4.0},{"damage":11.0,"enemies":"Slavers","floor":30.0,"turns":6.0},{"damage":3.0,"enemies":"Cultist and Chosen","floor":31.0,"turns":4.0},{"damage":45.0,"enemies":"Champ","floor":33.0,"turns":10.0},{"damage":4.0,"enemies":"3 Shapes","floor":35.0,"turns":2.0},{"damage":2.0,"enemies":"Orb Walker","floor":36.0,"turns":1.0},{"damage":4.0,"enemies":"Spire Growth","floor":38.0,"turns":1.0},{"damage":4.0,"enemies":"3 Darklings","floor":39.0,"turns":1.0},{"damage":9.0,"enemies":"Giant Head","floor":40.0,"turns":3.0},{"damage":5.0,"enemies":"Writhing Mass","floor":41.0,"turns":2.0},{"damage":8.0,"enemies":"Nemesis","floor":45.0,"turns":1.0},{"damage":3.0,"enemies":"Maw","floor":47.0,"turns":4.0},{"damage":14.0,"enemies":"Awakened One","floor":50.0,"turns":4.0},{"damage":7.0,"enemies":"Time Eater","floor":51.0,"turns":4.0},{"damage":4.0,"enemies":"Shield and Spear","floor":55.0,"turns":1.0},{"damage":21,"enemies":"The Heart","floor":56,"turns":4}],"seed_played":"-2116937766973758950","potions_obtained":[{"floor":2.0,"key":"FearPotion"},{"floor":6.0,"key":"Weak Potion"},{"floor":12.0,"key":"LiquidBronze"},{"floor":14.0,"key":"Explosive Potion"},{"floor":25.0,"key":"BlessingOfTheForge"},{"floor":28.0,"key":"Swift Potion"},{"floor":29.0,"key":"BloodPotion"},{"floor":30.0,"key":"ColorlessPotion"},{"floor":35.0,"key":"PowerPotion"},{"floor":40.0,"key":"FearPotion"},{"floor":45.0,"key":"PowerPotion"}],"is_trial":false,"path_per_floor":["M","M","?","?","?","E","M","R","T","E","$","M","E","M","R","B",null,"M","M","?","?","$","R","?","E","T","?","M","M","E","M","R","B",null,"M","M","$","M","M","E","M","?","T","R","E","$","M","$","R","B","B",null,"R","$","E","B",null],"character_chosen":"IRONCLAD","items_purchased":["Bloodletting","True Grit","Body Slam","Master of Strategy","TheAbacus"],"campfire_rested":0,"item_purchase_floors":[11,11,11,22,48],"current_hp_per_floor":[74,75,49,54,50,56,58,58,58,49,49,51,31,24,24,18,66,58,50,50,43,43,43,43,31,31,25,31,46,43,48,48,11,43,45,51,51,55,59,58,61,63,63,63,63,63,66,66,66,58,57,65,65,65,69,54],"gold":100,"neow_bonus":"THREE_ENEMY_KILL","is_daily":false,"chose_seed":false,"campfire_upgraded":6,"win_rate":0.0,"timestamp":1610460757,"path_taken":["M","M","?","?","?","E","?","R","T","E","?","M","E","M","R","BOSS","M","M","?","?","$","R","?","E","T","?","M","?","E","?","R","BOSS","M","M","$","M","M","E","M","?","T","R","E","$","M","$","R","BOSS","BOSS","R","$","E","BOSS"],"items_purchased_type":["Card","Card","Card","Card","Relic"],"build_version":"2020-12-22","purchased_purges":4,"victory":true,"max_hp_per_floor":[75,75,75,80,80,80,80,80,80,82,82,82,82,82,82,82,82,84,86,86,43,43,43,43,43,43,43,45,47,49,51,51,53,53,53,55,55,57,59,61,63,65,65,65,67,67,67,67,67,67,67,67,67,67,69,69],"relic_stats":{"Singing Bowl":32,"counters":[29,93],"Golden Idol":230,"CeramicFish":144,"Charon\u0027s Ashes":[454],"Bag of Preparation":[52],"War Paint":["Master of Strategy","Shrug It Off"],"Burning Blood":169,"Dream Catcher":0,"TheAbacus":[204],"Bronze Scales":[90],"Pandora\u0027s Box":["Burning Pact","Whirlwind","Combust","Warcry","Perfected Strike"],"Champion Belt":[1],"obtain_stats":[{"Lantern":13,"NeowsBlessing":0,"Singing Bowl":9,"Golden Idol":3,"CeramicFish":10,"Charon\u0027s Ashes":45,"Bag of Preparation":6,"War Paint":55,"Ancient Tea Set":30,"Burning Blood":0,"Akabeko":25,"Dream Catcher":24,"TheAbacus":48,"Bronze Scales":43,"Pandora\u0027s Box":34,"Champion Belt":40,"Runic Cube":17},{"Lantern":7,"NeowsBlessing":0,"Singing Bowl":4,"Golden Idol":2,"CeramicFish":5,"Charon\u0027s Ashes":24,"Bag of Preparation":3,"War Paint":28,"Ancient Tea Set":15,"Burning Blood":0,"Akabeko":12,"Dream Catcher":11,"TheAbacus":25,"Bronze Scales":23,"Pandora\u0027s Box":17,"Champion Belt":22,"Runic Cube":9},{"Lantern":18,"NeowsBlessing":0,"Singing Bowl":7,"Golden Idol":2,"CeramicFish":12,"Charon\u0027s Ashes":76,"Bag of Preparation":3,"War Paint":89,"Ancient Tea Set":51,"Burning Blood":0,"Akabeko":38,"Dream Catcher":34,"TheAbacus":80,"Bronze Scales":75,"Pandora\u0027s Box":65,"Champion Belt":73,"Runic Cube":28}],"Runic Cube":[89]},"card_choices":[{"not_picked":["Clash","True Grit"],"picked":"Disarm","floor":1.0},{"not_picked":["Warcry","Intimidate"],"picked":"Fire Breathing","floor":2.0},{"not_picked":["Reckless Charge","Infernal Blade"],"picked":"Blood for Blood","floor":6.0},{"not_picked":["Headbutt","Inflame"],"picked":"Shrug It Off","floor":7.0},{"not_picked":["Havoc","Twin Strike","Heavy Blade"],"picked":"Singing Bowl","floor":10.0},{"not_picked":["Clash","Ghostly Armor"],"picked":"Power Through","floor":12.0},{"not_picked":["Iron Wave","Uppercut"],"picked":"Offering","floor":13.0},{"not_picked":["Wild Strike","Anger"],"picked":"Evolve","floor":14.0},{"not_picked":["Berserk","Fiend Fire"],"picked":"Offering","floor":16.0},{"not_picked":["True Grit+1","Havoc","Combust"],"picked":"Singing Bowl","floor":18.0},{"not_picked":["Armaments","Body Slam","Havoc"],"picked":"Singing Bowl","floor":19.0},{"not_picked":["Clash","Twin Strike"],"picked":"Feel No Pain","floor":25.0},{"not_picked":["Intimidate","Dark Embrace","Power Through"],"picked":"Singing Bowl","floor":28.0},{"not_picked":["Warcry","Shrug It Off","Brutality"],"picked":"Singing Bowl","floor":29.0},{"not_picked":["Flame Barrier","Metallicize","Fire Breathing"],"picked":"Singing Bowl","floor":30.0},{"not_picked":["Flex","Anger","Blood for Blood+1"],"picked":"Singing Bowl","floor":31.0},{"not_picked":["Berserk","Immolate","Reaper"],"picked":"Singing Bowl","floor":33.0},{"not_picked":["Burning Pact","Infernal Blade"],"picked":"Second Wind+1","floor":35.0},{"not_picked":["Anger","Battle Trance","Wild Strike"],"picked":"Singing Bowl","floor":36.0},{"not_picked":["Power Through","Flex+1","Body Slam"],"picked":"Singing Bowl","floor":38.0},{"not_picked":["Havoc","Pummel","Flex+1"],"picked":"Singing Bowl","floor":39.0},{"not_picked":["Immolate","Shrug It Off","Perfected Strike"],"picked":"Singing Bowl","floor":40.0},{"not_picked":["Warcry","Combust","Pommel Strike+1"],"picked":"Singing Bowl","floor":41.0},{"not_picked":["Purity","Chrysalis","Secret Technique"],"picked":"Singing Bowl","floor":42.0},{"not_picked":["True Grit","Thunderclap","Hemokinesis"],"picked":"Singing Bowl","floor":45.0},{"not_picked":["Dual Wield+1","Wild Strike+1"],"picked":"Battle Trance+1","floor":47.0},{"not_picked":["Intimidate","Combust","Ghostly Armor+1"],"picked":"Singing Bowl","floor":55.0}],"player_experience":959111,"relics_obtained":[{"floor":6.0,"key":"Bag of Preparation"},{"floor":9.0,"key":"Singing Bowl"},{"floor":10.0,"key":"CeramicFish"},{"floor":13.0,"key":"Lantern"},{"floor":25.0,"key":"Akabeko"},{"floor":30.0,"key":"Ancient Tea Set"},{"floor":40.0,"key":"Champion Belt"},{"floor":43.0,"key":"Bronze Scales"},{"floor":45.0,"key":"Charon\u0027s Ashes"},{"floor":55.0,"key":"War Paint"}],"event_choices":[{"damage_healed":0.0,"max_hp_gain":0.0,"max_hp_loss":0.0,"gold_gain":0.0,"event_name":"Golden Idol","player_choice":"Take Damage","floor":3.0,"gold_loss":0.0,"damage_taken":26.0,"relics_obtained":["Golden Idol"]},{"damage_healed":0.0,"max_hp_gain":5.0,"max_hp_loss":0.0,"gold_gain":0.0,"event_name":"Big Fish","player_choice":"Donut","floor":4.0,"gold_loss":0.0,"damage_taken":0.0},{"damage_healed":0.0,"max_hp_gain":0.0,"max_hp_loss":0.0,"gold_gain":0.0,"event_name":"The Woman in Blue","player_choice":"Bought 0 Potions","floor":5.0,"gold_loss":0.0,"damage_taken":0.0},{"damage_healed":0.0,"max_hp_gain":0.0,"max_hp_loss":0.0,"gold_gain":0.0,"cards_transformed":["Strike_R","Strike_R"],"event_name":"Drug Dealer","player_choice":"Became Test Subject","floor":20.0,"gold_loss":0.0,"damage_taken":0.0,"cards_obtained":["Pummel","Dark Embrace"]},{"damage_healed":0.0,"max_hp_gain":0.0,"max_hp_loss":43.0,"gold_gain":0.0,"event_name":"Ghosts","player_choice":"Became a Ghost","floor":21.0,"gold_loss":0.0,"damage_taken":0.0,"cards_obtained":["Ghostly","Ghostly","Ghostly"]},{"damage_healed":0.0,"max_hp_gain":0.0,"max_hp_loss":0.0,"gold_gain":0.0,"event_name":"Addict","player_choice":"Obtained Relic","floor":24.0,"gold_loss":85.0,"damage_taken":0.0,"relics_obtained":["Dream Catcher"]},{"damage_healed":0.0,"max_hp_gain":0.0,"max_hp_loss":0.0,"gold_gain":0.0,"event_name":"Wheel of Change","player_choice":"Damaged","floor":27.0,"gold_loss":0.0,"damage_taken":6.0},{"damage_healed":0.0,"max_hp_gain":0.0,"max_hp_loss":0.0,"gold_gain":0.0,"event_name":"SensoryStone","player_choice":"Memory 1","floor":42.0,"gold_loss":0.0,"damage_taken":0.0}],"is_beta":false,"boss_relics":[{"not_picked":["Tiny House","Coffee Dripper"],"picked":"Runic Cube"},{"not_picked":["Runic Dome","Snecko Eye"],"picked":"Pandora\u0027s Box"}],"items_purged_floors":[11,22,37,46],"is_endless":false,"potions_floor_spawned":[2,6,12,14,25,28,29,30,35,40,41,45,47,55],"ascension_level":20}}