{"host":"rjbqai8ni6dsiu37","time":1610422016,"event":{"mods":["BaseMod","Koishi","Minty Spire (QoL Compilation)","StSLib","The Hierophant","The Poker Player","WarShipGirlsR/??á´Ò³R mod"],"gold_per_floor":[113,113,113,133,145,175,175,191,191,191,115,115,115],"floor_reached":12,"playtime":836,"items_purged":[],"score":103,"play_id":"7093a8c2-4ed4-414d-95ce-48bbba8387bd","local_time":"20210112122656","is_ascension_mode":false,"campfire_choices":[{"data":"Koishi:PhilosophyOfTheDespised","floor":10,"key":"SMITH"}],"circlet_count":0,"master_deck":["Koishi:BasicStrike","Koishi:BasicStrike","Koishi:BasicStrike","Koishi:BasicStrike","Koishi:BasicDefend","Koishi:BasicDefend","Koishi:BasicDefend","Koishi:BasicDefend","Koishi:Provoke","Koishi:HauntingSlash+1","Koishi:PhilosophyOfTheDespised+1","Koishi:LastRemote","Koishi:EmbryosDream","Koishi:HeartfeltFancy","Koishi:DreadfulBlow","Koishi:UnconsciousUrges"],"relics":["Koishi:ImaginaryFriend","NeowsBlessing","Pear","Matryoshka"],"acts_visited":["Exordium"],"potions_floor_usage":[6,6],"damage_taken":[{"damage":0,"enemies":"Small Slimes","floor":1,"turns":1},{"damage":0,"enemies":"2 Louse","floor":4,"turns":2},{"damage":0,"enemies":"Jaw Worm","floor":5,"turns":1},{"damage":9,"enemies":"Lagavulin","floor":6,"turns":7},{"damage":22,"enemies":"Large Slime","floor":8,"turns":4},{"damage":26,"enemies":"3 Sentries","floor":12,"turns":5}],"seed_played":"-6058602997536756584","potions_obtained":[{"floor":4,"key":"AttackPotion"},{"floor":5,"key":"Explosive Potion"},{"floor":6,"key":"SpeedPotion"}],"is_trial":false,"path_per_floor":["M","?","?","M","M","E","?","M","T","R","$","E"],"character_chosen":"KOISHI","items_purchased":["Koishi:UnconsciousUrges"],"campfire_rested":0,"item_purchase_floors":[11],"current_hp_per_floor":[60,65,65,65,65,67,67,49,49,49,49,23,23],"gold":115,"neow_bonus":"THREE_ENEMY_KILL","is_daily":false,"chose_seed":false,"campfire_upgraded":1,"win_rate":0.0,"timestamp":1610422016,"path_taken":["M","?","?","?","M","E","?","M","T","R","$","E"],"items_purchased_type":["Card"],"build_version":"2020-12-22","purchased_purges":0,"victory":false,"max_hp_per_floor":[60,65,65,65,65,75,75,75,75,75,75,75,75],"card_choices":[{"not_picked":["Koishi:BloodcurdlingScream","Koishi:FidgetySnatcher"],"picked":"Koishi:PhilosophyOfTheDespised","floor":1},{"not_picked":["Koishi:FourthEye","Koishi:StingingMind"],"picked":"Koishi:LastRemote","floor":4},{"not_picked":["Koishi:ParalyzingFear","Koishi:UnseenTerror"],"picked":"Koishi:EmbryosDream","floor":5},{"not_picked":["Koishi:StrangeCloudFist","Koishi:MindNumbingTerror"],"picked":"Koishi:HeartfeltFancy","floor":6},{"not_picked":["Koishi:EmbryosDream","Koishi:BramblyRoseGarden"],"picked":"Koishi:DreadfulBlow","floor":8}],"player_experience":167786,"relics_obtained":[{"floor":6,"key":"Pear"},{"floor":9,"key":"Matryoshka"}],"event_choices":[{"damage_healed":0,"gold_gain":0,"player_choice":"Donut","damage_taken":0,"max_hp_gain":5,"max_hp_loss":0,"event_name":"Big Fish","floor":2,"gold_loss":0},{"damage_healed":0,"gold_gain":0,"player_choice":"Leave","damage_taken":0,"max_hp_gain":0,"max_hp_loss":0,"event_name":"The Cleric","floor":3,"gold_loss":0},{"damage_healed":0,"gold_gain":0,"player_choice":"Grow","damage_taken":0,"max_hp_gain":0,"max_hp_loss":0,"event_name":"Living Wall","floor":7,"gold_loss":0,"cards_upgraded":["Koishi:HauntingSlash"]}],"is_beta":false,"boss_relics":[],"items_purged_floors":[],"is_endless":false,"potions_floor_spawned":[4,5,6],"killed_by":"3 Sentries","ascension_level":0}}