{"host":"xt3o4iokwksypl90","time":1610479827,"event":{"mods":["AchievementEnabler","BaseMod","Googly Eyes","Highlight Path","Minty Spire (QoL Compilation)","Permanent Neow"],"gold_per_floor":[109,122,140,11,28,28,28,38,38,48,60,79,79,90,90,188,188,204,204,216,116,116,116,141,141,141,141,160,160,176,51,51,148,148,164,217,267,117,132,132,148,164,189,202,215,215,241,256,256,256],"floor_reached":51,"playtime":2062,"items_purged":["Strike_P","Strike_P","Eruption","Defend_P"],"score":765,"play_id":"5cc385f1-e805-4bf3-b557-271acd286fb4","local_time":"20210112203027","is_ascension_mode":false,"campfire_choices":[{"data":"PathToVictory","floor":6.0,"key":"SMITH"},{"data":"PathToVictory","floor":15.0,"key":"SMITH"},{"data":"Protect","floor":23,"key":"SMITH"},{"data":"Protect","floor":25,"key":"SMITH"},{"data":"Vigilance","floor":27,"key":"SMITH"},{"data":"Defend_P","floor":32,"key":"SMITH"},{"floor":40,"key":"REST"},{"floor":49,"key":"DIG"}],"circlet_count":0,"master_deck":["Defend_P","Defend_P+1","Vigilance+1","PathToVictory+1","PathToVictory+1","Protect+1","Protect+1"],"relics":["HolyWater","SacredBark","MutagenicStrength","Bag of Marbles","Mango","CloakClasp","Shovel","Centennial Puzzle","Oddly Smooth Stone","Kunai"],"acts_visited":["Exordium","TheCity","TheBeyond"],"potions_floor_usage":[24,36,50],"damage_taken":[{"damage":0.0,"enemies":"Cultist","floor":1.0,"turns":2.0},{"damage":0.0,"enemies":"Small Slimes","floor":2.0,"turns":2.0},{"damage":0.0,"enemies":"2 Louse","floor":3.0,"turns":2.0},{"damage":0.0,"enemies":"Large Slime","floor":5.0,"turns":4.0},{"damage":1.0,"enemies":"2 Fungi Beasts","floor":8.0,"turns":3.0},{"damage":0.0,"enemies":"Looter","floor":10.0,"turns":4.0},{"damage":1.0,"enemies":"Exordium Thugs","floor":11.0,"turns":3.0},{"damage":0.0,"enemies":"3 Louse","floor":12.0,"turns":3.0},{"damage":0.0,"enemies":"2 Fungi Beasts","floor":14.0,"turns":3.0},{"damage":27.0,"enemies":"Slime Boss","floor":16.0,"turns":8.0},{"damage":2,"enemies":"3 Byrds","floor":18,"turns":5},{"damage":10,"enemies":"Shell Parasite","floor":20,"turns":4},{"damage":0,"enemies":"Gremlin Leader","floor":24,"turns":4},{"damage":5,"enemies":"Snake Plant","floor":28,"turns":4},{"damage":4,"enemies":"3 Cultists","floor":30,"turns":5},{"damage":13,"enemies":"Champ","floor":33,"turns":6},{"damage":0,"enemies":"Orb Walker","floor":35,"turns":3},{"damage":65,"enemies":"2 Orb Walkers","floor":36,"turns":8},{"damage":0,"enemies":"Mind Bloom Boss Battle","floor":37,"turns":7},{"damage":2,"enemies":"3 Darklings","floor":39,"turns":4},{"damage":0,"enemies":"4 Shapes","floor":41,"turns":6},{"damage":27,"enemies":"Sphere and 2 Shapes","floor":42,"turns":5},{"damage":0,"enemies":"Maw","floor":44,"turns":4},{"damage":0,"enemies":"Transient","floor":45,"turns":5},{"damage":2,"enemies":"Sphere and 2 Shapes","floor":48,"turns":4},{"damage":27,"enemies":"Time Eater","floor":50,"turns":5}],"seed_played":"-8449340912445153776","potions_obtained":[{"floor":1.0,"key":"FearPotion"},{"floor":5.0,"key":"Ancient Potion"},{"floor":8.0,"key":"Strength Potion"},{"floor":16.0,"key":"Explosive Potion"},{"floor":18,"key":"Fire Potion"},{"floor":33,"key":"Weak Potion"},{"floor":35,"key":"PowerPotion"},{"floor":36,"key":"FearPotion"},{"floor":39,"key":"Swift Potion"},{"floor":41,"key":"SpeedPotion"}],"is_trial":false,"path_per_floor":["M","M","M","$","M","R","$","M","T","M","M","M","?","M","R","B",null,"M","?","M","$","?","R","E","R","T","R","M","?","M","$","R","B",null,"M","?","?","$","M","R","M","M","T","M","M","?","T","M","R","B",null],"character_chosen":"WATCHER","items_purchased":["PathToVictory"],"campfire_rested":1,"item_purchase_floors":[4],"current_hp_per_floor":[51,51,51,51,51,51,51,50,50,50,49,49,72,72,72,45,72,70,70,60,60,60,60,60,60,74,74,69,69,65,65,65,52,86,86,21,21,21,19,44,44,17,17,17,17,75,75,73,73,46],"gold":256,"neow_bonus":"REMOVE_TWO","is_daily":false,"chose_seed":false,"campfire_upgraded":6,"win_rate":0.0,"timestamp":1610479827,"path_taken":["M","M","M","$","M","R","$","?","T","?","M","M","?","M","R","BOSS","M","?","M","$","?","R","E","R","T","R","M","?","M","$","R","BOSS","M","?","?","$","M","R","M","M","T","M","M","?","?","?","R","BOSS"],"items_purchased_type":["Card"],"build_version":"2020-12-22","purchased_purges":4,"victory":true,"max_hp_per_floor":[72,72,72,72,72,72,72,72,72,72,72,72,72,72,72,72,72,72,72,72,72,72,72,72,72,86,86,86,86,86,86,86,86,86,86,86,86,86,86,86,86,86,86,86,86,75,75,75,75,75],"card_choices":[{"not_picked":["Sanctity","Crescendo"],"picked":"PathToVictory","floor":1.0},{"not_picked":["JustLucky","Indignation","Adaptation"],"picked":"SKIP","floor":2.0},{"not_picked":["WaveOfTheHand","EmptyFist","EmptyMind"],"picked":"SKIP","floor":3.0},{"not_picked":["Halt","Fasting2","WreathOfFlame"],"picked":"SKIP","floor":5.0},{"not_picked":["EmptyBody","SashWhip"],"picked":"Protect","floor":8.0},{"not_picked":["Blasphemy","Swivel","Meditate"],"picked":"SKIP","floor":10.0},{"not_picked":["SashWhip","TalkToTheHand","CutThroughFate"],"picked":"SKIP","floor":11.0},{"not_picked":["Evaluate","Prostrate","Pray"],"picked":"SKIP","floor":12.0},{"not_picked":["Prostrate","BowlingBash","InnerPeace"],"picked":"SKIP","floor":14.0},{"not_picked":["Prostrate","FlurryOfBlows","Swivel"],"picked":"SKIP","floor":18},{"not_picked":["Indignation","FlurryOfBlows+1","Tantrum"],"picked":"SKIP","floor":20},{"not_picked":["PathToVictory","Judgement"],"picked":"Protect","floor":24},{"not_picked":["EmptyBody+1","FlyingSleeves+1","Halt"],"picked":"SKIP","floor":28},{"not_picked":["FlurryOfBlows","FollowUp","WaveOfTheHand"],"picked":"SKIP","floor":30},{"not_picked":["BowlingBash","Prostrate+1","CrushJoints+1"],"picked":"SKIP","floor":35},{"not_picked":["SashWhip+1","EmptyBody+1","Collect"],"picked":"SKIP","floor":39},{"not_picked":["Pray","Conclude+1","Halt+1"],"picked":"SKIP","floor":41},{"not_picked":["ClearTheMind","CutThroughFate","Crescendo+1"],"picked":"SKIP","floor":42},{"not_picked":["JustLucky+1","SashWhip","FlurryOfBlows+1"],"picked":"SKIP","floor":44},{"not_picked":["Indignation+1","SignatureMove","Consecrate+1"],"picked":"SKIP","floor":45},{"not_picked":["Study+1","Prostrate","WindmillStrike"],"picked":"SKIP","floor":48}],"player_experience":294226,"relics_obtained":[{"floor":24,"key":"Bag of Marbles"},{"floor":26,"key":"Mango"},{"floor":36,"key":"CloakClasp"},{"floor":37,"key":"Shovel"},{"floor":43,"key":"Centennial Puzzle"},{"floor":47,"key":"Oddly Smooth Stone"},{"floor":49,"key":"Kunai"}],"event_choices":[{"damage_healed":24.0,"max_hp_gain":0.0,"max_hp_loss":0.0,"gold_gain":0.0,"event_name":"Big Fish","player_choice":"Banana","floor":13.0,"gold_loss":0.0,"damage_taken":0.0},{"damage_healed":0,"gold_gain":0,"player_choice":"Inject Mutagens","damage_taken":0,"relics_obtained":["MutagenicStrength"],"max_hp_gain":0,"max_hp_loss":0,"event_name":"Drug Dealer","floor":22,"gold_loss":0},{"cards_removed":["Strike_P"],"damage_healed":0,"gold_gain":0,"player_choice":"Elegance","damage_taken":0,"max_hp_gain":0,"max_hp_loss":0,"event_name":"Back to Basics","floor":29,"gold_loss":0},{"damage_healed":0,"gold_gain":0,"player_choice":"Fight","damage_taken":0,"max_hp_gain":0,"max_hp_loss":0,"event_name":"Mysterious Sphere","floor":36,"gold_loss":0},{"damage_healed":0,"gold_gain":0,"player_choice":"Fight","damage_taken":0,"max_hp_gain":0,"max_hp_loss":0,"event_name":"MindBloom","floor":37,"gold_loss":0},{"damage_healed":75,"gold_gain":0,"player_choice":"Heal","damage_taken":0,"max_hp_gain":0,"max_hp_loss":11,"event_name":"The Moai Head","floor":46,"gold_loss":0}],"is_beta":false,"boss_relics":[{"not_picked":["Pandora\u0027s Box","Astrolabe"],"picked":"SacredBark"},{"not_picked":["Velvet Choker","Cursed Key"],"picked":"HolyWater"}],"items_purged_floors":[4,21,31,38],"is_endless":false,"potions_floor_spawned":[1,5,8,11,16,18,20,33,35,36,39,41,45,48],"ascension_level":0}}