{"host":"d66n7ln59ex8canu","time":1610425811,"event":{"mods":["AchievementEnabler","BaseMod","Colored Map","Minty Spire (QoL Compilation)","Quick Restart","StSLib"],"gold_per_floor":[115,190,365,365,380,409,409,420,470,486,352,364,384,228,228,323,323,341,440,466,478,478,478,513,523,549,549,549],"floor_reached":27,"playtime":641,"items_purged":[],"score":310,"play_id":"3360f36f-7fd8-4b5f-bc33-d19babdb25dc","local_time":"20210111233011","is_ascension_mode":true,"campfire_choices":[{"data":"Catalyst","floor":7,"key":"SMITH"},{"data":"Poisoned Stab","floor":15,"key":"SMITH"},{"data":"Bane","floor":23,"key":"SMITH"}],"circlet_count":0,"master_deck":["Strike_G+1","Strike_G","Strike_G","Strike_G","Strike_G","Defend_G","Defend_G","Defend_G","Defend_G","Defend_G","Survivor","Neutralize+1","Backstab","Doubt","Poisoned Stab+1","Catalyst+1","Caltrops","Flying Knee","Dramatic Entrance","Bane+1","Footwork","Poisoned Stab","Tools of the Trade","Sucker Punch","Writhe","Cloak And Dagger","Bane","Catalyst+1","Decay"],"relics":["Ring of the Snake","NeowsBlessing","Dream Catcher","Whetstone","Tiny Chest","Juzu Bracelet","Cursed Key","Centennial Puzzle","Potion Belt","Regal Pillow"],"acts_visited":["Exordium","TheCity"],"potions_floor_usage":[16,24,24,27,27],"damage_taken":[{"damage":0,"enemies":"2 Louse","floor":1,"turns":1},{"damage":0,"enemies":"Jaw Worm","floor":5,"turns":1},{"damage":0,"enemies":"Gremlin Nob","floor":6,"turns":1},{"damage":4,"enemies":"Cultist","floor":8,"turns":3},{"damage":1,"enemies":"Red Slaver","floor":10,"turns":4},{"damage":3,"enemies":"Looter","floor":12,"turns":2},{"damage":0,"enemies":"Gremlin Gang","floor":13,"turns":3},{"damage":11,"enemies":"The Guardian","floor":16,"turns":6},{"damage":22,"enemies":"2 Thieves","floor":18,"turns":3},{"damage":14,"enemies":"Shell Parasite","floor":21,"turns":4},{"damage":21,"enemies":"Gremlin Leader","floor":24,"turns":5},{"damage":9,"enemies":"Snecko","floor":25,"turns":5},{"damage":7,"enemies":"Shelled Parasite and Fungi","floor":27,"turns":1}],"seed_played":"3427266062586482421","potions_obtained":[{"floor":5,"key":"Fire Potion"},{"floor":8,"key":"DuplicationPotion"},{"floor":10,"key":"BlessingOfTheForge"},{"floor":13,"key":"DuplicationPotion"},{"floor":21,"key":"ColorlessPotion"},{"floor":25,"key":"Fire Potion"}],"is_trial":false,"path_per_floor":["M","?","?","?","M","E","R","M","T","M","$","M","M","$","R","B",null,"M","?","T","M","?","R","E","M","T","M"],"character_chosen":"THE_SILENT","items_purchased":["Dramatic Entrance","Bane","Juzu Bracelet"],"campfire_rested":0,"item_purchase_floors":[11,11,14],"current_hp_per_floor":[70,59,59,34,34,34,34,30,30,29,29,26,26,26,26,15,70,48,48,48,34,34,34,13,4,4,0,0],"gold":549,"neow_bonus":"THREE_ENEMY_KILL","is_daily":false,"chose_seed":false,"campfire_upgraded":3,"win_rate":0.0,"timestamp":1610425811,"path_taken":["M","?","?","?","M","E","R","M","T","M","?","M","?","$","R","BOSS","M","?","?","M","?","R","E","M","T","M"],"items_purchased_type":["Card","Card","Relic"],"build_version":"2020-12-22","purchased_purges":0,"victory":false,"max_hp_per_floor":[70,70,70,70,70,70,70,70,70,70,70,70,70,70,70,70,70,70,70,70,70,70,70,70,70,70,70,70],"card_choices":[{"not_picked":["PiercingWail","Underhanded Strike"],"picked":"Backstab","floor":1},{"not_picked":["Crippling Poison","Bouncing Flask"],"picked":"Poisoned Stab","floor":5},{"not_picked":["Envenom","Flying Knee"],"picked":"Catalyst","floor":6},{"not_picked":["Flechettes","Terror"],"picked":"Caltrops","floor":8},{"not_picked":["Dagger Throw","Concentrate"],"picked":"Flying Knee","floor":10},{"not_picked":["Well Laid Plans","Slice"],"picked":"Footwork","floor":12},{"not_picked":["Quick Slash","Dagger Throw"],"picked":"Poisoned Stab","floor":13},{"not_picked":["Night Terror","Envenom"],"picked":"Tools of the Trade","floor":16},{"not_picked":["Prepared","Quick Slash"],"picked":"Sucker Punch","floor":18},{"not_picked":["Dagger Throw","Quick Slash"],"picked":"Cloak And Dagger","floor":21},{"not_picked":["Finisher","Acrobatics"],"picked":"Bane","floor":24},{"not_picked":["Prepared","Dagger Spray"],"picked":"Catalyst+1","floor":25}],"player_experience":317992,"relics_obtained":[{"floor":6,"key":"Whetstone"},{"floor":9,"key":"Tiny Chest"},{"floor":20,"key":"Centennial Puzzle"},{"floor":24,"key":"Potion Belt"},{"floor":26,"key":"Regal Pillow"}],"event_choices":[{"damage_healed":0,"gold_gain":75,"player_choice":"Gather Gold","damage_taken":11,"max_hp_gain":0,"max_hp_loss":0,"event_name":"World of Goop","floor":2,"gold_loss":0},{"damage_healed":0,"gold_gain":175,"player_choice":"AGREE","damage_taken":0,"max_hp_gain":0,"max_hp_loss":0,"event_name":"Liars Game","floor":3,"gold_loss":0,"cards_obtained":["Doubt"]},{"damage_healed":0,"gold_gain":0,"player_choice":"Success","damage_taken":25,"relics_obtained":["Dream Catcher"],"max_hp_gain":0,"max_hp_loss":0,"event_name":"Scrap Ooze","floor":4,"gold_loss":0},{"damage_healed":0,"gold_gain":99,"player_choice":"Stole From Cult","damage_taken":0,"max_hp_gain":0,"max_hp_loss":0,"event_name":"Nest","floor":19,"gold_loss":0},{"damage_healed":0,"gold_gain":0,"player_choice":"Bought 0 Potions","damage_taken":0,"max_hp_gain":0,"max_hp_loss":0,"event_name":"The Woman in Blue","floor":22,"gold_loss":0}],"is_beta":false,"boss_relics":[{"not_picked":["Ectoplasm","Calling Bell"],"picked":"Cursed Key"}],"items_purged_floors":[],"is_endless":false,"potions_floor_spawned":[5,8,10,13,21,25],"killed_by":"Shelled Parasite and Fungi","ascension_level":4}}