{"host":"873t0y8ybyo38pfq","time":1610464402,"event":{"mods":["BaseMod","Bestiary","Colored Map","Colored Powertips","Highlight Path","Minty Spire (QoL Compilation)","Quick Restart","RNG Fix","Rare Cards Sparkle","Relic Stats","StSLib"],"gold_per_floor":[111,111,122,135,210,210,220,220,220],"floor_reached":8,"playtime":237,"items_purged":[],"score":96,"play_id":"5f3dc0c7-33de-425e-8a97-2a567c92ae17","local_time":"20210112101322","is_ascension_mode":true,"campfire_choices":[{"data":"Beam Cell","floor":6,"key":"SMITH"}],"circlet_count":0,"master_deck":["AscendersBane","Strike_B","Strike_B","Strike_B","Strike_B","Defend_B","Defend_B","Defend_B","Defend_B","Zap","Dualcast","Doom and Gloom+1","Beam Cell+1","Skim","Cold Snap"],"relics":["Cracked Core","Potion Belt"],"acts_visited":["Exordium"],"potions_floor_usage":[8],"damage_taken":[{"damage":5,"enemies":"2 Louse","floor":1,"turns":3},{"damage":1,"enemies":"Cultist","floor":3,"turns":3},{"damage":10,"enemies":"Small Slimes","floor":4,"turns":3},{"damage":25,"enemies":"3 Louse","floor":7,"turns":3},{"damage":20,"enemies":"3 Sentries","floor":8,"turns":4}],"seed_played":"-2146138027619529888","potions_obtained":[{"floor":7,"key":"ColorlessPotion"}],"is_trial":false,"path_per_floor":["M","?","M","M","?","R","M","E"],"character_chosen":"DEFECT","items_purchased":[],"campfire_rested":0,"item_purchase_floors":[],"current_hp_per_floor":[59,59,58,48,37,37,12,0,0],"gold":220,"neow_bonus":"RANDOM_COMMON_RELIC","is_daily":false,"chose_seed":false,"campfire_upgraded":1,"win_rate":0.0,"timestamp":1610464402,"path_taken":["M","?","?","M","?","R","M","E"],"items_purchased_type":[],"build_version":"2020-12-22","purchased_purges":0,"victory":false,"max_hp_per_floor":[71,71,71,71,71,71,71,71,71],"relic_stats":{"counters":[5,16],"obtain_stats":[{"Potion Belt":0,"Cracked Core":0},{"Potion Belt":0,"Cracked Core":0},{"Potion Belt":0,"Cracked Core":0}]},"card_choices":[{"not_picked":["Melter","Stack"],"picked":"Doom and Gloom","floor":1},{"not_picked":["Recycle","Streamline"],"picked":"Beam Cell","floor":3},{"not_picked":["Hologram","Doom and Gloom"],"picked":"Skim","floor":4},{"not_picked":["Barrage","Defragment"],"picked":"Cold Snap","floor":7}],"player_experience":1596350,"relics_obtained":[],"event_choices":[{"damage_healed":0,"gold_gain":0,"player_choice":"Grow","damage_taken":0,"max_hp_gain":0,"max_hp_loss":0,"event_name":"Living Wall","floor":2,"gold_loss":0,"cards_upgraded":["Doom and Gloom"]},{"damage_healed":0,"gold_gain":75,"player_choice":"Gather Gold","damage_taken":11,"max_hp_gain":0,"max_hp_loss":0,"event_name":"World of Goop","floor":5,"gold_loss":0}],"is_beta":false,"boss_relics":[],"items_purged_floors":[],"is_endless":false,"potions_floor_spawned":[7],"killed_by":"3 Sentries","ascension_level":20}}