{"host":"9v3x998ddbx8o276","time":1610448713,"event":{"mods":["AchievementEnabler","BaseMod","Colored Map","Colored Powertips","Highlight Path","Minty Spire (QoL Compilation)","Quick Restart","Rare Cards Sparkle"],"gold_per_floor":[113,132,50,69,69,69,103,68,68,82,117,117,117,136,136,210,210,221,221,234,284,284,284,284],"floor_reached":23,"playtime":744,"items_purged":[],"score":423,"play_id":"4b7fa5fe-2422-45a1-b832-476d0b567a00","local_time":"20210112212153","is_ascension_mode":true,"campfire_choices":[{"data":"Glass Knife","floor":6,"key":"SMITH"},{"floor":13,"key":"REST"},{"floor":15,"key":"REST"}],"circlet_count":0,"master_deck":["AscendersBane","Defend_G","Defend_G","Defend_G","Defend_G","Defend_G","Survivor","Neutralize","Glass Knife+1","Deadly Poison","All Out Attack","Dagger Throw","Prepared","Bouncing Flask","Dash","Blur","Leg Sweep","Venomology","Escape Plan+1","Well Laid Plans","Bite","Bite","Bite","Bite","Bite"],"relics":["Ring of the Snake","Tough Bandages","Gremlin Horn","Turnip","Nunchaku","FaceOfCleric","Black Star","Bottled Lightning"],"acts_visited":["Exordium","TheCity"],"potions_floor_usage":[7,11,11,20,23,23],"damage_taken":[{"damage":0,"enemies":"Small Slimes","floor":1,"turns":4},{"damage":0,"enemies":"2 Louse","floor":2,"turns":2},{"damage":0,"enemies":"Cultist","floor":4,"turns":2},{"damage":26,"enemies":"Gremlin Nob","floor":7,"turns":4},{"damage":10,"enemies":"Exordium Wildlife","floor":10,"turns":4},{"damage":18,"enemies":"Lagavulin","floor":11,"turns":4},{"damage":9,"enemies":"Large Slime","floor":14,"turns":5},{"damage":20,"enemies":"The Guardian","floor":16,"turns":9},{"damage":17,"enemies":"Shell Parasite","floor":18,"turns":7},{"damage":26,"enemies":"2 Thieves","floor":20,"turns":4},{"damage":18,"enemies":"Slavers","floor":23,"turns":2}],"seed_played":"6082450071531146400","potions_obtained":[{"floor":2,"key":"LiquidMemories"},{"floor":7,"key":"Fruit Juice"},{"floor":10,"key":"LiquidMemories"}],"is_trial":false,"path_per_floor":["M","M","$","M","?","R","E","?","T","M","E","?","R","M","R","B",null,"M","T","M","?","?","E"],"character_chosen":"THE_SILENT","items_purchased":["PowerPotion","Dagger Throw"],"campfire_rested":2,"item_purchase_floors":[3,3],"current_hp_per_floor":[59,59,59,59,48,48,27,44,44,34,16,16,37,29,50,31,63,47,47,22,22,22,6,6],"gold":284,"neow_bonus":"ONE_RANDOM_RARE_CARD","is_daily":false,"chose_seed":false,"campfire_upgraded":1,"win_rate":0.0,"timestamp":1610448713,"path_taken":["M","M","$","M","?","R","E","?","T","M","E","?","R","M","R","BOSS","M","?","M","?","?","E"],"items_purchased_type":["Potion","Card"],"build_version":"2020-12-22","purchased_purges":0,"victory":false,"max_hp_per_floor":[66,66,66,66,66,66,71,71,71,71,71,71,71,72,72,73,73,74,74,75,75,52,52,52],"card_choices":[{"not_picked":["Acrobatics","Backflip"],"picked":"Deadly Poison","floor":1},{"not_picked":["Flying Knee","Skewer"],"picked":"All Out Attack","floor":2},{"not_picked":["Sucker Punch","Cloak And Dagger"],"picked":"Prepared","floor":4},{"not_picked":["Prepared","Heel Hook"],"picked":"Bouncing Flask","floor":7},{"not_picked":["PiercingWail","Flechettes"],"picked":"Dash","floor":10},{"not_picked":["Unload","Eviscerate"],"picked":"Blur","floor":11},{"not_picked":["Poisoned Stab","Deflect"],"picked":"Leg Sweep","floor":14},{"not_picked":["Grand Finale","After Image"],"picked":"Venomology","floor":16},{"not_picked":["Endless Agony","Sucker Punch"],"picked":"Escape Plan+1","floor":18},{"not_picked":["Underhanded Strike","Flechettes"],"picked":"Well Laid Plans","floor":20}],"player_experience":1645768,"relics_obtained":[{"floor":7,"key":"Gremlin Horn"},{"floor":9,"key":"Turnip"},{"floor":11,"key":"Nunchaku"},{"floor":19,"key":"Bottled Lightning"}],"event_choices":[{"damage_healed":0,"gold_gain":0,"player_choice":"Success","damage_taken":11,"relics_obtained":["Tough Bandages"],"max_hp_gain":0,"max_hp_loss":0,"event_name":"Scrap Ooze","floor":5,"gold_loss":0},{"damage_healed":17,"gold_gain":0,"player_choice":"Healed","damage_taken":0,"max_hp_gain":0,"max_hp_loss":0,"event_name":"The Cleric","floor":8,"gold_loss":35},{"damage_healed":0,"gold_gain":0,"player_choice":"Trade","damage_taken":0,"relics_obtained":["FaceOfCleric"],"max_hp_gain":0,"max_hp_loss":0,"event_name":"FaceTrader","floor":12,"gold_loss":0},{"damage_healed":0,"gold_gain":50,"player_choice":"Stole From Cult","damage_taken":0,"max_hp_gain":0,"max_hp_loss":0,"event_name":"Nest","floor":21,"gold_loss":0},{"damage_healed":0,"gold_gain":0,"player_choice":"Became a vampire","damage_taken":0,"max_hp_gain":0,"max_hp_loss":23,"event_name":"Vampires","floor":22,"gold_loss":0,"cards_obtained":["Bite","Bite","Bite","Bite","Bite"]}],"is_beta":false,"boss_relics":[{"not_picked":["Busted Crown","Tiny House"],"picked":"Black Star"}],"items_purged_floors":[],"is_endless":false,"potions_floor_spawned":[2,4,7,10],"killed_by":"Slavers","ascension_level":20}}