{"host":"raaimkojny05jekw","time":1610452557,"event":{"mods":["AchievementEnabler","BaseMod","Colored Map","Colored Powertips","DeckTracker","Minty Spire (QoL Compilation)","Quick Restart","Rare Cards Sparkle","everything is the same but u backflip on backflip"],"gold_per_floor":[114,114,114,65,76,76,88,118,118,170,170,190,190,215,215,326,353,378,403,403,415,16,16,44,44,123,123,48,68,105,20,20,20,20],"floor_reached":33,"playtime":967,"items_purged":["Strike_R"],"score":318,"play_id":"75cee211-1ab0-448d-bff6-eb24b891c32f","local_time":"20210112205557","is_ascension_mode":true,"campfire_choices":[{"data":"Bash","floor":6,"key":"SMITH"},{"data":"Warcry","floor":11,"key":"SMITH"},{"data":"Battle Trance","floor":13,"key":"SMITH"},{"data":"Seeing Red","floor":15,"key":"SMITH"},{"data":"Secret Weapon","floor":23,"key":"SMITH"},{"data":"Pommel Strike","floor":25,"key":"SMITH"},{"data":"Shrug It Off","floor":27,"key":"SMITH"},{"data":"Deep Breath","floor":32,"key":"SMITH"}],"circlet_count":0,"master_deck":["Strike_R","Defend_R","Defend_R","Defend_R","Defend_R","Bash+1","Anger+1","Carnage+1","Shrug It Off+1","Warcry+1","Headbutt","Battle Trance+1","Impervious","Seeing Red+1","Fiend Fire","Intimidate+1","Burning Pact+1","Reaper+1","Spot Weakness","Pommel Strike+1","Secret Weapon+1","Headbutt+1","Deep Breath+1","Dark Embrace+1"],"relics":["Burning Blood","StrikeDummy","CeramicFish","Happy Flower","Astrolabe","Vajra","Mummified Hand","Singing Bowl","Bronze Scales"],"acts_visited":["Exordium","TheCity"],"potions_floor_usage":[8,12,16,18,21,29,30],"damage_taken":[{"damage":4,"enemies":"Small Slimes","floor":1,"turns":3},{"damage":12,"enemies":"Jaw Worm","floor":5,"turns":2},{"damage":0,"enemies":"Cultist","floor":7,"turns":3},{"damage":8,"enemies":"Gremlin Nob","floor":8,"turns":3},{"damage":13,"enemies":"Exordium Thugs","floor":12,"turns":3},{"damage":1,"enemies":"3 Louse","floor":14,"turns":3},{"damage":48,"enemies":"Hexaghost","floor":16,"turns":6},{"damage":26,"enemies":"Shell Parasite","floor":18,"turns":4},{"damage":16,"enemies":"3 Byrds","floor":19,"turns":5},{"damage":10,"enemies":"Sentry and Sphere","floor":21,"turns":4},{"damage":20,"enemies":"Cultist and Chosen","floor":24,"turns":5},{"damage":0,"enemies":"Snake Plant","floor":29,"turns":2},{"damage":9,"enemies":"Slavers","floor":30,"turns":3},{"damage":69,"enemies":"Collector","floor":33,"turns":6}],"seed_played":"-416072961014508826","potions_obtained":[{"floor":1,"key":"Energy Potion"},{"floor":7,"key":"CultistPotion"},{"floor":14,"key":"Strength Potion"},{"floor":16,"key":"LiquidMemories"},{"floor":19,"key":"PowerPotion"},{"floor":21,"key":"Fire Potion"},{"floor":24,"key":"Energy Potion"}],"is_trial":false,"path_per_floor":["M","?","?","$","M","R","M","E","T","T","R","M","R","M","R","B",null,"M","M","?","M","$","R","M","R","T","R","$","M","E","?","R","B"],"character_chosen":"IRONCLAD","items_purchased":["Shrug It Off","Vajra","Secret Weapon","Deep Breath"],"campfire_rested":0,"item_purchase_floors":[4,22,22,28],"current_hp_per_floor":[80,64,69,69,63,63,69,67,67,67,67,60,60,65,65,23,85,65,71,71,67,67,67,62,62,62,62,62,68,65,65,65,0,0],"gold":20,"neow_bonus":"THREE_CARDS","is_daily":false,"chose_seed":false,"campfire_upgraded":8,"win_rate":0.0,"timestamp":1610452557,"path_taken":["M","?","?","$","M","R","M","E","T","?","R","M","R","?","R","BOSS","M","M","?","M","$","R","M","R","T","R","?","?","E","?","R","BOSS"],"items_purchased_type":["Card","Relic","Card","Card"],"build_version":"2020-12-22","purchased_purges":1,"victory":false,"max_hp_per_floor":[80,80,85,85,85,85,85,85,85,85,85,85,85,85,85,85,85,85,85,85,85,85,85,85,85,85,85,85,85,85,85,85,85,85],"card_choices":[{"not_picked":["Burning Pact","Ghostly Armor"],"picked":"Anger","floor":0},{"not_picked":["Spot Weakness","Clothesline"],"picked":"Carnage","floor":1},{"not_picked":["Sword Boomerang","Flex"],"picked":"Warcry","floor":5},{"not_picked":["Flex","Bloodletting"],"picked":"Headbutt","floor":7},{"not_picked":["Thunderclap","Heavy Blade"],"picked":"Battle Trance","floor":8},{"not_picked":["Sword Boomerang","Headbutt"],"picked":"Impervious","floor":12},{"not_picked":["Spot Weakness","Flex"],"picked":"Seeing Red","floor":14},{"not_picked":["Bludgeon","Exhume"],"picked":"Fiend Fire","floor":16},{"not_picked":["Searing Blow+1","Sever Soul"],"picked":"Spot Weakness","floor":18},{"not_picked":["Thunderclap+1","Power Through"],"picked":"Pommel Strike","floor":19},{"not_picked":["Spot Weakness","Clash+1","Anger"],"picked":"SKIP","floor":21},{"not_picked":["Anger+1","Iron Wave"],"picked":"Headbutt+1","floor":24},{"not_picked":["Flex","Headbutt","Armaments"],"picked":"SKIP","floor":29},{"not_picked":["Thunderclap","Wild Strike+1"],"picked":"Dark Embrace+1","floor":30}],"player_experience":737326,"relics_obtained":[{"floor":8,"key":"StrikeDummy"},{"floor":9,"key":"CeramicFish"},{"floor":10,"key":"Happy Flower"},{"floor":26,"key":"Mummified Hand"},{"floor":30,"key":"Singing Bowl"}],"event_choices":[{"damage_healed":0,"gold_gain":0,"player_choice":"Entered Light","damage_taken":16,"max_hp_gain":0,"max_hp_loss":0,"event_name":"Shining Light","floor":2,"gold_loss":0,"cards_upgraded":["Anger","Carnage"]},{"damage_healed":0,"gold_gain":0,"player_choice":"Donut","damage_taken":0,"max_hp_gain":5,"max_hp_loss":0,"event_name":"Big Fish","floor":3,"gold_loss":0},{"damage_healed":0,"gold_gain":0,"player_choice":"Ignored","damage_taken":0,"max_hp_gain":0,"max_hp_loss":0,"event_name":"Vampires","floor":20,"gold_loss":0},{"damage_healed":0,"gold_gain":0,"player_choice":"Obtained Relic","damage_taken":0,"relics_obtained":["Bronze Scales"],"max_hp_gain":0,"max_hp_loss":0,"event_name":"Addict","floor":31,"gold_loss":85}],"is_beta":false,"boss_relics":[{"not_picked":["Fusion Hammer","Runic Pyramid"],"picked":"Astrolabe"}],"items_purged_floors":[22],"is_endless":false,"potions_floor_spawned":[1,7,14,16,19,21,24],"killed_by":"Collector","ascension_level":4}}