{"host":"eejrqhjknvwl59ep","time":1610455478,"event":{"mods":["BaseMod","Downfall","Hubris","Infinite Spire","Minty Spire (QoL Compilation)","StSLib"],"gold_per_floor":[117,117,117,82,100,133,133,83,83,83,83,101,135,135,135,234,234,254,254,185,185,210,210,235,235,235,235],"floor_reached":25,"playtime":999,"items_purged":[],"score":223,"play_id":"1166a538-383a-4ae5-bde8-0bc92d38112f","local_time":"20210112134438","daily_mods":["Draft","Heirloom","Flight"],"is_ascension_mode":false,"campfire_choices":[{"data":"Slimebound:SamplingLick","floor":7,"key":"SMITH"},{"data":"Slimebound:RejuvenatingLick","floor":11,"key":"SMITH"},{"data":"Slimebound:Grow","floor":15,"key":"SMITH"},{"data":"Slimebound:Recycling","floor":23,"key":"SMITH"}],"circlet_count":0,"master_deck":["Slimebound:SplitMire","Slimebound:SplitMire","Slimebound:RejuvenatingLick+1","Slimebound:RollThrough","Slimebound:SamplingLick","Slimebound:ItLooksTasty","Slimebound:ViciousTackle","Slimebound:FinishingTackle","Slimebound:LeadByExample","Slimebound:FirmFortitude","Slimebound:Gluttony","Slimebound:RainOfGoop","Slimebound:AcidTongue","Slimebound:SlimeSpikes","Slimebound:LeechingTouch","Slimebound:TongueLash","Slimebound:SamplingLick+1","Slimebound:HungryTackle","Slimebound:FirmFortitude","Slimebound:Recycling+1","Slimebound:Nibble","Slimebound:MegaLick","Slimebound:TongueLash"],"relics":["Slimebound:AbsorbEndCombat","Gambling Chip","hubris:Icosahedron","Slimebound:AggressiveSlimeRelic","Darkstone Periapt","Peace Pipe","Philosopher\u0027s Stone","Ancient Tea Set","Question Card"],"acts_visited":["Exordium","TheCity"],"potions_floor_usage":[],"damage_taken":[{"damage":11,"enemies":"Jaw Worm","floor":1,"turns":2},{"damage":9,"enemies":"2 Louse","floor":5,"turns":3},{"damage":9,"enemies":"Lagavulin","floor":6,"turns":5},{"damage":11,"enemies":"Small Slimes","floor":12,"turns":2},{"damage":41,"enemies":"Gremlin Nob","floor":13,"turns":4},{"damage":38,"enemies":"Hexaghost","floor":16,"turns":6},{"damage":13,"enemies":"Shell Parasite","floor":18,"turns":4},{"damage":35,"enemies":"Book of Stabbing","floor":24,"turns":4},{"damage":51,"enemies":"Gremlin Leader","floor":25,"turns":4}],"seed_played":"-1558697558154619557","potions_obtained":[{"floor":6,"key":"DistilledChaos"},{"floor":12,"key":"Swift Potion"}],"is_trial":true,"path_per_floor":["M","?","?","$","M","E","R","?","T","?","R","M","E","$","R","B",null,"M","?","$","?","T","R","E","E"],"character_chosen":"SLIMEBOUND","items_purchased":["Slimebound:Grow","Slimebound:MegaLick"],"campfire_rested":0,"item_purchase_floors":[4,20],"current_hp_per_floor":[55,55,60,60,61,58,58,58,58,58,58,59,34,34,34,24,65,65,65,65,54,54,54,35,0,0,0],"gold":235,"neow_bonus":"","is_daily":false,"chose_seed":false,"campfire_upgraded":4,"win_rate":0.0,"timestamp":1610455478,"path_taken":["M","?","?","?","M","E","R","?","T","?","R","?","E","$","R","BOSS","M","?","$","?","?","R","E","E"],"items_purchased_type":["Card","Card"],"build_version":"2020-12-22","purchased_purges":0,"victory":false,"max_hp_per_floor":[60,60,65,65,65,65,65,65,65,65,65,65,65,65,65,65,65,65,65,65,70,70,70,70,70,70,70],"card_choices":[{"not_picked":["Slimebound:ViciousTackle","Slimebound:Schlurp"],"picked":"Slimebound:SplitMire","floor":0},{"not_picked":["Slimebound:GrowthPunch","Slimebound:Schlurp"],"picked":"Slimebound:SplitMire","floor":0},{"not_picked":["Slimebound:SpikyOuterGoop","Slimebound:SplitAcid"],"picked":"Slimebound:RejuvenatingLick","floor":0},{"not_picked":["Slimebound:FlameTackle","Slimebound:FormOfPuddle"],"picked":"Slimebound:RollThrough","floor":0},{"not_picked":["Slimebound:SplitAcid","Slimebound:FinishingTackle"],"picked":"Slimebound:SamplingLick","floor":0},{"not_picked":["Slimebound:SplitLeeching","Slimebound:PressTheAttack"],"picked":"Slimebound:ItLooksTasty","floor":0},{"not_picked":["Slimebound:LeadByExample","Slimebound:DivideAndConquer"],"picked":"Slimebound:ViciousTackle","floor":0},{"not_picked":["Slimebound:ComboTackle","Slimebound:Replication"],"picked":"Slimebound:PressTheAttack","floor":0},{"not_picked":["Slimebound:SplitBruiser","Slimebound:Dissolve"],"picked":"Slimebound:FinishingTackle","floor":0},{"not_picked":["Slimebound:SplitMire","Slimebound:SplitBruiser"],"picked":"Slimebound:LeadByExample","floor":0},{"not_picked":["Slimebound:Grow","Slimebound:RollThrough"],"picked":"Slimebound:FirmFortitude","floor":0},{"not_picked":["Slimebound:SlimeTap","Slimebound:FlameTackle"],"picked":"Slimebound:Gluttony","floor":0},{"not_picked":["Slimebound:Schlurp","Slimebound:LeechingTouch"],"picked":"Slimebound:RainOfGoop","floor":0},{"not_picked":["Slimebound:DivideAndConquer","Slimebound:BestDefense"],"picked":"Slimebound:AcidTongue","floor":0},{"not_picked":["Slimebound:Recollect","Slimebound:AcidTongue"],"picked":"Slimebound:SlimeSpikes","floor":0},{"not_picked":["Slimebound:ItLooksTasty","Slimebound:LivingWall"],"picked":"Slimebound:LeechingTouch","floor":1},{"not_picked":["Slimebound:SamplingLick","Slimebound:ComboTackle"],"picked":"Slimebound:TongueLash","floor":5},{"not_picked":["Slimebound:GoopSpray","Slimebound:Repurpose"],"picked":"Slimebound:SamplingLick","floor":6},{"not_picked":["Slimebound:Repurpose","Slimebound:FormOfPuddle"],"picked":"Slimebound:HungryTackle","floor":12},{"not_picked":["Slimebound:Recollect","Slimebound:RollThrough"],"picked":"Slimebound:FirmFortitude","floor":13},{"not_picked":["Slimebound:OozeBath","Slimebound:Overexert"],"picked":"Slimebound:Recycling","floor":16},{"not_picked":["Slimebound:ComboTackle","Slimebound:PressTheAttack+1"],"picked":"Slimebound:Nibble","floor":18},{"not_picked":["Slimebound:DivideAndConquer","Slimebound:Chomp"],"picked":"Slimebound:TongueLash","floor":24}],"player_experience":246188,"relics_obtained":[{"floor":6,"key":"Slimebound:AggressiveSlimeRelic"},{"floor":9,"key":"Darkstone Periapt"},{"floor":13,"key":"Peace Pipe"},{"floor":22,"key":"Ancient Tea Set"},{"floor":24,"key":"Question Card"}],"event_choices":[{"damage_healed":0,"gold_gain":0,"player_choice":"Donut","damage_taken":0,"max_hp_gain":5,"max_hp_loss":0,"event_name":"Big Fish","floor":3,"gold_loss":0},{"cards_removed":["Slimebound:PressTheAttack"],"damage_healed":0,"gold_gain":0,"player_choice":"Card Removal","damage_taken":0,"max_hp_gain":0,"max_hp_loss":0,"event_name":"The Cleric","floor":8,"gold_loss":50},{"cards_removed":["Slimebound:Grow"],"damage_healed":0,"gold_gain":0,"player_choice":"Elegance","damage_taken":0,"max_hp_gain":0,"max_hp_loss":0,"event_name":"Back to Basics","floor":19,"gold_loss":0},{"damage_healed":0,"gold_gain":0,"player_choice":"Shed Blood","damage_taken":16,"max_hp_gain":5,"max_hp_loss":0,"event_name":"Forgotten Altar","floor":21,"gold_loss":0}],"is_beta":false,"boss_relics":[{"not_picked":["hubris:TerracottaHorce","Astrolabe"],"picked":"Philosopher\u0027s Stone"}],"items_purged_floors":[],"is_endless":false,"potions_floor_spawned":[6,12],"killed_by":"Gremlin Leader","ascension_level":0}}