{"host":"cv6i479uilws7tk5","time":1610475151,"event":{"mods":["BaseMod","Better Altar","Better Match","Better Note","Better Sensory Stone","Better Skull","Better Third Choice","Energized Spire","Highlight Path","Minty Spire (QoL Compilation)","Rare Cards Sparkle","Relic Stats","StSLib"],"gold_per_floor":[112,65,240,190,190,225,242,272,272,272,53,53,70,70,70,170,170,183,183,26,50,61,88,88,123,148,148,175,185,204,239,239,239,239],"floor_reached":33,"playtime":1011,"items_purged":["Strike_G"],"score":425,"play_id":"f4c2f6dc-4b3d-4251-9ba7-e7921432107c","local_time":"20210112111231","is_ascension_mode":true,"campfire_choices":[{"floor":10.0,"key":"REST"},{"data":"Caltrops","floor":12.0,"key":"SMITH"},{"data":"Caltrops","floor":15.0,"key":"SMITH"},{"floor":24,"key":"REST"},{"floor":27,"key":"REST"},{"floor":32,"key":"REST"}],"circlet_count":0,"master_deck":["Strike_G","Strike_G","Strike_G","Strike_G","Defend_G","Defend_G","Defend_G","Defend_G","Defend_G","Survivor","Neutralize","Caltrops+1","Crippling Poison+1","Deadly Poison+1","Crippling Poison+1","Caltrops+1","A Thousand Cuts","Footwork","Outmaneuver+1","PiercingWail+1","Calculated Gamble+1"],"relics":["Ring of the Snake","NeowsBlessing","betterThird:SlimedRelic","Toxic Egg 2","Akabeko","Art of War","Tiny Chest","PreservedInsect","Runic Pyramid","Enchiridion","Blue Candle","Mummified Hand","Ancient Tea Set","InkBottle","Juzu Bracelet"],"acts_visited":["Exordium","TheCity"],"potions_floor_usage":[31,33],"damage_taken":[{"damage":0.0,"enemies":"Small Slimes","floor":1.0,"turns":1.0},{"damage":0.0,"enemies":"3 Sentries","floor":6.0,"turns":1.0},{"damage":0.0,"enemies":"Jaw Worm","floor":7.0,"turns":1.0},{"damage":19.0,"enemies":"Lagavulin","floor":8.0,"turns":6.0},{"damage":6.0,"enemies":"2 Louse","floor":13.0,"turns":2.0},{"damage":22,"enemies":"Hexaghost","floor":16,"turns":8},{"damage":1,"enemies":"3 Byrds","floor":18,"turns":3},{"damage":12,"enemies":"Shell Parasite","floor":22,"turns":4},{"damage":7,"enemies":"Book of Stabbing","floor":23,"turns":5},{"damage":16,"enemies":"Gremlin Leader","floor":25,"turns":5},{"damage":15,"enemies":"Book of Stabbing","floor":28,"turns":3},{"damage":10,"enemies":"3 Cultists","floor":29,"turns":4},{"damage":3,"enemies":"Sentry and Sphere","floor":30,"turns":4},{"damage":6,"enemies":"Slavers","floor":31,"turns":3},{"damage":51,"enemies":"Collector","floor":33,"turns":8}],"seed_played":"2771218988725524378","potions_obtained":[{"floor":1.0,"key":"LiquidMemories"},{"floor":16,"key":"SteroidPotion"},{"floor":18,"key":"ColorlessPotion"}],"is_trial":false,"path_per_floor":["M","?","?","?","T","E","M","E","T","R","$","R","M","?","R","B",null,"M","?","$","T","M","E","R","E","T","R","E","M","M","E","R","B"],"character_chosen":"THE_SILENT","items_purchased":["PreservedInsect","Caltrops","Footwork"],"campfire_rested":4,"item_purchase_floors":[11,11,20],"current_hp_per_floor":[70,59,59,59,59,59,59,40,40,61,61,61,55,70,70,48,70,69,53,53,53,41,34,55,39,39,60,45,35,32,26,47,0,0],"gold":239,"neow_bonus":"THREE_ENEMY_KILL","is_daily":false,"chose_seed":false,"campfire_upgraded":2,"win_rate":0.0,"timestamp":1610475151,"path_taken":["M","?","?","?","?","E","?","E","T","R","$","R","M","?","R","BOSS","M","?","?","?","M","E","R","E","T","R","E","?","M","E","R","BOSS"],"items_purchased_type":["Relic","Card","Card"],"build_version":"2020-12-22","purchased_purges":1,"victory":false,"max_hp_per_floor":[70,70,70,70,70,70,70,70,70,70,70,70,70,70,70,70,70,70,70,70,70,70,70,70,70,70,70,70,70,70,70,70,70,70],"relic_stats":{"counters":[15,58],"Mummified Hand":[26],"Blue Candle":[0],"Tiny Chest":1,"PreservedInsect":167,"Art of War":[19],"Juzu Bracelet":0,"obtain_stats":[{"NeowsBlessing":0,"Blue Candle":23,"Enchiridion":19,"PreservedInsect":11,"Juzu Bracelet":31,"Ancient Tea Set":26,"Akabeko":6,"Mummified Hand":25,"betterThird:SlimedRelic":2,"Tiny Chest":9,"Art of War":8,"Toxic Egg 2":5,"InkBottle":28,"Ring of the Snake":0,"Runic Pyramid":17},{"NeowsBlessing":0,"Blue Candle":9,"Enchiridion":7,"PreservedInsect":4,"Juzu Bracelet":14,"Ancient Tea Set":10,"Akabeko":2,"Mummified Hand":10,"betterThird:SlimedRelic":1,"Tiny Chest":4,"Art of War":4,"Toxic Egg 2":1,"InkBottle":11,"Ring of the Snake":0,"Runic Pyramid":6},{"NeowsBlessing":0,"Blue Candle":31,"Enchiridion":22,"PreservedInsect":9,"Juzu Bracelet":50,"Ancient Tea Set":36,"Akabeko":2,"Mummified Hand":36,"betterThird:SlimedRelic":1,"Tiny Chest":9,"Art of War":9,"Toxic Egg 2":1,"InkBottle":39,"Ring of the Snake":0,"Runic Pyramid":19}],"InkBottle":[9],"Ring of the Snake":[30]},"card_choices":[{"not_picked":["Underhanded Strike","Sucker Punch"],"picked":"Caltrops","floor":1.0},{"not_picked":["Slice","Dodge and Roll+1"],"picked":"Crippling Poison+1","floor":6.0},{"not_picked":["Underhanded Strike","Poisoned Stab"],"picked":"Deadly Poison+1","floor":7.0},{"not_picked":["Cloak And Dagger+1","PiercingWail+1"],"picked":"Crippling Poison+1","floor":8.0},{"not_picked":["Eviscerate","Crippling Poison+1","Prepared+1"],"picked":"SKIP","floor":13.0},{"not_picked":["Phantasmal Killer+1","Envenom"],"picked":"A Thousand Cuts","floor":16},{"not_picked":["Dagger Throw","Dodge and Roll+1","Sucker Punch"],"picked":"SKIP","floor":18},{"not_picked":["All Out Attack","Underhanded Strike","Dodge and Roll+1"],"picked":"SKIP","floor":22},{"not_picked":["PiercingWail+1","Dagger Spray"],"picked":"Outmaneuver+1","floor":23},{"not_picked":["Dash","Setup+1"],"picked":"PiercingWail+1","floor":25},{"not_picked":["Expertise+1","Dagger Throw","Distraction+1"],"picked":"SKIP","floor":28},{"not_picked":["Outmaneuver+1","Bane","PiercingWail+1"],"picked":"SKIP","floor":29},{"not_picked":["Dodge and Roll+1","Setup+1","Burst+1"],"picked":"SKIP","floor":30},{"not_picked":["Finisher","Outmaneuver+1"],"picked":"Calculated Gamble+1","floor":31}],"player_experience":331414,"relics_obtained":[{"floor":5.0,"key":"Toxic Egg 2"},{"floor":6.0,"key":"Akabeko"},{"floor":8.0,"key":"Art of War"},{"floor":9.0,"key":"Tiny Chest"},{"floor":19,"key":"Enchiridion"},{"floor":23,"key":"Blue Candle"},{"floor":25,"key":"Mummified Hand"},{"floor":26,"key":"Ancient Tea Set"},{"floor":28,"key":"InkBottle"},{"floor":31,"key":"Juzu Bracelet"}],"event_choices":[{"damage_healed":0.0,"max_hp_gain":0.0,"max_hp_loss":0.0,"gold_gain":0.0,"event_name":"betterThird:BetterGoop","player_choice":"Slimed","floor":2.0,"gold_loss":47.0,"damage_taken":11.0},{"damage_healed":0.0,"max_hp_gain":0.0,"max_hp_loss":0.0,"gold_gain":175.0,"event_name":"betterThird:BetterSerpent","player_choice":"AGREE","floor":3.0,"gold_loss":0.0,"damage_taken":65.0},{"cards_removed":["Doubt"],"damage_healed":0.0,"max_hp_gain":0.0,"max_hp_loss":0.0,"gold_gain":0.0,"event_name":"The Cleric","player_choice":"Card Removal","floor":4.0,"gold_loss":50.0,"damage_taken":0.0},{"damage_healed":23.0,"max_hp_gain":0.0,"max_hp_loss":0.0,"gold_gain":0.0,"event_name":"Big Fish","player_choice":"Banana","floor":14.0,"gold_loss":0.0,"damage_taken":0.0},{"damage_healed":0,"gold_gain":0,"player_choice":"Obtained Book","damage_taken":16,"max_hp_gain":0,"max_hp_loss":0,"event_name":"Cursed Tome","floor":19,"gold_loss":0}],"is_beta":false,"boss_relics":[{"not_picked":["Snecko Eye","energizedSpire:OgreHead"],"picked":"Runic Pyramid"}],"items_purged_floors":[20],"is_endless":false,"potions_floor_spawned":[1,16,18,23,25,30],"killed_by":"Collector","ascension_level":4}}