{"host":"t7mx8yfj1no5p62f","time":1610472128,"event":{"mods":["BaseMod","Bestiary","Colored Map","Colored Powertips","Minty Spire (QoL Compilation)","Relic Stats","StSLib"],"gold_per_floor":[118,135,135,151,15,15,30,57,57,90,90,100,131,147,147,224,224,234,269,280,300,300,332,332,332,332],"floor_reached":25,"playtime":944,"items_purged":[],"score":511,"play_id":"5faea462-4e05-4d9f-bf92-5b0fd1b4f173","local_time":"20210112122208","is_ascension_mode":true,"campfire_choices":[{"data":"Carnage","floor":6,"key":"SMITH"},{"data":"Armaments","floor":15,"key":"SMITH"},{"floor":24,"key":"REST"}],"circlet_count":0,"master_deck":["AscendersBane","Defend_R","Defend_R","Defend_R","Defend_R","Bash","Perfected Strike+1","Metallicize","Carnage+1","Shrug It Off","Battle Trance","Ghostly Armor","Armaments+1","Bludgeon+1","Perfected Strike+1","Bite+1","Bite+1","Bite+1","Bite+1","Bite+1","Shrug It Off"],"relics":["Burning Blood","Ornamental Fan","Molten Egg 2","Pantograph","Boot","Fusion Hammer","Red Mask","Tiny Chest"],"acts_visited":["Exordium","TheCity"],"potions_floor_usage":[8,13,16,19,25],"damage_taken":[{"damage":3,"enemies":"2 Louse","floor":1,"turns":3},{"damage":4,"enemies":"Jaw Worm","floor":2,"turns":3},{"damage":0,"enemies":"Cultist","floor":4,"turns":3},{"damage":3,"enemies":"Looter","floor":7,"turns":3},{"damage":21,"enemies":"Lagavulin","floor":8,"turns":6},{"damage":8,"enemies":"Gremlin Nob","floor":10,"turns":3},{"damage":7,"enemies":"Blue Slaver","floor":12,"turns":3},{"damage":13,"enemies":"3 Sentries","floor":13,"turns":12},{"damage":10,"enemies":"Exordium Wildlife","floor":14,"turns":5},{"damage":64,"enemies":"The Guardian","floor":16,"turns":15},{"damage":6,"enemies":"Spheric Guardian","floor":18,"turns":3},{"damage":9,"enemies":"Masked Bandits","floor":19,"turns":3},{"damage":10,"enemies":"Shell Parasite","floor":20,"turns":5},{"damage":9,"enemies":"Centurion and Healer","floor":21,"turns":7},{"damage":80,"enemies":"Slavers","floor":23,"turns":10},{"damage":53,"enemies":"Gremlin Leader","floor":25,"turns":5}],"seed_played":"3898788751863661609","potions_obtained":[{"floor":2,"key":"SteroidPotion"},{"floor":8,"key":"DistilledChaos"},{"floor":18,"key":"Explosive Potion"},{"floor":23,"key":"Explosive Potion"}],"is_trial":false,"path_per_floor":["M","M","?","M","$","R","M","E","T","E","?","M","E","M","R","B",null,"M","?","M","M","?","E","R","E"],"character_chosen":"IRONCLAD","items_purchased":["GamblersBrew","Shrug It Off"],"campfire_rested":1,"item_purchase_floors":[5,5],"current_hp_per_floor":[78,80,80,82,82,82,82,67,67,65,65,64,57,53,53,20,67,67,64,60,57,57,7,24,0,0],"gold":332,"neow_bonus":"TEN_PERCENT_HP_BONUS","is_daily":false,"chose_seed":false,"campfire_upgraded":2,"win_rate":0.0,"timestamp":1610472128,"path_taken":["M","M","?","M","$","R","M","E","T","E","?","?","E","M","R","BOSS","M","?","M","M","?","E","R","E"],"items_purchased_type":["Potion","Card"],"build_version":"2020-12-22","purchased_purges":0,"victory":false,"max_hp_per_floor":[82,82,82,82,82,82,82,82,82,82,82,82,82,82,82,82,82,82,82,82,82,57,57,57,57,57],"relic_stats":{"counters":[16,89],"Ornamental Fan":[16],"Pantograph":25,"Tiny Chest":0,"Boot":[1],"obtain_stats":[{"Ornamental Fan":8,"Pantograph":10,"Molten Egg 2":9,"Tiny Chest":23,"Fusion Hammer":17,"Red Mask":19,"Boot":13,"Burning Blood":0},{"Ornamental Fan":5,"Pantograph":6,"Molten Egg 2":5,"Tiny Chest":15,"Fusion Hammer":10,"Red Mask":12,"Boot":8,"Burning Blood":0},{"Ornamental Fan":18,"Pantograph":21,"Molten Egg 2":18,"Tiny Chest":84,"Fusion Hammer":56,"Red Mask":62,"Boot":36,"Burning Blood":0}],"Burning Blood":83},"card_choices":[{"not_picked":["Flex","Shrug It Off"],"picked":"Perfected Strike","floor":1},{"not_picked":["Evolve","Armaments"],"picked":"Metallicize","floor":2},{"not_picked":["Sword Boomerang","Thunderclap"],"picked":"Carnage","floor":4},{"not_picked":["Blood for Blood","Heavy Blade","Flex"],"picked":"SKIP","floor":7},{"not_picked":["Headbutt","Clothesline","Rampage"],"picked":"SKIP","floor":8},{"not_picked":["Pummel+1","Carnage+1"],"picked":"Battle Trance","floor":10},{"not_picked":["Wild Strike+1","Fire Breathing"],"picked":"Ghostly Armor","floor":12},{"not_picked":["Iron Wave+1","Ghostly Armor"],"picked":"Armaments","floor":13},{"not_picked":["Power Through","Body Slam+1","Ghostly Armor"],"picked":"SKIP","floor":14},{"not_picked":["Limit Break","Juggernaut"],"picked":"Bludgeon+1","floor":16},{"not_picked":["Inflame","Wild Strike+1","Armaments"],"picked":"SKIP","floor":18},{"not_picked":["True Grit","Clash+1"],"picked":"Perfected Strike+1","floor":19},{"not_picked":["Blood for Blood+1","Cleave+1","Body Slam+1"],"picked":"SKIP","floor":20},{"not_picked":["Flame Barrier","Dark Embrace","Iron Wave+1"],"picked":"SKIP","floor":21},{"not_picked":["Exhume","Entrench"],"picked":"Shrug It Off","floor":23}],"player_experience":1740140,"relics_obtained":[{"floor":8,"key":"Ornamental Fan"},{"floor":9,"key":"Molten Egg 2"},{"floor":10,"key":"Pantograph"},{"floor":13,"key":"Boot"},{"floor":19,"key":"Red Mask"},{"floor":23,"key":"Tiny Chest"}],"event_choices":[{"damage_healed":0,"gold_gain":0,"player_choice":"Grow","damage_taken":0,"max_hp_gain":0,"max_hp_loss":0,"event_name":"Living Wall","floor":3,"gold_loss":0,"cards_upgraded":["Perfected Strike"]},{"cards_removed":["Strike_R"],"damage_healed":0,"gold_gain":0,"player_choice":"Offered Basic","damage_taken":0,"max_hp_gain":0,"max_hp_loss":0,"event_name":"Bonfire Elementals","floor":11,"gold_loss":0},{"damage_healed":0,"gold_gain":0,"player_choice":"Fought Bandits","damage_taken":0,"max_hp_gain":0,"max_hp_loss":0,"event_name":"Masked Bandits","floor":19,"gold_loss":0},{"damage_healed":0,"gold_gain":0,"player_choice":"Became a vampire","damage_taken":0,"max_hp_gain":0,"max_hp_loss":25,"event_name":"Vampires","floor":22,"gold_loss":0,"cards_obtained":["Bite","Bite","Bite","Bite","Bite"]}],"is_beta":false,"boss_relics":[{"not_picked":["Runic Pyramid","Busted Crown"],"picked":"Fusion Hammer"}],"items_purged_floors":[],"is_endless":false,"potions_floor_spawned":[2,7,8,10,18,23],"killed_by":"Gremlin Leader","ascension_level":20}}