{"host":"4328iixd8pca51w5","time":1610420130,"event":{"mods":["2.2 Compatiblity","AchievementEnabler","BaseMod","CapriCore","Colored Map","KOR Keyword Fix","Minty Spire (QoL Compilation)","StSLib","WarShipGirlsR/??á´Ò³R mod"],"gold_per_floor":[215,215,140,157,167,167,195,95,95,75,75,100,112,125,125,224,224,244,244,254,272,290,290,8,33,33,33,53,88,88,112,112,212,212,228,243,1242,1242,946,946,946,946,946,966,648,661,213,241,241,241],"floor_reached":51,"playtime":1761,"items_purged":["rmod:defend","rmod:strick","rmod:defend","Normality","Normality","rmod:shuttlebombing"],"score":953,"play_id":"e694dbed-699c-420f-8142-9dd745a4e715","local_time":"20210112115530","is_ascension_mode":true,"campfire_choices":[{"data":"rmod:salvage","floor":6.0,"key":"SMITH"},{"data":"rmod:salvage","floor":11.0,"key":"SMITH"},{"data":"rmod:circuitoustactics","floor":15.0,"key":"SMITH"},{"data":"rmod:salvage","floor":23.0,"key":"SMITH"},{"data":"rmod:salvage","floor":27.0,"key":"SMITH"},{"data":"rmod:acesubmarine","floor":32.0,"key":"SMITH"},{"data":"rmod:wasp","floor":40,"key":"SMITH"},{"data":"rmod:luckystar","floor":41,"key":"SMITH"},{"floor":49,"key":"REST"}],"circlet_count":0,"master_deck":["rmod:basicallowance","rmod:maingunfire","rmod:salvage+1","rmod:fletcherpendant","rmod:fletcherpendant","rmod:firesupport+1","rmod:fletcher+1","rmod:salvage+1","rmod:circuitoustactics+1","rmod:fletcherpendant","rmod:wasp+1","rmod:fletcherpendant+1","rmod:fletcherpendant+1","rmod:fletcherpendant","rmod:acesubmarine+1","rmod:fletcherpendant","rmod:luckystar+1","rmod:salvage+1","rmod:fletcherpendant","rmod:fletcherpendant","rmod:fletcherpendant","rmod:mineteam","Flash of Steel","rmod:fletcherpendant","rmod:salvage+1","rmod:highspeedmaneuver","rmod:secretscript","rmod:tearstotiara","rmod:rockthrower+1","rmod:fletcher+1","rmod:guardianhero","rmod:fletcherpendant","rmod:smokecover+1","rmod:fletcherpendant","rmod:selfconfidence+1","rmod:openingtorpedo","rmod:fletcher+1","rmod:chargemoney","rmod:fletcherpendant+1","rmod:fletcherpendant","rmod:firesupport+1"],"relics":["rmod:firstchargereward","Ornamental Fan","StrikeDummy","WingedGreaves","rmod:monthlycard","Ice Cream","Membership Card","Kunai","Bottled Tornado","Pen Nib","Boot","Pandora\u0027s Box","Bag of Marbles","Letter Opener","Whetstone","Potion Belt","DollysMirror","Pantograph","rmod:extraamm","Frozen Eye","Mercury Hourglass"],"acts_visited":["Exordium","TheCity","TheBeyond"],"potions_floor_usage":[50],"damage_taken":[{"damage":0.0,"enemies":"Small Slimes","floor":1.0,"turns":3.0},{"damage":0.0,"enemies":"Cultist","floor":4.0,"turns":3.0},{"damage":0.0,"enemies":"2 Louse","floor":5.0,"turns":2.0},{"damage":19.0,"enemies":"Lagavulin","floor":7.0,"turns":6.0},{"damage":12.0,"enemies":"Gremlin Nob","floor":12.0,"turns":3.0},{"damage":3.0,"enemies":"Red Slaver","floor":13.0,"turns":2.0},{"damage":0.0,"enemies":"Large Slime","floor":14.0,"turns":4.0},{"damage":3.0,"enemies":"Hexaghost","floor":16.0,"turns":7.0},{"damage":1.0,"enemies":"3 Byrds","floor":18.0,"turns":3.0},{"damage":0.0,"enemies":"Spheric Guardian","floor":20.0,"turns":3.0},{"damage":0.0,"enemies":"Shelled Parasite and Fungi","floor":21.0,"turns":2.0},{"damage":2.0,"enemies":"Sentry and Sphere","floor":22.0,"turns":4.0},{"damage":10.0,"enemies":"Book of Stabbing","floor":25.0,"turns":3.0},{"damage":0.0,"enemies":"Snake Plant","floor":28.0,"turns":2.0},{"damage":21.0,"enemies":"Slavers","floor":29.0,"turns":2.0},{"damage":12.0,"enemies":"Champ","floor":33.0,"turns":3.0},{"damage":7.0,"enemies":"Orb Walker","floor":35.0,"turns":2.0},{"damage":28.0,"enemies":"3 Shapes","floor":36.0,"turns":4.0},{"damage":0,"enemies":"Transient","floor":44,"turns":6},{"damage":5,"enemies":"Jaw Worm Horde","floor":46,"turns":3},{"damage":0,"enemies":"Reptomancer","floor":48,"turns":2},{"damage":1,"enemies":"Time Eater","floor":50,"turns":5}],"seed_played":"8181446597704381100","potions_obtained":[{"floor":1.0,"key":"Weak Potion"},{"floor":5.0,"key":"EntropicBrew"},{"floor":7.0,"key":"SpeedPotion"},{"floor":10.0,"key":"FairyPotion"},{"floor":21.0,"key":"Block Potion"},{"floor":28.0,"key":"ColorlessPotion"},{"floor":36,"key":"Energy Potion"},{"floor":48,"key":"AttackPotion"}],"is_trial":false,"path_per_floor":["M","?","$","M","M","R","E","$","T","?","R","E","M","M","R","B",null,"M","?","M","M","M","R","$","E","T","R","M","E","?","T","R","B",null,"M","M","?","?","$","R","R","?","T","M","$","M","$","E","R","B",null],"character_chosen":"PRAEFECT","items_purchased":["Membership Card","rmod:mineteam","Flash of Steel","Bag of Marbles","rmod:fletcherpendant","Letter Opener","Potion Belt","rmod:openingtorpedo","DollysMirror","rmod:chargemoney","Pantograph","rmod:fletcherpendant","rmod:extraamm","Frozen Eye","Fire Potion","FearPotion"],"campfire_rested":1,"item_purchase_floors":[24,24,24,39,39,39,45,45,45,45,47,47,47,47,47,47],"current_hp_per_floor":[75,75,75,75,75,75,56,56,56,56,56,44,41,41,41,38,75,74,74,74,74,72,72,72,62,62,62,62,41,41,41,41,29,75,68,40,40,40,40,40,40,40,40,40,40,35,35,35,57,74],"gold":241,"neow_bonus":"HUNDRED_GOLD","is_daily":false,"chose_seed":false,"campfire_upgraded":8,"win_rate":0.0,"timestamp":1610420130,"path_taken":["M","?","$","M","?","R","E","$","T","?","R","E","?","M","R","BOSS","M","?","?","M","?","R","?","E","T","R","M","E","?","?","R","BOSS","M","M","?","?","$","R","R","?","T","M","$","M","$","E","R","BOSS"],"items_purchased_type":["Relic","Card","Card","Relic","Card","Relic","Relic","Card","Relic","Card","Relic","Card","Relic","Relic","Potion","Potion"],"build_version":"2020-12-22","purchased_purges":6,"victory":true,"max_hp_per_floor":[75,75,75,75,75,75,75,75,75,75,75,75,75,75,75,75,75,75,75,75,75,75,75,75,75,75,75,75,75,75,75,75,75,75,75,75,75,75,75,75,75,75,75,75,75,75,75,75,75,75],"card_choices":[{"not_picked":["rmod:combined","rmod:highspeedshooting"],"picked":"rmod:salvage","floor":1.0},{"not_picked":["rmod:advancebysurprise","rmod:aggressivemary","rmod:bulid"],"picked":"SKIP","floor":4.0},{"not_picked":["rmod:supportescort","rmod:ammunitionsupply"],"picked":"rmod:firesupport","floor":5.0},{"not_picked":["rmod:heivgo","rmod:generalist"],"picked":"rmod:salvage","floor":7.0},{"not_picked":["rmod:punchline","rmod:expeditionaryescort"],"picked":"rmod:circuitoustactics","floor":12.0},{"not_picked":["rmod:goodfighter","rmod:diaomin"],"picked":"rmod:wasp","floor":13.0},{"not_picked":["rmod:unsinkable","rmod:combined","rmod:bulid"],"picked":"SKIP","floor":14.0},{"not_picked":["rmod:highspeedmaneuver","rmod:ridicule"],"picked":"rmod:acesubmarine","floor":16.0},{"not_picked":["rmod:tearstotiara+1","rmod:steelsupply","rmod:selfconfidence+1"],"picked":"SKIP","floor":18.0},{"not_picked":["rmod:supportescort","rmod:shuttlebombing"],"picked":"rmod:luckystar","floor":20.0},{"not_picked":["rmod:circuitoustactics","rmod:lonelyqueen"],"picked":"rmod:salvage","floor":21.0},{"not_picked":["rmod:aluminumsupply","rmod:diaomin+1"],"picked":"rmod:fletcherpendant","floor":22.0},{"not_picked":["rmod:unsinkable","rmod:fuelsupply"],"picked":"rmod:salvage","floor":25.0},{"not_picked":["rmod:unsinkable","rmod:diaomin","rmod:aggressivemary"],"picked":"SKIP","floor":28.0},{"not_picked":["rmod:overbreakdown","rmod:intelligenceanalysis","rmod:diaomin"],"picked":"SKIP","floor":29.0},{"not_picked":["rmod:desperatesituation","rmod:secretscript"],"picked":"rmod:highspeedmaneuver","floor":33.0},{"not_picked":["rmod:aviationdawn+1","rmod:fuelsupply+1"],"picked":"rmod:guardianhero","floor":35.0},{"not_picked":["rmod:spoils+1","rmod:victimresponsibility"],"picked":"rmod:smokecover+1","floor":36},{"not_picked":["rmod:goodfighter","rmod:intelligenceanalysis"],"picked":"rmod:selfconfidence+1","floor":44},{"not_picked":["rmod:steelsupply","rmod:diamondstrike+1","rmod:intelligenceanalysis"],"picked":"SKIP","floor":46},{"not_picked":["rmod:aluminumsupply","rmod:luckystar"],"picked":"rmod:firesupport+1","floor":48}],"player_experience":170672,"relics_obtained":[{"floor":7.0,"key":"Ornamental Fan"},{"floor":9.0,"key":"StrikeDummy"},{"floor":12.0,"key":"WingedGreaves"},{"floor":25.0,"key":"Kunai"},{"floor":26.0,"key":"Bottled Tornado"},{"floor":29.0,"key":"Pen Nib"},{"floor":31.0,"key":"Boot"},{"floor":43,"key":"Whetstone"},{"floor":48,"key":"Mercury Hourglass"}],"event_choices":[{"cards_removed":["rmod:strick"],"damage_healed":0.0,"max_hp_gain":0.0,"max_hp_loss":0.0,"gold_gain":0.0,"event_name":"Bonfire Elementals","player_choice":"Offered Basic","floor":2.0,"gold_loss":0.0,"damage_taken":0.0},{"damage_healed":0.0,"max_hp_gain":0.0,"max_hp_loss":0.0,"gold_gain":0.0,"event_name":"The Woman in Blue","player_choice":"Bought 1 Potion","floor":10.0,"gold_loss":0.0,"damage_taken":0.0},{"damage_healed":0.0,"max_hp_gain":0.0,"max_hp_loss":0.0,"gold_gain":0.0,"event_name":"WeMeetAgain","player_choice":"Gave Potion","floor":19.0,"gold_loss":0.0,"damage_taken":0.0,"relics_obtained":["Ice Cream"]},{"damage_healed":0.0,"max_hp_gain":0.0,"max_hp_loss":0.0,"gold_gain":0.0,"event_name":"Ghosts","player_choice":"Ignored","floor":30.0,"gold_loss":0.0,"damage_taken":0.0},{"damage_healed":0,"gold_gain":999,"player_choice":"Gold","damage_taken":0,"max_hp_gain":0,"max_hp_loss":0,"event_name":"MindBloom","floor":37,"gold_loss":0,"cards_obtained":["Normality","Normality"]},{"damage_healed":0,"gold_gain":0,"player_choice":"Ignored","damage_taken":0,"max_hp_gain":0,"max_hp_loss":0,"event_name":"Mysterious Sphere","floor":38,"gold_loss":0},{"damage_healed":0,"gold_gain":0,"player_choice":"Ignored","damage_taken":0,"max_hp_gain":0,"max_hp_loss":0,"event_name":"Tomb of Lord Red Mask","floor":42,"gold_loss":0}],"is_beta":false,"boss_relics":[{"not_picked":["SacredBark","Philosopher\u0027s Stone"],"picked":"rmod:monthlycard"},{"not_picked":["Runic Pyramid","Snecko Eye"],"picked":"Pandora\u0027s Box"}],"items_purged_floors":[3,8,24,39,45,47],"is_endless":false,"potions_floor_spawned":[1,5,7,21,28,36,48],"ascension_level":3}}