{"host":"2lo6hma6kymb0g9i","time":1610473967,"event":{"mods":["BaseMod","Colored Map","DeckTracker","Minty Spire (QoL Compilation)"],"gold_per_floor":[16,16,16,16,36,36,51,64,111,126,146,181,106,133,133,206,206,225,150,150,162,87,87,87,100,124,124,151,170,170,190,190,190,190],"floor_reached":33,"playtime":2003,"items_purged":["Defend_B"],"score":499,"play_id":"bd08b28d-a87a-4d66-80e0-cfde8a76b0f2","local_time":"20210113025247","is_ascension_mode":true,"campfire_choices":[{"data":"Zap","floor":6,"key":"SMITH"},{"data":"Streamline","floor":15,"key":"SMITH"},{"data":"Sunder","floor":23,"key":"SMITH"},{"floor":30,"key":"REST"},{"floor":32,"key":"REST"}],"circlet_count":0,"master_deck":["AscendersBane","Defend_B","Defend_B","Zap+1","Dualcast","Conserve Battery","Rip and Tear","Leap","Streamline+1","Electrodynamics","Undo","Sunder+1","Melter","Capacitor","Buffer","Skim"],"relics":["Cracked Core","TungstenRod","Vajra","Boot","Prayer Wheel","Snecko Eye","Toy Ornithopter","Letter Opener"],"acts_visited":["Exordium","TheCity"],"potions_floor_usage":[12,16,16,25,33,33],"damage_taken":[{"damage":0,"enemies":"Small Slimes","floor":1,"turns":3},{"damage":1,"enemies":"Jaw Worm","floor":5,"turns":4},{"damage":0,"enemies":"2 Louse","floor":7,"turns":3},{"damage":0,"enemies":"Exordium Wildlife","floor":8,"turns":3},{"damage":0,"enemies":"Large Slime","floor":10,"turns":5},{"damage":8,"enemies":"Red Slaver","floor":11,"turns":3},{"damage":20,"enemies":"Gremlin Nob","floor":12,"turns":4},{"damage":18,"enemies":"3 Sentries","floor":14,"turns":10},{"damage":2,"enemies":"Hexaghost","floor":16,"turns":9},{"damage":5,"enemies":"Chosen","floor":18,"turns":3},{"damage":0,"enemies":"3 Byrds","floor":21,"turns":3},{"damage":11,"enemies":"Centurion and Healer","floor":25,"turns":4},{"damage":15,"enemies":"Gremlin Leader","floor":28,"turns":4},{"damage":19,"enemies":"Chosen and Byrds","floor":29,"turns":5},{"damage":10,"enemies":"Cultist and Chosen","floor":31,"turns":3},{"damage":71,"enemies":"Champ","floor":33,"turns":9}],"seed_played":"8719967950731151165","potions_obtained":[{"floor":1,"key":"PotionOfCapacity"},{"floor":8,"key":"DistilledChaos"},{"floor":11,"key":"PowerPotion"},{"floor":12,"key":"Strength Potion"},{"floor":18,"key":"Dexterity Potion"},{"floor":25,"key":"Fruit Juice"},{"floor":29,"key":"Strength Potion"},{"floor":31,"key":"CultistPotion"}],"is_trial":false,"path_per_floor":["M","?","?","?","M","R","M","M","T","M","M","E","?","E","R","B",null,"M","$","?","M","?","R","$","M","T","?","E","M","R","M","R","B"],"character_chosen":"DEFECT","items_purchased":[],"campfire_rested":2,"item_purchase_floors":[],"current_hp_per_floor":[64,64,58,63,62,62,62,62,62,62,54,34,34,16,16,14,61,56,56,76,76,76,76,76,70,70,48,33,14,39,29,54,0,0],"gold":190,"neow_bonus":"ONE_RARE_RELIC","is_daily":false,"chose_seed":false,"campfire_upgraded":3,"win_rate":0.0,"timestamp":1610473967,"path_taken":["M","?","?","?","?","R","M","M","T","M","M","E","?","E","R","BOSS","M","$","?","?","?","R","?","M","T","?","E","M","R","M","R","BOSS"],"items_purchased_type":[],"build_version":"2020-12-22","purchased_purges":1,"victory":false,"max_hp_per_floor":[71,71,71,76,76,76,76,76,76,76,76,76,76,76,76,76,76,76,76,76,76,76,76,76,81,81,86,86,86,86,86,86,86,86],"card_choices":[{"not_picked":["Beam Cell","Sunder"],"picked":"Conserve Battery","floor":1},{"not_picked":["Blizzard","Hello World","Scrape"],"picked":"SKIP","floor":5},{"not_picked":["Heatsinks","Ball Lightning"],"picked":"Rip and Tear","floor":7},{"not_picked":["Beam Cell","Hello World","Stack"],"picked":"SKIP","floor":8},{"not_picked":["Lockon","Blizzard"],"picked":"Leap","floor":10},{"not_picked":["Conserve Battery","Ball Lightning","Barrage"],"picked":"SKIP","floor":11},{"not_picked":["White Noise","Rebound","Hyperbeam"],"picked":"SKIP","floor":12},{"not_picked":["Steam Power","Ball Lightning"],"picked":"Streamline","floor":14},{"not_picked":["Machine Learning","Amplify"],"picked":"Electrodynamics","floor":16},{"not_picked":["Sweeping Beam","Turbo"],"picked":"Undo","floor":18},{"not_picked":["Darkness","Go for the Eyes","Compile Driver"],"picked":"SKIP","floor":18},{"not_picked":["Aggregate","Streamline"],"picked":"Sunder","floor":21},{"not_picked":["Beam Cell+1","Seek","Conserve Battery"],"picked":"SKIP","floor":21},{"not_picked":["Streamline","Cold Snap","Consume"],"picked":"SKIP","floor":25},{"not_picked":["Beam Cell","Cold Snap","Sweeping Beam"],"picked":"SKIP","floor":25},{"not_picked":["Streamline","Conserve Battery"],"picked":"Buffer","floor":28},{"not_picked":["Loop","Steam","Hologram"],"picked":"SKIP","floor":29},{"not_picked":["Go for the Eyes","Conserve Battery","BootSequence"],"picked":"SKIP","floor":29},{"not_picked":["Go for the Eyes","Redo"],"picked":"Skim","floor":31},{"not_picked":["Redo","Ball Lightning+1","Beam Cell"],"picked":"SKIP","floor":31}],"player_experience":1051331,"relics_obtained":[{"floor":9,"key":"Vajra"},{"floor":12,"key":"Boot"},{"floor":14,"key":"Prayer Wheel"},{"floor":26,"key":"Toy Ornithopter"},{"floor":28,"key":"Letter Opener"}],"event_choices":[{"cards_removed":["Strike_B"],"damage_healed":0,"gold_gain":0,"player_choice":"Forget","damage_taken":0,"max_hp_gain":0,"max_hp_loss":0,"event_name":"Living Wall","floor":2,"gold_loss":0},{"cards_removed":["Strike_B"],"damage_healed":0,"gold_gain":0,"player_choice":"Card Removal","damage_taken":7,"max_hp_gain":0,"max_hp_loss":0,"event_name":"Golden Wing","floor":3,"gold_loss":0},{"damage_healed":0,"gold_gain":0,"player_choice":"Donut","damage_taken":0,"max_hp_gain":5,"max_hp_loss":0,"event_name":"Big Fish","floor":4,"gold_loss":0},{"cards_removed":["Strike_B"],"damage_healed":0,"gold_gain":0,"player_choice":"Card Removal","damage_taken":0,"max_hp_gain":0,"max_hp_loss":0,"event_name":"The Cleric","floor":13,"gold_loss":75},{"damage_healed":20,"gold_gain":0,"player_choice":"Full Heal","damage_taken":0,"max_hp_gain":0,"max_hp_loss":0,"event_name":"Wheel of Change","floor":20,"gold_loss":0},{"damage_healed":0,"gold_gain":0,"cards_transformed":["Strike_B","Defend_B"],"player_choice":"Transformed Cards","damage_taken":0,"max_hp_gain":0,"max_hp_loss":0,"event_name":"Designer","floor":22,"gold_loss":75,"cards_obtained":["Melter","Capacitor"]},{"damage_healed":0,"gold_gain":0,"player_choice":"Shed Blood","damage_taken":28,"max_hp_gain":5,"max_hp_loss":0,"event_name":"Forgotten Altar","floor":27,"gold_loss":0}],"is_beta":false,"boss_relics":[{"not_picked":["Ectoplasm","Busted Crown"],"picked":"Snecko Eye"}],"items_purged_floors":[19],"is_endless":false,"potions_floor_spawned":[1,8,11,12,18,25,29,31],"killed_by":"Champ","ascension_level":16}}