{"host":"pbf6u3tyx46snqc7","time":1610466255,"event":{"mods":["AchievementEnabler","BaseMod","Colored Map","Minty Spire (QoL Compilation)","Rare Cards Sparkle","SuperFastMode"],"gold_per_floor":[111,126,126,126,151,151,176,176,176,189,189,189],"floor_reached":11,"playtime":408,"items_purged":[],"score":91,"play_id":"5b7b873a-763a-4e68-80f4-e7f00e7c563b","local_time":"20210113004415","is_ascension_mode":true,"campfire_choices":[{"floor":6.0,"key":"REST"}],"circlet_count":0,"master_deck":["Strike_G","Strike_G","Strike_G","Defend_G","Defend_G","Defend_G","Defend_G","Defend_G","Survivor","Neutralize","Writhe","Well Laid Plans","Reflex","Prepared","Blade Dance","Quick Slash","Dagger Throw"],"relics":["Ring of the Snake","The Courier","Golden Idol","Mercury Hourglass","Tough Bandages"],"acts_visited":["Exordium"],"potions_floor_usage":[],"damage_taken":[{"damage":7.0,"enemies":"Jaw Worm","floor":1.0,"turns":8.0},{"damage":5.0,"enemies":"Small Slimes","floor":2.0,"turns":5.0},{"damage":1.0,"enemies":"Cultist","floor":5.0,"turns":4.0},{"damage":2.0,"enemies":"Blue Slaver","floor":7.0,"turns":5.0},{"damage":1.0,"enemies":"2 Fungi Beasts","floor":10.0,"turns":3.0},{"damage":61,"enemies":"Gremlin Nob","floor":11,"turns":5}],"seed_played":"-7981756355394768917","potions_obtained":[{"floor":5.0,"key":"Ancient Potion"}],"is_trial":false,"path_per_floor":["M","M","?","?","M","R","M","T","T","M","E"],"character_chosen":"THE_SILENT","items_purchased":[],"campfire_rested":1,"item_purchase_floors":[],"current_hp_per_floor":[56,51,39,22,21,42,40,40,40,39,0,0],"gold":189,"neow_bonus":"TRANSFORM_TWO_CARDS","is_daily":false,"chose_seed":false,"campfire_upgraded":0,"win_rate":0.0,"timestamp":1610466255,"path_taken":["M","M","?","?","M","R","M","?","T","?","E"],"items_purchased_type":[],"build_version":"2020-12-22","purchased_purges":0,"victory":false,"max_hp_per_floor":[70,70,70,70,70,70,70,70,70,70,70,70],"card_choices":[{"not_picked":["Poisoned Stab","Cloak And Dagger"],"picked":"Prepared","floor":1.0},{"not_picked":["Outmaneuver","Well Laid Plans","Blade Dance"],"picked":"SKIP","floor":2.0},{"not_picked":["Outmaneuver","Well Laid Plans"],"picked":"Blade Dance","floor":2.0},{"not_picked":["Expertise","Endless Agony","Sucker Punch"],"picked":"SKIP","floor":5.0},{"not_picked":["Caltrops","Slice"],"picked":"Quick Slash","floor":7.0},{"not_picked":["Heel Hook","Bane"],"picked":"Dagger Throw","floor":10.0}],"player_experience":415487,"relics_obtained":[{"floor":8.0,"key":"Mercury Hourglass"},{"floor":9.0,"key":"Tough Bandages"}],"event_choices":[{"damage_healed":0.0,"max_hp_gain":0.0,"max_hp_loss":0.0,"gold_gain":0.0,"event_name":"Scrap Ooze","player_choice":"Success","floor":3.0,"gold_loss":0.0,"damage_taken":12.0,"relics_obtained":["The Courier"]},{"damage_healed":0.0,"max_hp_gain":0.0,"max_hp_loss":0.0,"gold_gain":0.0,"event_name":"Golden Idol","player_choice":"Take Damage","floor":4.0,"gold_loss":0.0,"damage_taken":17.0,"relics_obtained":["Golden Idol"]}],"is_beta":false,"boss_relics":[],"items_purged_floors":[],"is_endless":false,"potions_floor_spawned":[5],"killed_by":"Gremlin Nob","ascension_level":8}}