{"host":"oy4pyvr762z5n0bb","time":1610432589,"event":{"mods":["AchievementEnabler","BaseMod","Colored Map","Colored Powertips","Googly Eyes","Key Reminder","Minty Spire (QoL Compilation)","Quick Restart","Relic Sorter","Slay the Relics Exporter","StSLib","SuperFastMode","Unceasing Turn Reminder","slay the spire mod where everything is the same but ironclad has a cowboy hat"],"gold_per_floor":[18,18,18,32,48,48,74,74,74,74,101,101,26,53,53,148,148,148,148],"floor_reached":18,"playtime":320,"items_purged":["Pain"],"score":246,"play_id":"a121c366-9078-4890-bc2c-6f64f5394694","local_time":"20210111222309","is_ascension_mode":true,"campfire_choices":[{"floor":6,"key":"REST"},{"floor":8,"key":"REST"},{"floor":12,"key":"REST"},{"data":"Noxious Fumes","floor":15,"key":"SMITH"}],"circlet_count":0,"master_deck":["Strike_G","Strike_G","Strike_G","Strike_G","Strike_G","Defend_G","Defend_G","Defend_G","Defend_G","Defend_G","Survivor","Neutralize","Corpse Explosion","Sucker Punch","Poisoned Stab","Sucker Punch","Blade Dance","Dagger Throw","Noxious Fumes+1","Accuracy","Venomology"],"relics":["Ring of the Snake","WarpedTongs","Ninja Scroll","The Specimen","Dream Catcher","PreservedInsect","keyreminder:keyreminder","Strawberry","Velvet Choker"],"acts_visited":["Exordium","TheCity"],"potions_floor_usage":[11,11,16],"damage_taken":[{"damage":6,"enemies":"2 Louse","floor":1,"turns":3},{"damage":7,"enemies":"Cultist","floor":4,"turns":3},{"damage":4,"enemies":"Small Slimes","floor":5,"turns":3},{"damage":23,"enemies":"Lagavulin","floor":7,"turns":7},{"damage":7,"enemies":"3 Sentries","floor":11,"turns":4},{"damage":7,"enemies":"Gremlin Nob","floor":14,"turns":3},{"damage":39,"enemies":"Hexaghost","floor":16,"turns":8},{"damage":8,"enemies":"Chosen","floor":18,"turns":2}],"seed_played":"1370682520506192052","potions_obtained":[{"floor":1,"key":"Explosive Potion"},{"floor":4,"key":"ColorlessPotion"},{"floor":7,"key":"AttackPotion"}],"is_trial":false,"path_per_floor":["M","?","$","M","M","R","E","R","T","?","E","R","$","E","R","B",null,"M"],"character_chosen":"THE_SILENT","items_purchased":[],"campfire_rested":3,"item_purchase_floors":[],"current_hp_per_floor":[57,57,57,50,46,67,44,65,65,58,51,70,70,70,70,31,66,58,58],"gold":148,"neow_bonus":"THREE_RARE_CARDS","is_daily":false,"chose_seed":false,"campfire_upgraded":1,"win_rate":0.0,"timestamp":1610432589,"path_taken":["M","?","?","M","M","R","E","R","T","?","E","R","$","E","R","BOSS","M"],"items_purchased_type":[],"build_version":"2020-12-22","purchased_purges":1,"victory":false,"max_hp_per_floor":[70,70,70,70,70,70,70,70,70,70,70,70,70,77,77,77,77,77,77],"card_choices":[{"not_picked":["Burst","Venomology"],"picked":"Corpse Explosion","floor":0},{"not_picked":["Flechettes","Calculated Gamble"],"picked":"Sucker Punch","floor":1},{"not_picked":["Dagger Spray","Backflip"],"picked":"Poisoned Stab","floor":4},{"not_picked":["Slice","Deflect"],"picked":"Sucker Punch","floor":5},{"not_picked":["Burst","Distraction"],"picked":"Blade Dance","floor":7},{"not_picked":["Tactician","Choke"],"picked":"Dagger Throw","floor":11},{"not_picked":["Quick Slash","Cloak And Dagger"],"picked":"Noxious Fumes","floor":12},{"not_picked":["Finisher","Underhanded Strike"],"picked":"Accuracy","floor":14},{"not_picked":["A Thousand Cuts","Grand Finale"],"picked":"Venomology","floor":16}],"player_experience":737446,"relics_obtained":[{"floor":7,"key":"Ninja Scroll"},{"floor":9,"key":"The Specimen"},{"floor":11,"key":"PreservedInsect"},{"floor":14,"key":"Strawberry"}],"event_choices":[{"damage_healed":0,"gold_gain":0,"player_choice":"Rummage","damage_taken":0,"relics_obtained":["WarpedTongs"],"max_hp_gain":0,"max_hp_loss":0,"event_name":"Accursed Blacksmith","floor":2,"gold_loss":0,"cards_obtained":["Pain"]},{"damage_healed":0,"gold_gain":0,"player_choice":"Success","damage_taken":7,"relics_obtained":["Dream Catcher"],"max_hp_gain":0,"max_hp_loss":0,"event_name":"Scrap Ooze","floor":10,"gold_loss":0}],"is_beta":false,"boss_relics":[{"not_picked":["Runic Dome","Runic Pyramid"],"picked":"Velvet Choker"}],"items_purged_floors":[13],"is_endless":false,"potions_floor_spawned":[1,4,7],"killed_by":"Chosen","ascension_level":8}}