{"host":"g01l53quoe6lrer0","time":1610444606,"event":{"mods":["2.2 Compatiblity","AchievementEnabler","BaseMod","Colored Map","Highlight Path","Keyboard Shortcuts","Minty Spire (QoL Compilation)","Permanent Neow","StSLib","SuperFastMode","everything is the same but u backflip on backflip"],"gold_per_floor":[111,286,299,310,327,357,357,388,388],"floor_reached":8,"playtime":203,"items_purged":[],"score":109,"play_id":"a63c47a7-37df-4535-ab4d-1576b407a8ea","local_time":"20210112184326","is_ascension_mode":true,"campfire_choices":[{"data":"Zap","floor":7.0,"key":"SMITH"}],"circlet_count":0,"master_deck":["AscendersBane","Strike_B","Strike_B","Strike_B","Strike_B","Defend_B","Defend_B","Defend_B","Defend_B","Zap+1","Dualcast","Decay","Hyperbeam","Streamline","Doubt","Sunder","Stack","Redo","Glacier"],"relics":["Cracked Core","Ornamental Fan","Ginger"],"acts_visited":["Exordium"],"potions_floor_usage":[8],"damage_taken":[{"damage":0.0,"enemies":"2 Louse","floor":1.0,"turns":1.0},{"damage":0.0,"enemies":"Small Slimes","floor":3.0,"turns":1.0},{"damage":9.0,"enemies":"Jaw Worm","floor":4.0,"turns":2.0},{"damage":13.0,"enemies":"Blue Slaver","floor":5.0,"turns":3.0},{"damage":15.0,"enemies":"3 Sentries","floor":6.0,"turns":4.0},{"damage":24,"enemies":"Gremlin Nob","floor":8,"turns":5}],"seed_played":"-8295146831752454496","potions_obtained":[{"floor":3.0,"key":"GamblersBrew"},{"floor":4.0,"key":"SkillPotion"}],"is_trial":false,"path_per_floor":["M","?","M","M","M","E","R","E"],"character_chosen":"DEFECT","items_purchased":[],"campfire_rested":0,"item_purchase_floors":[],"current_hp_per_floor":[68,68,68,59,46,31,31,7,7],"gold":388,"neow_bonus":"THREE_RARE_CARDS","is_daily":false,"chose_seed":false,"campfire_upgraded":1,"win_rate":0.0,"timestamp":1610444606,"path_taken":["M","?","M","M","M","E","R","E"],"items_purchased_type":[],"build_version":"2020-12-22","purchased_purges":0,"victory":false,"max_hp_per_floor":[75,75,75,75,75,75,75,75,75],"card_choices":[{"not_picked":["Echo Form","Biased Cognition"],"picked":"Hyperbeam","floor":0.0},{"not_picked":["Chill","Steam"],"picked":"Streamline","floor":1.0},{"not_picked":["Cold Snap","Hello World"],"picked":"Sunder","floor":3.0},{"not_picked":["Skim","Gash"],"picked":"Stack","floor":4.0},{"not_picked":["Sweeping Beam","Defragment"],"picked":"Redo","floor":5.0},{"not_picked":["Consume","Blizzard"],"picked":"Glacier","floor":6.0}],"player_experience":157652,"relics_obtained":[{"floor":6.0,"key":"Ornamental Fan"},{"floor":8,"key":"Ginger"}],"event_choices":[{"damage_healed":0.0,"max_hp_gain":0.0,"max_hp_loss":0.0,"gold_gain":175.0,"event_name":"Liars Game","player_choice":"AGREE","floor":2.0,"gold_loss":0.0,"damage_taken":0.0,"cards_obtained":["Doubt"]}],"is_beta":false,"boss_relics":[],"items_purged_floors":[],"is_endless":false,"potions_floor_spawned":[3,4],"killed_by":"Gremlin Nob","ascension_level":12}}