{"host":"qswkx8hggytna0kc","time":1610422927,"event":{"mods":["Aspiration","BaseMod","BetterRewards","Colored Map","Colored Powertips","Highlight Path","Hubris","Mimic Mod","Minty Spire (QoL Compilation)","MostiFishMod","Quick Restart","Replay The Spire","StSLib","SuperFastMode"],"gold_per_floor":[117,117,130,130,205,236,236,268,305,305,324,324,324,342,342,413,413,432,432,142,153,166,199,217,217,217,232,258,258,284,301,301,380,380,392,407,424,434,454,480,480,90,139,139,764,776,1403,2023,2023,2023],"floor_reached":51,"playtime":1450,"items_purged":["Pain"],"score":1704,"play_id":"91ae901b-c155-4c3b-86fb-42a18a828548","local_time":"20210112114207","is_ascension_mode":true,"campfire_choices":[{"data":"MostiFishMod:GoodWordForIt","floor":7,"key":"SMITH"},{"data":"Crystallizer","floor":10,"key":"SMITH"},{"data":"Recycle","floor":15,"key":"SMITH"},{"data":"FIFO Queue","floor":25,"key":"SMITH"},{"floor":32,"key":"REST"},{"floor":41,"key":"REST"},{"data":"MostiFishMod:ATRI","floor":44,"key":"SMITH"},{"data":"Skim","floor":49,"key":"SMITH"}],"circlet_count":0,"master_deck":["AscendersBane","Strike_B","Strike_B","Defend_B","Defend_B","Defend_B","Defend_B","Zap","Dualcast","Skim+1","Crystallizer+1","MostiFishMod:GoodWordForIt+1","Beam Cell","Panic Button","Conserve Battery","Recycle+1","MostiFishMod:Overload","Beam Cell","White Noise+1","FIFO Queue+1","Gash","MostiFishMod:Overload","Gash","Gash","Panic Button","ReplaySort","MostiFishMod:IntelligentEquipment","FTL","Capacitor","Panic Button","MostiFishMod:ATRI+1","Go for the Eyes+1","MostiFishMod:DeathFromBelow","Self Repair","Hologram","Scrape+1","Steam Power"],"relics":["Cracked Core","DaveBox","NeowsBlessing","RhineCircuit","SynthV:TestCard","Pen Nib","aspiration:DSix","MealTicket","WarpedTongs","Nuclear Battery","Bronze Scales","Blood Vial","Replay:Wax Seal","SynthV:C4","Onion Ring","Orichalcum","Runic Pyramid","Letter Opener","Mummified Hand","Replay:Baseball","hubris:SlimyHat","DianPoetry","PreservedInsect"],"acts_visited":["Exordium","TheCity","TheBeyond"],"potions_floor_usage":[23,23,28],"damage_taken":[{"damage":0,"enemies":"Jaw Worm","floor":1,"turns":1},{"damage":0,"enemies":"Small Slimes","floor":3,"turns":1},{"damage":0,"enemies":"Gremlin Nob","floor":6,"turns":1},{"damage":0,"enemies":"3 Sentries","floor":8,"turns":7},{"damage":0,"enemies":"2 Louse","floor":9,"turns":4},{"damage":8,"enemies":"2 Louse","floor":11,"turns":2},{"damage":2,"enemies":"Large Slime","floor":14,"turns":2},{"damage":27,"enemies":"The Guardian","floor":16,"turns":5},{"damage":2,"enemies":"Spheric Guardian","floor":18,"turns":1},{"damage":14,"enemies":"3 Byrds","floor":21,"turns":3},{"damage":5,"enemies":"Snake Plant","floor":22,"turns":2},{"damage":12,"enemies":"Book of Stabbing","floor":23,"turns":4},{"damage":0,"enemies":"3 Cultists","floor":24,"turns":5},{"damage":6,"enemies":"Centurion and Healer","floor":27,"turns":5},{"damage":0,"enemies":"Gremlin Leader","floor":28,"turns":4},{"damage":16,"enemies":"Replay:Snechameleon","floor":30,"turns":3},{"damage":0,"enemies":"Snake Plant","floor":31,"turns":2},{"damage":10,"enemies":"hubris:MusketHawk","floor":33,"turns":4},{"damage":5,"enemies":"Orb Walker","floor":35,"turns":2},{"damage":0,"enemies":"3 Shapes","floor":36,"turns":2},{"damage":32,"enemies":"Writhing Mass","floor":37,"turns":3},{"damage":5,"enemies":"3 Darklings","floor":38,"turns":3},{"damage":13,"enemies":"Spire Growth","floor":39,"turns":3},{"damage":0,"enemies":"Reptomancer","floor":40,"turns":4},{"damage":3,"enemies":"Mind Bloom Boss Battle","floor":45,"turns":3},{"damage":0,"enemies":"Maw","floor":46,"turns":3},{"damage":7,"enemies":"Giant Head","floor":47,"turns":3},{"damage":0,"enemies":"4 Shapes","floor":48,"turns":2},{"damage":44,"enemies":"Donu and Deca","floor":50,"turns":3}],"seed_played":"-4878712342261790586","potions_obtained":[{"floor":1,"key":"Block Potion"},{"floor":6,"key":"EssenceOfSteel"},{"floor":23,"key":"Block Potion"},{"floor":27,"key":"Adrenaline Potion"},{"floor":36,"key":"Strength Potion"},{"floor":39,"key":"LifebloodPotion"}],"is_trial":false,"path_per_floor":["M","?","M","?","?","E","R","E","MIM","R","M","?","?","M","R","B",null,"M","?","$","M","M","E","M","R","T","M","E","T","E","M","R","B",null,"M","M","M","M","M","E","R","$","T","R","?","M","E","M","R","B",null],"character_chosen":"DEFECT","items_purchased":["White Noise+1","Bronze Scales","Mummified Hand","Replay:Baseball"],"campfire_rested":2,"item_purchase_floors":[20,20,42,42],"current_hp_per_floor":[64,57,57,57,46,46,46,46,46,46,38,61,61,59,59,32,61,59,59,71,57,52,40,42,42,42,38,40,40,26,28,49,41,64,61,63,33,30,19,21,42,57,57,57,56,58,60,69,69,34],"gold":2023,"neow_bonus":"THREE_ENEMY_KILL","is_daily":false,"chose_seed":false,"campfire_upgraded":6,"win_rate":0.0,"timestamp":1610422927,"path_taken":["M","?","M","?","?","E","R","E","MIM","R","M","?","?","M","R","BOSS","M","?","$","M","M","E","M","R","T","M","E","?","E","?","R","BOSS","M","M","M","M","M","E","R","$","T","R","?","M","E","M","R","BOSS"],"items_purchased_type":["Card","Relic","Relic","Relic"],"build_version":"2020-12-22","purchased_purges":1,"victory":true,"max_hp_per_floor":[71,71,71,71,71,71,71,71,71,71,71,71,71,71,71,71,71,71,71,71,71,71,71,71,71,71,71,71,71,71,71,71,71,71,71,71,71,71,71,71,71,71,71,71,71,71,71,71,71,71],"card_choices":[{"not_picked":["Rebound","BootSequence"],"picked":"Skim","floor":1},{"not_picked":["Cold Snap","ReplaySolidLightProjector","MostiFishMod:PushDownKick","Chill"],"picked":"Crystallizer","floor":3},{"not_picked":["hubris:Prefetch","Gash","Panic Button","MostiFishMod:ReprogramOld"],"picked":"MostiFishMod:GoodWordForIt","floor":6},{"not_picked":["Redo","Auto Shields","Force Field","Rebound"],"picked":"Beam Cell","floor":8},{"not_picked":["Ball Lightning","Steam","Stack","Rebound"],"picked":"Panic Button","floor":9},{"not_picked":["Panic Button","MostiFishMod:PushDownKick","Defragment","ReplayTheSpireMod:Calculation Training"],"picked":"Conserve Battery","floor":11},{"not_picked":["Rebound","Go for the Eyes","Panic Button","Turbo"],"picked":"Recycle","floor":14},{"not_picked":["MostiFishMod:SeaWaves","Electrodynamics","Seek","Creative AI"],"picked":"MostiFishMod:Overload","floor":16},{"not_picked":["Streamline+1","MostiFishMod:FluxCapactior","Panic Button","Compile Driver"],"picked":"Beam Cell","floor":18},{"not_picked":["BasicCrystalCard","Conserve Battery","Core Surge","Beam Cell"],"picked":"FIFO Queue","floor":21},{"not_picked":["Fusion","Turbo","Panic Button","Stack+1"],"picked":"Gash","floor":22},{"not_picked":["Gash+1","Capacitor","Steam Power","Redo"],"picked":"MostiFishMod:Overload","floor":23},{"not_picked":["Leap","Hologram","Cold Snap","Undo","Redo"],"picked":"SKIP","floor":24},{"not_picked":["Cold Snap","Hologram","Barrage","Panic Button"],"picked":"Gash","floor":27},{"not_picked":["Rainbow","Chill","Leap","Sweeping Beam"],"picked":"Gash","floor":28},{"not_picked":["Barrage+1","Rip and Tear","Stack","Reprogram"],"picked":"Panic Button","floor":30},{"not_picked":["Redo","Sweeping Beam","Reprogram","MostiFishMod:FluxCapactior+1"],"picked":"ReplaySort","floor":31},{"not_picked":["MostiFishMod:ActiveDefenseSystem","Thunder Strike","Reboot","MostiFishMod:Culaccino"],"picked":"MostiFishMod:IntelligentEquipment","floor":33},{"not_picked":["Gash","MostiFishMod:FluxCapactior","Double Energy","Streamline"],"picked":"FTL","floor":35},{"not_picked":["ReplayTheSpireMod:GoodbyeWorld","Cold Snap+1","Compile Driver","Sweeping Beam"],"picked":"Capacitor","floor":36},{"not_picked":["Ball Lightning","Leap","MostiFishMod:PushDownKick","Time Bomb"],"picked":"Panic Button","floor":37},{"not_picked":["Barrage","Hologram","Redo+1","FTL"],"picked":"MostiFishMod:ATRI","floor":38},{"not_picked":["Beam Cell","Ball Lightning","BootSequence","Barrage"],"picked":"Go for the Eyes+1","floor":39},{"not_picked":["Redo","Hologram","Static Discharge","MostiFishMod:LinkProtocol"],"picked":"MostiFishMod:DeathFromBelow","floor":40},{"not_picked":["Beam Cell+1","Coolheaded","MostiFishMod:LinkProtocol","Hologram+1"],"picked":"Self Repair","floor":45},{"not_picked":["Cold Snap","Recycle","Compile Driver","Barrage"],"picked":"Hologram","floor":46},{"not_picked":["MostiFishMod:LinkProtocol+1","Fusion","Chaos+1","Capacitor"],"picked":"Scrape+1","floor":47},{"not_picked":["MostiFishMod:PushDownKick+1","ReplaySolidLightProjector","MostiFishMod:Impulse+1","BasicCrystalCard"],"picked":"Steam Power","floor":48}],"player_experience":270387,"relics_obtained":[{"floor":1,"key":"SynthV:TestCard"},{"floor":6,"key":"Pen Nib"},{"floor":8,"key":"aspiration:DSix"},{"floor":9,"key":"MealTicket"},{"floor":23,"key":"Blood Vial"},{"floor":26,"key":"Replay:Wax Seal"},{"floor":28,"key":"SynthV:C4"},{"floor":29,"key":"Onion Ring"},{"floor":30,"key":"Orichalcum"},{"floor":40,"key":"Letter Opener"},{"floor":43,"key":"hubris:SlimyHat"},{"floor":45,"key":"DianPoetry"},{"floor":47,"key":"PreservedInsect"}],"event_choices":[{"cards_removed":["Strike_B"],"damage_healed":0,"gold_gain":0,"player_choice":"Card Removal","damage_taken":7,"max_hp_gain":0,"max_hp_loss":0,"event_name":"Golden Wing","floor":2,"gold_loss":0},{"cards_removed":["Strike_B"],"damage_healed":0,"gold_gain":0,"player_choice":"Forget","damage_taken":0,"max_hp_gain":0,"max_hp_loss":0,"event_name":"Living Wall","floor":4,"gold_loss":0},{"damage_healed":0,"gold_gain":75,"player_choice":"Gather Gold","damage_taken":11,"max_hp_gain":0,"max_hp_loss":0,"event_name":"World of Goop","floor":5,"gold_loss":0},{"damage_healed":23,"gold_gain":0,"player_choice":"Banana","damage_taken":0,"max_hp_gain":0,"max_hp_loss":0,"event_name":"Big Fish","floor":12,"gold_loss":0},{"damage_healed":0,"gold_gain":0,"player_choice":"Rummage","damage_taken":0,"relics_obtained":["WarpedTongs"],"max_hp_gain":0,"max_hp_loss":0,"event_name":"Accursed Blacksmith","floor":13,"gold_loss":0,"cards_obtained":["Pain"]},{"damage_healed":0,"gold_gain":0,"player_choice":"Fight","damage_taken":0,"max_hp_gain":0,"max_hp_loss":0,"event_name":"MindBloom","floor":45,"gold_loss":0}],"is_beta":false,"boss_relics":[{"not_picked":["Fusion Hammer","FixedStarFall"],"picked":"Nuclear Battery"},{"not_picked":["Runic Dome","hubris:Stopwatch"],"picked":"Runic Pyramid"}],"items_purged_floors":[20],"is_endless":false,"potions_floor_spawned":[1,6,16,18,21,23,27,36,38,39,46,48],"ascension_level":14}}