{"host":"ygfasg9u7olr7skw","time":1610485931,"event":{"mods":["AchievementEnabler","BaseMod","Better Note","Better Vampires","Colored Powertips","Minty Spire (QoL Compilation)","Replay The Spire","Spicy Shops","StSLib","The IronCluck"],"gold_per_floor":[109,121,47,60,72,72,89,189,189,224,224,243,259,36,36,139,139,157,170,182,200,0,0,15,15,15,15,43,43,70,95,95,95,95],"floor_reached":33,"language":"ENG","playtime":2578,"items_purged":["Strike_G"],"score":303,"play_id":"6cbcce7f-98ce-4989-a3f7-97f3c58e9f3b","local_time":"20210112161211","is_ascension_mode":true,"campfire_choices":[{"floor":6,"key":"RECALL"},{"floor":11,"key":"REST"},{"floor":15,"key":"REST"},{"floor":23,"key":"REST"},{"floor":27,"key":"REST"},{"floor":29,"key":"REST"},{"floor":32,"key":"REST"}],"circlet_count":0,"master_deck":["Strike_G","Strike_G","Strike_G","Defend_G","Defend_G","Defend_G","Defend_G","Defend_G","Survivor","Neutralize","Deadly Poison","Deadly Poison","Bane","Deadly Poison","Prepared","Deflect+1","Poisoned Stab"],"relics":["Ring of the Snake","OrangePellets","Anchor","Chemical X","Fusion Hammer","Boot","Toxic Egg 2","Juzu Bracelet","MealTicket"],"acts_visited":["Exordium","TheCity"],"potions_floor_usage":[21,33,33,33],"damage_taken":[{"damage":0,"enemies":"Cultist","floor":1,"turns":4},{"damage":0,"enemies":"2 Louse","floor":2,"turns":4},{"damage":2,"enemies":"Small Slimes","floor":4,"turns":5},{"damage":2,"enemies":"Blue Slaver","floor":5,"turns":5},{"damage":18,"enemies":"2 Fungi Beasts","floor":7,"turns":5},{"damage":6,"enemies":"Replay:BlueRogue","floor":10,"turns":8},{"damage":2,"enemies":"Gremlin Gang","floor":12,"turns":7},{"damage":11,"enemies":"Lots of Slimes","floor":13,"turns":7},{"damage":21,"enemies":"Hexaghost","floor":16,"turns":9},{"damage":11,"enemies":"Spheric Guardian","floor":18,"turns":4},{"damage":0,"enemies":"3 Byrds","floor":19,"turns":5},{"damage":20,"enemies":"Shelled Parasite and Fungi","floor":20,"turns":7},{"damage":11,"enemies":"Cultist and Chosen","floor":21,"turns":6},{"damage":6,"enemies":"Centurion and Healer","floor":24,"turns":6},{"damage":8,"enemies":"Replay:Snechameleon","floor":28,"turns":8},{"damage":41,"enemies":"Slavers","floor":31,"turns":8},{"damage":54,"enemies":"Automaton","floor":33,"turns":8}],"seed_played":"-3317699464656459646","potions_obtained":[{"floor":2,"key":"Dexterity Potion"},{"floor":5,"key":"Fire Potion"},{"floor":7,"key":"Energy Potion"},{"floor":21,"key":"Reflective Coating"},{"floor":24,"key":"Fire Potion"},{"floor":31,"key":"Weak Potion"}],"is_trial":false,"path_per_floor":["M","M","$","M","M","R","M","?","T","E","R","M","M","$","R","B",null,"M","M","M","M","?","R","M","?","T","R","E","R","T","E","R","B"],"character_chosen":"THE_SILENT","items_purchased":["OrangePellets","Deadly Poison","Chemical X"],"campfire_rested":6,"item_purchase_floors":[3,14,14],"current_hp_per_floor":[70,70,70,68,66,66,48,48,48,42,63,61,50,50,70,49,70,59,59,39,28,28,49,43,43,43,64,56,70,70,29,50,0,0],"gold":95,"neow_bonus":"REMOVE_CARD","is_daily":false,"chose_seed":false,"campfire_upgraded":0,"win_rate":0.0,"timestamp":1610485931,"path_taken":["M","M","$","M","M","R","?","?","T","E","R","M","M","$","R","BOSS","M","M","?","M","?","R","M","?","T","R","E","R","?","E","R","BOSS"],"items_purchased_type":["Relic","Card","Relic"],"build_version":"2020-12-22","purchased_purges":1,"victory":false,"max_hp_per_floor":[70,70,70,70,70,70,70,70,70,70,70,70,70,70,70,70,70,70,70,70,70,70,70,70,70,70,70,70,70,70,70,70,70,70],"card_choices":[{"not_picked":["Bane","Dagger Spray","Terror"],"picked":"SKIP","floor":1},{"not_picked":["Flechettes","Sneak Up","Distraction"],"picked":"SKIP","floor":2},{"not_picked":["Underhanded Strike","Backflip"],"picked":"Deadly Poison","floor":4},{"not_picked":["Footwork","Finisher","Backflip"],"picked":"SKIP","floor":5},{"not_picked":["Dagger Spray","Finisher","Quick Slash"],"picked":"SKIP","floor":7},{"not_picked":["Deflect","Dodge and Roll"],"picked":"Deadly Poison","floor":10},{"not_picked":["Malaise","Slice","Outmaneuver"],"picked":"SKIP","floor":12},{"not_picked":["Deflect","Backflip"],"picked":"Bane","floor":13},{"not_picked":["Hidden Blade","Dodge and Roll","Deflect"],"picked":"SKIP","floor":18},{"not_picked":["Blade Dance","Calculated Gamble","Acrobatics"],"picked":"SKIP","floor":19},{"not_picked":["Hidden Blade","Well Laid Plans"],"picked":"Prepared","floor":20},{"not_picked":["Escape Plan","ReplayTheSpireMod:The Works+1","Finisher"],"picked":"SKIP","floor":21},{"not_picked":["Leg Sweep","ReplayTheSpireMod:Scrap Shanks+1"],"picked":"Deflect+1","floor":24},{"not_picked":["Outmaneuver+1","Unload","Acrobatics+1"],"picked":"SKIP","floor":28},{"not_picked":["Terror+1","Toxin Wave+1"],"picked":"Poisoned Stab","floor":31}],"player_experience":258425,"relics_obtained":[{"floor":10,"key":"Anchor"},{"floor":26,"key":"Boot"},{"floor":28,"key":"Toxic Egg 2"},{"floor":30,"key":"Juzu Bracelet"},{"floor":31,"key":"MealTicket"}],"event_choices":[{"damage_healed":0,"gold_gain":100,"player_choice":"Pray","damage_taken":0,"max_hp_gain":0,"max_hp_loss":0,"event_name":"Golden Shrine","floor":8,"gold_loss":0},{"damage_healed":0,"gold_gain":0,"player_choice":"Paid Fearfully","damage_taken":0,"max_hp_gain":0,"max_hp_loss":0,"event_name":"Masked Bandits","floor":22,"gold_loss":200}],"is_beta":false,"boss_relics":[{"not_picked":["Coffee Dripper","Kintsugi"],"picked":"Fusion Hammer"}],"items_purged_floors":[14],"is_endless":false,"potions_floor_spawned":[2,5,7,12,19,21,24,31],"killed_by":"Automaton","ascension_level":1}}