{"host":"6wux4armhsntp4yb","time":1610420089,"event":{"mods":["BaseMod","Colored Map","DeckTracker","Minty Spire (QoL Compilation)","Relic Stats"],"gold_per_floor":[110,110,70,89,14,25,25,43,43,43,43,74,86,106,106,178,178,191,241,256,29,41,41,69,69,122,39,64,64,79,106,106,181,181,201,201,219,232,56,90,104,104,104,115,134,147,147,178,178,178,178,178,178,39,74,74,74],"floor_reached":56,"playtime":4474,"items_purged":["Strike_G","Defend_G"],"score":2138,"play_id":"bae3579d-5c8e-42dd-a785-1a132dd52393","local_time":"20210112115449","is_ascension_mode":true,"campfire_choices":[{"data":"Deadly Poison","floor":7.0,"key":"SMITH"},{"data":"Catalyst","floor":15.0,"key":"SMITH"},{"data":"Calculated Gamble","floor":23.0,"key":"SMITH"},{"data":"Catalyst","floor":25.0,"key":"SMITH"},{"floor":29.0,"key":"REST"},{"data":"Tactician","floor":32.0,"key":"SMITH"},{"data":"Concentrate","floor":42.0,"key":"SMITH"},{"data":"Reflex","floor":47.0,"key":"SMITH"},{"floor":49.0,"key":"RECALL"},{"data":"Acrobatics","floor":53.0,"key":"SMITH"}],"circlet_count":0,"master_deck":["AscendersBane","Defend_G","Defend_G","Defend_G","Defend_G","Survivor","Neutralize","Catalyst+1","Endless Agony","Deadly Poison+1","Catalyst+1","Bouncing Flask","Doppelganger","Dash+1","Night Terror+1","Endless Agony+1","Backflip","Blur","Reflex+1","Calculated Gamble+1","Blur","Tactician+1","Adrenaline","Escape Plan+1","Concentrate+1","PiercingWail","Acrobatics+1","PiercingWail","Storm of Steel","Eviscerate","Calculated Gamble+1"],"relics":["Ring of the Snake","NeowsBlessing","Sundial","Turnip","TungstenRod","InkBottle","Astrolabe","CaptainsWheel","Centennial Puzzle","Du-Vu Doll","Meat on the Bone","Runic Pyramid","Pear","Gremlin Horn","Art of War"],"acts_visited":["Exordium","TheCity","TheBeyond","TheEnding"],"potions_floor_usage":[],"damage_taken":[{"damage":0.0,"enemies":"Jaw Worm","floor":1.0,"turns":1.0},{"damage":0.0,"enemies":"Cultist","floor":4.0,"turns":1.0},{"damage":0.0,"enemies":"Small Slimes","floor":6.0,"turns":1.0},{"damage":25.0,"enemies":"Exordium Wildlife","floor":8.0,"turns":7.0},{"damage":9.0,"enemies":"Lagavulin","floor":12.0,"turns":7.0},{"damage":7.0,"enemies":"Exordium Thugs","floor":13.0,"turns":7.0},{"damage":5.0,"enemies":"Lots of Slimes","floor":14.0,"turns":5.0},{"damage":0.0,"enemies":"Hexaghost","floor":16.0,"turns":5.0},{"damage":23.0,"enemies":"Chosen","floor":18.0,"turns":4.0},{"damage":15.0,"enemies":"2 Thieves","floor":20.0,"turns":4.0},{"damage":0.0,"enemies":"Centurion and Healer","floor":22.0,"turns":7.0},{"damage":18.0,"enemies":"Book of Stabbing","floor":24.0,"turns":4.0},{"damage":18.0,"enemies":"Gremlin Leader","floor":28.0,"turns":6.0},{"damage":0.0,"enemies":"Cultist and Chosen","floor":30.0,"turns":4.0},{"damage":1.0,"enemies":"Book of Stabbing","floor":31.0,"turns":5.0},{"damage":14.0,"enemies":"Collector","floor":33.0,"turns":5.0},{"damage":0.0,"enemies":"3 Darklings","floor":35.0,"turns":8.0},{"damage":2.0,"enemies":"Orb Walker","floor":37.0,"turns":3.0},{"damage":0.0,"enemies":"Writhing Mass","floor":38.0,"turns":4.0},{"damage":0.0,"enemies":"Nemesis","floor":40.0,"turns":3.0},{"damage":0.0,"enemies":"3 Darklings","floor":41.0,"turns":5.0},{"damage":2.0,"enemies":"Transient","floor":44.0,"turns":4.0},{"damage":0.0,"enemies":"Sphere and 2 Shapes","floor":45.0,"turns":5.0},{"damage":0.0,"enemies":"Spire Growth","floor":46.0,"turns":5.0},{"damage":39.0,"enemies":"Reptomancer","floor":48.0,"turns":4.0},{"damage":12.0,"enemies":"Awakened One","floor":50.0,"turns":22.0},{"damage":1.0,"enemies":"Time Eater","floor":51.0,"turns":5.0},{"damage":85.0,"enemies":"Shield and Spear","floor":55.0,"turns":9.0},{"damage":26,"enemies":"The Heart","floor":56,"turns":3}],"seed_played":"-8166225948467319924","potions_obtained":[{"floor":2.0,"key":"SmokeBomb"},{"floor":2.0,"key":"AttackPotion"},{"floor":4.0,"key":"FearPotion"},{"floor":6.0,"key":"LiquidBronze"},{"floor":12.0,"key":"Block Potion"},{"floor":16.0,"key":"Regen Potion"},{"floor":20.0,"key":"SmokeBomb"},{"floor":24.0,"key":"Fire Potion"},{"floor":28.0,"key":"LiquidMemories"},{"floor":30.0,"key":"Dexterity Potion"},{"floor":31.0,"key":"Block Potion"},{"floor":35.0,"key":"Poison Potion"},{"floor":38.0,"key":"Dexterity Potion"},{"floor":40.0,"key":"FairyPotion"}],"is_trial":false,"path_per_floor":["M","?","$","M","?","M","R","M","T","T","?","E","M","M","R","B",null,"M","?","M","$","M","R","E","R","T","$","E","R","M","E","R","B",null,"M","$","M","M","$","E","M","R","T","M","M","M","R","E","R","B","B",null,"R","$","E","B"],"character_chosen":"THE_SILENT","items_purchased":["Catalyst","Reflex","Calculated Gamble","FairyPotion","Tactician","Concentrate","PiercingWail","Eviscerate"],"campfire_rested":1,"item_purchase_floors":[3,21,21,21,27,39,39,54],"current_hp_per_floor":[59,59,59,59,59,59,59,34,34,34,34,25,18,13,13,13,53,30,25,24,24,24,24,6,6,6,6,12,31,31,30,30,28,57,57,57,55,55,55,65,65,65,65,63,63,63,63,36,36,36,47,69,69,69,18,0,0],"gold":74,"neow_bonus":"THREE_ENEMY_KILL","is_daily":false,"chose_seed":false,"campfire_upgraded":8,"win_rate":0.0,"timestamp":1610420089,"path_taken":["M","?","$","?","?","M","R","M","T","?","?","E","?","M","R","BOSS","M","?","M","$","M","R","E","R","T","?","E","R","?","E","R","BOSS","M","?","M","M","$","E","M","R","T","?","?","M","R","E","R","BOSS","BOSS","R","$","E","BOSS"],"items_purchased_type":["Card","Card","Card","Potion","Card","Card","Card","Card"],"build_version":"2020-12-22","purchased_purges":2,"victory":false,"max_hp_per_floor":[66,66,66,66,66,66,66,66,66,66,66,66,66,66,66,66,66,66,66,66,66,66,66,66,66,66,66,66,66,66,66,66,66,66,66,66,66,66,66,76,76,76,76,76,76,76,76,76,76,76,76,76,76,76,76,76,76],"relic_stats":{"Centennial Puzzle":[32],"Gremlin Horn":[4,4],"counters":[29,153],"Sundial":[46],"Astrolabe":["Dash","Night Terror","Endless Agony"],"Turnip":[12],"Art of War":[1],"obtain_stats":[{"Pear":40,"NeowsBlessing":0,"Gremlin Horn":48,"Astrolabe":17,"Du-Vu Doll":28,"CaptainsWheel":24,"Centennial Puzzle":26,"Sundial":9,"Turnip":10,"Art of War":55,"TungstenRod":11,"InkBottle":12,"Ring of the Snake":0,"Meat on the Bone":31,"Runic Pyramid":34},{"Pear":20,"NeowsBlessing":0,"Gremlin Horn":25,"Astrolabe":8,"Du-Vu Doll":13,"CaptainsWheel":12,"Centennial Puzzle":12,"Sundial":4,"Turnip":4,"Art of War":28,"TungstenRod":4,"InkBottle":5,"Ring of the Snake":0,"Meat on the Bone":15,"Runic Pyramid":16},{"Pear":91,"NeowsBlessing":0,"Gremlin Horn":114,"Astrolabe":34,"Du-Vu Doll":59,"CaptainsWheel":53,"Centennial Puzzle":53,"Sundial":10,"Turnip":10,"Art of War":150,"TungstenRod":10,"InkBottle":17,"Ring of the Snake":0,"Meat on the Bone":68,"Runic Pyramid":73}],"TungstenRod":52,"InkBottle":[86],"Ring of the Snake":[66],"Meat on the Bone":60},"card_choices":[{"not_picked":["Poisoned Stab","Dodge and Roll"],"picked":"Sucker Punch","floor":1.0},{"not_picked":["Infinite Blades","Underhanded Strike"],"picked":"Endless Agony","floor":4.0},{"not_picked":["Accuracy","Riddle With Holes"],"picked":"Deadly Poison","floor":6.0},{"not_picked":["Bane","Dagger Spray"],"picked":"Catalyst","floor":8.0},{"not_picked":["Grand Finale","Envenom","Dodge and Roll"],"picked":"SKIP","floor":12.0},{"not_picked":["Grand Finale","Envenom","Dodge and Roll"],"picked":"SKIP","floor":12.0},{"not_picked":["Setup","Infinite Blades","All Out Attack"],"picked":"SKIP","floor":13.0},{"not_picked":["Setup","Infinite Blades","All Out Attack"],"picked":"SKIP","floor":13.0},{"not_picked":["Prepared","Underhanded Strike"],"picked":"Bouncing Flask","floor":14.0},{"not_picked":["Grand Finale","Glass Knife"],"picked":"Doppelganger","floor":16.0},{"not_picked":["Eviscerate","Setup"],"picked":"Backflip","floor":18.0},{"not_picked":["Dagger Spray","Cloak And Dagger"],"picked":"Blur","floor":20.0},{"not_picked":["Quick Slash+1","Prepared"],"picked":"Blur","floor":22.0},{"not_picked":["Die Die Die","Bane","Dagger Throw"],"picked":"SKIP","floor":24.0},{"not_picked":["Die Die Die","Bane","Dagger Throw"],"picked":"SKIP","floor":24.0},{"not_picked":["Deflect","Accuracy","Poisoned Stab"],"picked":"SKIP","floor":28.0},{"not_picked":["Poisoned Stab","Blade Dance","Quick Slash"],"picked":"SKIP","floor":30.0},{"not_picked":["Choke","Accuracy","Masterful Stab+1"],"picked":"SKIP","floor":31.0},{"not_picked":["Glass Knife","Storm of Steel"],"picked":"Adrenaline","floor":33.0},{"not_picked":["Bane+1","Dagger Spray","Slice"],"picked":"SKIP","floor":35.0},{"not_picked":["Dagger Throw","Masterful Stab","Flying Knee"],"picked":"SKIP","floor":37.0},{"not_picked":["Distraction","Flechettes+1"],"picked":"Escape Plan+1","floor":38.0},{"not_picked":["Finisher+1","Quick Slash"],"picked":"Acrobatics","floor":40.0},{"not_picked":["Quick Slash","Well Laid Plans","Bane"],"picked":"SKIP","floor":41.0},{"not_picked":["Quick Slash","Well Laid Plans","Bane"],"picked":"SKIP","floor":41.0},{"not_picked":["Outmaneuver","Quick Slash","Dash+1"],"picked":"SKIP","floor":44.0},{"not_picked":["Poisoned Stab","Underhanded Strike"],"picked":"PiercingWail","floor":45.0},{"not_picked":["Well Laid Plans","Concentrate","Sucker Punch"],"picked":"SKIP","floor":46.0},{"not_picked":["Quick Slash","Terror"],"picked":"Storm of Steel","floor":48.0},{"not_picked":["Accuracy","Predator+1"],"picked":"Calculated Gamble+1","floor":55.0}],"player_experience":5772972,"relics_obtained":[{"floor":9.0,"key":"Sundial"},{"floor":10.0,"key":"Turnip"},{"floor":12.0,"key":"InkBottle"},{"floor":24.0,"key":"CaptainsWheel"},{"floor":26.0,"key":"Centennial Puzzle"},{"floor":28.0,"key":"Du-Vu Doll"},{"floor":31.0,"key":"Meat on the Bone"},{"floor":40.0,"key":"Pear"},{"floor":48.0,"key":"Gremlin Horn"},{"floor":55.0,"key":"Art of War"}],"event_choices":[{"damage_healed":0.0,"max_hp_gain":0.0,"max_hp_loss":0.0,"gold_gain":0.0,"event_name":"Lab","player_choice":"Got Potions","floor":2.0,"gold_loss":0.0,"damage_taken":0.0},{"cards_removed":["Strike_G"],"damage_healed":0.0,"max_hp_gain":0.0,"max_hp_loss":0.0,"gold_gain":0.0,"event_name":"The Cleric","player_choice":"Card Removal","floor":5.0,"gold_loss":75.0,"damage_taken":0.0},{"cards_removed":["Sucker Punch"],"damage_healed":0.0,"max_hp_gain":0.0,"max_hp_loss":0.0,"gold_gain":0.0,"event_name":"WeMeetAgain","player_choice":"Gave Card","floor":11.0,"gold_loss":0.0,"damage_taken":0.0,"relics_obtained":["TungstenRod"]},{"damage_healed":0.0,"max_hp_gain":0.0,"max_hp_loss":0.0,"gold_gain":50.0,"event_name":"FaceTrader","player_choice":"Touch","floor":19.0,"gold_loss":0.0,"damage_taken":6.0}],"is_beta":false,"boss_relics":[{"not_picked":["Tiny House","HoveringKite"],"picked":"Astrolabe"},{"not_picked":["Black Star","WristBlade"],"picked":"Runic Pyramid"}],"items_purged_floors":[39,54],"is_endless":false,"potions_floor_spawned":[4,6,12,13,16,20,24,28,30,31,35,38,40,44],"killed_by":"The Heart","ascension_level":20}}