{"host":"zksvs3x2ysy9npnz","time":1610488878,"event":{"mods":["Aspiration","BaseMod","Beaked The Cultist","BetterRewards","Clockwork Mod","Colored Map","Conspire","Downfall","Duelist Mod","Ekko","Energized Spire","Fiend Mod","Halation","Highlight Path","Hubris","Hunter ??","Infinite Spire","Jedi Mod","JesterMod","Magitek Elite","Minty Spire (QoL Compilation)","Permanent Neow","Quick Restart","Relic Stats","Replay The Spire","Retaliation","Shade Mod","Shop Mod","StSLib","The Construct","The Poker Player","The Runesmith","The Witch","thorton"],"gold_per_floor":[99,119,136,136,190,210,210,135,167,167,177,212,212,251,264,365,365,290,306,319,329,329,345,420,345,345,363,363,398,37,37,52,157,157,157,172,172,172,191,191,191],"floor_reached":40,"playtime":2833,"items_purged":["hexamod:Sear"],"score":590,"play_id":"08287f9e-4ef5-4b06-af6b-598cec4d3632","local_time":"20210112230118","is_ascension_mode":true,"campfire_choices":[{"floor":1,"key":"RECALL"},{"data":"hexamod:SkipABeat","floor":8,"key":"SMITH"},{"data":"hexamod:ShieldOfDarkness","floor":10,"key":"SMITH"},{"data":"infinitespire:Execution","floor":18,"key":"SMITH"},{"data":"Runesmith:Fortify","floor":25,"key":"SMITH"},{"data":"hexamod:GhostflameInferno","floor":28,"key":"SMITH"},{"data":"hexamod:EmpoweredFlame","floor":35,"key":"SMITH"}],"circlet_count":0,"master_deck":["hexamod:Strike","hexamod:Strike","hexamod:Strike","hexamod:Defend","hexamod:Defend","hexamod:Defend","hexamod:Defend","hexamod:Float","hexamod:RetreatToShadows+1","hexamod:SkipABeat+1","hexamod:ShieldOfDarkness+1","hexamod:EmpoweredFlame+1","hexamod:ShieldOfDarkness","hexamod:EmpoweredFlame","infinitespire:Starlight","Sickly","Runesmith:Fortify+1","hexamod:GhostflameInferno+1","Replay:Sssssssssshield","infinitespire:Execution+1","hexamod:EmpoweredFlame","hexamod:ChargedBarrage+1","hexamod:EtherealExpedition+1","hexamod:WildfireWeapon+1","hexamod:SwordOfDarkness+1","hexamod:VolcanoVisage","hexamod:RadiantFlame","hexamod:Incineration+1"],"relics":["hexamod:SpiritBrand","halation:PromiseList","Bag of Preparation","Oddly Smooth Stone","downfall:HeartBlessingRed","Snack Pack","Thread and Needle","Strawberry","downfall:HeartBlessingGreen","downfall:HeartBlessingBlue","Incense Burner","thethorton:CrushedCigarette","Gremlin Food","MerchantsRug","Runesmith:Nanobots","aspiration:MobileForge"],"acts_visited":["Exordium","TheCity","TheBeyond"],"potions_floor_usage":[9,9,16,21,23,29,32],"damage_taken":[{"damage":0,"enemies":"2 Louse","floor":2,"turns":4},{"damage":12,"enemies":"Jaw Worm","floor":3,"turns":3},{"damage":0,"enemies":"Small Slimes","floor":6,"turns":4},{"damage":10,"enemies":"Gremlin Nob","floor":9,"turns":4},{"damage":0,"enemies":"Exordium Wildlife","floor":11,"turns":3},{"damage":8,"enemies":"Lagavulin","floor":12,"turns":7},{"damage":3,"enemies":"conspire:MimicChest","floor":14,"turns":7},{"damage":21,"enemies":"Gremlin Gang","floor":15,"turns":5},{"damage":20,"enemies":"downfall:Ironclad","floor":16,"turns":10},{"damage":20,"enemies":"Chosen","floor":19,"turns":9},{"damage":5,"enemies":"Snake Plant","floor":20,"turns":6},{"damage":12,"enemies":"Shelled Parasite and Fungi","floor":21,"turns":9},{"damage":15,"enemies":"Centurion and Healer","floor":23,"turns":9},{"damage":0,"enemies":"Snake Plant","floor":27,"turns":5},{"damage":6,"enemies":"Gremlin Leader","floor":29,"turns":7},{"damage":9,"enemies":"downfall:FleeingMerchant","floor":30,"turns":4},{"damage":10,"enemies":"3 Cultists","floor":32,"turns":6},{"damage":3,"enemies":"downfall:Silent","floor":33,"turns":6},{"damage":0,"enemies":"3 Shapes","floor":36,"turns":6},{"damage":3,"enemies":"3 Darklings","floor":39,"turns":7},{"damage":88,"enemies":"Nemesis","floor":40,"turns":9}],"seed_played":"-6875467407840402534","potions_obtained":[{"floor":2,"key":"SkillPotion"},{"floor":3,"key":"SneckoOil"},{"floor":12,"key":"SteroidPotion"},{"floor":14,"key":"Dexterity Potion"},{"floor":21,"key":"BlessingOfTheForge"},{"floor":27,"key":"EssenceOfSteel"},{"floor":29,"key":"Fire Potion"},{"floor":33,"key":"Strength Potion"}],"is_trial":false,"path_per_floor":["R","M","M","?","T","M","T","R","E","R","M","E","?","?","M","B",null,"R_BF","M","M","M","?","M","T","R","AVR","M","R","E","$","?","M","B",null,"R","M","?","?","M","E"],"character_chosen":"THE_SPIRIT","items_purchased":["Guide Book","MerchantsRug","Runesmith:Nanobots"],"campfire_rested":0,"item_purchase_floors":[30,30,30],"current_hp_per_floor":[70,70,58,58,58,58,58,58,48,48,48,40,23,37,26,16,77,77,67,72,70,70,65,65,75,75,87,87,87,78,78,78,75,87,87,87,87,87,84,0,0],"gold":191,"neow_bonus":"RANDOM_COMMON_RELIC","is_daily":false,"chose_seed":false,"campfire_upgraded":6,"win_rate":0.0,"timestamp":1610488878,"path_taken":["R","M","M","?","?","?","T","R","E","R","M","E","?","?","M","BOSS","R_BF","M","M","M","?","?","T","R","AVR","M","R","E","$","?","M","BOSS","R","M","?","?","M","E"],"items_purchased_type":["Relic","Relic","Relic"],"build_version":"2020-12-22","purchased_purges":1,"victory":false,"max_hp_per_floor":[70,70,70,70,70,70,70,70,70,70,70,70,70,77,77,77,77,77,77,77,77,77,77,77,87,87,87,87,87,87,87,87,87,87,87,87,87,87,87,87,87],"relic_stats":{"counters":[21,130],"Bag of Preparation":[38],"obtain_stats":[{"Gremlin Food":29,"MerchantsRug":30,"Runesmith:Nanobots":30,"downfall:HeartBlessingRed":8,"Guide Book":30,"Oddly Smooth Stone":7,"Thread and Needle":12,"downfall:HeartBlessingGreen":18,"ReplayTheSpireMod:SealedPack":17,"Bag of Preparation":5,"Incense Burner":26,"conspire:TopHat":4,"downfall:HeartBlessingBlue":25,"aspiration:MobileForge":34,"Strawberry":14,"halation:PromiseList":0,"Snack Pack":9,"thethorton:CrushedCigarette":26,"hexamod:SpiritBrand":0},{"Gremlin Food":15,"MerchantsRug":16,"Runesmith:Nanobots":16,"downfall:HeartBlessingRed":3,"Guide Book":16,"Oddly Smooth Stone":3,"Thread and Needle":6,"downfall:HeartBlessingGreen":9,"ReplayTheSpireMod:SealedPack":9,"Bag of Preparation":2,"Incense Burner":13,"conspire:TopHat":2,"downfall:HeartBlessingBlue":13,"aspiration:MobileForge":18,"Strawberry":7,"halation:PromiseList":0,"Snack Pack":4,"thethorton:CrushedCigarette":13,"hexamod:SpiritBrand":0},{"Gremlin Food":92,"MerchantsRug":96,"Runesmith:Nanobots":96,"downfall:HeartBlessingRed":11,"Guide Book":96,"Oddly Smooth Stone":11,"Thread and Needle":25,"downfall:HeartBlessingGreen":47,"ReplayTheSpireMod:SealedPack":47,"Bag of Preparation":7,"Incense Burner":80,"conspire:TopHat":7,"downfall:HeartBlessingBlue":80,"aspiration:MobileForge":108,"Strawberry":32,"halation:PromiseList":0,"Snack Pack":15,"thethorton:CrushedCigarette":80,"hexamod:SpiritBrand":0}]},"card_choices":[{"not_picked":["hexamod:SpectersWail","hexamod:HeatCrush"],"picked":"hexamod:RetreatToShadows","floor":2},{"not_picked":["hexamod:FirstSeal","hexamod:NightmareGuise"],"picked":"hexamod:SkipABeat","floor":3},{"not_picked":["hexamod:Hexaguard","hexamod:HeatCrush"],"picked":"hexamod:ShieldOfDarkness","floor":6},{"not_picked":["hexamod:Incineration","hexamod:PowerFromBeyond"],"picked":"hexamod:EmpoweredFlame","floor":9},{"not_picked":["hexamod:GhostLash","hexamod:InspiringFlames"],"picked":"hexamod:ShieldOfDarkness","floor":11},{"not_picked":["hexamod:PhantomCloak","hexamod:SoulSteal"],"picked":"hexamod:EmpoweredFlame","floor":12},{"not_picked":["hubris:Fate","infinitespire:SealOfDarkness+"],"picked":"infinitespire:Starlight","floor":13},{"not_picked":["hexamod:RainOfEmbers","hexamod:PhantomCloak","hexamod:BurningTouch"],"picked":"SKIP","floor":15},{"not_picked":["Fiend:FiendDemonSlash","Shade:AnimateDead"],"picked":"Runesmith:Fortify","floor":17},{"not_picked":["hexamod:GiftsFromTheDead","hexamod:CrushingStance"],"picked":"hexamod:GhostflameInferno","floor":17},{"not_picked":["Replay:Parry","Jack Of All Trades"],"picked":"Replay:Sssssssssshield","floor":17},{"not_picked":["infinitespire:DeathsTouch","infinitespire:Oblivion"],"picked":"infinitespire:Execution","floor":17},{"not_picked":["hexamod:BacktrackSmack+1","hexamod:InspiringFlames+1"],"picked":"hexamod:EmpoweredFlame","floor":19},{"not_picked":["hexamod:NightmareGuise","hexamod:SwordOfDarkness","hexamod:HeatShield"],"picked":"SKIP","floor":20},{"not_picked":["hexamod:ShieldOfDarkness","hexamod:NightmareGuise+1","hexamod:NightmareStrike+1"],"picked":"SKIP","floor":21},{"not_picked":["hexamod:BurningTouch","hexamod:FifthSeal"],"picked":"hexamod:ChargedBarrage+1","floor":23},{"not_picked":["hexamod:HauntingEcho+1","hexamod:SwordOfDarkness+1"],"picked":"hexamod:EtherealExpedition+1","floor":27},{"not_picked":["hexamod:GhostflameBarrier","hexamod:BurningTouch"],"picked":"hexamod:WildfireWeapon","floor":29},{"not_picked":["hexamod:GhostLash","hexamod:BurningTouch","hexamod:GhostShield"],"picked":"SKIP","floor":30},{"not_picked":["hexamod:PhantomFireball","hexamod:RadiantFlame"],"picked":"hexamod:SwordOfDarkness+1","floor":32},{"not_picked":["hexamod:Toasty","hexamod:TurnItUp"],"picked":"hexamod:VolcanoVisage","floor":33},{"not_picked":["hexamod:GhostShield+1","hexamod:ShieldOfDarkness"],"picked":"hexamod:RadiantFlame","floor":36},{"not_picked":["hexamod:FourthSeal","hexamod:Hexaguard+1"],"picked":"hexamod:Incineration+1","floor":39}],"player_experience":2500170,"relics_obtained":[{"floor":5,"key":"Bag of Preparation"},{"floor":7,"key":"Oddly Smooth Stone"},{"floor":9,"key":"Snack Pack"},{"floor":12,"key":"Thread and Needle"},{"floor":14,"key":"Strawberry"},{"floor":29,"key":"Gremlin Food"}],"event_choices":[{"cards_removed":["hexamod:Strike"],"damage_healed":0,"gold_gain":0,"player_choice":"Purged","damage_taken":0,"max_hp_gain":0,"max_hp_loss":0,"event_name":"Purifier","floor":38,"gold_loss":0}],"is_beta":false,"boss_relics":[{"not_picked":["Velvet Choker","Runic Pyramid"],"picked":"ReplayTheSpireMod:SealedPack"},{"not_picked":["aspiration:DefectSkillbook","energizedSpire:NeverEndingSparkler"],"picked":"aspiration:MobileForge"}],"items_purged_floors":[26],"is_endless":false,"potions_floor_spawned":[2,3,12,14,21,27,29,33],"killed_by":"Nemesis","ascension_level":3}}