{"host":"fwszrsv3xaezmgui","time":1610428155,"event":{"mods":["BaseMod","Highlight Path","Minty Spire (QoL Compilation)","Quick Restart"],"gold_per_floor":[112,20,40,52,70,103,103,129,129,129,229,241,256,272,272,374,374,394,8,25,25,40,40,40],"floor_reached":23,"playtime":1386,"items_purged":[],"score":205,"play_id":"85e8f925-b1fe-48f0-8e31-83d15269f13f","local_time":"20210112000915","is_ascension_mode":false,"campfire_choices":[{"floor":10.0,"key":"REST"},{"floor":15.0,"key":"REST"}],"circlet_count":0,"master_deck":["Strike_B","Strike_B","Strike_B","Strike_B","Defend_B","Defend_B","Defend_B","Defend_B","Zap","Dualcast","Seek","Chill","Loop","Stack","Sweeping Beam","Rebound","Glacier","Rebound","Redo","Static Discharge","Beam Cell+1","Ball Lightning+1","Buffer","Turbo+1","Defragment+1","Barrage+1","Rip and Tear+1","Defragment+1"],"relics":["Cracked Core","Happy Flower","Molten Egg 2","Unceasing Top","Pantograph","SlaversCollar","Frozen Egg 2"],"acts_visited":["Exordium","TheCity"],"potions_floor_usage":[20,23],"damage_taken":[{"damage":0.0,"enemies":"Jaw Worm","floor":1.0,"turns":3.0},{"damage":5.0,"enemies":"Small Slimes","floor":3.0,"turns":3.0},{"damage":2.0,"enemies":"Cultist","floor":4.0,"turns":4.0},{"damage":13.0,"enemies":"Lots of Slimes","floor":5.0,"turns":2.0},{"damage":11.0,"enemies":"Lagavulin","floor":6.0,"turns":11.0},{"damage":25.0,"enemies":"Gremlin Nob","floor":8.0,"turns":5.0},{"damage":2.0,"enemies":"Red Slaver","floor":12.0,"turns":3.0},{"damage":1.0,"enemies":"3 Louse","floor":13.0,"turns":2.0},{"damage":0.0,"enemies":"Large Slime","floor":14.0,"turns":3.0},{"damage":23.0,"enemies":"Hexaghost","floor":16.0,"turns":9.0},{"damage":17.0,"enemies":"Shell Parasite","floor":18.0,"turns":8.0},{"damage":20,"enemies":"2 Thieves","floor":20,"turns":2},{"damage":25,"enemies":"Shelled Parasite and Fungi","floor":22,"turns":7},{"damage":14,"enemies":"Slavers","floor":23,"turns":1}],"seed_played":"3932886017137855623","potions_obtained":[{"floor":1.0,"key":"SkillPotion"},{"floor":3.0,"key":"SneckoOil"},{"floor":8.0,"key":"PowerPotion"},{"floor":12.0,"key":"AttackPotion"},{"floor":22,"key":"LiquidMemories"}],"is_trial":false,"path_per_floor":["M","$","M","M","M","E","?","E","T","R","?","M","M","M","R","B",null,"M","$","M","$","M","E"],"character_chosen":"DEFECT","items_purchased":["Loop","Stack","Frozen Egg 2","Defragment+1","Barrage+1"],"campfire_rested":2,"item_purchase_floors":[2,2,19,19,19],"current_hp_per_floor":[75,75,70,68,55,44,44,19,19,41,41,39,38,38,60,52,75,58,58,38,38,13,0,0],"gold":40,"neow_bonus":"ONE_RANDOM_RARE_CARD","is_daily":false,"chose_seed":false,"campfire_upgraded":0,"win_rate":0.0,"timestamp":1610428155,"path_taken":["M","$","M","M","M","E","?","E","T","R","?","M","M","?","R","BOSS","M","?","?","$","M","E"],"items_purchased_type":["Card","Card","Relic","Card","Card"],"build_version":"2020-12-22","purchased_purges":0,"victory":false,"max_hp_per_floor":[75,75,75,75,75,75,75,75,75,75,75,75,75,75,75,75,75,75,75,75,75,75,75,75],"card_choices":[{"not_picked":["Coolheaded","Ball Lightning"],"picked":"Chill","floor":1.0},{"not_picked":["Coolheaded","Sunder"],"picked":"Sweeping Beam","floor":3.0},{"not_picked":["Streamline","Gash"],"picked":"Rebound","floor":4.0},{"not_picked":["Reinforced Body","Compile Driver"],"picked":"Glacier","floor":5.0},{"not_picked":["Streamline","Leap"],"picked":"Rebound","floor":6.0},{"not_picked":["Tempest","Chaos"],"picked":"Redo","floor":8.0},{"not_picked":["Glacier","Reinforced Body"],"picked":"Static Discharge","floor":12.0},{"not_picked":["Biased Cognition","Sweeping Beam+1"],"picked":"Beam Cell+1","floor":13.0},{"not_picked":["Hologram","Lockon+1"],"picked":"Ball Lightning+1","floor":14.0},{"not_picked":["Creative AI","Biased Cognition"],"picked":"Buffer","floor":16.0},{"not_picked":["Beam Cell+1","Defragment"],"picked":"Turbo+1","floor":18.0},{"not_picked":["Sweeping Beam+1","White Noise"],"picked":"Rip and Tear+1","floor":20},{"not_picked":["Compile Driver+1","Rebound+1"],"picked":"Defragment+1","floor":22}],"player_experience":51412,"relics_obtained":[{"floor":6.0,"key":"Happy Flower"},{"floor":8.0,"key":"Unceasing Top"},{"floor":9.0,"key":"Pantograph"}],"event_choices":[{"damage_healed":0.0,"max_hp_gain":0.0,"max_hp_loss":0.0,"gold_gain":0.0,"event_name":"Dead Adventurer","player_choice":"Searched \u00271\u0027 times","floor":7.0,"gold_loss":0.0,"damage_taken":0.0,"relics_obtained":["Molten Egg 2"]},{"damage_healed":0.0,"max_hp_gain":0.0,"max_hp_loss":0.0,"gold_gain":100.0,"event_name":"Golden Shrine","player_choice":"Pray","floor":11.0,"gold_loss":0.0,"damage_taken":0.0}],"is_beta":false,"boss_relics":[{"not_picked":["FrozenCore","Calling Bell"],"picked":"SlaversCollar"}],"items_purged_floors":[],"is_endless":false,"potions_floor_spawned":[1,3,8,12,22],"killed_by":"Slavers","ascension_level":0}}