{"host":"8u7tvcybuv0u72fd","time":1610427773,"event":{"mods":["BaseMod","BetterRewards","Colored Map","Colored Powertips","Minty Spire (QoL Compilation)","Quick Restart","Shop Mod"],"gold_per_floor":[158,8,59,92,160,160,197,197,197,247,247,247,247,312,312,456,456,545,595,595,595,510,510,585,585,585,670,709,367,440,440,440,588,588,627,627,238,309,334,334,5,53,53,386,427,427,427,443,443,493,493,493,33,61,61],"floor_reached":56,"playtime":3399,"items_purged":["Strike_R","Strike_R+1"],"score":1552,"play_id":"10553d60-0d74-4f25-a1e6-b19568324d8e","local_time":"20210112000253","is_ascension_mode":false,"campfire_choices":[{"data":"HandOfGreed","floor":6.0,"key":"SMITH"},{"data":"Body Slam","floor":8.0,"key":"SMITH"},{"data":"Bash","floor":11.0,"key":"SMITH"},{"data":"Shrug It Off","floor":13.0,"key":"SMITH"},{"data":"Defend_R","floor":15.0,"key":"SMITH"},{"data":"Headbutt","floor":23.0,"key":"SMITH"},{"floor":32.0,"key":"RECALL"},{"data":"Madness","floor":40.0,"key":"SMITH"},{"data":"Uppercut","floor":46.0,"key":"SMITH"},{"data":"Madness","floor":47.0,"key":"SMITH"},{"data":"Panacea","floor":49.0,"key":"SMITH"},{"data":"Battle Trance","floor":52.0,"key":"SMITH"}],"circlet_count":0,"master_deck":["Strike_R+1","Strike_R+1","Strike_R+1","Defend_R+1","Defend_R+1","Defend_R+1","Bash+1","HandOfGreed+1","Shrug It Off+1","Headbutt+1","Body Slam+1","Battle Trance+1","Barricade+1","Dropkick+1","Iron Wave+1","CurseOfTheBell","Madness+1","Madness+1","Panacea+1","Uppercut+1","Pommel Strike+1","Disarm+1","Seeing Red"],"relics":["Burning Blood","WingedGreaves","Darkstone Periapt","Toolbox","Juzu Bracelet","InkBottle","PreservedInsect","Kunai","Smiling Mask","Velvet Choker","Shuriken","Self Forming Clay","Vajra","Bag of Marbles","Akabeko","Question Card","StoneCalendar","Art of War","Toy Ornithopter","MerchantsRug","Mercury Hourglass","Centennial Puzzle","Medical Kit","Pear","Nunchaku"],"acts_visited":["Exordium","TheCity","TheBeyond","TheEnding"],"potions_floor_usage":[55,55],"damage_taken":[{"damage":0.0,"enemies":"Small Slimes","floor":1.0,"turns":3.0},{"damage":0.0,"enemies":"2 Louse","floor":3.0,"turns":3.0},{"damage":0.0,"enemies":"Cultist","floor":4.0,"turns":2.0},{"damage":0.0,"enemies":"Exordium Wildlife","floor":5.0,"turns":4.0},{"damage":1.0,"enemies":"2 Fungi Beasts","floor":7.0,"turns":2.0},{"damage":0.0,"enemies":"Gremlin Nob","floor":10.0,"turns":2.0},{"damage":10.0,"enemies":"Lagavulin","floor":14.0,"turns":5.0},{"damage":21.0,"enemies":"Hexaghost","floor":16.0,"turns":8.0},{"damage":0.0,"enemies":"3 Byrds","floor":18.0,"turns":7.0},{"damage":10.0,"enemies":"Chosen","floor":19.0,"turns":5.0},{"damage":0.0,"enemies":"Centurion and Healer","floor":24.0,"turns":5.0},{"damage":10.0,"enemies":"Slavers","floor":27.0,"turns":3.0},{"damage":0.0,"enemies":"Snake Plant","floor":28.0,"turns":4.0},{"damage":0.0,"enemies":"3 Cultists","floor":30.0,"turns":4.0},{"damage":40.0,"enemies":"Automaton","floor":33.0,"turns":7.0},{"damage":0.0,"enemies":"3 Darklings","floor":35.0,"turns":2.0},{"damage":14.0,"enemies":"3 Shapes","floor":38.0,"turns":6.0},{"damage":0.0,"enemies":"Transient","floor":39.0,"turns":5.0},{"damage":9.0,"enemies":"Sphere and 2 Shapes","floor":42.0,"turns":4.0},{"damage":15.0,"enemies":"Maw","floor":45.0,"turns":6.0},{"damage":2.0,"enemies":"Transient","floor":48.0,"turns":5.0},{"damage":5.0,"enemies":"Awakened One","floor":50.0,"turns":10.0},{"damage":27.0,"enemies":"Shield and Spear","floor":54.0,"turns":5.0},{"damage":119,"enemies":"The Heart","floor":55,"turns":12}],"seed_played":"1596030798926094697","potions_obtained":[{"floor":3.0,"key":"Dexterity Potion"},{"floor":4.0,"key":"GamblersBrew"},{"floor":5.0,"key":"BlessingOfTheForge"},{"floor":14.0,"key":"Energy Potion"},{"floor":24.0,"key":"Fire Potion"},{"floor":48.0,"key":"Fruit Juice"}],"is_trial":false,"path_per_floor":["M","$","M","M","M","R","M","R","T","E","R","?","R","E","R","B",null,"M","M","?","?","?","R","M","?","T","E","M","$","M","?","R","B",null,"M","?","$","M","M","R","$","M","T","?","M","R","R","M","R","B",null,"R","$","E","B",null],"character_chosen":"IRONCLAD","items_purchased":["Darkstone Periapt","Toolbox","HandOfGreed","Matryoshka","Shrug It Off","BlessingOfTheForge","Juzu Bracelet","Bag of Marbles","Frozen Eye","Art of War","Panacea","Toy Ornithopter","MerchantsRug","Mercury Hourglass","Uppercut","Medical Kit","Pear","BloodPotion"],"campfire_rested":0,"item_purchase_floors":[0,0,0,0,0,0,2,29,29,37,37,37,41,41,41,53,53,53],"current_hp_per_floor":[46,46,52,58,64,64,69,69,69,75,75,55,55,51,51,36,80,80,76,76,76,76,76,80,80,80,90,94,94,94,94,94,60,100,100,87,87,79,85,85,85,82,82,82,73,73,73,87,87,88,105,105,115,94,14],"gold":61,"neow_bonus":"","is_daily":false,"chose_seed":false,"campfire_upgraded":11,"win_rate":0.0,"timestamp":1610427773,"path_taken":["M","$","M","M","M","R","M","R","T","E","R","?","R","E","R","BOSS","M","M","?","?","?","R","M","?","T","E","M","$","M","?","R","BOSS","M","?","$","M","M","R","$","M","T","?","M","R","R","M","R","BOSS","R","$","E","BOSS"],"items_purchased_type":["Relic","Relic","Card","Relic","Card","Potion","Relic","Relic","Relic","Relic","Card","Relic","Relic","Relic","Card","Relic","Relic","Potion"],"build_version":"2020-12-22","purchased_purges":2,"victory":true,"max_hp_per_floor":[80,80,80,80,80,80,80,80,80,80,80,80,80,80,80,80,80,80,80,80,80,80,80,80,80,80,94,94,94,94,94,94,94,100,100,100,100,100,100,100,100,100,100,100,100,100,100,105,105,105,105,105,115,115,115],"card_choices":[{"not_picked":["Flex","Shrug It Off","Anger"],"picked":"SKIP","floor":1.0},{"not_picked":["Inflame","Wild Strike","Warcry"],"picked":"SKIP","floor":3.0},{"not_picked":["Inflame","Wild Strike","Warcry"],"picked":"SKIP","floor":3.0},{"not_picked":["Bloodletting","Burning Pact"],"picked":"Headbutt","floor":4.0},{"not_picked":["Reaper","Cleave","Flame Barrier"],"picked":"SKIP","floor":5.0},{"not_picked":["Searing Blow","Clothesline"],"picked":"Body Slam","floor":7.0},{"not_picked":["Clothesline","Limit Break"],"picked":"Battle Trance","floor":10.0},{"not_picked":["Perfected Strike","Armaments","Sword Boomerang"],"picked":"SKIP","floor":14.0},{"not_picked":["Offering","Demon Form"],"picked":"Barricade","floor":16.0},{"not_picked":["Warcry","Havoc"],"picked":"Dropkick+1","floor":18.0},{"not_picked":["Sword Boomerang","Headbutt","Thunderclap"],"picked":"SKIP","floor":19.0},{"not_picked":["Dropkick+1","Pommel Strike","Heavy Blade"],"picked":"SKIP","floor":24.0},{"not_picked":["Demon Form","Shrug It Off+1"],"picked":"Iron Wave+1","floor":27.0},{"not_picked":["Clothesline","Shrug It Off+1","Cleave"],"picked":"SKIP","floor":28.0},{"not_picked":["Clash","Perfected Strike","Havoc"],"picked":"SKIP","floor":30.0},{"not_picked":["Flex+1","Warcry+1","Perfected Strike","Armaments"],"picked":"SKIP","floor":35.0},{"not_picked":["Disarm+1","Combust","Iron Wave","Wild Strike+1"],"picked":"SKIP","floor":38.0},{"not_picked":["Power Through+1","Havoc","Rampage","Shrug It Off+1"],"picked":"SKIP","floor":39.0},{"not_picked":["Wild Strike+1","Iron Wave+1","Infernal Blade+1"],"picked":"Pommel Strike+1","floor":42.0},{"not_picked":["Headbutt","Dual Wield","Dropkick+1","Wild Strike"],"picked":"SKIP","floor":45.0},{"not_picked":["Dual Wield","Wild Strike","Clothesline"],"picked":"Disarm+1","floor":48.0},{"not_picked":["Cleave","Brutality","Perfected Strike"],"picked":"Seeing Red","floor":54.0}],"player_experience":1302047,"relics_obtained":[{"floor":9.0,"key":"InkBottle"},{"floor":9.0,"key":"PreservedInsect"},{"floor":10.0,"key":"Kunai"},{"floor":14.0,"key":"Smiling Mask"},{"floor":26.0,"key":"Vajra"},{"floor":27.0,"key":"Mango"},{"floor":34.0,"key":"Akabeko"},{"floor":34.0,"key":"Question Card"},{"floor":34.0,"key":"StoneCalendar"},{"floor":43.0,"key":"Centennial Puzzle"},{"floor":54.0,"key":"Nunchaku"}],"event_choices":[{"damage_healed":0.0,"max_hp_gain":0.0,"max_hp_loss":0.0,"gold_gain":0.0,"event_name":"Golden Idol","player_choice":"Take Damage","floor":12.0,"gold_loss":0.0,"damage_taken":20.0,"relics_obtained":["Golden Idol"]},{"damage_healed":0.0,"max_hp_gain":0.0,"max_hp_loss":0.0,"gold_gain":0.0,"event_name":"Back to Basics","player_choice":"Simplicity","floor":20.0,"gold_loss":0.0,"damage_taken":0.0,"cards_upgraded":["Strike_R","Strike_R","Strike_R","Strike_R","Defend_R","Defend_R","Defend_R"]},{"damage_healed":0.0,"max_hp_gain":0.0,"max_hp_loss":0.0,"gold_gain":0.0,"event_name":"Upgrade Shrine","player_choice":"Upgraded","floor":21.0,"gold_loss":0.0,"damage_taken":0.0,"cards_upgraded":["Barricade"]},{"damage_healed":0.0,"max_hp_gain":0.0,"max_hp_loss":0.0,"gold_gain":0.0,"event_name":"Addict","player_choice":"Obtained Relic","floor":22.0,"gold_loss":85.0,"damage_taken":0.0,"relics_obtained":["Shuriken"]},{"damage_healed":0.0,"max_hp_gain":0.0,"max_hp_loss":0.0,"gold_gain":0.0,"event_name":"The Mausoleum","player_choice":"Opened","floor":25.0,"gold_loss":0.0,"damage_taken":0.0,"relics_obtained":["Self Forming Clay"]},{"cards_removed":["Defend_R"],"damage_healed":0.0,"max_hp_gain":0.0,"max_hp_loss":0.0,"gold_gain":0.0,"event_name":"Purifier","player_choice":"Purged","floor":31.0,"gold_loss":0.0,"damage_taken":0.0},{"damage_healed":0.0,"max_hp_gain":0.0,"max_hp_loss":0.0,"gold_gain":0.0,"event_name":"Winding Halls","player_choice":"Embrace Madness","floor":36.0,"gold_loss":0.0,"damage_taken":13.0,"cards_obtained":["Madness","Madness"]},{"damage_healed":0.0,"max_hp_gain":0.0,"max_hp_loss":0.0,"gold_gain":333.0,"event_name":"The Moai Head","player_choice":"Gave Idol","floor":44.0,"relics_lost":["Golden Idol"],"gold_loss":0.0,"damage_taken":0.0}],"is_beta":false,"boss_relics":[{"not_picked":["Snecko Eye","Fusion Hammer"],"picked":"Velvet Choker"},{"not_picked":["Sozu","Black Star"],"picked":"Calling Bell"}],"items_purged_floors":[0,29],"is_endless":false,"potions_floor_spawned":[3,4,5,14,24,27,28,30,39,45,48],"ascension_level":0}}