{"host":"8jwif9mna8ud19ho","time":1610441082,"event":{"mods":["BaseMod","Better Vampires","Lobotomy","Marisa£¨ìFÓê¡¡Ä§ÀíÉ³£©","Minty Spire (QoL Compilation)","Reimu£¨²©ÀöÁéÃÎ£©","RumiaBox-Â¶Ã×æ«µÄÉñÃØºÐ×Ó","StSLib","¡¾ÒÅÎï¿¨ÅÆ¡¿REMEMod"],"gold_per_floor":[113,113,133,153,0,0,13,13,13,40,40,56,68,99,99,176,176,188,213,213,213],"floor_reached":20,"playtime":1026,"items_purged":["Strike_Lin:ReiMu"],"score":368,"play_id":"e091ea4e-bd18-4f3d-858f-fa837920d694","local_time":"20210112164442","is_ascension_mode":true,"campfire_choices":[{"data":"Reprogram","floor":6.0,"key":"SMITH"},{"data":"Crusade:ReiMu","floor":8.0,"key":"SMITH"},{"data":"Enchanting:ReiMu","floor":11.0,"key":"SMITH"},{"data":"ManaGlint:ReiMu","floor":15.0,"key":"SMITH"}],"circlet_count":0,"master_deck":["AscendersBane","Strike_Lin:ReiMu","Strike_Lin:ReiMu","Strike_Lin:ReiMu","Defend_Lin:ReiMu","Defend_Lin:ReiMu","Defend_Lin:ReiMu","Defend_Lin:ReiMu","NB:ReiMu","Stagnation:ReiMu","Reprogram+1","UniverseFragment","ManaGlint:ReiMu+1","Crusade:ReiMu+1","Enchanting:ReiMu+1","Wellcheers","LovePray:ReiMu","CleanRite:ReiMu","PhosphorusFlame:ReiMu+1","Amulet:ReiMu+1"],"relics":["FlyPower:ReiMu","REME_ComplimentaryCards","CogitoBucket","PlanX","Sundial","AspirationHeart","BodyOfKamiR:ReiMu","Sozu","Red Mask"],"acts_visited":["Exordium","TheCity"],"potions_floor_usage":[],"damage_taken":[{"damage":5.0,"enemies":"Small Slimes","floor":1.0,"turns":5.0},{"damage":1.0,"enemies":"Jaw Worm","floor":3.0,"turns":8.0},{"damage":3.0,"enemies":"Cultist","floor":4.0,"turns":4.0},{"damage":0.0,"enemies":"Large Slime","floor":7.0,"turns":8.0},{"damage":5.0,"enemies":"3 Sentries","floor":10.0,"turns":9.0},{"damage":9.0,"enemies":"3 Louse","floor":12.0,"turns":8.0},{"damage":0.0,"enemies":"Blue Slaver","floor":13.0,"turns":3.0},{"damage":7.0,"enemies":"Lagavulin","floor":14.0,"turns":6.0},{"damage":1.0,"enemies":"Slime Boss","floor":16.0,"turns":8.0},{"damage":0.0,"enemies":"3 Byrds","floor":18.0,"turns":5.0},{"damage":39.0,"enemies":"Masked Bandits","floor":19.0,"turns":7.0},{"damage":29,"enemies":"Shell Parasite","floor":20,"turns":9}],"seed_played":"-7753916368077772195","potions_obtained":[{"floor":1.0,"key":"Block Potion"},{"floor":13.0,"key":"SteroidPotion"}],"is_trial":false,"path_per_floor":["M","?","M","M","$","R","M","R","T","E","R","M","M","E","R","B",null,"M","?","M"],"character_chosen":"REIMU","items_purchased":["Crusade:ReiMu"],"campfire_rested":0,"item_purchase_floors":[5],"current_hp_per_floor":[49,49,48,45,45,45,45,45,45,40,40,41,41,34,34,36,62,62,29,3,3],"gold":213,"neow_bonus":"","is_daily":false,"chose_seed":false,"campfire_upgraded":4,"win_rate":0.0,"timestamp":1610441082,"path_taken":["M","?","M","M","$","R","M","R","T","E","R","M","M","E","R","BOSS","M","?","M"],"items_purchased_type":["Card"],"build_version":"2020-12-22","purchased_purges":1,"victory":false,"max_hp_per_floor":[60,60,60,60,60,60,60,60,60,60,60,70,70,70,70,70,70,70,70,70,70],"card_choices":[{"not_picked":["CrumblingArmor","FairyFestival"],"picked":"UniverseFragment","floor":1.0},{"not_picked":["ForcedLanding:ReiMu","SpringWay:ReiMu","PassingAway:ReiMu"],"picked":"SKIP","floor":1.0},{"not_picked":["InherentArray:ReiMu","Intuition:ReiMu"],"picked":"ManaGlint:ReiMu","floor":3.0},{"not_picked":["OrbThrow:ReiMu","AirStrike:ReiMu","MountainWay:ReiMu"],"picked":"SKIP","floor":4.0},{"not_picked":["Meditation:ReiMu","RunawayExorcism:ReiMu","EmergencyTakeOff:ReiMu"],"picked":"SKIP","floor":7.0},{"not_picked":["AirStrike:ReiMu","SpringWay:ReiMu"],"picked":"Enchanting:ReiMu","floor":10.0},{"not_picked":["BlueStar","Scorched"],"picked":"Wellcheers","floor":12.0},{"not_picked":["SpringWay:ReiMu","FantasyBorder:ReiMu"],"picked":"LovePray:ReiMu","floor":12.0},{"not_picked":["UniversalSpiritual:ReiMu","EmergencyTakeOff:ReiMu","NineCharacters:ReiMu"],"picked":"SKIP","floor":13.0},{"not_picked":["SubcavityInstant:ReiMu","UpKicking:ReiMu","Mountainwind:ReiMu"],"picked":"SKIP","floor":14.0},{"not_picked":["Authority:ReiMu","OctopathSalyBorderN:ReiMu"],"picked":"CleanRite:ReiMu","floor":16.0},{"not_picked":["ManaGlint:ReiMu","WonderfulDomain:ReiMu"],"picked":"PhosphorusFlame:ReiMu+1","floor":18.0},{"not_picked":["AlertArray:ReiMu+1","Revelation:ReiMu"],"picked":"Amulet:ReiMu+1","floor":19.0}],"player_experience":1111262,"relics_obtained":[{"floor":9.0,"key":"PlanX"},{"floor":10.0,"key":"Sundial"},{"floor":14.0,"key":"BodyOfKamiR:ReiMu"},{"floor":19.0,"key":"Red Mask"}],"event_choices":[{"damage_healed":0.0,"max_hp_gain":0.0,"max_hp_loss":0.0,"gold_gain":0.0,"event_name":"Liars Game","player_choice":"Ignored","floor":2.0,"gold_loss":0.0,"damage_taken":0.0},{"damage_healed":0.0,"max_hp_gain":0.0,"max_hp_loss":0.0,"gold_gain":0.0,"event_name":"Masked Bandits","player_choice":"Fought Bandits","floor":19.0,"gold_loss":0.0,"damage_taken":0.0}],"is_beta":false,"boss_relics":[{"not_picked":["Tiny House","SacredBark"],"picked":"Sozu"}],"items_purged_floors":[5],"is_endless":false,"potions_floor_spawned":[1,13,14,18,19],"killed_by":"Shell Parasite","ascension_level":20}}