{"host":"bd3tl98ed0kk4173","time":1610468661,"event":{"mods":["Act Like it!","Aspiration","BaseMod","Better Altar","Better Match","Better Note","Better Sensory Stone","Better Skull","Better Third Choice","BetterRewards","CapriCore","Colored Map","Colored Powertips","Conspire","Downfall","Emptier Cage","Energized Spire","GifTheSpireLib","GungeonMod","Halation","HexUI Lib","Highlight Path","Hubris","Infinite Spire","Jorbs\u0027s Wanderer Trilogy","Keyboard Shortcuts","Lobotomy","LobotomyExtend","Mad Scientist","Minty Spire (QoL Compilation)","Permanent Neow","Quick Restart","Rare Cards Sparkle","Relic Sorter","Replay The Spire","SacredBarkPlus","Shade Mod","Spicy Shops","StSLib","The Animator","The Blackbeard","The Blue Laboratory","The Elementalist","The Factory","The Hayseed","The Hierophant","The Jungle","The Runesmith","TheVacant","vexMod"],"gold_per_floor":[99,99,99,99,74,74,99,99,118,145,145,157,157,168,178,277,277,277,290,301,312,312,312,338,338,358,358,383,400,250,250,268,369,369,369,369,389,389,407,257,281,206,223,85,104,104,104,123,143,143,143,177,177,177,177],"floor_reached":56,"playtime":2593,"items_purged":[],"score":1434,"play_id":"5ad18797-18d8-439d-b1a6-11f13eb08b38","local_time":"20210112112421","is_ascension_mode":false,"campfire_choices":[{"data":"Slimebound:CorrosiveSpit","floor":1.0,"key":"SMITH"},{"data":"Slimebound:Split","floor":6.0,"key":"SMITH"},{"data":"Slimebound:SlimeSpikes","floor":11.0,"key":"SMITH"},{"data":"Slimebound:Gluttony","floor":13.0,"key":"SMITH"},{"data":"expansioncontent:SuperHexaguard","floor":18.0,"key":"SMITH"},{"floor":27.0,"key":"REST"},{"floor":35.0,"key":"RECALL"},{"data":"infinitespire:FutureSight","floor":40.0,"key":"SMITH"},{"data":"Ghostly","floor":42.0,"key":"SMITH"},{"data":"Slimebound:Replication","floor":47.0,"key":"SMITH"},{"data":"Slimebound:PressTheAttack","floor":54.0,"key":"SMITH"}],"circlet_count":0,"master_deck":["Slimebound:Strike_Slimebound+1","Slimebound:Strike_Slimebound+1","Slimebound:Strike_Slimebound+1","Slimebound:Tackle","Slimebound:Defend_Slimebound+1","Slimebound:Split+1","Slimebound:CorrosiveSpit+1","CommonCold","Slimebound:SamplingLick","Slimebound:SlimeSpikes+1","Slimebound:LeechingTouch","Slimebound:Gluttony+1","Slimebound:PressTheAttack+1","Slimebound:SlimeSpikes","Slimebound:DuplicatedForm","Amnesia","RedAim","Slimebound:SelfFormingGoo","expansioncontent:SuperHexaguard+1","infinitespire:FutureSight+1","Slimebound:GoopSpray","Slimebound:Replication+1","Ghostly+1","Slimebound:OneTwoCombo"],"relics":["Slimebound:AbsorbEndCombat","downfall:HeartsMalice","Ring of Fury","ReplayFunnel","Blue Doll","ReplayTheSpireMod:SealedPack","DemoMod:GlassGuonStoneRelic","Replay:Baseball","CaptainsWheel","aspiration:Lifesprig","Replay:Drink Me","downfall:HeartBlessingGreen","downfall:HeartBlessingRed","downfall:HeartBlessingBlue","conspire:GiftBox","HandDrill","Kunai"],"acts_visited":["Exordium","TheCity","TheBeyond","TheEnding"],"potions_floor_usage":[],"damage_taken":[{"damage":0.0,"enemies":"conspire:RoseBush","floor":3.0,"turns":1.0},{"damage":0.0,"enemies":"2 Louse","floor":4.0,"turns":1.0},{"damage":0.0,"enemies":"Jaw Worm","floor":8.0,"turns":1.0},{"damage":20.0,"enemies":"Exordium Thugs","floor":9.0,"turns":5.0},{"damage":10.0,"enemies":"conspire:2 RoseBushes","floor":12.0,"turns":4.0},{"damage":9.0,"enemies":"Exordium Wildlife","floor":14.0,"turns":4.0},{"damage":20.0,"enemies":"Blue Slaver","floor":15.0,"turns":4.0},{"damage":38.0,"enemies":"downfall:Ironclad","floor":16.0,"turns":8.0},{"damage":26.0,"enemies":"3 Byrds","floor":19.0,"turns":4.0},{"damage":37.0,"enemies":"Shell Parasite","floor":20.0,"turns":6.0},{"damage":0.0,"enemies":"Snecko","floor":21.0,"turns":1.0},{"damage":0.0,"enemies":"Shelled Parasite and Fungi","floor":26.0,"turns":1.0},{"damage":0.0,"enemies":"Replay:Snechameleon","floor":28.0,"turns":1.0},{"damage":0.0,"enemies":"Cultist and Chosen","floor":29.0,"turns":1.0},{"damage":8.0,"enemies":"conspire:HollyBat","floor":32.0,"turns":6.0},{"damage":0.0,"enemies":"downfall:Silent","floor":33.0,"turns":1.0},{"damage":0.0,"enemies":"Orb Walker","floor":36.0,"turns":1.0},{"damage":0.0,"enemies":"3 Darklings","floor":37.0,"turns":1.0},{"damage":0.0,"enemies":"Sphere and 2 Shapes","floor":39.0,"turns":1.0},{"damage":0.0,"enemies":"Writhing Mass","floor":43.0,"turns":1.0},{"damage":0.0,"enemies":"downfall:FleeingMerchant","floor":44.0,"turns":1.0},{"damage":0.0,"enemies":"Spire Growth","floor":45.0,"turns":1.0},{"damage":0.0,"enemies":"Maw","floor":48.0,"turns":1.0},{"damage":0.0,"enemies":"Sphere and 2 Shapes","floor":49.0,"turns":1.0},{"damage":0.0,"enemies":"downfall:Defect","floor":50.0,"turns":1.0},{"damage":0.0,"enemies":"downfall:CharBossMerchant","floor":52.0,"turns":1.0},{"damage":0,"enemies":"downfall:NeowBoss","floor":55,"turns":7}],"seed_played":"1371047974349954305","potions_obtained":[{"floor":9.0,"key":"Fire Potion"},{"floor":12.0,"key":"FearPotion"},{"floor":15.0,"key":"blueLaboratory:BottleOfRum"},{"floor":20.0,"key":"Weak Potion"}],"is_trial":false,"path_per_floor":["R","?","M","M","?","R","T","M","M","T","R","M","R","M","M","B",null,"R","M","M","M","?","?","T","?","M","R","E","M","?","?","M","B",null,"R","M","M","?","M","R","T","R","M","$","M","?","R","M","M","B",null,"E","$","R","B",null],"character_chosen":"SLIMEBOUND","items_purchased":["conspire:GiftBox","HandDrill"],"campfire_rested":1,"item_purchase_floors":[44,44],"current_hp_per_floor":[60,60,60,60,60,60,60,60,60,60,60,60,60,60,52,60,60,60,50,48,48,48,48,48,42,42,60,60,60,60,60,60,60,45,45,45,45,45,45,45,45,55,55,55,55,55,55,55,55,55,55,55,55,55,55],"gold":177,"neow_bonus":"THREE_ENEMY_KILL","is_daily":false,"chose_seed":false,"campfire_upgraded":9,"win_rate":0.0,"timestamp":1610468661,"path_taken":["R","?","M","M","?","R","T","?","M","?","R","M","R","M","M","BOSS","R","M","M","M","?","?","T","?","M","R","E","M","?","?","M","BOSS","R","M","M","?","M","R","T","R","M","$","M","?","R","M","M","BOSS","E","$","R","BOSS"],"items_purchased_type":["Relic","Relic"],"build_version":"2020-12-22","purchased_purges":0,"victory":true,"max_hp_per_floor":[60,60,60,60,60,60,60,60,60,60,60,60,60,60,60,60,60,60,60,60,60,60,60,60,60,60,60,60,60,60,60,60,60,45,45,45,45,45,45,45,45,55,55,55,55,55,55,55,55,55,55,55,55,55,55],"card_choices":[{"not_picked":["Slimebound:SplitBruiser","Slimebound:HauntingLick"],"picked":"Slimebound:SamplingLick","floor":3.0},{"not_picked":["Slimebound:SlimeTap","Slimebound:Prepare","Slimebound:ForwardTackle"],"picked":"SKIP","floor":4.0},{"not_picked":["Slimebound:PressTheAttack","Slimebound:LevelUp"],"picked":"Slimebound:SlimeSpikes","floor":8.0},{"not_picked":["Slimebound:Teamwork","Slimebound:ViciousTackle"],"picked":"Slimebound:LeechingTouch","floor":9.0},{"not_picked":["Slimebound:RollThrough","Slimebound:ForwardTackle"],"picked":"Slimebound:Gluttony","floor":12.0},{"not_picked":["Slimebound:LeechingTouch","Slimebound:DivideAndConquer"],"picked":"Slimebound:PressTheAttack","floor":14.0},{"not_picked":["Slimebound:LeechingTouch","Slimebound:Dissolve"],"picked":"Slimebound:SlimeSpikes","floor":15.0},{"not_picked":["Slimebound:SlimeSlap","Slimebound:MassRepurpose"],"picked":"Slimebound:DuplicatedForm","floor":16.0},{"not_picked":["Zap","TheSimpletonMod:Haymaker"],"picked":"RedAim","floor":17.0},{"not_picked":["Slimebound:OneTwoCombo","Slimebound:SlimeSlap"],"picked":"Slimebound:SelfFormingGoo","floor":17.0},{"not_picked":["hubris:Insight","Replay:SS_forest_5"],"picked":"expansioncontent:SuperHexaguard","floor":17.0},{"not_picked":["ReplayTheSpireMod:Black Plague","infinitespire:DeathsTouch"],"picked":"infinitespire:FutureSight","floor":17.0},{"not_picked":["Slimebound:ServeAndProtect","Slimebound:Schlurp"],"picked":"Slimebound:GoopSpray","floor":19.0},{"not_picked":["Slimebound:RollThrough","Slimebound:TongueLash"],"picked":"Slimebound:Replication","floor":20.0},{"not_picked":["Slimebound:SamplingLick","Slimebound:GoopSpray","Slimebound:ProtectTheBoss+1"],"picked":"SKIP","floor":21.0},{"not_picked":["Slimebound:PressTheAttack+1","Slimebound:FormOfPuddle+1","Slimebound:SlimeSpikes"],"picked":"SKIP","floor":26.0},{"not_picked":["Slimebound:ViciousTackle","Slimebound:ProtectTheBoss+1","Slimebound:FormOfPuddle+1"],"picked":"SKIP","floor":28.0},{"not_picked":["Slimebound:SlimeTap+1","Slimebound:FlameTackle","Slimebound:FinishingTackle"],"picked":"SKIP","floor":29.0},{"not_picked":["Slimebound:SlimeSpikes+1","Slimebound:SplitLeeching","Slimebound:Dissolve"],"picked":"SKIP","floor":32.0},{"not_picked":["Slimebound:ComboTackle+1","Slimebound:LeechEnergy","Slimebound:ServeAndProtect"],"picked":"SKIP","floor":36.0},{"not_picked":["Slimebound:FormOfPuddle+1","Slimebound:LeechingTouch+1","Slimebound:TongueLash+1"],"picked":"SKIP","floor":37.0},{"not_picked":["Slimebound:SplitBruiser","Slimebound:ProtectTheBoss+1","Slimebound:FormOfPuddle+1"],"picked":"SKIP","floor":39.0},{"not_picked":["Slimebound:GoopSpray+1","Slimebound:LeechingTouch","Slimebound:ViciousTackle+1"],"picked":"SKIP","floor":43.0},{"not_picked":["Slimebound:FinishingTackle","Slimebound:Repurpose","Slimebound:GoopTackle"],"picked":"SKIP","floor":44.0},{"not_picked":["Slimebound:CheckThePlaybook","Slimebound:Overexert"],"picked":"Slimebound:OneTwoCombo","floor":44.0},{"not_picked":["Slimebound:SlimeTap","Slimebound:RainOfGoop+1","Slimebound:RollThrough+1"],"picked":"SKIP","floor":45.0},{"not_picked":["Slimebound:LeechingTouch","Slimebound:Replication+1","Slimebound:LeechEnergy+1"],"picked":"SKIP","floor":48.0},{"not_picked":["Slimebound:TongueLash","Slimebound:LevelUp","Slimebound:RainOfGoop"],"picked":"SKIP","floor":49.0},{"not_picked":["Slimebound:FinishingTackle","Slimebound:SplitMire+1","Slimebound:ServeAndProtect+1"],"picked":"SKIP","floor":52.0}],"player_experience":138100,"relics_obtained":[{"floor":2.0,"key":"Ring of Fury"},{"floor":7.0,"key":"ReplayFunnel"},{"floor":10.0,"key":"Blue Doll"},{"floor":24.0,"key":"Replay:Baseball"},{"floor":28.0,"key":"aspiration:Lifesprig"},{"floor":52.0,"key":"Kunai"}],"event_choices":[{"damage_healed":0.0,"max_hp_gain":0.0,"max_hp_loss":0.0,"gold_gain":0.0,"event_name":"betterNote:BetterNote","player_choice":"Ignored","floor":22.0,"gold_loss":0.0,"damage_taken":0.0,"cards_obtained":["Defend_R"]},{"damage_healed":0.0,"max_hp_gain":0.0,"max_hp_loss":7.0,"gold_gain":0.0,"event_name":"betterThird:BetterWriting","player_choice":"Simplicity","floor":23.0,"gold_loss":0.0,"damage_taken":0.0},{"damage_healed":0.0,"max_hp_gain":0.0,"max_hp_loss":0.0,"gold_gain":0.0,"event_name":"blackbeard:ShipwreckEvent","player_choice":"CaptainsWheel","floor":25.0,"gold_loss":0.0,"damage_taken":0.0,"relics_obtained":["CaptainsWheel"]},{"damage_healed":0.0,"max_hp_gain":0.0,"max_hp_loss":0.0,"gold_gain":3.0,"event_name":"betterStone:BetterStone","player_choice":"1","floor":38.0,"gold_loss":0.0,"damage_taken":0.0},{"damage_healed":0.0,"max_hp_gain":0.0,"max_hp_loss":0.0,"gold_gain":0.0,"event_name":"conspire:Investor","player_choice":"Leave","floor":46.0,"gold_loss":0.0,"damage_taken":0.0}],"is_beta":false,"boss_relics":[{"not_picked":["hubris:GrandSneckoEye","ChewingGum"],"picked":"ReplayTheSpireMod:SealedPack"},{"not_picked":["halation:HeavySnake","hubris:RunicObelisk"],"picked":"Replay:Drink Me"}],"items_purged_floors":[],"is_endless":false,"potions_floor_spawned":[9,12,15,20,21,26,29,39,43,45,48,49,52],"ascension_level":0}}