{"host":"mfnyjbfkyfsz33u9","time":1610455983,"event":{"mods":["2.2 Compatiblity","BaseMod","Colored Powertips","Downfall","Marisa£¨Ùöéë¡¡Øª×âÞÞ£©","Minty Spire (QoL Compilation)","Rare Cards Sparkle","Replay The Spire","StSLib","SuperFastMode","The Cursed"],"gold_per_floor":[116,126,139,139,156,185,185,185,185],"floor_reached":8,"playtime":259,"items_purged":[],"score":61,"play_id":"4fe5971a-f1b1-4fb6-8982-ff5a8ccb9da1","local_time":"20210112215303","is_ascension_mode":true,"campfire_choices":[{"data":"Infernal Blade","floor":7,"key":"SMITH"}],"circlet_count":0,"master_deck":["Strike_R","Strike_R","Strike_R","Strike_R","Strike_R","Defend_R","Defend_R","Defend_R","Defend_R","Bash","Cleave","Rage","Heavy Blade","Thunderclap","Infernal Blade+1","Warcry"],"relics":["Burning Blood","CultistMask","Centennial Puzzle"],"acts_visited":["Exordium"],"potions_floor_usage":[8],"damage_taken":[{"damage":1.0,"enemies":"Jaw Worm","floor":1.0,"turns":3.0},{"damage":6.0,"enemies":"Cultist","floor":2.0,"turns":3.0},{"damage":3.0,"enemies":"2 Louse","floor":3.0,"turns":3.0},{"damage":4.0,"enemies":"2 Fungi Beasts","floor":5.0,"turns":4.0},{"damage":76.0,"enemies":"Gremlin Nob","floor":6.0,"turns":7.0},{"damage":12,"enemies":"Replay:BlueRogue","floor":8,"turns":9}],"seed_played":"1806231967379483290","potions_obtained":[{"floor":1.0,"key":"Dexterity Potion"},{"floor":3.0,"key":"Block Potion"}],"is_trial":false,"path_per_floor":["M","M","M","?","M","E","R","E"],"character_chosen":"IRONCLAD","items_purchased":[],"campfire_rested":0,"item_purchase_floors":[],"current_hp_per_floor":[80,80,80,80,80,10,10,0,0],"gold":185,"neow_bonus":"THREE_CARDS","is_daily":false,"chose_seed":false,"campfire_upgraded":1,"win_rate":0.0,"timestamp":1610455983,"path_taken":["M","M","M","?","M","E","R","E"],"items_purchased_type":[],"build_version":"2020-12-22","purchased_purges":0,"victory":false,"max_hp_per_floor":[80,80,80,80,80,80,80,80,80],"card_choices":[{"not_picked":["Warcry","Clash"],"picked":"Cleave","floor":0.0},{"not_picked":["Shockwave","Body Slam"],"picked":"Rage","floor":1.0},{"not_picked":["Clash","Run Through"],"picked":"Heavy Blade","floor":2.0},{"not_picked":["Cleave","Body Slam"],"picked":"Thunderclap","floor":3.0},{"not_picked":["Pommel Strike","Life Link"],"picked":"Infernal Blade","floor":5.0},{"not_picked":["Burning Pact","Blood for Blood"],"picked":"Warcry","floor":6}],"player_experience":39618,"relics_obtained":[{"floor":6,"key":"Centennial Puzzle"}],"event_choices":[{"damage_healed":0.0,"max_hp_gain":0.0,"max_hp_loss":0.0,"gold_gain":0.0,"event_name":"FaceTrader","player_choice":"Trade","floor":4.0,"gold_loss":0.0,"damage_taken":0.0,"relics_obtained":["CultistMask"]}],"is_beta":false,"boss_relics":[],"items_purged_floors":[],"is_endless":false,"potions_floor_spawned":[1,3],"killed_by":"Replay:BlueRogue","ascension_level":1}}