{"host":"jfbo3eu2ui08ej1u","time":1610450623,"event":{"mods":["2.2 Compatiblity","AchievementEnabler","Act Like it!","Aspiration","BaseMod","Better Altar","Better Match","Better Note","Better Sensory Stone","Better Skull","Better Third Choice","Block Reminder","Colored Map","Colored Powertips","Conspire","DeckTracker","Displayed Cursed Tome","Downfall","Energized Spire","Fox Events","GifTheSpireLib","Hermit","Hubris","Infinite Spire","Marked Mod","Minty Spire (QoL Compilation)","Pale of the Ancients","Quick Restart","RRrroohrrRGHHhhh!!","Relic Filter","Reorder Act Four","Replay The Spire","Shop Mod","Spicy Shops","StSLib","Stuff the Spire","The Blue Laboratory","The Disciple","The Forsaken","The Hierophant","The Marked","Uncapped","Unceasing Turn Reminder","Wandering Minibosses"],"gold_per_floor":[99,112,129,129,14,39,63,91,91,241,272,285,285,302,317,417,417,417,430,430,450,89,89,112,123,158,158,171,89,106,119,131,229,229,154,272,282,30,30,41,41,66,66,116,116,116,136,36,154,154,164,164,164,164],"floor_reached":52,"playtime":3433,"items_purged":["Regret","Slimebound:Strike_Slimebound","Slimebound:Strike_Slimebound","Slimebound:Tackle","Slimebound:Strike_Slimebound+1","Slimebound:Defend_Slimebound","Slimebound:Defend_Slimebound"],"score":825,"play_id":"d0a2f682-4542-427f-b2e7-747e4258394e","local_time":"20210112062343","is_ascension_mode":true,"campfire_choices":[{"data":"Slimebound:CorrosiveSpit","floor":1.0,"key":"SMITH"},{"data":"Slimebound:SlimeSlap","floor":13.0,"key":"SMITH"},{"data":"Slimebound:SlimeSlap","floor":18.0,"key":"SMITH"},{"data":"Slimebound:OozeBath","floor":35.0,"key":"SMITH"},{"data":"Slimebound:GrowthPunch","floor":43.0,"key":"SMITH"},{"data":"Venomology","floor":46.0,"key":"SMITH"}],"circlet_count":0,"master_deck":["Slimebound:Defend_Slimebound+1","Slimebound:Defend_Slimebound+1","Slimebound:Split+1","Slimebound:CorrosiveSpit+1","Slimebound:LeechEnergy+1","Slimebound:GoopSpray","Slimebound:GrowthPunch+1","Slimebound:SplitMire+1","Slimebound:SlimeSlap+1","Slimebound:GoopSpray","Slimebound:LeechingTouch","Slimebound:SlimeSlap+1","Slimebound:SplitMire","Slimebound:SplitMire+1","Venomology+1","ReplayTheSpireMod:Private Reserves","Slimebound:SpikyOuterGoop","Slimebound:OozeBath+1","Slimebound:Equalize","Slimebound:SplitMire+1"],"relics":["Slimebound:AbsorbEndCombat","infinitespire:PuzzleCube","Smiling Mask","hubris:Towel","War Paint","conspire:RoyalGoblet","Bag of Preparation","StuffTheSpire:Gunfinga","rorgmod:The Boot","StuffTheSpire:CocoNut","hubris:Icosahedron","SacredBark","downfall:HeartBlessingGreen","theForsaken:HumbleEgg","infinitespire:Bottled Soul","hubris:Potato","paleoftheancients:Timepiece","paleoftheancients:KeyRelic","Gremlin Horn"],"acts_visited":["Exordium","TheCity","TheBeyond","paleoftheancients:PaleOfTheAncients"],"potions_floor_usage":[50,51,52,52,52],"damage_taken":[{"damage":9.0,"enemies":"Jaw Worm","floor":2.0,"turns":3.0},{"damage":14.0,"enemies":"Small Slimes","floor":3.0,"turns":3.0},{"damage":20.0,"enemies":"downfall:FleeingMerchant","floor":5.0,"turns":4.0},{"damage":30.0,"enemies":"3 Sentries","floor":6.0,"turns":8.0},{"damage":16.0,"enemies":"Gremlin Nob","floor":8.0,"turns":3.0},{"damage":21.0,"enemies":"Lagavulin","floor":11.0,"turns":5.0},{"damage":12.0,"enemies":"Cultist","floor":12.0,"turns":3.0},{"damage":13.0,"enemies":"Exordium Thugs","floor":14.0,"turns":3.0},{"damage":13.0,"enemies":"Exordium Wildlife","floor":15.0,"turns":3.0},{"damage":53.0,"enemies":"downfall:Silent","floor":16.0,"turns":6.0},{"damage":17.0,"enemies":"3 Byrds","floor":19.0,"turns":4.0},{"damage":19.0,"enemies":"conspire:FuzzyDice","floor":21.0,"turns":4.0},{"damage":21.0,"enemies":"downfall:FleeingMerchant","floor":22.0,"turns":4.0},{"damage":21.0,"enemies":"Snake Plant","floor":25.0,"turns":2.0},{"damage":58.0,"enemies":"conspire:SneckoGhost","floor":26.0,"turns":6.0},{"damage":27.0,"enemies":"3 Cultists","floor":28.0,"turns":4.0},{"damage":16.0,"enemies":"downfall:FleeingMerchant","floor":29.0,"turns":4.0},{"damage":38.0,"enemies":"Sentry and Sphere","floor":30.0,"turns":4.0},{"damage":26.0,"enemies":"Snecko","floor":31.0,"turns":4.0},{"damage":34.0,"enemies":"3 Cultists","floor":32.0,"turns":5.0},{"damage":34.0,"enemies":"downfall:Watcher","floor":33.0,"turns":5.0},{"damage":28.0,"enemies":"3 Darklings","floor":36.0,"turns":7.0},{"damage":8.0,"enemies":"Orb Walker","floor":37.0,"turns":2.0},{"damage":24.0,"enemies":"Transient","floor":40.0,"turns":5.0},{"damage":41.0,"enemies":"Nemesis","floor":42.0,"turns":4.0},{"damage":0.0,"enemies":"Mind Bloom Boss Battle","floor":44.0,"turns":3.0},{"damage":8.0,"enemies":"3 Darklings","floor":47.0,"turns":4.0},{"damage":1.0,"enemies":"Sphere and 2 Shapes","floor":49.0,"turns":4.0},{"damage":16,"enemies":"downfall:Defect","floor":50,"turns":5},{"damage":89,"enemies":"downfall:Defect","floor":51,"turns":10},{"damage":239,"enemies":"paleoftheancients:N","floor":52,"turns":15}],"seed_played":"3673190323250508768","potions_obtained":[{"floor":2.0,"key":"Energy Potion"},{"floor":12.0,"key":"Toxic Potion"},{"floor":14.0,"key":"blueLaboratory:BottleOfVodka"},{"floor":15.0,"key":"blueLaboratory:FruitPunch"},{"floor":20.0,"key":"CultistPotion"},{"floor":28.0,"key":"Explosive Potion"},{"floor":42.0,"key":"blueLaboratory:FruitPunch"},{"floor":44.0,"key":"LiquidBronze"},{"floor":45.0,"key":"Strength Potion"},{"floor":45.0,"key":"Guardian:BlockOnCardUsePotion"}],"is_trial":false,"path_per_floor":["R","M","M","?","$","E","T","E","?","?","E","M","R","M","M","B",null,"R","M","?","M","$","?","T","M","E","?","M","$","M","M","M","B",null,"R","M","M","$","?","M","T","E","R","?","?","R","M","$","M","B","M","B"],"character_chosen":"SLIMEBOUND","items_purchased":["Slimebound:GrowthPunch","Bag of Preparation","StuffTheSpire:Gunfinga","Venomology","ReplayTheSpireMod:Private Reserves","theForsaken:HumbleEgg","Slimebound:SplitMire+1"],"campfire_rested":0,"item_purchase_floors":[5,22,22,29,29,38,38],"current_hp_per_floor":[60,60,60,60,60,57,57,56,56,56,55,60,60,59,60,41,62,62,62,62,59,62,62,62,53,40,40,53,69,51,53,59,66,69,69,69,69,69,69,69,69,48,48,73,73,73,73,73,73,76,65,0,0,0],"gold":164,"neow_bonus":"UPGRADE_CARD","is_daily":false,"chose_seed":false,"campfire_upgraded":6,"win_rate":0.0,"timestamp":1610450623,"path_taken":["R","M","M","?","$","E","T","E","?","?","E","M","R","?","M","BOSS","R","M","?","M","$","?","T","M","E","?","M","$","M","M","M","BOSS","R","M","M","$","?","M","T","E","R","?","?","R","?","?","M","BOSS","M","BOSS"],"items_purchased_type":["Card","Relic","Relic","Card","Card","Relic","Card"],"build_version":"2020-12-22","purchased_purges":7,"victory":false,"max_hp_per_floor":[60,60,60,60,60,60,60,60,60,60,60,60,60,60,60,62,62,62,62,62,62,62,62,62,62,69,69,69,69,69,69,69,69,69,69,69,69,69,69,69,69,69,69,73,73,73,73,73,73,76,76,76,76,76],"card_choices":[{"not_picked":["Slimebound:LeechingTouch","Slimebound:ItLooksTasty"],"picked":"Slimebound:LeechEnergy","floor":2.0},{"not_picked":["Slimebound:LeechingTouch","Slimebound:PressTheAttack"],"picked":"Slimebound:GoopSpray","floor":3.0},{"not_picked":["Slimebound:MinionMaster","Slimebound:Chomp","Slimebound:SplitAcid"],"picked":"SKIP","floor":5.0},{"not_picked":["Slimebound:PressTheAttack","Slimebound:Dissolve","Slimebound:Chomp"],"picked":"SKIP","floor":6.0},{"not_picked":["Slimebound:Chomp","Slimebound:SamplingLick"],"picked":"Slimebound:SplitMire","floor":8.0},{"not_picked":["Slimebound:SplitBruiser","Slimebound:Repurpose"],"picked":"Slimebound:SlimeSlap","floor":11.0},{"not_picked":["Slimebound:SamplingLick","Slimebound:ProtectTheBoss","Slimebound:PressTheAttack"],"picked":"SKIP","floor":12.0},{"not_picked":["Slimebound:LeechEnergy","Slimebound:MegaLick"],"picked":"Slimebound:GoopSpray","floor":14.0},{"not_picked":["Slimebound:ProtectTheBoss","Slimebound:RollThrough"],"picked":"Slimebound:LeechingTouch","floor":15.0},{"not_picked":["Slimebound:RallyTheTroops","Slimebound:MassFeed"],"picked":"Slimebound:SlimeSlap","floor":16.0},{"not_picked":["Slimebound:PressTheAttack","Slimebound:RejuvenatingLick","Slimebound:SplitBruiser"],"picked":"SKIP","floor":19.0},{"not_picked":["Slimebound:FirmFortitude","Slimebound:SplitBruiser","Slimebound:MassFeed"],"picked":"SKIP","floor":21.0},{"not_picked":["Slimebound:Schlurp","Slimebound:ComboTackle","Slimebound:RollThrough"],"picked":"SKIP","floor":22.0},{"not_picked":["Slimebound:ComboTackle","Slimebound:Schlurp"],"picked":"Slimebound:SplitMire","floor":25.0},{"not_picked":["Slimebound:PressTheAttack","Slimebound:RollThrough","Slimebound:BestDefense+1"],"picked":"SKIP","floor":26.0},{"not_picked":["Slimebound:Schlurp","Slimebound:FinishingTackle+1","Slimebound:ComboTackle"],"picked":"SKIP","floor":28.0},{"not_picked":["Slimebound:SlimeSpikes+1","Slimebound:HauntingLick+1"],"picked":"Slimebound:SplitMire+1","floor":29.0},{"not_picked":["Slimebound:HauntingLick","Slimebound:SamplingLick"],"picked":"Slimebound:SpikyOuterGoop","floor":30.0},{"not_picked":["Slimebound:Dissolve+1","Slimebound:FormOfPuddle","Slimebound:SplitLeeching"],"picked":"SKIP","floor":31.0},{"not_picked":["Slimebound:PrepareCrush","Slimebound:FinishingTackle","Slimebound:LevelUp"],"picked":"SKIP","floor":32.0},{"not_picked":["Slimebound:DuplicatedForm","Slimebound:Teamwork"],"picked":"Slimebound:OozeBath","floor":33.0},{"not_picked":["Slimebound:SamplingLick+1","Slimebound:SplitAcid","Slimebound:MegaLick+1"],"picked":"SKIP","floor":36.0},{"not_picked":["Slimebound:SamplingLick","Slimebound:FirmFortitude+1"],"picked":"Slimebound:Equalize","floor":37.0},{"not_picked":["Slimebound:Schlurp+1","Slimebound:Grow+1","Slimebound:SplitAcid+1"],"picked":"SKIP","floor":40.0},{"not_picked":["Slimebound:SplitMire+1","Slimebound:LeadByExample","Slimebound:SlimeSpikes+1"],"picked":"SKIP","floor":42.0},{"not_picked":["Slimebound:Equalize+1","Slimebound:GoopSpray+1","Slimebound:GoopTackle"],"picked":"SKIP","floor":47.0},{"not_picked":["Slimebound:LeechEnergy+1","Slimebound:SplitAcid+1","Slimebound:SplitLeeching+1"],"picked":"SKIP","floor":49.0},{"not_picked":["Slimebound:ComboTackle+1","Slimebound:LeechEnergy+1","Slimebound:ItLooksTasty"],"picked":"SKIP","floor":51}],"player_experience":1214672,"relics_obtained":[{"floor":6.0,"key":"infinitespire:PuzzleCube"},{"floor":7.0,"key":"aspiration:TomeofQuesting"},{"floor":8.0,"key":"Smiling Mask"},{"floor":11.0,"key":"War Paint"},{"floor":24.0,"key":"rorgmod:The Boot"},{"floor":26.0,"key":"StuffTheSpire:CocoNut"},{"floor":41.0,"key":"infinitespire:Bottled Soul"},{"floor":42.0,"key":"hubris:Potato"}],"event_choices":[{"damage_healed":0.0,"max_hp_gain":0.0,"max_hp_loss":0.0,"gold_gain":0.0,"event_name":"conspire:Investor","player_choice":"Leave","floor":23.0,"gold_loss":0.0,"damage_taken":0.0},{"damage_healed":0.0,"max_hp_gain":0.0,"max_hp_loss":0.0,"gold_gain":0.0,"event_name":"Lab","player_choice":"Got Potions","floor":45.0,"gold_loss":0.0,"damage_taken":0.0}],"is_beta":false,"boss_relics":[{"not_picked":["StuffTheSpire:ModemDavis","conspire:RunicOctahedron"],"picked":"conspire:RoyalGoblet"},{"not_picked":["Abe\u0027s Treasure","hubris:HollowSoul"],"picked":"SacredBark"}],"items_purged_floors":[5,22,29,29,38,48,48],"is_endless":false,"potions_floor_spawned":[2,12,14,15,21,28,30,32,36,42,44],"killed_by":"paleoftheancients:N","ascension_level":1}}