{"host":"pbf6u3tyx46snqc7","time":1610467747,"event":{"mods":["AchievementEnabler","BaseMod","Colored Map","Minty Spire (QoL Compilation)","Rare Cards Sparkle","SuperFastMode"],"gold_per_floor":[116,116,35,35,12,44,62,62,89,120,295,370,370,370,370,468,468,479,497,497,91,101,49,49,63,63,83,101,132,132,144,144,246,246,266,280,280,280],"floor_reached":37,"playtime":1329,"items_purged":["Doubt"],"score":671,"play_id":"d34b8154-e986-4177-99fb-5c393cdbb12f","local_time":"20210113010907","is_ascension_mode":true,"campfire_choices":[{"data":"Armaments","floor":8.0,"key":"SMITH"},{"floor":13.0,"key":"RECALL"},{"data":"Inflame","floor":15.0,"key":"SMITH"},{"floor":30,"key":"REST"},{"floor":32,"key":"REST"}],"circlet_count":0,"master_deck":["AscendersBane","Bash+1","Pommel Strike","Inflame+1","Swift Strike","Armaments+1","Flex","Flame Barrier","Sword Boomerang","Offering","Barricade","Havoc","Warcry","Whirlwind","Body Slam","Limit Break","Entrench","Bloodletting","Second Wind","Limit Break","Heavy Blade+1","Sword Boomerang+1","Armaments+1","Battle Trance","Heavy Blade+1","Headbutt+1","Feed+1","Reckless Charge+1","Pommel Strike+1"],"relics":["Burning Blood","NeowsBlessing","Gremlin Horn","MealTicket","Bottled Tornado","Pandora\u0027s Box","MutagenicStrength","Molten Egg 2","Regal Pillow","Red Skull","SacredBark"],"acts_visited":["Exordium","TheCity","TheBeyond"],"potions_floor_usage":[22,33,35],"damage_taken":[{"damage":0.0,"enemies":"Small Slimes","floor":1.0,"turns":1.0},{"damage":0.0,"enemies":"3 Sentries","floor":6.0,"turns":2.0},{"damage":0.0,"enemies":"Cultist","floor":7.0,"turns":1.0},{"damage":27.0,"enemies":"Lagavulin","floor":10.0,"turns":5.0},{"damage":37.0,"enemies":"Slime Boss","floor":16.0,"turns":8.0},{"damage":16.0,"enemies":"2 Thieves","floor":18.0,"turns":3.0},{"damage":0.0,"enemies":"Chosen","floor":19.0,"turns":4.0},{"damage":17,"enemies":"Shelled Parasite and Fungi","floor":22,"turns":2},{"damage":34,"enemies":"Snecko","floor":25,"turns":4},{"damage":6,"enemies":"Centurion and Healer","floor":27,"turns":2},{"damage":13,"enemies":"Shelled Parasite and Fungi","floor":28,"turns":2},{"damage":38,"enemies":"Book of Stabbing","floor":29,"turns":4},{"damage":24,"enemies":"Snake Plant","floor":31,"turns":2},{"damage":20,"enemies":"Collector","floor":33,"turns":3},{"damage":61,"enemies":"3 Shapes","floor":35,"turns":4},{"damage":6,"enemies":"Orb Walker","floor":36,"turns":1},{"damage":25,"enemies":"Writhing Mass","floor":37,"turns":2}],"seed_played":"-6529600010085430514","potions_obtained":[{"floor":10.0,"key":"SteroidPotion"},{"floor":16.0,"key":"Block Potion"},{"floor":19.0,"key":"SmokeBomb"},{"floor":28,"key":"Fire Potion"},{"floor":33,"key":"Strength Potion"},{"floor":35,"key":"Explosive Potion"}],"is_trial":false,"path_per_floor":["M","?","$","?","$","E","M","R","T","E","?","?","R","T","R","B",null,"M","M","?","$","M","$","?","M","T","M","M","E","R","M","R","B",null,"M","M","M"],"character_chosen":"IRONCLAD","items_purchased":["Inflame","Armaments","Molten Egg 2","Heavy Blade+1","Block Potion","SteroidPotion"],"campfire_rested":2,"item_purchase_floors":[3,5,21,21,21,23],"current_hp_per_floor":[78,78,78,78,78,80,80,80,80,59,59,48,48,48,48,17,64,54,60,60,75,64,79,79,51,51,51,44,12,51,33,72,58,75,20,20,0,0],"gold":280,"neow_bonus":"THREE_ENEMY_KILL","is_daily":false,"chose_seed":false,"campfire_upgraded":2,"win_rate":0.0,"timestamp":1610467747,"path_taken":["M","?","?","?","$","E","?","R","T","E","?","?","R","?","R","BOSS","M","M","?","$","M","?","?","?","T","M","M","E","R","M","R","BOSS","M","M","?"],"items_purchased_type":["Card","Card","Relic","Card","Potion","Potion"],"build_version":"2020-12-22","purchased_purges":1,"victory":false,"max_hp_per_floor":[80,80,80,80,80,80,80,80,80,80,80,80,80,80,80,80,80,80,80,80,80,80,80,80,80,80,80,80,80,80,80,80,80,80,80,80,80,80],"card_choices":[{"not_picked":["Iron Wave","Rampage"],"picked":"Pommel Strike","floor":1.0},{"not_picked":["Armaments","Clothesline"],"picked":"Flex","floor":6.0},{"not_picked":["Rampage","True Grit"],"picked":"Flame Barrier","floor":7.0},{"not_picked":["Reckless Charge","Clash"],"picked":"Sword Boomerang","floor":10.0},{"not_picked":["Juggernaut","Exhume"],"picked":"Offering","floor":16.0},{"not_picked":["Clothesline","Pommel Strike","Clash"],"picked":"SKIP","floor":18.0},{"not_picked":["Clothesline","Pommel Strike","Clash"],"picked":"SKIP","floor":18.0},{"not_picked":["Armaments","Clothesline+1"],"picked":"Limit Break","floor":19.0},{"not_picked":["Warcry","Combust"],"picked":"Sword Boomerang+1","floor":22},{"not_picked":["Flex","Clash+1"],"picked":"Battle Trance","floor":25},{"not_picked":["Wild Strike+1","Flame Barrier+1","Armaments"],"picked":"SKIP","floor":27},{"not_picked":["Evolve+1","Dropkick+1"],"picked":"Heavy Blade+1","floor":28},{"not_picked":["Dark Embrace","Iron Wave+1"],"picked":"Headbutt+1","floor":29},{"not_picked":["Flex","True Grit","Cleave+1"],"picked":"SKIP","floor":31},{"not_picked":["Barricade","Juggernaut"],"picked":"Feed+1","floor":33},{"not_picked":["Wild Strike+1","Second Wind"],"picked":"Reckless Charge+1","floor":35},{"not_picked":["Hemokinesis+1","Pommel Strike+1","Combust+1"],"picked":"SKIP","floor":36},{"not_picked":["Hemokinesis+1","Combust+1"],"picked":"Pommel Strike+1","floor":36}],"player_experience":415895,"relics_obtained":[{"floor":6.0,"key":"Gremlin Horn"},{"floor":10.0,"key":"MealTicket"},{"floor":14.0,"key":"Bottled Tornado"},{"floor":26,"key":"Regal Pillow"},{"floor":29,"key":"Red Skull"}],"event_choices":[{"damage_healed":0.0,"max_hp_gain":0.0,"max_hp_loss":0.0,"gold_gain":0.0,"event_name":"Accursed Blacksmith","player_choice":"Forge","floor":2.0,"gold_loss":0.0,"damage_taken":0.0,"cards_upgraded":["Bash"]},{"damage_healed":0.0,"max_hp_gain":0.0,"max_hp_loss":0.0,"gold_gain":0.0,"event_name":"Match and Keep!","player_choice":"1 cards matched","floor":4.0,"gold_loss":0.0,"damage_taken":0.0,"cards_obtained":["Swift Strike"]},{"damage_healed":0.0,"max_hp_gain":0.0,"max_hp_loss":0.0,"gold_gain":175.0,"event_name":"Liars Game","player_choice":"AGREE","floor":11.0,"gold_loss":0.0,"damage_taken":0.0,"cards_obtained":["Doubt"]},{"damage_healed":0.0,"max_hp_gain":0.0,"max_hp_loss":0.0,"gold_gain":75.0,"event_name":"World of Goop","player_choice":"Gather Gold","floor":12.0,"gold_loss":0.0,"damage_taken":11.0},{"damage_healed":0.0,"max_hp_gain":0.0,"max_hp_loss":0.0,"gold_gain":0.0,"event_name":"Drug Dealer","player_choice":"Inject Mutagens","floor":20.0,"gold_loss":0.0,"damage_taken":0.0,"relics_obtained":["MutagenicStrength"]},{"damage_healed":0,"gold_gain":0,"player_choice":"Copied","damage_taken":0,"max_hp_gain":0,"max_hp_loss":0,"event_name":"Duplicator","floor":24,"gold_loss":0,"cards_obtained":["Armaments"]}],"is_beta":false,"boss_relics":[{"not_picked":["Busted Crown","Calling Bell"],"picked":"Pandora\u0027s Box"},{"not_picked":["Runic Cube","Runic Dome"],"picked":"SacredBark"}],"items_purged_floors":[21],"is_endless":false,"potions_floor_spawned":[10,16,19,28,31,33,35,36],"killed_by":"Writhing Mass","ascension_level":10}}