{"host":"9n6i2vl93jt4o42q","time":1610455594,"event":{"mods":["BaseMod","Minty Spire (QoL Compilation)","Relic Stats"],"gold_per_floor":[111,36,46,46,59,88,88,88,88,101,20,55,55,55,55,145,145,159,159,200,220,240,240,263,263,263],"floor_reached":25,"playtime":3969,"items_purged":[],"score":411,"play_id":"a64a9b18-5ed7-421e-8478-f0ecefb19a0f","local_time":"20210112134634","is_ascension_mode":true,"campfire_choices":[{"floor":7,"key":"REST"},{"data":"Hello World","floor":15,"key":"SMITH"},{"floor":23,"key":"REST"}],"circlet_count":0,"master_deck":["AscendersBane","Strike_B","Strike_B","Defend_B","Defend_B","Defend_B","Zap","Dualcast","Rainbow","Conserve Battery","BootSequence","White Noise","Chaos","Static Discharge","Hello World+1","Cold Snap","Multi-Cast","Heatsinks","Force Field","Doom and Gloom","Chill","Go for the Eyes+1","Coolheaded","Cold Snap"],"relics":["Cracked Core","Mummified Hand","Shuriken","Bag of Marbles","Ornamental Fan","Golden Idol","Nuclear Battery","Red Mask"],"acts_visited":["Exordium","TheCity"],"potions_floor_usage":[12,24],"damage_taken":[{"damage":1,"enemies":"2 Louse","floor":1,"turns":2},{"damage":3,"enemies":"Jaw Worm","floor":3,"turns":3},{"damage":0,"enemies":"Small Slimes","floor":5,"turns":4},{"damage":57,"enemies":"Gremlin Nob","floor":6,"turns":5},{"damage":0,"enemies":"Exordium Wildlife","floor":10,"turns":4},{"damage":6,"enemies":"3 Sentries","floor":12,"turns":7},{"damage":9,"enemies":"Slime Boss","floor":16,"turns":9},{"damage":17,"enemies":"Shell Parasite","floor":18,"turns":6},{"damage":16,"enemies":"Masked Bandits","floor":20,"turns":4},{"damage":1,"enemies":"2 Thieves","floor":21,"turns":4},{"damage":4,"enemies":"Sentry and Sphere","floor":22,"turns":4},{"damage":9,"enemies":"Snecko","floor":24,"turns":6},{"damage":33,"enemies":"Gremlin Leader","floor":25,"turns":7}],"seed_played":"-6487350594061975513","potions_obtained":[{"floor":10,"key":"DistilledChaos"},{"floor":12,"key":"Strength Potion"},{"floor":16,"key":"SneckoOil"},{"floor":18,"key":"Ancient Potion"},{"floor":24,"key":"FearPotion"}],"is_trial":false,"path_per_floor":["M","?","M","?","M","E","R","?","T","M","$","E","?","?","R","B",null,"M","?","?","M","M","R","M","E"],"character_chosen":"DEFECT","items_purchased":["Hello World"],"campfire_rested":2,"item_purchase_floors":[11],"current_hp_per_floor":[63,63,60,60,60,3,24,24,24,24,24,18,41,41,41,32,56,39,39,23,22,18,37,28,0,0],"gold":263,"neow_bonus":"ONE_RANDOM_RARE_CARD","is_daily":false,"chose_seed":false,"campfire_upgraded":1,"win_rate":0.0,"timestamp":1610455594,"path_taken":["M","?","M","?","M","E","R","?","T","?","$","E","?","?","R","BOSS","M","?","?","M","M","R","M","E"],"items_purchased_type":["Card"],"build_version":"2020-12-22","purchased_purges":0,"victory":false,"max_hp_per_floor":[71,71,71,71,71,71,71,71,71,71,71,71,71,64,64,64,64,64,64,64,64,64,64,64,64,64],"relic_stats":{"counters":[13,65],"Mummified Hand":[31],"Shuriken":[7],"Ornamental Fan":[28],"Golden Idol":42,"obtain_stats":[{"Mummified Hand":6,"Shuriken":8,"Ornamental Fan":12,"Golden Idol":14,"Bag of Marbles":9,"Red Mask":20,"Cracked Core":0,"Nuclear Battery":17},{"Mummified Hand":4,"Shuriken":4,"Ornamental Fan":6,"Golden Idol":6,"Bag of Marbles":4,"Red Mask":9,"Cracked Core":0,"Nuclear Battery":7},{"Mummified Hand":14,"Shuriken":14,"Ornamental Fan":25,"Golden Idol":25,"Bag of Marbles":14,"Red Mask":44,"Cracked Core":0,"Nuclear Battery":34}]},"card_choices":[{"not_picked":["Barrage","Skim"],"picked":"Conserve Battery","floor":1},{"not_picked":["Steam","Rip and Tear"],"picked":"BootSequence","floor":3},{"not_picked":["Steam","Go for the Eyes"],"picked":"White Noise","floor":5},{"not_picked":["Rebound","Stack"],"picked":"Chaos","floor":6},{"not_picked":["Steam","Skim"],"picked":"Static Discharge","floor":10},{"not_picked":["Genetic Algorithm","Biased Cognition"],"picked":"Cold Snap","floor":12},{"not_picked":["Thunder Strike","All For One"],"picked":"Multi-Cast","floor":16},{"not_picked":["Stack","Consume"],"picked":"Heatsinks","floor":18},{"not_picked":["Redo","Rebound"],"picked":"Chill","floor":20},{"not_picked":["Ball Lightning","Scrape"],"picked":"Go for the Eyes+1","floor":21},{"not_picked":["Double Energy","Cold Snap"],"picked":"Coolheaded","floor":22},{"not_picked":["Streamline","Gash"],"picked":"Cold Snap","floor":24}],"player_experience":2049444,"relics_obtained":[{"floor":6,"key":"Mummified Hand"},{"floor":9,"key":"Bag of Marbles"},{"floor":12,"key":"Ornamental Fan"},{"floor":20,"key":"Red Mask"}],"event_choices":[{"cards_removed":["Strike_B"],"damage_healed":0,"gold_gain":0,"player_choice":"Card Removal","damage_taken":0,"max_hp_gain":0,"max_hp_loss":0,"event_name":"The Cleric","floor":2,"gold_loss":75},{"damage_healed":0,"gold_gain":0,"player_choice":"Ignored","damage_taken":0,"max_hp_gain":0,"max_hp_loss":0,"event_name":"Liars Game","floor":4,"gold_loss":0},{"damage_healed":0,"gold_gain":0,"player_choice":"Searched \u00272\u0027 times","damage_taken":0,"relics_obtained":["Shuriken"],"max_hp_gain":0,"max_hp_loss":0,"event_name":"Dead Adventurer","floor":8,"gold_loss":0},{"damage_healed":23,"gold_gain":0,"player_choice":"Banana","damage_taken":0,"max_hp_gain":0,"max_hp_loss":0,"event_name":"Big Fish","floor":13,"gold_loss":0},{"damage_healed":0,"gold_gain":0,"player_choice":"Lose Max HP","damage_taken":0,"relics_obtained":["Golden Idol"],"max_hp_gain":0,"max_hp_loss":7,"event_name":"Golden Idol","floor":14,"gold_loss":0},{"damage_healed":0,"gold_gain":0,"cards_transformed":["Strike_B","Defend_B"],"player_choice":"Became Test Subject","damage_taken":0,"max_hp_gain":0,"max_hp_loss":0,"event_name":"Drug Dealer","floor":19,"gold_loss":0,"cards_obtained":["Force Field","Doom and Gloom"]},{"damage_healed":0,"gold_gain":0,"player_choice":"Fought Bandits","damage_taken":0,"max_hp_gain":0,"max_hp_loss":0,"event_name":"Masked Bandits","floor":20,"gold_loss":0}],"is_beta":false,"boss_relics":[{"not_picked":["Philosopher\u0027s Stone","FrozenCore"],"picked":"Nuclear Battery"}],"items_purged_floors":[],"is_endless":false,"potions_floor_spawned":[10,12,16,18,20,24],"killed_by":"Gremlin Leader","ascension_level":19}}