{"host":"tmzq6unyecs2p367","time":1610436648,"event":{"mods":["BaseMod","Koishi","Minty Spire (QoL Compilation)","StSLib","The Bug Knight","The Dragon Tamer","The Juggle","The Senshi"],"gold_per_floor":[119,194,214,237,237,237,249,283,283,308,328,345,379,395,395,495,495,509,105,119,135,85,116,132,147,147,147,147,147,180,196,196,300,300,319,330,330,20,36,63,63,0,0,0,11,11,11,11,11,11,11,11],"floor_reached":50,"playtime":1839,"items_purged":[],"score":695,"play_id":"d49dacfa-9c7f-4a88-b771-26c0b4f0c12a","local_time":"20210112083048","is_ascension_mode":true,"metric_token":531,"campfire_choices":[{"data":"DTMod:MaximumCharge","floor":6.0,"key":"SMITH"},{"data":"DTMod:WarmUp","floor":15.0,"key":"SMITH"},{"data":"DTMod:SealedStrike","floor":27.0,"key":"SMITH"},{"data":"DTMod:SealedStrike+1","floor":29.0,"key":"SMITH"},{"data":"DTMod:SealedStrike+2","floor":32.0,"key":"SMITH"},{"floor":41.0,"key":"REST"},{"data":"DTMod:SealedStrike+3","floor":44.0,"key":"SMITH"},{"data":"DTMod:SealedStrike+4","floor":49.0,"key":"SMITH"}],"dtmod_dragon_data":[0,58,1,0,8,0],"circlet_count":0,"master_deck":["DTMod:Strike+1","DTMod:Strike+1","DTMod:DoubleHit+1","DTMod:TargetDefense+1","DTMod:TargetDefense+1","DTMod:TargetDefense+1","DTMod:TargetDefense+1","DTMod:SwitchingTactic+1","DTMod:MaximumCharge+1","DTMod:BreakAttack+1","DTMod:Overwhelm+1","DTMod:Feint+1","DTMod:DarkBreath+1","DTMod:WarmUp+1","DTMod:ComboAttack+1","DTMod:Inferno+1","DTMod:BizarreTactic+1","DTMod:SealedStrike+5","DTMod:StarRain+1","Discovery+1","DTMod:DeepFocus+1","DTMod:Training+1","DTMod:CrossStep+1","DTMod:RecklessFlurry+1","DTMod:SealedStrike+1","DTMod:HeadStart+1","DTMod:FlameSlash+1","Metamorphosis+1","Master of Strategy+1","Apotheosis+1","DTMod:DragonDance+1"],"relics":["DTMod:PactStone","Smiling Mask","Matryoshka","Anchor","TungstenRod","Toxic Egg 2","Thread and Needle","Velvet Choker","DTMod:DragonFood","Toy Ornithopter","Dream Catcher","Ornamental Fan","Pen Nib","SacredBark","Centennial Puzzle","Nunchaku","Red Mask","Potion Belt"],"acts_visited":["Exordium","TheCity","TheBeyond"],"potions_floor_usage":[50],"damage_taken":[{"damage":0.0,"enemies":"2 Louse","floor":1.0,"turns":2.0},{"damage":0.0,"enemies":"Jaw Worm","floor":3.0,"turns":3.0},{"damage":0.0,"enemies":"Cultist","floor":7.0,"turns":2.0},{"damage":0.0,"enemies":"3 Sentries","floor":8.0,"turns":7.0},{"damage":0.0,"enemies":"Lagavulin","floor":10.0,"turns":3.0},{"damage":2.0,"enemies":"Gremlin Gang","floor":11.0,"turns":5.0},{"damage":0.0,"enemies":"Exordium Wildlife","floor":12.0,"turns":3.0},{"damage":0.0,"enemies":"Gremlin Nob","floor":13.0,"turns":2.0},{"damage":0.0,"enemies":"Red Slaver","floor":14.0,"turns":1.0},{"damage":6.0,"enemies":"Slime Boss","floor":16.0,"turns":10.0},{"damage":0.0,"enemies":"2 Thieves","floor":18.0,"turns":2.0},{"damage":0.0,"enemies":"Spheric Guardian","floor":20.0,"turns":1.0},{"damage":0.0,"enemies":"Centurion and Healer","floor":21.0,"turns":3.0},{"damage":13.0,"enemies":"Gremlin Leader","floor":23.0,"turns":4.0},{"damage":0.0,"enemies":"Cultist and Chosen","floor":24.0,"turns":5.0},{"damage":7.0,"enemies":"Snake Plant","floor":25.0,"turns":3.0},{"damage":0.0,"enemies":"Slavers","floor":30.0,"turns":5.0},{"damage":0.0,"enemies":"Snecko","floor":31.0,"turns":3.0},{"damage":18.0,"enemies":"Champ","floor":33.0,"turns":9.0},{"damage":0.0,"enemies":"Orb Walker","floor":35.0,"turns":3.0},{"damage":0.0,"enemies":"3 Shapes","floor":36.0,"turns":3.0},{"damage":0.0,"enemies":"Spire Growth","floor":39.0,"turns":4.0},{"damage":17.0,"enemies":"Reptomancer","floor":40.0,"turns":9.0},{"damage":0.0,"enemies":"Jaw Worm Horde","floor":45.0,"turns":5.0},{"damage":23,"enemies":"Awakened One","floor":50,"turns":7}],"seed_played":"-2590595653028257861","potions_obtained":[{"floor":3.0,"key":"Weak Potion"},{"floor":7.0,"key":"Ancient Potion"},{"floor":11.0,"key":"SteroidPotion"},{"floor":12.0,"key":"FearPotion"},{"floor":14.0,"key":"Swift Potion"},{"floor":16.0,"key":"Weak Potion"},{"floor":25.0,"key":"Strength Potion"},{"floor":30.0,"key":"LiquidBronze"},{"floor":36.0,"key":"Block Potion"},{"floor":45.0,"key":"Energy Potion"}],"is_trial":false,"path_per_floor":["M","?","M","T","?","R","M","E","T","E","M","M","E","M","R","B",null,"M","$","M","M","?","E","M","M","T","R","?","R","E","M","R","B",null,"M","M","?","$","M","E","R","?","T","R","M","$","$","?","R","B"],"character_chosen":"THE_DT","items_purchased":["DTMod:DragonFood","Discovery+1","DTMod:DeepFocus+1","Apotheosis+1","Centennial Puzzle"],"campfire_rested":1,"item_purchase_floors":[19,19,19,38,38],"current_hp_per_floor":[49,38,38,38,38,38,38,38,38,38,36,36,36,36,36,30,49,49,49,49,49,49,36,36,39,39,39,39,39,49,49,49,31,49,49,49,45,45,49,32,46,46,46,46,46,46,46,46,46,26,26,26],"gold":11,"neow_bonus":"TEN_PERCENT_HP_BONUS","is_daily":false,"chose_seed":false,"campfire_upgraded":7,"win_rate":0.0,"timestamp":1610436648,"path_taken":["M","?","M","?","?","R","?","E","T","E","M","M","E","?","R","BOSS","M","$","M","M","?","E","?","M","T","R","?","R","E","M","R","BOSS","M","?","?","$","M","E","R","?","T","R","M","?","$","?","R","BOSS"],"items_purchased_type":["Relic","Card","Card","Card","Relic"],"build_version":"2020-12-22","purchased_purges":0,"victory":false,"max_hp_per_floor":[49,49,49,49,49,49,49,49,49,49,49,49,49,49,49,49,49,49,49,49,49,49,49,49,49,49,49,49,49,49,49,49,49,49,49,49,49,49,49,49,49,49,49,49,49,49,49,49,49,49,49,49],"card_choices":[{"not_picked":["DTMod:Punisher","DTMod:Overwhelm"],"picked":"DTMod:MaximumCharge","floor":1.0},{"not_picked":["DTMod:BizarreTactic","DTMod:CalculatedDefense"],"picked":"DTMod:BreakAttack","floor":3.0},{"not_picked":["DTMod:Haste","DTMod:Punisher"],"picked":"DTMod:Overwhelm","floor":7.0},{"not_picked":["DTMod:MasterPlan","DTMod:Hide"],"picked":"DTMod:Feint","floor":8.0},{"not_picked":["DTMod:Cover+1","DTMod:MagicField+1"],"picked":"DTMod:DarkBreath","floor":10.0},{"not_picked":["DTMod:Shift+1","DTMod:QuickFly"],"picked":"DTMod:WarmUp","floor":11.0},{"not_picked":["DTMod:BuildUp","DTMod:DarkBreath"],"picked":"DTMod:ComboAttack","floor":12.0},{"not_picked":["DTMod:PurifyingFlame","DTMod:QuickFly"],"picked":"DTMod:Inferno","floor":13.0},{"not_picked":["DTMod:ShieldDrain","DTMod:LastStand+1"],"picked":"DTMod:BizarreTactic+1","floor":14.0},{"not_picked":["DTMod:Inferno","DTMod:FierySynthesis"],"picked":"DTMod:SealedStrike","floor":16.0},{"not_picked":["DTMod:MagicField+1","DTMod:HeatWave+1"],"picked":"DTMod:StarRain+1","floor":18.0},{"not_picked":["DTMod:BreakAttack","DTMod:BurningEnergy+1"],"picked":"DTMod:Training+1","floor":20.0},{"not_picked":["DTMod:Feint","DTMod:LastStand+1","DTMod:BuildUp"],"picked":"SKIP","floor":21.0},{"not_picked":["DTMod:WarmUp","DTMod:GhostSkin+1"],"picked":"DTMod:CrossStep+1","floor":23.0},{"not_picked":["DTMod:BizarreTactic+1","DTMod:GearUp+1"],"picked":"DTMod:RecklessFlurry+1","floor":24.0},{"not_picked":["DTMod:HeatWave","DTMod:WarmUp","DTMod:Feint"],"picked":"SKIP","floor":25.0},{"not_picked":["DTMod:Astonish","DTMod:RecklessFlurry","DTMod:BurningEnergy+1"],"picked":"SKIP","floor":30.0},{"not_picked":["DTMod:Cover+1","DTMod:MagicField+1","DTMod:LowKick"],"picked":"SKIP","floor":31.0},{"not_picked":["DTMod:ExcessFootwork","DTMod:Multitask"],"picked":"DTMod:HeadStart+1","floor":33.0},{"not_picked":["DTMod:DeepFocus+1","DTMod:RunningTactic+1"],"picked":"DTMod:FlameSlash+1","floor":35.0},{"not_picked":["DTMod:ForkedFire","DTMod:Hide+1"],"picked":"DTMod:BalancedStrike+1","floor":36.0},{"not_picked":["Blind+1","Sadistic Nature"],"picked":"Metamorphosis+1","floor":37.0},{"not_picked":["Metamorphosis+1","Bandage Up+1"],"picked":"Master of Strategy+1","floor":37.0},{"not_picked":["DTMod:GhostSkin+1","DTMod:CrossStep+1","DTMod:Overwhelm+1"],"picked":"SKIP","floor":39.0},{"not_picked":["DTMod:ComboAttack+1","DTMod:Weaken+1","DTMod:QuickFly"],"picked":"SKIP","floor":40.0},{"not_picked":["DTMod:Weaken+1","DTMod:BreakAttack"],"picked":"DTMod:DragonDance+1","floor":41.0},{"not_picked":["DTMod:Threaten+1","DTMod:QuickFly","DTMod:MasterPlan+1"],"picked":"SKIP","floor":45.0}],"player_experience":1829169,"relics_obtained":[{"floor":4.0,"key":"Smiling Mask"},{"floor":8.0,"key":"Matryoshka"},{"floor":9.0,"key":"Anchor"},{"floor":9.0,"key":"TungstenRod"},{"floor":10.0,"key":"Toxic Egg 2"},{"floor":13.0,"key":"Thread and Needle"},{"floor":23.0,"key":"Toy Ornithopter"},{"floor":26.0,"key":"Dream Catcher"},{"floor":26.0,"key":"Ornamental Fan"},{"floor":30.0,"key":"Pen Nib"},{"floor":40.0,"key":"Nunchaku"},{"floor":43.0,"key":"Potion Belt"}],"event_choices":[{"damage_healed":0.0,"max_hp_gain":0.0,"max_hp_loss":0.0,"gold_gain":75.0,"event_name":"World of Goop","player_choice":"Gather Gold","floor":2.0,"gold_loss":0.0,"damage_taken":11.0},{"cards_removed":["DTMod:Strike"],"damage_healed":0.0,"max_hp_gain":0.0,"max_hp_loss":0.0,"gold_gain":0.0,"event_name":"Bonfire Elementals","player_choice":"Offered Basic","floor":5.0,"gold_loss":0.0,"damage_taken":0.0},{"damage_healed":0.0,"max_hp_gain":0.0,"max_hp_loss":0.0,"gold_gain":0.0,"event_name":"The Joust","player_choice":"Bet on Murderer","floor":22.0,"gold_loss":50.0,"damage_taken":0.0},{"damage_healed":0.0,"max_hp_gain":0.0,"max_hp_loss":0.0,"gold_gain":0.0,"cards_transformed":["DTMod:Strike"],"event_name":"Transmorgrifier","player_choice":"Transformed","floor":28.0,"gold_loss":0.0,"damage_taken":0.0,"cards_obtained":["DTMod:SealedStrike"]},{"damage_healed":0.0,"max_hp_gain":0.0,"max_hp_loss":0.0,"gold_gain":0.0,"event_name":"SensoryStone","player_choice":"Memory 2","floor":37.0,"gold_loss":0.0,"damage_taken":5.0},{"damage_healed":0.0,"max_hp_gain":0.0,"max_hp_loss":0.0,"gold_gain":0.0,"event_name":"Tomb of Lord Red Mask","player_choice":"Paid","floor":42.0,"gold_loss":63.0,"damage_taken":0.0,"relics_obtained":["Red Mask"]},{"cards_removed":["DTMod:BalancedStrike"],"damage_healed":0.0,"max_hp_gain":0.0,"max_hp_loss":0.0,"gold_gain":0.0,"event_name":"Falling","player_choice":"Removed Attack","floor":48.0,"gold_loss":0.0,"damage_taken":0.0}],"is_beta":false,"boss_relics":[{"not_picked":["Pandora\u0027s Box","Snecko Eye"],"picked":"Velvet Choker"},{"not_picked":["theSenshi:MoonKaleidoScopeRelic","Philosopher\u0027s Stone"],"picked":"SacredBark"}],"items_purged_floors":[],"is_endless":false,"potions_floor_spawned":[3,7,11,12,14,16,21,23,25,30,36,45],"killed_by":"Awakened One","ascension_level":2}}