{"host":"9n6i2vl93jt4o42q","time":1610478373,"event":{"mods":["BaseMod","Downfall","Minty Spire (QoL Compilation)","Relic Stats","StSLib"],"gold_per_floor":[99,109,109,5,22,22,97,22,38,64,64,80,5,5,15,86,86,11,31,31,31,306,157,180,180,192,204,204,204,204,230,244,318,318,318,338,349,365,381,381,381,381],"floor_reached":40,"playtime":3278,"items_purged":["Regret"],"score":844,"play_id":"51d13040-bf22-4a4c-8852-24ea664fbf3c","local_time":"20210112200613","is_ascension_mode":true,"campfire_choices":[{"data":"Guardian:TwinSlam","floor":1.0,"key":"SMITH"},{"data":"Guardian:FuturePlans","floor":6.0,"key":"SMITH"},{"floor":8.0,"key":"RECALL"},{"data":"Guardian:SpikerProtocol","floor":11.0,"key":"SMITH"},{"data":"Guardian:MultiBeam","floor":13.0,"key":"SMITH"},{"data":"Guardian:CurlUp","floor":18.0,"key":"SMITH"},{"data":"Guardian:StasisStrike","floor":25.0,"key":"SMITH"},{"floor":28.0,"key":"REST"},{"data":"Guardian:ShieldCharger","floor":30.0,"key":"SMITH"},{"data":"Guardian:CompilePackage","floor":35,"key":"SMITH"}],"circlet_count":0,"master_deck":["AscendersBane","Guardian:Strike_Guardian","Guardian:Strike_Guardian","Guardian:Strike_Guardian","Guardian:Defend_Guardian","Guardian:Defend_Guardian","Guardian:Defend_Guardian","Guardian:Defend_Guardian","Guardian:CurlUp+1","Guardian:TwinSlam+1","Guardian:PiercingHide","Guardian:ShieldCharger+1","Guardian:FuturePlans+1","Guardian:SpikerProtocol+1","Guardian:MultiBeam+1","Guardian:PiercingHide","Guardian:StasisStrike+1","Guardian:ChargeCore","Guardian:PrimingBeam","Guardian:PrimingBeam","Guardian:Recover","Guardian:CompilePackage+1","Guardian:Gem_Green","Guardian:Gem_Blue","Guardian:Preprogram+1"],"relics":["Guardian:ModeShifter","downfall:HeartBlessingBlue","Sundial","downfall:HeartBlessingRed","Philosopher\u0027s Stone","downfall:HeartBlessingGreen","Pen Nib","Matryoshka","Black Star"],"acts_visited":["Exordium","TheCity","TheBeyond"],"potions_floor_usage":[40],"damage_taken":[{"damage":4.0,"enemies":"Small Slimes","floor":2.0,"turns":4.0},{"damage":4.0,"enemies":"downfall:FleeingMerchant","floor":4.0,"turns":4.0},{"damage":2.0,"enemies":"Cultist","floor":5.0,"turns":4.0},{"damage":2.0,"enemies":"Jaw Worm","floor":9.0,"turns":3.0},{"damage":23.0,"enemies":"3 Sentries","floor":10.0,"turns":10.0},{"damage":7.0,"enemies":"3 Louse","floor":12.0,"turns":2.0},{"damage":1.0,"enemies":"2 Fungi Beasts","floor":15.0,"turns":3.0},{"damage":16.0,"enemies":"downfall:Ironclad","floor":16.0,"turns":8.0},{"damage":7.0,"enemies":"Shell Parasite","floor":19.0,"turns":5.0},{"damage":0.0,"enemies":"Chosen","floor":20.0,"turns":1.0},{"damage":2.0,"enemies":"downfall:FleeingMerchant","floor":23.0,"turns":4.0},{"damage":18.0,"enemies":"Snake Plant","floor":26.0,"turns":3.0},{"damage":5.0,"enemies":"Centurion and Healer","floor":27.0,"turns":5.0},{"damage":17.0,"enemies":"Slavers","floor":31.0,"turns":4.0},{"damage":3,"enemies":"3 Cultists","floor":32,"turns":4},{"damage":0,"enemies":"downfall:Defect","floor":33,"turns":7},{"damage":12,"enemies":"3 Darklings","floor":36,"turns":3},{"damage":23,"enemies":"3 Shapes","floor":37,"turns":2},{"damage":18,"enemies":"Transient","floor":38,"turns":6},{"damage":15,"enemies":"Jaw Worm Horde","floor":39,"turns":2},{"damage":28,"enemies":"Reptomancer","floor":40,"turns":2}],"seed_played":"7204691026915651034","potions_obtained":[{"floor":3.0,"key":"Ancient Potion"},{"floor":3.0,"key":"hexamod:EctoCoolerPotion"},{"floor":10.0,"key":"SneckoOil"},{"floor":16.0,"key":"Fire Potion"},{"floor":31.0,"key":"SpeedPotion"},{"floor":38,"key":"DistilledChaos"}],"is_trial":false,"path_per_floor":["R","M","?","$","M","R","T","R","M","E","R","M","R","?","M","B",null,"R","M","M","?","?","$","T","R","M","M","R","?","R","E","M","B",null,"R","M","M","M","M","E"],"character_chosen":"GUARDIAN","items_purchased":["Guardian:FuturePlans","Guardian:PrimingBeam"],"campfire_rested":1,"item_purchase_floors":[4,23],"current_hp_per_floor":[72,68,68,64,62,62,62,72,70,47,47,40,40,40,39,23,73,73,66,66,66,66,64,64,64,46,41,67,67,67,50,47,47,79,79,67,44,26,11,0,0,0],"gold":381,"neow_bonus":"TEN_PERCENT_HP_BONUS","is_daily":false,"chose_seed":false,"campfire_upgraded":8,"win_rate":0.0,"timestamp":1610478373,"path_taken":["R","M","?","?","?","R","T","R","M","E","R","M","R","?","M","BOSS","R","M","M","?","?","$","T","R","?","?","R","?","R","E","M","BOSS","R","M","M","?","?","E"],"items_purchased_type":["Card","Card"],"build_version":"2020-12-22","purchased_purges":1,"victory":false,"max_hp_per_floor":[79,79,79,79,79,79,79,89,89,89,89,89,89,89,89,89,89,89,89,89,89,89,89,89,89,89,89,89,89,89,89,89,89,89,89,89,89,89,89,89,89,89],"relic_stats":{"counters":[21,86],"Sundial":[6],"Pen Nib":[9],"Black Star":0,"obtain_stats":[{"downfall:BrokenWingStatue":14,"Matryoshka":31,"downfall:HeartBlessingRed":13,"downfall:HeartBlessingBlue":8,"Sundial":10,"Guardian:ModeShifter":0,"Philosopher\u0027s Stone":17,"downfall:HeartBlessingGreen":18,"Pen Nib":24,"Black Star":34},{"downfall:BrokenWingStatue":6,"Matryoshka":14,"downfall:HeartBlessingRed":6,"downfall:HeartBlessingBlue":3,"Sundial":5,"Guardian:ModeShifter":0,"Philosopher\u0027s Stone":8,"downfall:HeartBlessingGreen":8,"Pen Nib":11,"Black Star":16},{"downfall:BrokenWingStatue":27,"Matryoshka":60,"downfall:HeartBlessingRed":27,"downfall:HeartBlessingBlue":12,"Sundial":25,"Guardian:ModeShifter":0,"Philosopher\u0027s Stone":38,"downfall:HeartBlessingGreen":38,"Pen Nib":48,"Black Star":71}]},"card_choices":[{"not_picked":["Guardian:Gem_Cyan","Guardian:PrimingBeam"],"picked":"Guardian:PiercingHide","floor":2.0},{"not_picked":["Guardian:WalkerClaw","Guardian:Orbwalk"],"picked":"Guardian:ShieldCharger","floor":4.0},{"not_picked":["Guardian:Gem_Crimson","Guardian:PiercingHide"],"picked":"Guardian:Gem_Fragmented","floor":5.0},{"not_picked":["Guardian:PrimingBeam","Guardian:PiercingHide"],"picked":"Guardian:Gem_Cyan","floor":9.0},{"not_picked":["Guardian:TimeCapacitor","Guardian:ConstructionForm"],"picked":"Guardian:SpikerProtocol","floor":10.0},{"not_picked":["Guardian:Incinerate","Guardian:Suspension"],"picked":"Guardian:MultiBeam","floor":12.0},{"not_picked":["Guardian:TemporalStrike","Guardian:CrystalBeam"],"picked":"Guardian:PiercingHide","floor":15.0},{"not_picked":["Guardian:GemFire","Guardian:GatlingBeam"],"picked":"Guardian:StasisStrike","floor":16.0},{"not_picked":["Guardian:PiercingHide","Guardian:TemporalShield"],"picked":"Guardian:ChargeCore","floor":19.0},{"not_picked":["Guardian:ChargeCore","Guardian:GuardianWhirl+1"],"picked":"Guardian:Gem_Cyan","floor":20.0},{"not_picked":["Guardian:Reroute+1","Guardian:PrismaticBarrier"],"picked":"Guardian:Gem_Fragmented","floor":23.0},{"not_picked":["Guardian:VentSteam","Guardian:Clone","Guardian:TemporalStrike"],"picked":"SKIP","floor":26.0},{"not_picked":["Guardian:GuardianWhirl","Guardian:RollAttack+1"],"picked":"Guardian:Gem_Yellow","floor":27.0},{"not_picked":["Guardian:Reroute","Guardian:FloatingOrbs"],"picked":"Guardian:PrimingBeam","floor":31.0},{"not_picked":["Guardian:Suspension","Guardian:PiercingHide"],"picked":"Guardian:Recover","floor":32},{"not_picked":["Guardian:StasisField","Guardian:StasisStrike"],"picked":"Guardian:CompilePackage","floor":33},{"not_picked":["Guardian:PrimingBeam","Guardian:Incinerate"],"picked":"Guardian:Gem_Green","floor":36},{"not_picked":["Guardian:PrismaticBeam","Guardian:PiercingHide"],"picked":"Guardian:Gem_Blue","floor":37},{"not_picked":["Guardian:Gem_Crimson","Guardian:Recover+1"],"picked":"Guardian:Preprogram+1","floor":38},{"not_picked":["Guardian:RefractedBeam","Guardian:Gem_Red","Guardian:VentSteam"],"picked":"SKIP","floor":39}],"player_experience":2345168,"relics_obtained":[{"floor":10.0,"key":"Sundial"},{"floor":24.0,"key":"Pen Nib"},{"floor":31.0,"key":"Matryoshka"}],"event_choices":[{"damage_healed":0.0,"max_hp_gain":0.0,"max_hp_loss":0.0,"gold_gain":0.0,"event_name":"Lab","player_choice":"Got Potions","floor":3.0,"gold_loss":0.0,"damage_taken":0.0},{"damage_healed":0.0,"max_hp_gain":0.0,"max_hp_loss":0.0,"gold_gain":0.0,"event_name":"Ghosts","player_choice":"Ignored","floor":21.0,"gold_loss":0.0,"damage_taken":0.0},{"cards_removed":["Guardian:Strike_Guardian"],"damage_healed":0.0,"max_hp_gain":0.0,"max_hp_loss":0.0,"gold_gain":0.0,"event_name":"Bonfire Elementals","player_choice":"Offered Basic","floor":29.0,"gold_loss":0.0,"damage_taken":0.0}],"is_beta":false,"boss_relics":[{"not_picked":["Runic Dome","Coffee Dripper"],"picked":"Philosopher\u0027s Stone"},{"not_picked":["Guardian:StasisSlotReductionRelic","Snecko Eye"],"picked":"Black Star"}],"items_purged_floors":[23],"is_endless":false,"potions_floor_spawned":[9,10,16,27,31,33,36,37,38],"killed_by":"Reptomancer","ascension_level":17}}