{"host":"aav8addp4mncoxty","time":1610456699,"event":{"mods":["AchievementEnabler","Act Like it!","BaseMod","CapriCore","GungeonMod","Hallownest","Hermit","Koishi","Lobotomy","Marisa£¨Ùöéë¡¡Øª×âÞÞ£©","Minty Spire (QoL Compilation)","Reimu£¨ÚÏ???£©","Replay The Spire","StSLib","Td1madao Mod","The Animator","The Bug Knight","The Cursed","The Jungle","The Runesmith","WarShipGirlsR/??á´Ò³R mod"],"gold_per_floor":[110,140,140,140,154,184,199,199,199,199,225,18,49,124,134,168,168,296,296,349,147,147,174,217,217,232,36,36,36,36,36,53,90,90,215,215,222,222],"floor_reached":37,"playtime":5315,"items_purged":["Shame","Writhe"],"score":429,"play_id":"1f7541bf-500a-4044-b6be-d9504ffc4558","local_time":"20210112220459","is_ascension_mode":false,"campfire_choices":[{"floor":17.0,"key":"REST"},{"floor":25.0,"key":"REST"},{"floor":29.0,"key":"REST"},{"floor":31.0,"key":"REST"},{"floor":34.0,"key":"REST"}],"circlet_count":0,"master_deck":["Strike_MRS","Strike_MRS","Strike_MRS","Strike_MRS","Defend_MRS","Defend_MRS","Defend_MRS","Defend_MRS","MasterSpark","UpSweep","Robbery","ShyLook","FairyDestructionRay+1","UniverseFragment","MagicAbsorber","OSAHOGD","UltimateShortwave","SuperPerseids","Wellcheers","TreasureHunter","SporeBomb","OldLady","OrrerysSun","StarBarrage","GreedKing","MachineGunSpark","CherryBlossoms","StarDustReverie","Amnesia","EscapeVelocity+1","Bloodbath","WitchLeyline","WitchOfGreed+1","Rudolta","SuperPerseids+1","ManaRampage","BlazingStar"],"relics":["MiniHakkero","CogitoBucket","Replay:Bottled Eggs","Bronze Scales","Shuriken","ReplayTheSpireMod:Ninjato","Hallownest:DreamNailRelic","Mastiff:ReiMu","Replay:Mystery Machine","DemoMod:PinkGuonStone","Replay:Ancient Bell","DemoMod:MonsterBlood","Frozen Egg 2","DemoMod:GundromedaStrain","Replay:Wax Seal","Bottled Lightning","DemoMod:MemoryAlloy","Black Star","Gremlin Horn"],"acts_visited":["Exordium","Hallownest:Greenpath","theJungle:Jungle"],"potions_floor_usage":[37,37],"damage_taken":[{"damage":4.0,"enemies":"Hallownest:2_MossCreeps","floor":1.0,"turns":5.0},{"damage":8.0,"enemies":"Hallownest:2_Tiktiks_and_1_Crawlid","floor":2.0,"turns":5.0},{"damage":0.0,"enemies":"2_ Uuma","floor":5.0,"turns":1.0},{"damage":0.0,"enemies":"Hallownest:eliteVengeflyKing","floor":6.0,"turns":4.0},{"damage":4.0,"enemies":"Hallownest:1_Ooma_and_2_Uuma","floor":7.0,"turns":3.0},{"damage":2.0,"enemies":"Hallownest:MossCreep_and_Mosskin","floor":13.0,"turns":8.0},{"damage":35.0,"enemies":"Hallownest:eliteCrystalGuardian","floor":14.0,"turns":7.0},{"damage":0.0,"enemies":"Hallownest:Wandering_and_Horned","floor":15.0,"turns":4.0},{"damage":7.0,"enemies":"Hallownest:monsterFoolEater","floor":16.0,"turns":4.0},{"damage":44.0,"enemies":"Hallownest:BossHornet","floor":18.0,"turns":8.0},{"damage":68.0,"enemies":"theJungle:MUSHROOMGANG","floor":20.0,"turns":8.0},{"damage":13.0,"enemies":"theJungle:GiantWrat","floor":24.0,"turns":4.0},{"damage":0.0,"enemies":"theJungle:2_Snecko_Cultists","floor":26.0,"turns":1.0},{"damage":22.0,"enemies":"theJungle:Snecko_Cultist_And_Trap","floor":32.0,"turns":3.0},{"damage":18.0,"enemies":"theJungle:SlimyTreeVines","floor":33.0,"turns":8.0},{"damage":6.0,"enemies":"theJungle:TotemBoss","floor":35.0,"turns":8.0},{"damage":126,"enemies":"Hallownest:3_Siblings","floor":37,"turns":4}],"seed_played":"9119239075012194630","potions_obtained":[{"floor":1.0,"key":"Weak Potion"},{"floor":2.0,"key":"BottledSpark"},{"floor":7.0,"key":"AttackPotion"},{"floor":20.0,"key":"BottledSpark"},{"floor":24.0,"key":"Strength Potion"},{"floor":33.0,"key":"Explosive Potion"},{"floor":35.0,"key":"Weak Potion"},{"floor":35.0,"key":"SkillPotion"}],"is_trial":false,"path_per_floor":["M","M","?","T","M","E","M","?","PTL","PTL","T","$","M","E","M","M","R","B",null,"M","$","?","T","M","R","M","$","T","R","T","R","M","M","R","B",null,"M"],"character_chosen":"MARISA","items_purchased":["TreasureHunter","DemoMod:LeadSkinPotion","WitchLeyline","WitchOfGreed+1","DemoMod:LeadSkinPotion","CultistPotion"],"campfire_rested":5,"item_purchase_floors":[12,12,21,21,21,27],"current_hp_per_floor":[71,63,59,59,59,59,55,55,55,55,55,55,56,34,34,30,54,13,89,24,24,16,16,3,29,29,29,29,55,55,81,60,55,81,79,89,0,0],"gold":222,"neow_bonus":"","is_daily":false,"chose_seed":false,"campfire_upgraded":0,"win_rate":0.0,"timestamp":1610456699,"path_taken":["M","M","?","?","M","E","M","?","PTL","PTL","T","$","?","E","M","M","R","BOSS","M","$","?","?","?","R","M","$","T","R","?","R","M","M","R","BOSS","M"],"items_purchased_type":["Card","Undefined","Card","Card","Undefined","Potion"],"build_version":"2020-12-22","purchased_purges":2,"victory":false,"max_hp_per_floor":[75,75,75,75,75,75,75,75,75,75,75,75,75,82,82,82,82,82,89,89,89,89,89,89,89,89,89,89,89,89,89,89,89,89,89,89,89,89],"card_choices":[{"not_picked":["MagicChant","StarBarrage"],"picked":"Robbery","floor":1.0},{"not_picked":["CrumblingArmor","Alriune","Murderer"],"picked":"Singing Bowl","floor":1.0},{"not_picked":["MeatLantern","Rudolta"],"picked":"ShyLook","floor":1.0},{"not_picked":["MysteriousBeam","MagicChant"],"picked":"FairyDestructionRay","floor":2.0},{"not_picked":["Bloodbath","Yin"],"picked":"UniverseFragment","floor":2.0},{"not_picked":["GalacticHalo","DarkMatter"],"picked":"MagicAbsorber","floor":5.0},{"not_picked":["CherryBlossoms","LongBird"],"picked":"OSAHOGD","floor":5.0},{"not_picked":["IllusionStar","EventHorizon"],"picked":"UltimateShortwave","floor":6.0},{"not_picked":["BigBird","MeatLantern","GalaxyChild"],"picked":"Singing Bowl","floor":6.0},{"not_picked":["EventHorizon","MysteriousBeam"],"picked":"SuperPerseids","floor":7.0},{"not_picked":["MeatLantern","WhitesApple"],"picked":"Wellcheers","floor":7.0},{"not_picked":["DragonMeteor","GravityBeat"],"picked":"SporeBomb","floor":13.0},{"not_picked":["SpiderBud","FairyFestival"],"picked":"OldLady","floor":13.0},{"not_picked":["StarlightTyphoon","Occultation"],"picked":"OrrerysSun","floor":14.0},{"not_picked":["SuperNova","GalacticHalo"],"picked":"StarBarrage","floor":15.0},{"not_picked":["Murderer","BlackSwan","VoidDream"],"picked":"Singing Bowl","floor":15.0},{"not_picked":["FieryBird","Scorched"],"picked":"GreedKing","floor":15.0},{"not_picked":["AsteroidBelt","GalacticHalo"],"picked":"MachineGunSpark","floor":16.0},{"not_picked":["QueenBee","Funeral","BigBadWolf"],"picked":"Singing Bowl","floor":16.0},{"not_picked":["VoidDream","Alriune"],"picked":"CherryBlossoms","floor":16.0},{"not_picked":["BlazingStar","SuperNova"],"picked":"StarDustReverie","floor":18.0},{"not_picked":["PunishingBird","Laetitia","WhitesApple"],"picked":"Singing Bowl","floor":18.0},{"not_picked":["Normality","animator:Curse_GriefSeed"],"picked":"Writhe","floor":19.0},{"not_picked":["Hallownest:curseDreamersLament","Wraith"],"picked":"Amnesia","floor":19.0},{"not_picked":["Looming Evil","Replay:Sluggish"],"picked":"Shame","floor":19.0},{"not_picked":["Acceleration","StarlightTyphoon"],"picked":"EscapeVelocity+1","floor":20.0},{"not_picked":["SilentOrchestra","PunishingBird"],"picked":"Bloodbath","floor":20.0},{"not_picked":["CrumblingArmor","BeautyBeast"],"picked":"Rudolta","floor":24.0},{"not_picked":["DC","EventHorizon+1","Robbery"],"picked":"SKIP","floor":24.0},{"not_picked":["Robbery","GravityBeat","DC"],"picked":"SKIP","floor":26.0},{"not_picked":["PowerUp","NonDirectionalLaser+1"],"picked":"SuperPerseids+1","floor":32.0},{"not_picked":["BlackSwan","RedShoes","NakedNest"],"picked":"Singing Bowl","floor":32.0},{"not_picked":["LuminesStrike","SporeBomb"],"picked":"ManaRampage","floor":33.0},{"not_picked":["JA","BinaryStars"],"picked":"BlazingStar","floor":35.0}],"player_experience":222246,"relics_obtained":[{"floor":4.0,"key":"Shuriken"},{"floor":6.0,"key":"ReplayTheSpireMod:Ninjato"},{"floor":11.0,"key":"Mastiff:ReiMu"},{"floor":14.0,"key":"Replay:Mystery Machine"},{"floor":14.0,"key":"DemoMod:PinkGuonStone"},{"floor":23.0,"key":"Replay:Wax Seal"},{"floor":28.0,"key":"Bottled Lightning"},{"floor":30.0,"key":"DemoMod:MemoryAlloy"}],"event_choices":[],"is_beta":false,"boss_relics":[{"not_picked":["Snecko Eye","Velvet Choker"],"picked":"Replay:Ancient Bell"},{"not_picked":["Potion Belt","Regal Pillow"],"picked":"DemoMod:MonsterBlood"},{"not_picked":["DemoMod:BlueGuonStone","Gremlin Horn"],"picked":"Frozen Egg 2"},{"not_picked":["Du-Vu Doll","Shovel"],"picked":"DemoMod:GundromedaStrain"},{"not_picked":["Kintsugi","Runic Dome"],"picked":"Black Star"}],"items_purged_floors":[21,27],"is_endless":false,"potions_floor_spawned":[1,2,7,20,33,35],"killed_by":"Hallownest:3_Siblings","ascension_level":0}}