{"host":"qm4rv4rkpk76sbxu","time":1610462191,"event":{"mods":["BaseMod","Bestiary","Block Reminder","DeckTracker","Filter the Spire","Keyboard Shortcuts","Minty Spire (QoL Compilation)","MonsterHotkey","Potion Indicator Mod","Quick Restart","Relic Stats","Slay-I","StSLib","ojb\u0027s Better Paths Mod"],"gold_per_floor":[163,163,238,19,19,53,53,82,105,134,152,152,302,312,312,390,390,409,334,346,396,51,85,85,116,128,169,200,256,268,300,321,415,427,464,476,513,543,62,95,114,114,114],"floor_reached":42,"playtime":2010,"items_purged":[],"score":1290,"play_id":"43378ca8-a97a-4152-84c7-ebbb21e68f20","local_time":"20210112153631","is_ascension_mode":true,"campfire_choices":[{"floor":7.0,"key":"REST"},{"data":"Catalyst","floor":12.0,"key":"SMITH"},{"data":"Poisoned Stab","floor":15.0,"key":"SMITH"},{"data":"Corpse Explosion","floor":24.0,"key":"SMITH"},{"floor":32.0,"key":"REST"}],"circlet_count":0,"master_deck":["AscendersBane","Strike_G+1","Strike_G","Strike_G","Strike_G","Defend_G","Defend_G","Defend_G","Defend_G+1","Defend_G","Survivor","Neutralize","Poisoned Stab","Dagger Spray","Slice","Catalyst+1","Die Die Die+1","Tools of the Trade","Poisoned Stab+1","PiercingWail+1","Corpse Explosion+1","CurseOfTheBell","Catalyst","Noxious Fumes","Backflip","Catalyst+1","Adrenaline","Calculated Gamble+1","Outmaneuver+1","Adrenaline+1","Bouncing Flask","Well Laid Plans","Madness","Madness","Dodge and Roll+1"],"relics":["Tiny House","Chemical X","InkBottle","PreservedInsect","Toy Ornithopter","Bronze Scales","Ice Cream","Calling Bell","Dream Catcher","StrikeDummy","StoneCalendar","Snake Skull","Oddly Smooth Stone","Regal Pillow","MawBank","Mummified Hand","Whetstone","CeramicFish","Fusion Hammer","War Paint","Bottled Lightning","Vajra"],"acts_visited":["Exordium","TheCity","TheBeyond"],"potions_floor_usage":[],"damage_taken":[{"damage":2.0,"enemies":"Small Slimes","floor":1.0,"turns":4.0},{"damage":34.0,"enemies":"Lagavulin","floor":6.0,"turns":7.0},{"damage":28.0,"enemies":"Gremlin Nob","floor":8.0,"turns":4.0},{"damage":0.0,"enemies":"3 Sentries","floor":10.0,"turns":3.0},{"damage":0.0,"enemies":"Jaw Worm","floor":11.0,"turns":3.0},{"damage":0.0,"enemies":"2 Louse","floor":14.0,"turns":2.0},{"damage":12.0,"enemies":"Hexaghost","floor":16.0,"turns":9.0},{"damage":7.0,"enemies":"Chosen","floor":18.0,"turns":5.0},{"damage":11.0,"enemies":"2 Thieves","floor":20.0,"turns":4.0},{"damage":0.0,"enemies":"Gremlin Leader","floor":23.0,"turns":4.0},{"damage":11.0,"enemies":"Book of Stabbing","floor":25.0,"turns":3.0},{"damage":19.0,"enemies":"Gremlin Leader","floor":27.0,"turns":4.0},{"damage":21.0,"enemies":"Centurion and Healer","floor":28.0,"turns":4.0},{"damage":0.0,"enemies":"Book of Stabbing","floor":29.0,"turns":3.0},{"damage":9.0,"enemies":"Snake Plant","floor":31.0,"turns":2.0},{"damage":29.0,"enemies":"Champ","floor":33.0,"turns":6.0},{"damage":28.0,"enemies":"3 Darklings","floor":35.0,"turns":4.0},{"damage":0.0,"enemies":"Orb Walker","floor":37.0,"turns":1.0},{"damage":26.0,"enemies":"Reptomancer","floor":40.0,"turns":3.0},{"damage":3.0,"enemies":"Writhing Mass","floor":41.0,"turns":4.0},{"damage":30,"enemies":"Maw","floor":42,"turns":2}],"seed_played":"-8878189553116825412","potions_obtained":[{"floor":0.0,"key":"Block Potion"},{"floor":8.0,"key":"EssenceOfSteel"},{"floor":14.0,"key":"Fire Potion"},{"floor":16.0,"key":"BlessingOfTheForge"},{"floor":18.0,"key":"SteroidPotion"},{"floor":20.0,"key":"Explosive Potion"},{"floor":27.0,"key":"Strength Potion"},{"floor":29.0,"key":"Explosive Potion"},{"floor":30.0,"key":"Poison Potion"},{"floor":30.0,"key":"SteroidPotion"},{"floor":33.0,"key":"Energy Potion"},{"floor":37.0,"key":"Ancient Potion"},{"floor":40.0,"key":"Weak Potion"}],"is_trial":false,"path_per_floor":["M","?","?","$","T","E","R","E","T","E","M","R","?","M","R","B",null,"M","?","M","?","$","E","R","E","T","E","M","E","?","M","R","B",null,"M","?","M","?","$","E","M","M"],"character_chosen":"THE_SILENT","items_purchased":["Chemical X","Slice","Snake Skull","Oddly Smooth Stone","War Paint","Bottled Lightning","Energy Potion"],"campfire_rested":2,"item_purchase_floors":[4,4,22,22,39,39,39],"current_hp_per_floor":[62,55,44,44,44,10,31,3,3,8,8,8,8,8,8,1,54,47,47,41,41,41,41,41,40,40,21,5,5,5,6,42,13,57,29,29,34,21,21,5,7,0,0],"gold":114,"neow_bonus":"BOSS_RELIC","is_daily":false,"chose_seed":false,"campfire_upgraded":3,"win_rate":0.0,"timestamp":1610462191,"path_taken":["M","?","?","$","?","E","R","E","T","E","M","R","?","M","R","BOSS","M","?","M","?","$","E","R","E","T","E","M","E","?","?","R","BOSS","M","?","M","?","$","E","M","M"],"items_purchased_type":["Relic","Card","Relic","Relic","Relic","Relic","Potion"],"build_version":"2020-12-22","purchased_purges":0,"victory":false,"max_hp_per_floor":[71,71,71,71,71,71,71,71,71,71,71,71,71,71,71,71,71,71,71,71,71,71,71,71,71,71,71,71,71,71,71,71,71,71,71,71,71,71,71,71,71,71,71],"relic_stats":{"Regal Pillow":15,"counters":[21,81],"CeramicFish":81,"StoneCalendar":[0],"PreservedInsect":307,"Snake Skull":[86],"Whetstone":["Die Die Die","Strike_G"],"War Paint":["PiercingWail","Adrenaline"],"MawBank":168,"Dream Catcher":1,"Mummified Hand":[14],"Bronze Scales":[183],"Chemical X":[1],"obtain_stats":[{"Ice Cream":10,"Regal Pillow":23,"Tiny House":0,"CeramicFish":29,"Oddly Smooth Stone":22,"Vajra":40,"StoneCalendar":17,"PreservedInsect":6,"Snake Skull":22,"Whetstone":27,"War Paint":39,"MawBank":25,"Calling Bell":17,"Dream Catcher":17,"Mummified Hand":26,"Bronze Scales":9,"Fusion Hammer":34,"Chemical X":4,"Bottled Lightning":39,"StrikeDummy":17,"InkBottle":5,"Toy Ornithopter":8,"Ring of the Snake":0},{"Ice Cream":4,"Regal Pillow":10,"Tiny House":0,"CeramicFish":14,"Oddly Smooth Stone":9,"Vajra":19,"StoneCalendar":7,"PreservedInsect":2,"Snake Skull":9,"Whetstone":12,"War Paint":18,"MawBank":11,"Calling Bell":7,"Dream Catcher":7,"Mummified Hand":11,"Bronze Scales":3,"Fusion Hammer":16,"Chemical X":1,"Bottled Lightning":18,"StrikeDummy":7,"InkBottle":1,"Toy Ornithopter":3,"Ring of the Snake":0},{"Ice Cream":18,"Regal Pillow":45,"Tiny House":0,"CeramicFish":59,"Oddly Smooth Stone":41,"Vajra":75,"StoneCalendar":32,"PreservedInsect":11,"Snake Skull":41,"Whetstone":52,"War Paint":72,"MawBank":48,"Calling Bell":32,"Dream Catcher":32,"Mummified Hand":48,"Bronze Scales":15,"Fusion Hammer":67,"Chemical X":4,"Bottled Lightning":72,"StrikeDummy":32,"InkBottle":4,"Toy Ornithopter":15,"Ring of the Snake":0}],"InkBottle":[30],"Toy Ornithopter":60},"card_choices":[{"not_picked":["Deflect","Quick Slash"],"picked":"Poisoned Stab","floor":0.0},{"not_picked":["Flying Knee","Heel Hook"],"picked":"Dagger Spray","floor":1.0},{"not_picked":["Quick Slash","Noxious Fumes"],"picked":"Catalyst","floor":6.0},{"not_picked":["Dagger Throw","Dagger Spray"],"picked":"Die Die Die","floor":8.0},{"not_picked":["Accuracy","Finisher"],"picked":"Tools of the Trade","floor":10.0},{"not_picked":["Dagger Spray","PiercingWail"],"picked":"Poisoned Stab","floor":11.0},{"not_picked":["Quick Slash","Infinite Blades"],"picked":"PiercingWail","floor":14.0},{"not_picked":["Tools of the Trade","After Image"],"picked":"Corpse Explosion","floor":16.0},{"not_picked":["Dash","Cloak And Dagger"],"picked":"Catalyst","floor":18.0},{"not_picked":["Dodge and Roll","Caltrops"],"picked":"Noxious Fumes","floor":20.0},{"not_picked":["Slice+1","Infinite Blades","PiercingWail"],"picked":"SKIP","floor":23.0},{"not_picked":["Blade Dance","Expertise"],"picked":"Backflip","floor":25.0},{"not_picked":["Caltrops","Heel Hook"],"picked":"Catalyst+1","floor":27.0},{"not_picked":["Sucker Punch","Slice","Underhanded Strike"],"picked":"SKIP","floor":28.0},{"not_picked":["Cloak And Dagger","Accuracy"],"picked":"Adrenaline","floor":29.0},{"not_picked":["Bane","Dagger Spray"],"picked":"Calculated Gamble+1","floor":31.0},{"not_picked":["Backflip","Predator"],"picked":"Outmaneuver+1","floor":32.0},{"not_picked":["Malaise","Wraith Form v2"],"picked":"Adrenaline","floor":33.0},{"not_picked":["Sucker Punch+1","PiercingWail"],"picked":"Bouncing Flask","floor":35.0},{"not_picked":["Dagger Spray","Infinite Blades"],"picked":"Well Laid Plans","floor":37.0},{"not_picked":["Unload","Dagger Spray+1","Blade Dance"],"picked":"SKIP","floor":40.0},{"not_picked":["Flechettes+1","Sucker Punch"],"picked":"Dodge and Roll+1","floor":41.0}],"player_experience":1259624,"relics_obtained":[{"floor":5.0,"key":"InkBottle"},{"floor":6.0,"key":"PreservedInsect"},{"floor":8.0,"key":"Toy Ornithopter"},{"floor":9.0,"key":"Bronze Scales"},{"floor":10.0,"key":"Ice Cream"},{"floor":17.0,"key":"Dream Catcher"},{"floor":17.0,"key":"StrikeDummy"},{"floor":17.0,"key":"StoneCalendar"},{"floor":23.0,"key":"Regal Pillow"},{"floor":25.0,"key":"MawBank"},{"floor":26.0,"key":"Mummified Hand"},{"floor":27.0,"key":"Whetstone"},{"floor":29.0,"key":"CeramicFish"},{"floor":40.0,"key":"Vajra"}],"event_choices":[{"cards_removed":["Strike_G"],"damage_healed":0.0,"max_hp_gain":0.0,"max_hp_loss":0.0,"gold_gain":0.0,"event_name":"Golden Wing","player_choice":"Card Removal","floor":2.0,"gold_loss":0.0,"damage_taken":7.0},{"damage_healed":0.0,"max_hp_gain":0.0,"max_hp_loss":0.0,"gold_gain":75.0,"event_name":"World of Goop","player_choice":"Gather Gold","floor":3.0,"gold_loss":0.0,"damage_taken":11.0},{"damage_healed":0.0,"max_hp_gain":0.0,"max_hp_loss":0.0,"gold_gain":150.0,"event_name":"Liars Game","player_choice":"AGREE","floor":13.0,"gold_loss":0.0,"damage_taken":0.0,"cards_obtained":["Doubt"]},{"cards_removed":["Doubt"],"damage_healed":0.0,"max_hp_gain":0.0,"max_hp_loss":0.0,"gold_gain":0.0,"event_name":"Beggar","player_choice":"Gave Gold","floor":19.0,"gold_loss":75.0,"damage_taken":0.0},{"damage_healed":0.0,"max_hp_gain":0.0,"max_hp_loss":0.0,"gold_gain":50.0,"event_name":"Nest","player_choice":"Stole From Cult","floor":21.0,"gold_loss":0.0,"damage_taken":0.0},{"damage_healed":0.0,"max_hp_gain":0.0,"max_hp_loss":0.0,"gold_gain":0.0,"event_name":"Lab","player_choice":"Got Potions","floor":30.0,"gold_loss":0.0,"damage_taken":0.0},{"damage_healed":0.0,"max_hp_gain":0.0,"max_hp_loss":0.0,"gold_gain":0.0,"event_name":"Tomb of Lord Red Mask","player_choice":"Ignored","floor":36.0,"gold_loss":0.0,"damage_taken":0.0},{"damage_healed":0.0,"max_hp_gain":0.0,"max_hp_loss":0.0,"gold_gain":0.0,"event_name":"Winding Halls","player_choice":"Embrace Madness","floor":38.0,"gold_loss":0.0,"damage_taken":13.0,"cards_obtained":["Madness","Madness"]}],"is_beta":false,"boss_relics":[{"not_picked":["Ectoplasm","Pandora\u0027s Box"],"picked":"Calling Bell"},{"not_picked":["Black Star","Philosopher\u0027s Stone"],"picked":"Fusion Hammer"}],"items_purged_floors":[],"is_endless":false,"potions_floor_spawned":[8,14,16,18,20,27,29,33,37,40],"killed_by":"Maw","ascension_level":20}}