{"host":"5yjvsohl6z99blyx","time":1610488670,"event":{"mods":["BaseMod","Better Altar","Better Match","Better Note","Better Sensory Stone","Better Skull","Better Third Choice","Better Vampires","BetterRewards","Card Forge","Colored Map","Colored Powertips","Defuse TimeMaze Blight","Downfall","Emptier Cage","Energized Spire","Highlight Path","Hubris","Minty Spire (QoL Compilation)","Permanent Neow","Quick Restart","Relic Filter","Replay The Spire","Shop Mod","StSLib","Synergy Search","Thieving Mod","Transform Curses","Uncapped"],"gold_per_floor":[114,128,141,100,114,143,93,127,208,224,224,224,256,267,267,368,368,384,384,40,40,40,68,68,93,118,129,159,159,176,21,21,118,118,133,185,185,185,8,34,34,54,54,84,97,112,112,38,38,38,38,38,11,40,40],"floor_reached":56,"language":"POL","playtime":3262,"items_purged":[],"score":1973,"play_id":"0b4e08cf-9ab7-48aa-9d42-fb78eac3946f","local_time":"20210112225750","is_ascension_mode":true,"campfire_choices":[{"floor":12.0,"key":"RECALL"},{"data":"Twin Strike","floor":15.0,"key":"SMITH"},{"floor":24,"key":"REST"},{"floor":29,"key":"REST"},{"floor":32,"key":"REST"},{"floor":47,"key":"REST"},{"floor":49,"key":"REST"},{"floor":52,"key":"REST"}],"circlet_count":0,"master_deck":["Defend_R+1","Defend_R+1","Defend_R+1","Defend_R+1","Bash+1","Bash+1","expansioncontent:StudyTheSpire+1","Cleave+1","Evolve+1","Demon Form+1","Replay:SS_hec_2+1","Barricade+1","Berserk+1","Seeing Red+1","Heavy Blade+1","Entrench+1","Shockwave+1","Juggernaut+1","Rupture+1","Impervious+1","Limit Break+1","Feed+1","Double Tap+1","Metallicize+1","Flex+1","Disarm+1","Inflame+1","ReplayTheSpireMod:Muscle Training+1","Adrenaline+1","Venomology+1","Reaper+1","Burst+1","Footwork+1","After Image+1","Well Laid Plans+1","Terror+1","A Thousand Cuts+1","Phantasmal Killer+1","Envenom+1","Aggregate+1","Echo Form+1","Fusion+1","FIFO Queue+1","Double Energy+1","Reprogram+1","Self Repair+1","Amplify+1","DevaForm+1","Study+1","Devotion+1","Omniscience+1","MasterReality+1","ReplayTheSpireMod:Brewmster+1","expansioncontent:CaCaw+1","expansioncontent:Chronoboost+1","expansioncontent:DefensiveStance+1","Bandage Up+1","Panache+1","Sadistic Nature+1","BecomeAlmighty+1","Mayhem+1","Feel No Pain+1","Metallicize+1","Twin Strike+1","Twin Strike+1","Twin Strike+1","Twin Strike+1","Twin Strike+1","Limit Break+1","Limit Break+1","Body Slam+1","Shrug It Off+1","Limit Break+1","Body Slam+1","Offering+1","Shockwave+1","Disarm+1"],"relics":["Burning Blood","Hammer of Thor","Seething Fire","Anvil of the Gods","PreservedInsect","Pet Ghost","DollysMirror","MerchantsRug","Charon\u0027s Ashes","Strawberry","Art of War","hubris:Towel","hubris:ChampionShield","Philosopher\u0027s Stone","Brimstone","MealTicket","Singing Bowl","Potion Belt","Replay:Mystery Machine","Dream Catcher","Bronze Scales","energizedSpire:MagnifyingGlass","TungstenRod","Membership Card","Pen Nib","hubris:Icosahedron","Meat on the Bone","Counterbalance","ReplayTheSpireMod:TigerMarble","Kunai"],"acts_visited":["Exordium","TheCity","TheBeyond","TheEnding"],"potions_floor_usage":[16,18,27,28,28,33,33,33,33,35,40,45,46,50,54,55,55,55,55],"damage_taken":[{"damage":0.0,"enemies":"Cultist","floor":1.0,"turns":3.0},{"damage":13.0,"enemies":"2 Louse","floor":2.0,"turns":3.0},{"damage":12.0,"enemies":"Jaw Worm","floor":3.0,"turns":2.0},{"damage":5.0,"enemies":"Looter","floor":5.0,"turns":3.0},{"damage":6.0,"enemies":"Replay:BlueRogue","floor":6.0,"turns":4.0},{"damage":0.0,"enemies":"Gremlin Nob","floor":8.0,"turns":4.0},{"damage":3.0,"enemies":"3 Louse","floor":10.0,"turns":3.0},{"damage":30.0,"enemies":"Replay:BlueRogue","floor":13.0,"turns":5.0},{"damage":0.0,"enemies":"Blue Slaver","floor":14.0,"turns":1.0},{"damage":2,"enemies":"Slime Boss","floor":16,"turns":5},{"damage":13,"enemies":"Chosen","floor":18,"turns":4},{"damage":25,"enemies":"Book of Stabbing","floor":23,"turns":4},{"damage":57,"enemies":"3 Byrds","floor":27,"turns":4},{"damage":0,"enemies":"Gremlin Leader","floor":28,"turns":6},{"damage":8,"enemies":"Sentry and Sphere","floor":30,"turns":3},{"damage":0,"enemies":"Automaton","floor":33,"turns":5},{"damage":57,"enemies":"3 Darklings","floor":35,"turns":5},{"damage":3,"enemies":"2 Orb Walkers","floor":36,"turns":4},{"damage":1,"enemies":"Reptomancer","floor":40,"turns":4},{"damage":39,"enemies":"3 Shapes","floor":42,"turns":3},{"damage":0,"enemies":"Transient","floor":45,"turns":5},{"damage":17,"enemies":"Sphere and 2 Shapes","floor":46,"turns":4},{"damage":55,"enemies":"Awakened One","floor":50,"turns":6},{"damage":90,"enemies":"Shield and Spear","floor":54,"turns":4},{"damage":76,"enemies":"The Heart","floor":55,"turns":7}],"seed_played":"2369291011865271815","potions_obtained":[{"floor":1.0,"key":"Adrenaline Potion"},{"floor":5.0,"key":"Weak Potion"},{"floor":6.0,"key":"SpeedPotion"},{"floor":13.0,"key":"PowerPotion"},{"floor":27,"key":"Flashbang"},{"floor":28,"key":"SneckoOil"},{"floor":30,"key":"BloodPotion"},{"floor":40,"key":"Flashbang"},{"floor":42,"key":"Explosive Potion"},{"floor":54,"key":"Languid Potion"}],"is_trial":false,"path_per_floor":["M","M","M","?","M","E","?","E","T","M","?","R","E","M","R","B",null,"M","?","$","?","?","E","R","T","T","M","E","R","M","$","R","B",null,"M","?","?","?","$","E","?","M","T","?","M","M","R","$","R","B",null,"R","$","E","B",null],"character_chosen":"IRONCLAD","items_purchased":["PreservedInsect","Pet Ghost","DollysMirror","expansioncontent:StudyTheSpire","MerchantsRug","Evolve","Demon Form","Replay:SS_hec_2","Brimstone","MealTicket","Strength Potion","Bronze Scales","Membership Card","Block Potion","ReplayTheSpireMod:TigerMarble","Disarm+1"],"campfire_rested":6,"item_purchase_floors":[0,0,0,0,0,0,0,0,20,20,20,31,39,39,48,53],"current_hp_per_floor":[80,77,72,72,83,95,95,95,95,95,95,95,93,99,99,99,99,92,92,92,92,92,73,99,99,99,60,107,109,109,111,113,113,113,64,117,120,120,120,122,122,114,114,116,130,121,134,134,136,93,136,136,136,76,56],"gold":40,"neow_bonus":"","is_daily":false,"chose_seed":false,"campfire_upgraded":1,"win_rate":0.0,"timestamp":1610488670,"path_taken":["M","M","?","?","M","E","?","E","T","M","?","R","E","M","R","BOSS","M","?","$","?","?","E","R","?","T","?","E","R","M","$","R","BOSS","M","?","?","?","?","E","?","M","T","?","?","M","R","$","R","BOSS","R","$","E","BOSS"],"items_purchased_type":["Relic","Relic","Relic","Card","Relic","Card","Card","Card","Relic","Relic","Potion","Relic","Relic","Potion","Relic","Card"],"build_version":"2020-12-22","purchased_purges":0,"victory":true,"max_hp_per_floor":[80,84,84,84,88,95,95,95,95,95,95,95,95,99,99,99,99,99,99,99,99,99,99,99,99,99,101,107,109,111,111,113,113,113,115,117,120,120,120,122,122,128,128,130,130,132,134,134,136,136,136,136,136,142,142],"card_choices":[{"not_picked":["Warcry","Run Through","Pommel Strike"],"picked":"SKIP","floor":1.0},{"not_picked":["Dual Wield","Shockwave","Feel No Pain"],"picked":"SKIP","floor":2.0},{"not_picked":["Dual Wield","Shockwave"],"picked":"Feel No Pain","floor":2.0},{"not_picked":["Rage","Hemokinesis","Dropkick"],"picked":"SKIP","floor":3.0},{"not_picked":["Anger","Entrench"],"picked":"Metallicize","floor":5.0},{"not_picked":["Evolve","Hemokinesis","Run Through"],"picked":"SKIP","floor":6.0},{"not_picked":["Warcry","Armaments","Thunderclap"],"picked":"SKIP","floor":8.0},{"not_picked":["Thunderclap","Headbutt","ReplayTheSpireMod:Strike From Hell"],"picked":"SKIP","floor":10.0},{"not_picked":["Replay:Undeath\u0027s Touch","Warcry","Defy Death"],"picked":"SKIP","floor":13.0},{"not_picked":["Headbutt","Warcry"],"picked":"Twin Strike","floor":14.0},{"not_picked":["Brutality","hubris:StunningStrike"],"picked":"Limit Break","floor":16},{"not_picked":["Clash+1","Twin Strike"],"picked":"Body Slam","floor":18},{"not_picked":["Second Wind","Headbutt"],"picked":"Shrug It Off+1","floor":23},{"not_picked":["Perfected Strike","Headbutt","Defy Death"],"picked":"Singing Bowl","floor":27},{"not_picked":["Havoc+1","Flex","Intimidate"],"picked":"Singing Bowl","floor":28},{"not_picked":["Sentinel","Twin Strike","Reckless Charge"],"picked":"Singing Bowl","floor":29},{"not_picked":["hubris:CleavingFinish+1","Twin Strike","Feel No Pain"],"picked":"Singing Bowl","floor":30},{"not_picked":["Perfected Strike","Armaments","Carnage+1"],"picked":"Singing Bowl","floor":32},{"not_picked":["Feed","Immolate"],"picked":"Limit Break","floor":33},{"not_picked":["Flex+1","Iron Wave","Perfected Strike"],"picked":"Singing Bowl","floor":35},{"not_picked":["Anger+1","Iron Wave","Sword Boomerang+1"],"picked":"Singing Bowl","floor":36},{"not_picked":["Sever Soul+1","Clothesline+1","Warcry+1"],"picked":"Singing Bowl","floor":40},{"not_picked":["hubris:ReadiedAction","Demonic Infusion","Heavy Blade+1"],"picked":"Singing Bowl","floor":42},{"not_picked":["ReplayReversal+1","Blood for Blood+1","Wild Strike+1"],"picked":"Singing Bowl","floor":44},{"not_picked":["Run Through","Carnage+1"],"picked":"Offering","floor":45},{"not_picked":["Thunderclap+1","Anger+1","ReplayReversal"],"picked":"Singing Bowl","floor":46},{"not_picked":["ReplayTheSpireMod:Strike From Hell+1","Pummel+1","hubris:CleavingFinish"],"picked":"Singing Bowl","floor":47},{"not_picked":["Entrench","Spot Weakness","Shrug It Off+1"],"picked":"Singing Bowl","floor":49},{"not_picked":["Corruption","ReplayTheSpireMod:Stacked"],"picked":"Shockwave+1","floor":52},{"not_picked":["Warcry+1","ReplayTheSpireMod:Stacked+1","Burning Pact+1"],"picked":"Singing Bowl","floor":54}],"player_experience":224243,"relics_obtained":[{"floor":6.0,"key":"Strawberry"},{"floor":8.0,"key":"Art of War"},{"floor":13.0,"key":"hubris:ChampionShield"},{"floor":23,"key":"Singing Bowl"},{"floor":25,"key":"Potion Belt"},{"floor":26,"key":"Replay:Mystery Machine"},{"floor":28,"key":"Dream Catcher"},{"floor":36,"key":"TungstenRod"},{"floor":40,"key":"Pen Nib"},{"floor":43,"key":"Meat on the Bone"},{"floor":44,"key":"Counterbalance"},{"floor":54,"key":"Kunai"}],"event_choices":[{"damage_healed":0.0,"max_hp_gain":0.0,"max_hp_loss":0.0,"gold_gain":0.0,"event_name":"betterThird:BetterGoop","player_choice":"Left","floor":4.0,"gold_loss":41.0,"damage_taken":0.0},{"cards_removed":["Strike_R"],"damage_healed":0.0,"max_hp_gain":0.0,"max_hp_loss":0.0,"gold_gain":0.0,"event_name":"The Cleric","player_choice":"Card Removal","floor":7.0,"gold_loss":50.0,"damage_taken":0.0},{"damage_healed":0,"gold_gain":0,"player_choice":"Ignored","damage_taken":0,"max_hp_gain":0,"max_hp_loss":0,"event_name":"Purifier","floor":19,"gold_loss":0},{"damage_healed":0,"gold_gain":0,"player_choice":"Ignored","damage_taken":0,"max_hp_gain":0,"max_hp_loss":0,"event_name":"Transmorgrifier","floor":21,"gold_loss":0},{"damage_healed":0,"gold_gain":0,"player_choice":"Ignored","damage_taken":0,"max_hp_gain":0,"max_hp_loss":0,"event_name":"betterNote:BetterNote","floor":22,"gold_loss":0,"cards_obtained":["Eruption"]},{"damage_healed":0,"gold_gain":0,"player_choice":"Fight","damage_taken":0,"max_hp_gain":0,"max_hp_loss":0,"event_name":"Mysterious Sphere","floor":36,"gold_loss":0},{"cards_removed":["Body Slam"],"damage_healed":0,"gold_gain":0,"player_choice":"Removed Attack","damage_taken":0,"max_hp_gain":0,"max_hp_loss":0,"event_name":"Falling","floor":38,"gold_loss":0}],"is_beta":false,"boss_relics":[{"not_picked":["Calling Bell","Empty Cage"],"picked":"Philosopher\u0027s Stone"},{"not_picked":["Black Star","SlaversCollar"],"picked":"energizedSpire:MagnifyingGlass"}],"items_purged_floors":[],"is_endless":false,"potions_floor_spawned":[1,5,6,10,13,27,28,30,40,42,45,54],"ascension_level":3}}