{"host":"fjaupvxe7fzqrf4j","time":1610429439,"event":{"mods":["ATMod(°¢èªMod)","BaseMod","Minty Spire (QoL Compilation)","StSLib"],"gold_per_floor":[118,393,238,257,273,299,332,362,385,417,417,437,465,499,499,499,499],"floor_reached":16,"playtime":400,"items_purged":["Regret"],"score":542,"play_id":"dae702f2-34ac-40b3-ac19-9f2508da9de2","local_time":"20210112133039","daily_mods":["SealedDeck","Heirloom","Time Dilation","Flight","Elite Swarm"],"is_ascension_mode":true,"campfire_choices":[{"data":"AT_OneInchPunch","floor":11.0,"key":"SMITH"},{"data":"Ragnarok","floor":15,"key":"SMITH"}],"circlet_count":0,"master_deck":["AscendersBane","ClearTheMind+1","Prostrate+1","FlurryOfBlows","FollowUp","Adaptation","ClearTheMind","Tantrum","BowlingBash","AT_OneInchPunch+1","Wallop","Fasting2","Blasphemy+1","LessonLearned","Tantrum","Ragnarok+1"],"relics":["PureWater","AT_ATBox","AT_GoldPhoenixTree","War Paint","Bag of Marbles","AT_ChloranthyRing","Akabeko","Potion Belt","Odd Mushroom","Shovel","Blue Candle"],"acts_visited":["Exordium"],"potions_floor_usage":[],"damage_taken":[{"damage":3.0,"enemies":"Small Slimes","floor":1.0,"turns":2.0},{"damage":0.0,"enemies":"Cultist","floor":4.0,"turns":2.0},{"damage":0.0,"enemies":"Jaw Worm","floor":5.0,"turns":1.0},{"damage":15.0,"enemies":"3 Sentries","floor":6.0,"turns":4.0},{"damage":0.0,"enemies":"Lagavulin","floor":7.0,"turns":2.0},{"damage":0.0,"enemies":"Gremlin Nob","floor":8.0,"turns":2.0},{"damage":0.0,"enemies":"Lagavulin","floor":10.0,"turns":2.0},{"damage":0.0,"enemies":"The Mushroom Lair","floor":12.0,"turns":2.0},{"damage":0.0,"enemies":"Gremlin Nob","floor":13.0,"turns":3.0},{"damage":0.0,"enemies":"3 Sentries","floor":14.0,"turns":2.0},{"damage":43,"enemies":"The Guardian","floor":16,"turns":3}],"seed_played":"2292315486664086560","potions_obtained":[{"floor":1.0,"key":"AttackPotion"},{"floor":4.0,"key":"EntropicBrew"},{"floor":10.0,"key":"SkillPotion"},{"floor":12.0,"key":"Energy Potion"}],"is_trial":true,"path_per_floor":["M","?","$","M","M","E","E","E","T","E","R","?","E","E","R","B"],"character_chosen":"WATCHER","items_purchased":["Fasting2"],"campfire_rested":0,"item_purchase_floors":[3],"current_hp_per_floor":[58,58,58,58,58,43,43,43,43,43,43,43,43,43,43,0,0],"gold":499,"neow_bonus":"","is_daily":false,"chose_seed":false,"campfire_upgraded":2,"win_rate":0.0,"timestamp":1610429439,"path_taken":["M","?","$","M","?","E","E","E","T","E","R","?","E","E","R","BOSS"],"items_purchased_type":["Card"],"build_version":"2020-12-22","purchased_purges":1,"victory":false,"max_hp_per_floor":[68,68,68,68,68,68,68,68,68,68,68,68,68,68,68,68,68],"card_choices":[{"not_picked":["Evaluate","SashWhip","ThirdEye"],"picked":"SKIP","floor":1.0},{"not_picked":["ThirdEye","LikeWater","FollowUp"],"picked":"SKIP","floor":4.0},{"not_picked":["SashWhip","BowlingBash"],"picked":"Blasphemy","floor":5.0},{"not_picked":["MasterReality","Wish","Alpha"],"picked":"SKIP","floor":6.0},{"not_picked":["AT_MachinaRedman","Omniscience","Alpha"],"picked":"SKIP","floor":7.0},{"not_picked":["DevaForm","SpiritShield","MasterReality"],"picked":"SKIP","floor":8.0},{"not_picked":["DeusExMachina","Establishment"],"picked":"LessonLearned","floor":10.0},{"not_picked":["Consecrate","Crescendo"],"picked":"Tantrum","floor":12.0},{"not_picked":["LessonLearned","AT_MachinaRedman","Vault"],"picked":"SKIP","floor":13.0},{"not_picked":["Judgement","Devotion"],"picked":"Ragnarok","floor":14.0}],"player_experience":406599,"relics_obtained":[{"floor":6.0,"key":"War Paint"},{"floor":7.0,"key":"Bag of Marbles"},{"floor":8.0,"key":"AT_ChloranthyRing"},{"floor":9.0,"key":"Akabeko"},{"floor":10.0,"key":"Potion Belt"},{"floor":12.0,"key":"Odd Mushroom"},{"floor":13.0,"key":"Shovel"},{"floor":14.0,"key":"Blue Candle"}],"event_choices":[{"damage_healed":0.0,"max_hp_gain":0.0,"max_hp_loss":0.0,"gold_gain":275.0,"event_name":"Golden Shrine","player_choice":"Desecrate","floor":2.0,"gold_loss":0.0,"damage_taken":0.0,"cards_obtained":["Regret"]},{"damage_healed":0.0,"max_hp_gain":0.0,"max_hp_loss":0.0,"gold_gain":0.0,"event_name":"Mushrooms","player_choice":"Fought Mushrooms","floor":12.0,"gold_loss":0.0,"damage_taken":0.0}],"is_beta":false,"boss_relics":[],"items_purged_floors":[3],"is_endless":false,"potions_floor_spawned":[1,4,10,12,13],"killed_by":"The Guardian","ascension_level":20}}