{"host":"fuszjwm6fqgjjp4d","time":1610454876,"event":{"mods":["BaseMod","Bestiary","Colored Map","DeckTracker","Minty Spire (QoL Compilation)","Permanent Neow","Relic Sorter","Relic Stats","StSLib"],"gold_per_floor":[109,109,34,34,49,83,83,98,98,98,136,51,90,108,108,202,202,221,271,271,271,284,284,284],"floor_reached":23,"playtime":480,"items_purged":[],"score":464,"play_id":"3a0dc325-4683-48ea-a888-5e7424053cb2","local_time":"20210112063436","is_ascension_mode":true,"campfire_choices":[{"data":"Catalyst","floor":7,"key":"SMITH"},{"data":"Crippling Poison","floor":10,"key":"SMITH"},{"data":"Bullet Time","floor":15,"key":"SMITH"}],"circlet_count":0,"master_deck":["AscendersBane","Strike_G","Strike_G","Strike_G","Strike_G","Defend_G","Defend_G","Defend_G","Defend_G","Survivor","Neutralize","Catalyst+1","Crippling Poison+1","Deadly Poison","Acrobatics","Bullet Time+1","Crippling Poison","Flechettes","Prepared","Corpse Explosion","CurseOfTheBell","Prepared+1","Ghostly","Ghostly","Ghostly","Footwork+1"],"relics":["Ring of the Snake","NeowsBlessing","Golden Idol","Paper Crane","Akabeko","Eternal Feather","PreservedInsect","Calling Bell","Pen Nib","Ornamental Fan","Incense Burner"],"acts_visited":["Exordium","TheCity"],"potions_floor_usage":[11,13,18,22],"damage_taken":[{"damage":0,"enemies":"2 Louse","floor":1,"turns":1},{"damage":0,"enemies":"Cultist","floor":5,"turns":1},{"damage":0,"enemies":"Lagavulin","floor":6,"turns":1},{"damage":2,"enemies":"Jaw Worm","floor":8,"turns":3},{"damage":6,"enemies":"Gremlin Nob","floor":11,"turns":3},{"damage":12,"enemies":"Lagavulin","floor":13,"turns":3},{"damage":0,"enemies":"2 Fungi Beasts","floor":14,"turns":2},{"damage":9,"enemies":"Hexaghost","floor":16,"turns":6},{"damage":0,"enemies":"3 Byrds","floor":18,"turns":2},{"damage":1,"enemies":"Shell Parasite","floor":22,"turns":3},{"damage":32,"enemies":"Book of Stabbing","floor":23,"turns":6}],"seed_played":"2717053249943476022","potions_obtained":[{"floor":8,"key":"Energy Potion"},{"floor":11,"key":"Energy Potion"},{"floor":13,"key":"Explosive Potion"},{"floor":14,"key":"Strength Potion"},{"floor":18,"key":"Block Potion"}],"is_trial":false,"path_per_floor":["M","?","?","?","M","E","R","M","T","R","E","$","E","M","R","B",null,"M","?","?","?","M","E"],"character_chosen":"THE_SILENT","items_purchased":["Crippling Poison"],"campfire_rested":0,"item_purchase_floors":[12],"current_hp_per_floor":[59,59,59,59,59,59,59,57,57,57,51,51,39,39,48,39,55,55,55,30,30,29,0,0],"gold":284,"neow_bonus":"THREE_ENEMY_KILL","is_daily":false,"chose_seed":false,"campfire_upgraded":3,"win_rate":0.0,"timestamp":1610454876,"path_taken":["M","?","?","?","M","E","R","M","T","R","E","$","E","?","R","BOSS","M","?","?","?","?","E"],"items_purchased_type":["Card"],"build_version":"2020-12-22","purchased_purges":0,"victory":false,"max_hp_per_floor":[66,60,60,60,60,60,60,60,60,60,60,60,60,60,60,60,60,60,60,30,30,30,30,30],"relic_stats":{"counters":[11,31],"Golden Idol":59,"Ornamental Fan":[0],"Eternal Feather":9,"PreservedInsect":43,"Pen Nib":[1],"obtain_stats":[{"Calling Bell":17,"NeowsBlessing":0,"Golden Idol":2,"Ornamental Fan":17,"Eternal Feather":11,"PreservedInsect":13,"Pen Nib":17,"Incense Burner":17,"Paper Crane":6,"Akabeko":9,"Ring of the Snake":0},{"Calling Bell":8,"NeowsBlessing":0,"Golden Idol":1,"Ornamental Fan":8,"Eternal Feather":5,"PreservedInsect":6,"Pen Nib":8,"Incense Burner":8,"Paper Crane":3,"Akabeko":4,"Ring of the Snake":0},{"Calling Bell":20,"NeowsBlessing":0,"Golden Idol":1,"Ornamental Fan":20,"Eternal Feather":9,"PreservedInsect":12,"Pen Nib":20,"Incense Burner":20,"Paper Crane":3,"Akabeko":6,"Ring of the Snake":0}],"Ring of the Snake":[22]},"card_choices":[{"not_picked":["Dagger Throw","Prepared"],"picked":"Catalyst","floor":1},{"not_picked":["Dodge and Roll","Tactician"],"picked":"Crippling Poison","floor":5},{"not_picked":["Deflect","Storm of Steel"],"picked":"Deadly Poison","floor":6},{"not_picked":["Sucker Punch","Underhanded Strike"],"picked":"Acrobatics","floor":8},{"not_picked":["Cloak And Dagger","Slice"],"picked":"Bullet Time","floor":11},{"not_picked":["Heel Hook","Sucker Punch"],"picked":"Flechettes","floor":13},{"not_picked":["Cloak And Dagger","Bane"],"picked":"Prepared","floor":14},{"not_picked":["Storm of Steel","Unload"],"picked":"Corpse Explosion","floor":16},{"not_picked":["Backstab","Endless Agony"],"picked":"Prepared+1","floor":18},{"not_picked":["Dagger Spray","Underhanded Strike"],"picked":"Footwork+1","floor":22}],"player_experience":1281453,"relics_obtained":[{"floor":6,"key":"Paper Crane"},{"floor":9,"key":"Akabeko"},{"floor":11,"key":"Eternal Feather"},{"floor":13,"key":"PreservedInsect"},{"floor":17,"key":"Pen Nib"},{"floor":17,"key":"Ornamental Fan"},{"floor":17,"key":"Incense Burner"}],"event_choices":[{"damage_healed":0,"gold_gain":0,"player_choice":"Lose Max HP","damage_taken":0,"relics_obtained":["Golden Idol"],"max_hp_gain":0,"max_hp_loss":6,"event_name":"Golden Idol","floor":2,"gold_loss":0},{"cards_removed":["Strike_G"],"damage_healed":0,"gold_gain":0,"player_choice":"Card Removal","damage_taken":0,"max_hp_gain":0,"max_hp_loss":0,"event_name":"The Cleric","floor":3,"gold_loss":75},{"cards_removed":["Defend_G"],"damage_healed":0,"gold_gain":0,"player_choice":"Card Removal","damage_taken":0,"max_hp_gain":0,"max_hp_loss":0,"event_name":"Wheel of Change","floor":4,"gold_loss":0},{"damage_healed":0,"gold_gain":50,"player_choice":"Stole From Cult","damage_taken":0,"max_hp_gain":0,"max_hp_loss":0,"event_name":"Nest","floor":19,"gold_loss":0},{"damage_healed":0,"gold_gain":0,"player_choice":"Became a Ghost","damage_taken":0,"max_hp_gain":0,"max_hp_loss":30,"event_name":"Ghosts","floor":20,"gold_loss":0,"cards_obtained":["Ghostly","Ghostly","Ghostly"]},{"damage_healed":0,"gold_gain":0,"player_choice":"Ignored","damage_taken":0,"max_hp_gain":0,"max_hp_loss":0,"event_name":"Cursed Tome","floor":21,"gold_loss":0}],"is_beta":false,"boss_relics":[{"not_picked":["SacredBark","Tiny House"],"picked":"Calling Bell"}],"items_purged_floors":[],"is_endless":false,"potions_floor_spawned":[8,11,13,14,18],"killed_by":"Book of Stabbing","ascension_level":20}}