{"host":"txhhdwa0hqfs4jhb","time":1610465897,"event":{"mods":["AchievementEnabler","BaseMod","Better Third Choice","Filter the Spire","Minty Spire (QoL Compilation)","Relic Stats","Replay The Spire","StSLib","Thieving Mod"],"gold_per_floor":[115,115,115,40,52,52,72,141,194,213,248,248,259,16579,16579,10757,10757,8337,8387,8287,8337,8387,2487,2487],"floor_reached":23,"playtime":1036,"items_purged":["Strike_B","Strike_B"],"score":646,"play_id":"bef8ce89-4d99-4d03-a16a-7f2450f788c5","local_time":"20210112153817","is_ascension_mode":true,"campfire_choices":[{"data":"Defragment","floor":6.0,"key":"SMITH"},{"floor":12.0,"key":"REST"},{"data":"Defragment","floor":15.0,"key":"SMITH"}],"circlet_count":0,"master_deck":["AscendersBane","Strike_B","Strike_B","Defend_B","Defend_B","Defend_B","Defend_B","Zap","Dualcast","ReplayRNGCard+1","Cold Snap","Defragment+1","ReplayRNGCard+1","Coolheaded","ReplayRNGCard","Core Surge","ReplayTheSpireMod:IOU","Defragment+1","Defragment","ReplayTheSpireMod:IOU","ReplayTheSpireMod:IOU","ReplayTheSpireMod:IOU","ReplayTheSpireMod:IOU","ReplayTheSpireMod:IOU","ReplayTheSpireMod:IOU","ReplayTheSpireMod:IOU","ReplayTheSpireMod:IOU","ReplayTheSpireMod:IOU","ReplayTheSpireMod:IOU","ReplayTheSpireMod:IOU","ReplayTheSpireMod:IOU","ReplayTheSpireMod:IOU","ReplayTheSpireMod:IOU","ReplayTheSpireMod:IOU","ReplayTheSpireMod:IOU","ReplayTheSpireMod:IOU","ReplayTheSpireMod:IOU","ReplayTheSpireMod:IOU","ReplayTheSpireMod:IOU","ReplayTheSpireMod:IOU","ReplayTheSpireMod:IOU","ReplayTheSpireMod:IOU","ReplayTheSpireMod:IOU","ReplayTheSpireMod:IOU","ReplayTheSpireMod:IOU","ReplayTheSpireMod:IOU","ReplayTheSpireMod:IOU","ReplayTheSpireMod:IOU","ReplayTheSpireMod:IOU","ReplayTheSpireMod:IOU","ReplayTheSpireMod:IOU","ReplayTheSpireMod:IOU","ReplayTheSpireMod:IOU","ReplayTheSpireMod:IOU","ReplayTheSpireMod:IOU","ReplayTheSpireMod:IOU","ReplayTheSpireMod:IOU","Reboot"],"relics":["Cracked Core","SsserpentHead","DollysMirror","Vajra","Replay:Wax Seal","Darkstone Periapt","ClockworkSouvenir","PreservedInsect","Inserter","Anchor","Medical Kit","MutagenicStrength"],"acts_visited":["Exordium","TheCity"],"potions_floor_usage":[23,23],"damage_taken":[{"damage":9.0,"enemies":"2 Louse","floor":1.0,"turns":4.0},{"damage":5.0,"enemies":"Small Slimes","floor":5.0,"turns":3.0},{"damage":0.0,"enemies":"Cultist","floor":7.0,"turns":3.0},{"damage":0.0,"enemies":"Blue Slaver","floor":8.0,"turns":5.0},{"damage":5.0,"enemies":"Large Slime","floor":10.0,"turns":6.0},{"damage":10.0,"enemies":"Lagavulin","floor":11.0,"turns":6.0},{"damage":5.0,"enemies":"3 Louse","floor":13.0,"turns":3.0},{"damage":410.0,"enemies":"Fading Forest","floor":16.0,"turns":11.0},{"damage":70.0,"enemies":"2 Thieves","floor":18.0,"turns":5.0},{"damage":545,"enemies":"Gremlin Leader","floor":23,"turns":12}],"seed_played":"8812647685425651079","potions_obtained":[{"floor":8.0,"key":"EssenceOfSteel"},{"floor":13.0,"key":"Block Potion"}],"is_trial":false,"path_per_floor":["M","?","?","$","M","R","M","M","T","M","E","R","M","$","R","B",null,"M","?","$","?","?","E"],"character_chosen":"DEFECT","items_purchased":["Defragment","ClockworkSouvenir","PreservedInsect"],"campfire_rested":1,"item_purchase_floors":[14,14,14],"current_hp_per_floor":[37,37,37,37,32,32,32,32,32,27,17,38,33,1035,1035,633,963,893,893,893,522,522,0,0],"gold":2487,"neow_bonus":"THREE_RARE_CARDS","is_daily":false,"chose_seed":false,"campfire_upgraded":2,"win_rate":0.0,"timestamp":1610465897,"path_taken":["M","?","?","$","M","R","M","?","T","M","E","R","M","$","R","BOSS","M","?","$","?","?","E"],"items_purchased_type":["Card","Relic","Relic"],"build_version":"2020-12-22","purchased_purges":2,"victory":false,"max_hp_per_floor":[71,71,71,71,71,71,71,71,71,71,71,71,71,1073,1073,1073,1073,1073,1073,1073,1078,1078,1078,1078],"relic_stats":{"Darkstone Periapt":1002,"SsserpentHead":200,"Inserter":[8],"counters":[10,58],"PreservedInsect":43,"Medical Kit":[0],"obtain_stats":[{"Darkstone Periapt":14,"SsserpentHead":3,"Anchor":20,"Inserter":17,"DollysMirror":4,"MutagenicStrength":22,"Vajra":9,"PreservedInsect":14,"Replay:Wax Seal":11,"Cracked Core":0,"Medical Kit":20,"ClockworkSouvenir":14},{"Darkstone Periapt":7,"SsserpentHead":1,"Anchor":9,"Inserter":8,"DollysMirror":1,"MutagenicStrength":9,"Vajra":4,"PreservedInsect":7,"Replay:Wax Seal":6,"Cracked Core":0,"Medical Kit":9,"ClockworkSouvenir":7},{"Darkstone Periapt":30,"SsserpentHead":4,"Anchor":46,"Inserter":41,"DollysMirror":4,"MutagenicStrength":46,"Vajra":15,"PreservedInsect":30,"Replay:Wax Seal":27,"Cracked Core":0,"Medical Kit":46,"ClockworkSouvenir":30}]},"card_choices":[{"not_picked":["Multi-Cast","Seek"],"picked":"ReplayRNGCard","floor":0.0},{"not_picked":["Rebound","Streamline"],"picked":"Cold Snap","floor":1.0},{"not_picked":["Redo","Steam","ReplayTheSpireMod:System Scan"],"picked":"SKIP","floor":5.0},{"not_picked":["Cold Snap","Hologram"],"picked":"Coolheaded","floor":7.0},{"not_picked":["Aggregate","Hologram"],"picked":"ReplayRNGCard","floor":8.0},{"not_picked":["Cold Snap","Rebound","Fusion"],"picked":"SKIP","floor":10.0},{"not_picked":["Compile Driver","Storm"],"picked":"Core Surge","floor":11.0},{"not_picked":["Genetic Algorithm","Streamline","Steam"],"picked":"SKIP","floor":13.0},{"not_picked":["Thunder Strike","Echo Form"],"picked":"Reboot","floor":16.0},{"not_picked":["Force Field","Turbo","Heatsinks"],"picked":"SKIP","floor":18.0}],"player_experience":234600,"relics_obtained":[{"floor":9.0,"key":"Vajra"},{"floor":11.0,"key":"Replay:Wax Seal"}],"event_choices":[{"damage_healed":0.0,"max_hp_gain":0.0,"max_hp_loss":0.0,"gold_gain":0.0,"event_name":"Living Wall","player_choice":"Grow","floor":2.0,"gold_loss":0.0,"damage_taken":0.0,"cards_upgraded":["ReplayRNGCard"]},{"damage_healed":0.0,"max_hp_gain":0.0,"max_hp_loss":0.0,"gold_gain":0.0,"event_name":"FaceTrader","player_choice":"Trade","floor":3.0,"gold_loss":0.0,"damage_taken":0.0,"relics_obtained":["SsserpentHead"]},{"damage_healed":0,"gold_gain":0,"player_choice":"Shed Blood","damage_taken":376,"max_hp_gain":5,"max_hp_loss":0,"event_name":"Forgotten Altar","floor":21,"gold_loss":0},{"damage_healed":0,"gold_gain":0,"player_choice":"Inject Mutagens","damage_taken":0,"relics_obtained":["MutagenicStrength"],"max_hp_gain":0,"max_hp_loss":0,"event_name":"Drug Dealer","floor":22,"gold_loss":0}],"is_beta":false,"boss_relics":[{"not_picked":["Sozu","Calling Bell"],"picked":"Inserter"}],"items_purged_floors":[4,20],"is_endless":false,"potions_floor_spawned":[8,13,16],"killed_by":"Gremlin Leader","ascension_level":17}}