{"host":"k2mw1od0xoi9pcfj","time":1610411972,"event":{"mods":["100% Spire Juice","AchievementEnabler","Act Like it!","Aspiration","BaseMod","Better Altar","Better Match","Better Note","Better Sensory Stone","Better Skull","Better Third Choice","Conspire","Defuse TimeMaze Blight","Downfall","Energized Spire","Friendly Minions","Gensokyo","Halation","Hallownest","Highlight Path","Infinite Spire","Minty Spire (QoL Compilation)","Permanent Neow","Prisma Mod","Quick Restart","Random Character Button","Relic Sorter","Relic Stats","Replay The Spire","Spicy Shops","StSLib","Synergy Search","The Hierophant","Treasure Hunter","everything is the same but u backflip on backflip","slay the spire mod where everything is the same but ironclad has a cowboy hat"],"gold_per_floor":[137,159,55,81,81,81,122,144,144,109,114,114],"floor_reached":11,"playtime":1003,"items_purged":[],"score":75,"play_id":"886a7186-0d87-42a6-801d-3cd9885b4d5b","local_time":"20210111183932","is_ascension_mode":false,"campfire_choices":[{"data":"Moonworks:LulusLuckyEgg","floor":6,"key":"SMITH"}],"circlet_count":0,"master_deck":["Moonworks:Strike","Moonworks:Strike","Moonworks:Strike","Moonworks:Strike","Moonworks:Defend","Moonworks:Defend","Moonworks:Defend","Moonworks:Defend","Moonworks:Ambush","Moonworks:LongDistanceShot","Moonworks:ScrambledEve","Moonworks:Poppoformation","Moonworks:DeployBits","Moonworks:LulusLuckyEgg+1","TH:CopperCoins","Moonworks:SinkOrSwim","Moonworks:LulusLuckyEgg","TH:CursedSword"],"relics":["Moonworks:BrokenBomb","Moonworks:Homemark","halation:IllGainedPizza","Replay:Bottled Snecko","infinitespire:Beetle Shell"],"acts_visited":["Exordium"],"potions_floor_usage":[8,11],"damage_taken":[{"damage":1,"enemies":"Cultist","floor":1,"turns":3},{"damage":6,"enemies":"Jaw Worm","floor":2,"turns":4},{"damage":0,"enemies":"Small Slimes","floor":3,"turns":3},{"damage":9,"enemies":"Exordium Thugs","floor":4,"turns":5},{"damage":13,"enemies":"3 Sentries","floor":7,"turns":10},{"damage":7,"enemies":"Exordium Wildlife","floor":8,"turns":6},{"damage":61,"enemies":"Gremlin Nob","floor":11,"turns":5}],"seed_played":"-2796357745964222275","potions_obtained":[{"floor":1,"key":"FearPotion"},{"floor":2,"key":"Regen Potion"},{"floor":7,"key":"Explosive Potion"}],"is_trial":false,"path_per_floor":["M","M","M","M","?","R","E","M","T","?","E"],"character_chosen":"THE_STARBREAKER","items_purchased":[],"campfire_rested":0,"item_purchase_floors":[],"current_hp_per_floor":[59,53,53,44,44,44,31,24,24,39,0,0],"gold":114,"neow_bonus":"RANDOM_COMMON_RELIC","is_daily":false,"chose_seed":false,"campfire_upgraded":1,"win_rate":0.0,"timestamp":1610411972,"path_taken":["M","M","?","M","?","R","E","?","T","?","E"],"items_purchased_type":[],"build_version":"2020-12-22","purchased_purges":0,"victory":false,"max_hp_per_floor":[60,60,60,60,60,60,60,60,60,60,60,60],"relic_stats":{"counters":[7,36],"obtain_stats":[{"Moonworks:Homemark":0,"halation:IllGainedPizza":0,"infinitespire:Beetle Shell":7,"Replay:Bottled Snecko":5,"Moonworks:BrokenBomb":0},{"Moonworks:Homemark":0,"halation:IllGainedPizza":0,"infinitespire:Beetle Shell":5,"Replay:Bottled Snecko":4,"Moonworks:BrokenBomb":0},{"Moonworks:Homemark":0,"halation:IllGainedPizza":0,"infinitespire:Beetle Shell":25,"Replay:Bottled Snecko":15,"Moonworks:BrokenBomb":0}]},"card_choices":[{"not_picked":["Moonworks:BigMagnum","Moonworks:Dinner"],"picked":"Moonworks:ScrambledEve","floor":1},{"not_picked":["Moonworks:WindyEnchantment","Moonworks:SakisCookie"],"picked":"Moonworks:Poppoformation","floor":2},{"not_picked":["Moonworks:CastOff","Moonworks:NicePresent"],"picked":"Moonworks:DeployBits","floor":3},{"not_picked":["Moonworks:x16BigRocket","Moonworks:ImOnFire"],"picked":"Moonworks:LulusLuckyEgg","floor":4},{"not_picked":["TH:Mimic"],"picked":"TH:CopperCoins","floor":7},{"not_picked":["Moonworks:NicePresent","Moonworks:BigMagnum"],"picked":"Moonworks:SinkOrSwim","floor":7},{"not_picked":["Moonworks:FinalSurgery","Moonworks:SelfDestruct"],"picked":"Moonworks:LulusLuckyEgg","floor":8},{"not_picked":["TH:EnergyPotion"],"picked":"TH:CursedSword","floor":9}],"player_experience":875123,"relics_obtained":[{"floor":7,"key":"infinitespire:Beetle Shell"}],"event_choices":[{"damage_healed":0,"gold_gain":0,"player_choice":"Gave Potion","damage_taken":0,"relics_obtained":["Replay:Bottled Snecko"],"max_hp_gain":0,"max_hp_loss":0,"event_name":"WeMeetAgain","floor":5,"gold_loss":0},{"damage_healed":15,"gold_gain":0,"player_choice":"Healed","damage_taken":0,"max_hp_gain":0,"max_hp_loss":0,"event_name":"The Cleric","floor":10,"gold_loss":35}],"is_beta":false,"boss_relics":[],"items_purged_floors":[],"is_endless":false,"potions_floor_spawned":[1,2,7],"killed_by":"Gremlin Nob","ascension_level":0}}