{"host":"jl3raagrljzztomj","time":1610414577,"event":{"mods":["BaseMod","BetterRewards","Custom Start","Highlight Path","Minty Spire (QoL Compilation)","Permanent Neow","StSLib"],"gold_per_floor":[219,230,230,180,180,180,211,223,235,247,269,356,399,260,260,364,364,364],"floor_reached":17,"playtime":663,"items_purged":["Strike_R"],"score":161,"play_id":"4c243ad7-bfe1-453f-8de2-60b6e2f0e9c9","local_time":"20210111192257","is_ascension_mode":false,"campfire_choices":[{"data":"Pummel","floor":6,"key":"SMITH"},{"floor":8,"key":"REST"},{"data":"Sword Boomerang","floor":10,"key":"SMITH"},{"floor":15,"key":"REST"}],"circlet_count":0,"master_deck":["Strike_R+1","Strike_R+1","Strike_R","Defend_R","Defend_R","Defend_R","Defend_R","Bash","Sword Boomerang+1","Pummel+1","Inflame","Carnage","Power Through","Fire Breathing","Fiend Fire","CurseOfTheBell"],"relics":["Burning Blood","Prayer Wheel","MawBank","White Beast Statue","Ginger","Calling Bell","Juzu Bracelet","Letter Opener","Magic Flower"],"acts_visited":["Exordium","TheCity"],"potions_floor_usage":[16],"damage_taken":[{"damage":7,"enemies":"2 Louse","floor":1,"turns":3},{"damage":7,"enemies":"Jaw Worm","floor":2,"turns":4},{"damage":40,"enemies":"Lagavulin","floor":7,"turns":5},{"damage":0,"enemies":"Small Slimes","floor":11,"turns":5},{"damage":30,"enemies":"3 Sentries","floor":13,"turns":6},{"damage":29,"enemies":"Hexaghost","floor":16,"turns":9}],"seed_played":"-7200784043996380293","potions_obtained":[{"floor":11,"key":"ElixirPotion"},{"floor":13,"key":"ColorlessPotion"},{"floor":16,"key":"AttackPotion"}],"is_trial":false,"path_per_floor":["M","M","?","?","T","R","E","R","T","R","M","?","E","$","R","B",null],"character_chosen":"IRONCLAD","items_purchased":["Fire Breathing"],"campfire_rested":2,"item_purchase_floors":[14],"current_hp_per_floor":[79,78,62,62,62,62,28,52,52,52,58,47,23,23,47,24,80,80],"gold":364,"neow_bonus":"HUNDRED_GOLD","is_daily":false,"chose_seed":false,"campfire_upgraded":2,"win_rate":0.0,"timestamp":1610414577,"path_taken":["M","M","?","?","?","R","E","R","T","R","M","?","E","?","R","BOSS"],"items_purchased_type":["Card"],"build_version":"2020-12-22","purchased_purges":1,"victory":false,"max_hp_per_floor":[80,80,80,80,80,80,80,80,80,80,80,80,80,80,80,80,80,80],"card_choices":[{"not_picked":["Heavy Blade","Clash"],"picked":"Sword Boomerang","floor":1},{"not_picked":["Havoc","Whirlwind"],"picked":"Pummel","floor":2},{"not_picked":["Headbutt","Hemokinesis"],"picked":"Inflame","floor":7},{"not_picked":["Entrench","Heavy Blade"],"picked":"Carnage","floor":11},{"not_picked":["Rupture","Body Slam","Searing Blow"],"picked":"SKIP","floor":11},{"not_picked":["Thunderclap","Pommel Strike"],"picked":"Power Through","floor":13},{"not_picked":["Bludgeon","Offering"],"picked":"Fiend Fire","floor":16}],"player_experience":904130,"relics_obtained":[{"floor":5,"key":"Prayer Wheel"},{"floor":7,"key":"MawBank"},{"floor":9,"key":"White Beast Statue"},{"floor":13,"key":"Ginger"},{"floor":17,"key":"Juzu Bracelet"},{"floor":17,"key":"Letter Opener"},{"floor":17,"key":"Magic Flower"}],"event_choices":[{"damage_healed":0,"gold_gain":0,"player_choice":"Entered Light","damage_taken":16,"max_hp_gain":0,"max_hp_loss":0,"event_name":"Shining Light","floor":3,"gold_loss":0,"cards_upgraded":["Strike_R","Strike_R"]},{"cards_removed":["Strike_R"],"damage_healed":0,"gold_gain":0,"player_choice":"Card Removal","damage_taken":0,"max_hp_gain":0,"max_hp_loss":0,"event_name":"The Cleric","floor":4,"gold_loss":50},{"damage_healed":0,"gold_gain":75,"player_choice":"Gather Gold","damage_taken":11,"max_hp_gain":0,"max_hp_loss":0,"event_name":"World of Goop","floor":12,"gold_loss":0}],"is_beta":false,"boss_relics":[{"not_picked":["Tiny House","Runic Dome"],"picked":"Calling Bell"}],"items_purged_floors":[14],"is_endless":false,"potions_floor_spawned":[11,13,16],"ascension_level":0}}