{"host":"981nlwu0905dw1bz","time":1610458668,"event":{"mods":["AchievementEnabler","BaseMod","DeckTracker","Minty Spire (QoL Compilation)","Rare Cards Sparkle","SuperFastMode"],"gold_per_floor":[116,116,36,50,50,50,76,90,90,55,55,55,84,104,104,199,199,217,235,150,150,167,167,23,38,38,55,55,55,55,65,65,163,163,173,223,234,251,251,251,266,280,280,280,295,142,155,56,56,56,56],"floor_reached":50,"playtime":1667,"items_purged":[],"score":729,"play_id":"896cd227-c886-489f-8a2e-46043c651b5a","local_time":"20210112223748","is_ascension_mode":true,"campfire_choices":[{"data":"Infinite Blades","floor":6.0,"key":"SMITH"},{"floor":11.0,"key":"REST"},{"data":"Crippling Poison","floor":15.0,"key":"SMITH"},{"floor":23.0,"key":"REST"},{"floor":29.0,"key":"DIG"},{"floor":32.0,"key":"REST"},{"floor":40.0,"key":"REST"},{"floor":49.0,"key":"REST"}],"circlet_count":0,"master_deck":["AscendersBane","Strike_G+1","Strike_G+1","Strike_G+1","Strike_G+1","Strike_G+1","Defend_G+1","Defend_G+1","Defend_G+1","Defend_G+1","Defend_G+1","Survivor","Neutralize","Backflip+1","Infinite Blades+1","Terror","Crippling Poison+1","Phantasmal Killer","CurseOfTheBell","Escape Plan+1","Cloak And Dagger+1","Bandage Up+1","Cleave+1","Feed+1","Reprogram+1","Blade Dance"],"relics":["Runic Pyramid","Regal Pillow","Toy Ornithopter","Molten Egg 2","Question Card","Thread and Needle","Calling Bell","Boot","Kunai","Shovel","Snake Skull","PrismaticShard","Darkstone Periapt","Strawberry","Pantograph","WristBlade","Ice Cream","Vajra","Frozen Egg 2","Orichalcum"],"acts_visited":["Exordium","TheCity","TheBeyond"],"potions_floor_usage":[50,50],"damage_taken":[{"damage":3.0,"enemies":"2 Louse","floor":1.0,"turns":3.0},{"damage":2.0,"enemies":"Jaw Worm","floor":4.0,"turns":5.0},{"damage":24.0,"enemies":"3 Sentries","floor":7.0,"turns":11.0},{"damage":1.0,"enemies":"Small Slimes","floor":8.0,"turns":4.0},{"damage":19.0,"enemies":"Lagavulin","floor":13.0,"turns":5.0},{"damage":4.0,"enemies":"Exordium Wildlife","floor":14.0,"turns":5.0},{"damage":55.0,"enemies":"Hexaghost","floor":16.0,"turns":13.0},{"damage":30.0,"enemies":"3 Byrds","floor":18.0,"turns":6.0},{"damage":8.0,"enemies":"Spheric Guardian","floor":19.0,"turns":6.0},{"damage":6.0,"enemies":"Snecko","floor":22.0,"turns":6.0},{"damage":12.0,"enemies":"Centurion and Healer","floor":25.0,"turns":6.0},{"damage":0.0,"enemies":"Chosen and Byrds","floor":27.0,"turns":5.0},{"damage":15.0,"enemies":"Snake Plant","floor":31.0,"turns":5.0},{"damage":92.0,"enemies":"Champ","floor":33.0,"turns":14.0},{"damage":20.0,"enemies":"3 Shapes","floor":35.0,"turns":6.0},{"damage":0.0,"enemies":"Mind Bloom Boss Battle","floor":36.0,"turns":8.0},{"damage":26.0,"enemies":"3 Darklings","floor":37.0,"turns":5.0},{"damage":15.0,"enemies":"Maw","floor":38.0,"turns":9.0},{"damage":12.0,"enemies":"Jaw Worm Horde","floor":41.0,"turns":5.0},{"damage":25.0,"enemies":"Transient","floor":42.0,"turns":5.0},{"damage":27.0,"enemies":"Maw","floor":45.0,"turns":6.0},{"damage":25.0,"enemies":"Jaw Worm Horde","floor":47.0,"turns":5.0},{"damage":102,"enemies":"Time Eater","floor":50,"turns":14}],"seed_played":"-1782583658667787462","potions_obtained":[{"floor":4.0,"key":"Strength Potion"},{"floor":8.0,"key":"BlessingOfTheForge"},{"floor":13.0,"key":"BlessingOfTheForge"},{"floor":18.0,"key":"DistilledChaos"},{"floor":25.0,"key":"EssenceOfSteel"},{"floor":31.0,"key":"FairyPotion"},{"floor":35.0,"key":"Poison Potion"},{"floor":42.0,"key":"Poison Potion"},{"floor":45.0,"key":"ColorlessPotion"}],"is_trial":false,"path_per_floor":["M","?","$","M","?","R","E","M","T","?","R","T","E","M","R","B",null,"M","M","?","?","M","R","$","M","T","M","$","R","?","M","R","B",null,"M","?","M","M","?","R","M","M","T","$","M","$","M","$","R","B"],"character_chosen":"THE_SILENT","items_purchased":["Infinite Blades","PrismaticShard","Orichalcum","Strength Potion","SpeedPotion"],"campfire_rested":5,"item_purchase_floors":[3,24,46,48,48],"current_hp_per_floor":[60,60,60,58,40,40,16,15,15,32,68,68,59,60,60,5,54,24,21,21,21,15,51,51,39,39,50,50,57,57,48,77,23,64,54,81,61,52,52,81,79,60,60,60,44,44,34,34,75,0,0],"gold":56,"neow_bonus":"BOSS_RELIC","is_daily":false,"chose_seed":false,"campfire_upgraded":2,"win_rate":0.0,"timestamp":1610458668,"path_taken":["M","?","$","M","?","R","E","M","T","?","R","?","E","M","R","BOSS","M","M","?","?","M","R","$","M","T","M","?","R","?","M","R","BOSS","M","?","M","M","?","R","M","?","T","?","M","$","M","$","R","BOSS"],"items_purchased_type":["Card","Relic","Relic","Potion","Potion"],"build_version":"2020-12-22","purchased_purges":0,"victory":false,"max_hp_per_floor":[70,70,70,70,70,70,70,70,70,70,70,70,70,70,70,70,70,70,70,70,70,70,70,70,70,70,70,70,77,77,77,77,77,77,81,81,81,81,81,81,85,85,85,85,85,85,89,89,89,89,89],"card_choices":[{"not_picked":["Flechettes","Underhanded Strike"],"picked":"Backflip","floor":1.0},{"not_picked":["Acrobatics","Concentrate"],"picked":"Terror","floor":4.0},{"not_picked":["Catalyst","Expertise","Dodge and Roll"],"picked":"SKIP","floor":7.0},{"not_picked":["Deflect","Well Laid Plans","Backflip"],"picked":"SKIP","floor":8.0},{"not_picked":["Deadly Poison","Reflex","Sucker Punch+1","Flying Knee+1"],"picked":"SKIP","floor":13.0},{"not_picked":["Deflect","Burst","Slice+1"],"picked":"Crippling Poison","floor":14.0},{"not_picked":["Bullet Time","Envenom","Corpse Explosion"],"picked":"Phantasmal Killer","floor":16.0},{"not_picked":["Outmaneuver","Eviscerate+1","Dagger Spray+1"],"picked":"Escape Plan+1","floor":18.0},{"not_picked":["Prepared","Deflect","Skewer+1","Bane+1"],"picked":"SKIP","floor":19.0},{"not_picked":["Escape Plan","Dagger Spray+1","Heel Hook+1"],"picked":"Cloak And Dagger+1","floor":22.0},{"not_picked":["Twin Strike+1","Barrage+1","Gash+1"],"picked":"Bandage Up+1","floor":25.0},{"not_picked":["ThirdEye+1","Turbo","Acrobatics"],"picked":"Cleave+1","floor":27.0},{"not_picked":["Cloak And Dagger","Leap","Purity"],"picked":"Feed+1","floor":31.0},{"not_picked":["FlurryOfBlows+1","Pommel Strike+1","SashWhip+1"],"picked":"Reprogram+1","floor":35.0},{"not_picked":["Go for the Eyes+1","ClearTheMind+1","Ball Lightning+1","Prostrate+1"],"picked":"SKIP","floor":37.0},{"not_picked":["Caltrops","Mayhem","Prostrate+1","Consecrate+1"],"picked":"SKIP","floor":38.0},{"not_picked":["Blind","Pummel+1","Sentinel"],"picked":"Blade Dance","floor":41.0},{"not_picked":["Undo","Good Instincts","Clothesline+1","Blizzard+1"],"picked":"SKIP","floor":42.0},{"not_picked":["Twin Strike+1","Dodge and Roll+1","Cold Snap+1","Underhanded Strike+1"],"picked":"SKIP","floor":45.0},{"not_picked":["Acrobatics","BowlingBash+1","Chill","CrushJoints+1"],"picked":"SKIP","floor":47.0}],"player_experience":541520,"relics_obtained":[{"floor":7.0,"key":"Toy Ornithopter"},{"floor":9.0,"key":"Molten Egg 2"},{"floor":12.0,"key":"Question Card"},{"floor":13.0,"key":"Thread and Needle"},{"floor":17.0,"key":"Boot"},{"floor":17.0,"key":"Kunai"},{"floor":17.0,"key":"Shovel"},{"floor":26.0,"key":"Darkstone Periapt"},{"floor":29.0,"key":"Strawberry"},{"floor":36.0,"key":"Ice Cream"},{"floor":39.0,"key":"Vajra"},{"floor":43.0,"key":"Frozen Egg 2"}],"event_choices":[{"damage_healed":0.0,"max_hp_gain":0.0,"max_hp_loss":0.0,"gold_gain":0.0,"event_name":"Living Wall","player_choice":"Grow","floor":2.0,"gold_loss":0.0,"damage_taken":0.0,"cards_upgraded":["Backflip"]},{"damage_healed":0.0,"max_hp_gain":0.0,"max_hp_loss":0.0,"gold_gain":0.0,"event_name":"Scrap Ooze","player_choice":"Success","floor":5.0,"gold_loss":0.0,"damage_taken":18.0,"relics_obtained":["Regal Pillow"]},{"damage_healed":17.0,"max_hp_gain":0.0,"max_hp_loss":0.0,"gold_gain":0.0,"event_name":"The Cleric","player_choice":"Healed","floor":10.0,"gold_loss":35.0,"damage_taken":0.0},{"damage_healed":0.0,"max_hp_gain":0.0,"max_hp_loss":0.0,"gold_gain":0.0,"event_name":"Addict","player_choice":"Obtained Relic","floor":20.0,"gold_loss":85.0,"damage_taken":0.0,"relics_obtained":["Snake Skull"]},{"damage_healed":0.0,"max_hp_gain":0.0,"max_hp_loss":0.0,"gold_gain":0.0,"event_name":"Back to Basics","player_choice":"Simplicity","floor":21.0,"gold_loss":0.0,"damage_taken":0.0,"cards_upgraded":["Strike_G","Strike_G","Strike_G","Strike_G","Strike_G","Defend_G","Defend_G","Defend_G","Defend_G","Defend_G"]},{"damage_healed":0.0,"max_hp_gain":0.0,"max_hp_loss":0.0,"gold_gain":0.0,"event_name":"The Mausoleum","player_choice":"Opened","floor":30.0,"gold_loss":0.0,"damage_taken":0.0,"relics_obtained":["Pantograph"]},{"damage_healed":0.0,"max_hp_gain":0.0,"max_hp_loss":0.0,"gold_gain":0.0,"event_name":"MindBloom","player_choice":"Fight","floor":36.0,"gold_loss":0.0,"damage_taken":0.0},{"damage_healed":0.0,"max_hp_gain":0.0,"max_hp_loss":0.0,"gold_gain":0.0,"event_name":"Wheel of Change","player_choice":"Relic","floor":39.0,"gold_loss":0.0,"damage_taken":0.0}],"is_beta":false,"boss_relics":[{"not_picked":["Tiny House","Busted Crown"],"picked":"Calling Bell"},{"not_picked":["Empty Cage","Philosopher\u0027s Stone"],"picked":"WristBlade"}],"items_purged_floors":[],"is_endless":false,"potions_floor_spawned":[4,8,13,18,25,31,35,42,45],"killed_by":"Time Eater","ascension_level":11}}