{"host":"3x36qx7z3zqcvkt0","time":1610464557,"event":{"mods":["Act Like it!","Arknights The Spire","BaseMod","Colored Map","Colored Powertips","Downfall","Friendly Minions","Gensokyo","Koishi","LagranYue(拉格朗・月)","Marisa（F雨　魔理沙）","Minty Spire (QoL Compilation)","Prisma Mod","Replay The Spire","Shop Mod","StSLib","The Cursed","The Servant 0.9.4","Yuyuko","【功能Mod】聪明的最终Boss"],"gold_per_floor":[111,20,30,105,105,136,136,136,136,170,194,218,218,232,232,363,363,386,311,342,210,125,165,165,183,183,183,183],"floor_reached":27,"playtime":1642,"items_purged":["Injury"],"score":239,"play_id":"ed32a971-6261-44c1-af97-ac2b81a50cd9","local_time":"20210112231557","is_ascension_mode":false,"campfire_choices":[{"floor":7,"key":"REST"},{"floor":13,"key":"REST"},{"floor":15,"key":"REST"}],"circlet_count":0,"master_deck":["ats:Strike C","ats:Strike G+1","ats:Strike S","ats:Strike V","ats:Armor Crushing Shot","ats:Defend","ats:Defend+1","ats:Defend","ats:Defend","ats:Emotion Absorption","ats:Disruption Kick","ats:Hammer On","ats:Curse Doll+1","ats:Powerful Strike","ats:Chain Hook","ats:Poison Spread","ats:Ambush","ats:Beaten Up","ats:Thermite Blade","ats:Red Shift","ats:Soul Rend","ats:Red Shift","ats:Flexible Camouflage","ats:Song Of Battle","ats:Assault Order","ats:Roar Of Ursus","ats:Cat Scratch"],"relics":["ats:Sanity","LagranYue:RandomDrawCardRelic","Golden Idol","ats:Originium","LagranYue:ReturningEmperorRelic","Orichalcum","Black Star","Replay:Arrowhead","Strawberry","Torii","Ice Cream"],"acts_visited":["Exordium","TheCity"],"potions_floor_usage":[16,16,18,23,23,23],"damage_taken":[{"damage":8,"enemies":"Cultist","floor":1,"turns":5},{"damage":4,"enemies":"Small Slimes","floor":3,"turns":3},{"damage":31,"enemies":"Lagavulin","floor":6,"turns":6},{"damage":10,"enemies":"Gremlin Nob","floor":10,"turns":4},{"damage":0,"enemies":"2 Louse","floor":11,"turns":2},{"damage":0,"enemies":"Large Slime","floor":12,"turns":4},{"damage":0,"enemies":"Exordium Wildlife","floor":14,"turns":3},{"damage":12,"enemies":"Hexaghost","floor":16,"turns":9},{"damage":19,"enemies":"Chosen","floor":18,"turns":5},{"damage":36,"enemies":"Book of Stabbing","floor":23,"turns":6},{"damage":9,"enemies":"Spheric Guardian","floor":25,"turns":4},{"damage":13,"enemies":"Slavers","floor":27,"turns":1}],"seed_played":"-4699820753573635259","potions_obtained":[{"floor":6,"key":"Languid Potion"},{"floor":10,"key":"SkillPotion"},{"floor":12,"key":"Block Potion"},{"floor":16,"key":"GamblersBrew"},{"floor":20,"key":"FearPotion"},{"floor":20,"key":"SteroidPotion"},{"floor":20,"key":"Slimebound:ThreeZeroPotion"},{"floor":24,"key":"Strength Potion"},{"floor":24,"key":"Cursed Concoction"},{"floor":24,"key":"GamblersBrew"}],"is_trial":false,"path_per_floor":["M","$","M","?","?","E","R","?","T","E","M","M","R","M","R","B",null,"M","$","?","$","?","E","?","M","T","E"],"character_chosen":"DOCTOR_CLASS","items_purchased":["ats:Curse Doll+1","ats:Powerful Strike","ats:Song Of Battle","ats:Assault Order"],"campfire_rested":3,"item_purchase_floors":[2,2,21,21],"current_hp_per_floor":[64,64,60,49,49,18,39,25,25,15,15,15,36,36,57,45,72,56,56,38,38,38,16,16,10,10,0,0],"gold":183,"neow_bonus":"ONE_RANDOM_RARE_CARD","is_daily":false,"chose_seed":false,"campfire_upgraded":0,"win_rate":0.0,"timestamp":1610464557,"path_taken":["M","$","?","?","?","E","R","?","T","E","?","M","R","M","R","BOSS","M","$","?","$","?","E","?","?","T","E"],"items_purchased_type":["Card","Card","Card","Card"],"build_version":"2020-12-22","purchased_purges":1,"victory":false,"max_hp_per_floor":[72,72,72,72,72,72,72,72,72,72,72,72,72,72,72,72,72,72,72,72,72,72,79,79,79,79,79,79],"card_choices":[{"not_picked":["ats:Explosion Area Strengthen","ats:Childhood Dance"],"picked":"ats:Hammer On","floor":1},{"not_picked":["ats:Explosion Area Strengthen","ats:Flexible Camouflage"],"picked":"ats:Chain Hook","floor":3},{"not_picked":["ats:Spore Proliferation","ats:Magnetic Hammer"],"picked":"ats:Poison Spread","floor":6},{"not_picked":["ats:Hammer On","ats:Curse Doll"],"picked":"ats:Ambush","floor":10},{"not_picked":["ats:Cat Scratch","ats:Healing Strengthening"],"picked":"ats:Beaten Up","floor":11},{"not_picked":["ats:Revitalization","ats:Apocalypse"],"picked":"ats:Thermite Blade","floor":12},{"not_picked":["ats:Revitalization","ats:Childhood Dance"],"picked":"ats:Red Shift","floor":14},{"not_picked":["ats:Wolf Pack","ats:True Silver Slash"],"picked":"ats:Soul Rend","floor":16},{"not_picked":["ats:Leaping Hammer","ats:Cat Scratch"],"picked":"ats:Red Shift","floor":18},{"not_picked":["ats:Revitalization","ats:Hammer On"],"picked":"ats:Flexible Camouflage","floor":20},{"not_picked":["ats:Childhood Dance+1","ats:Thermite Blade+1"],"picked":"ats:Roar Of Ursus","floor":23},{"not_picked":["ats:Spore Proliferation+1","ats:Childhood Dance"],"picked":"ats:Cat Scratch","floor":25}],"player_experience":248354,"relics_obtained":[{"floor":6,"key":"ats:Originium"},{"floor":6,"key":"LagranYue:ReturningEmperorRelic"},{"floor":10,"key":"ats:Originium"},{"floor":10,"key":"Orichalcum"},{"floor":23,"key":"ats:Originium"},{"floor":23,"key":"Strawberry"},{"floor":23,"key":"Torii"},{"floor":26,"key":"Ice Cream"}],"event_choices":[{"damage_healed":0,"gold_gain":75,"player_choice":"Gather Gold","damage_taken":11,"max_hp_gain":0,"max_hp_loss":0,"event_name":"World of Goop","floor":4,"gold_loss":0},{"damage_healed":0,"gold_gain":0,"player_choice":"Take Wound","damage_taken":0,"relics_obtained":["Golden Idol"],"max_hp_gain":0,"max_hp_loss":0,"event_name":"Golden Idol","floor":5,"gold_loss":0,"cards_obtained":["Injury"]},{"damage_healed":0,"gold_gain":0,"player_choice":"Entered Light","damage_taken":14,"max_hp_gain":0,"max_hp_loss":0,"event_name":"Shining Light","floor":8,"gold_loss":0,"cards_upgraded":["ats:Strike G","ats:Defend"]},{"damage_healed":0,"gold_gain":0,"player_choice":"Obtained Relic","damage_taken":0,"relics_obtained":["Replay:Arrowhead"],"max_hp_gain":0,"max_hp_loss":0,"event_name":"Addict","floor":22,"gold_loss":85},{"damage_healed":0,"gold_gain":0,"player_choice":"Got Potions","damage_taken":0,"max_hp_gain":0,"max_hp_loss":0,"event_name":"Lab","floor":24,"gold_loss":0}],"is_beta":false,"boss_relics":[{"not_picked":["Replay:Wanted Poster","Replay:Grab Bag"],"picked":"Black Star"}],"items_purged_floors":[19],"is_endless":false,"potions_floor_spawned":[6,10,12,16],"killed_by":"Slavers","ascension_level":0}}