{"host":"2nhpogk5xa0u9xre","time":1610470323,"event":{"mods":["Aspiration","BaseMod","Colored Powertips","Googly Eyes","Hubris","Infinite Spire","Minty Spire (QoL Compilation)","Rare Cards Sparkle","Replay The Spire","StSLib","The Construct","The Hayseed","The Hierophant","The Runesmith","The Senshi","everything is the same but u backflip on backflip"],"gold_per_floor":[110,110,110,122,134,134,152,162,162,162,173,173,196,211,211,211,211],"floor_reached":16,"playtime":911,"items_purged":[],"score":94,"play_id":"5b4e5570-de2e-4de9-8f42-8ed0e8269452","local_time":"20210112115203","daily_mods":["Draft"],"is_ascension_mode":false,"campfire_choices":[{"data":"construct:FlameCore","floor":6,"key":"SMITH"},{"data":"construct:Zapper","floor":10,"key":"SMITH"},{"floor":15,"key":"REST"}],"circlet_count":0,"master_deck":["construct:Forcefield","construct:PointDefense","construct:Forcefield","construct:FlameCore+1","construct:FlameCore+1","construct:Boost","construct:Versatility","construct:Stasis","construct:Autoturret","construct:Reinforce","construct:SyphonStrike","construct:ModeShift","construct:Zapper+1","construct:ClusterMines","construct:ShiftGuard","construct:PointDefense","construct:ForceCore","construct:Enhance","construct:Enhance","construct:ForceCore","construct:VentSteam"],"relics":["construct:Cogwheel","infinitespire:Broken Mirror","Ancient Tea Set","infinitespire:PuzzleCube"],"acts_visited":["Exordium"],"potions_floor_usage":[7,7,11],"damage_taken":[{"damage":4,"enemies":"2 Louse","floor":1,"turns":3},{"damage":0,"enemies":"Small Slimes","floor":4,"turns":4},{"damage":6,"enemies":"Jaw Worm","floor":5,"turns":5},{"damage":7,"enemies":"Lots of Slimes","floor":7,"turns":6},{"damage":4,"enemies":"Large Slime","floor":8,"turns":5},{"damage":12,"enemies":"Exordium Wildlife","floor":11,"turns":4},{"damage":25,"enemies":"Gremlin Gang","floor":14,"turns":9},{"damage":49,"enemies":"Fading Forest","floor":16,"turns":10}],"seed_played":"-3635154857798996778","potions_obtained":[{"floor":1,"key":"Swift Potion"},{"floor":4,"key":"GamblersBrew"},{"floor":7,"key":"Adrenaline Potion"},{"floor":14,"key":"SpeedPotion"}],"is_trial":true,"path_per_floor":["M","?","$","M","M","R","M","M","T","R","M","?","T","M","R","B"],"character_chosen":"THE_CONSTRUCT_MOD","items_purchased":[],"campfire_rested":1,"item_purchase_floors":[],"current_hp_per_floor":[81,81,81,81,75,75,68,64,64,64,52,34,34,9,34,1,1],"gold":211,"neow_bonus":"","is_daily":false,"chose_seed":false,"campfire_upgraded":2,"win_rate":0.0,"timestamp":1610470323,"path_taken":["M","?","$","M","M","R","M","M","T","R","M","?","?","M","R","BOSS"],"items_purchased_type":[],"build_version":"2020-12-22","purchased_purges":0,"victory":false,"max_hp_per_floor":[85,85,85,85,85,85,85,85,85,85,85,85,85,85,85,85,85],"card_choices":[{"not_picked":["construct:ClusterMines","construct:ShiftStrike"],"picked":"construct:Forcefield","floor":0},{"not_picked":["construct:ModeShift","construct:Boost"],"picked":"construct:PointDefense","floor":0},{"not_picked":["construct:Backup","construct:FlakBarrage"],"picked":"construct:Forcefield","floor":0},{"not_picked":["construct:Accumulate","construct:Analyze"],"picked":"construct:FlameCore","floor":0},{"not_picked":["construct:Backfire","construct:Tumble"],"picked":"construct:FlameCore","floor":0},{"not_picked":["construct:Antimatter","construct:ScrapCannon"],"picked":"construct:Boost","floor":0},{"not_picked":["construct:HeavyBolt","construct:Antimatter"],"picked":"construct:Versatility","floor":0},{"not_picked":["construct:ModeShift","construct:Boost"],"picked":"construct:Stasis","floor":0},{"not_picked":["construct:Accumulate","construct:ModeShift"],"picked":"construct:Autoturret","floor":0},{"not_picked":["construct:Versatility","construct:ModeShift"],"picked":"construct:Reinforce","floor":0},{"not_picked":["construct:Versatility","construct:Forcefield"],"picked":"construct:SyphonStrike","floor":0},{"not_picked":["construct:Isolate","construct:Construct_Overclock"],"picked":"construct:ModeShift","floor":0},{"not_picked":["construct:FocusedBeam","construct:FierceBash"],"picked":"construct:Zapper","floor":0},{"not_picked":["construct:FierceBash","construct:HeavyBolt"],"picked":"construct:ClusterMines","floor":0},{"not_picked":["construct:SyphonStrike","construct:Reinforce"],"picked":"construct:ShiftGuard","floor":0},{"not_picked":["construct:Versatility","construct:Boost"],"picked":"construct:PointDefense","floor":1},{"not_picked":["construct:Backfire","construct:CripplingShot"],"picked":"construct:ForceCore","floor":4},{"not_picked":["construct:ShiftStrike","construct:HeavyBolt","construct:Antimatter"],"picked":"SKIP","floor":5},{"not_picked":["construct:SuppressiveFire","construct:ShiftStrike"],"picked":"construct:Enhance","floor":7},{"not_picked":["construct:QuickAttack","construct:UnbalancingBlast"],"picked":"construct:Enhance","floor":8},{"not_picked":["construct:VentSteam","construct:Reinforce"],"picked":"construct:ForceCore","floor":11},{"not_picked":["construct:SuppressiveFire","construct:Isolate"],"picked":"construct:VentSteam","floor":14}],"player_experience":236733,"relics_obtained":[{"floor":9,"key":"infinitespire:Broken Mirror"},{"floor":13,"key":"infinitespire:PuzzleCube"}],"event_choices":[{"damage_healed":0,"gold_gain":0,"player_choice":"Grow","damage_taken":0,"max_hp_gain":0,"max_hp_loss":0,"event_name":"Living Wall","floor":2,"gold_loss":0,"cards_upgraded":["construct:FlameCore"]},{"damage_healed":0,"gold_gain":0,"player_choice":"Success","damage_taken":18,"relics_obtained":["Ancient Tea Set"],"max_hp_gain":0,"max_hp_loss":0,"event_name":"Scrap Ooze","floor":12,"gold_loss":0}],"is_beta":false,"boss_relics":[],"items_purged_floors":[],"is_endless":false,"potions_floor_spawned":[1,4,7,14],"killed_by":"Fading Forest","ascension_level":0}}