{"host":"684z1xpuwaoqmmh1","time":1610412790,"event":{"mods":["Bard","BaseMod","Downfall","Hermit","Jorbs\u0027s Wanderer Trilogy","Marisa????????","Minty Spire (QoL Compilation)","Robot Space Explorer","Shade Mod","StSLib","The Hierophant","The Marked","The Mystic"],"gold_per_floor":[118,118,138,37,55,55,73,102,155,182,182,182,208,208,208,303,303,313,327,347,6,26,55,55,86,141,171,183,183,203,15,15,111,111,125,125,142,42,42,42,76,76,76,109,121,136,167,226,226,226,226,226,41,85,85,85],"floor_reached":55,"playtime":3408,"items_purged":["RobotSpaceExplorer:Strike","RobotSpaceExplorer:Strike"],"score":1090,"play_id":"3f2e591b-cbe4-4135-af59-f06c43d19cd4","local_time":"20210112025310","is_ascension_mode":true,"campfire_choices":[{"data":"RobotSpaceExplorer:RigExplosive","floor":6.0,"key":"SMITH"},{"data":"RobotSpaceExplorer:IronShell","floor":11.0,"key":"SMITH"},{"data":"RobotSpaceExplorer:MiniLasers","floor":15.0,"key":"SMITH"},{"floor":24.0,"key":"REST"},{"floor":29.0,"key":"REST"},{"data":"RobotSpaceExplorer:DroneSwarm","floor":32,"key":"SMITH"},{"floor":40,"key":"RECALL"},{"data":"RobotSpaceExplorer:Defend","floor":42,"key":"PURGE"},{"floor":49,"key":"REST"},{"floor":52,"key":"REST"}],"circlet_count":0,"master_deck":["RobotSpaceExplorer:Defend","RobotSpaceExplorer:Scan","RobotSpaceExplorer:MiniLasers+1","Flash of Steel","RobotSpaceExplorer:ScrapMissile","RobotSpaceExplorer:IronShell+1","RobotSpaceExplorer:RigExplosive+1","RobotSpaceExplorer:Probe","RobotSpaceExplorer:ScrapToss","RobotSpaceExplorer:ScrapToss","RobotSpaceExplorer:LuckyStrike","RobotSpaceExplorer:ScrapToss","RobotSpaceExplorer:Reload","RobotSpaceExplorer:TrailblazerForm","RobotSpaceExplorer:ScrapMissile+1","RobotSpaceExplorer:Discharger+1","RobotSpaceExplorer:StarLightning","RobotSpaceExplorer:Jetpack","RobotSpaceExplorer:DroneSwarm+1","RobotSpaceExplorer:Pulsar+1","RobotSpaceExplorer:StarDust","RobotSpaceExplorer:Accelerator","RobotSpaceExplorer:Electroshield","RobotSpaceExplorer:Blaster+1","RobotSpaceExplorer:Fix","RobotSpaceExplorer:Autoloader","RobotSpaceExplorer:MiniBoosters+1","RobotSpaceExplorer:MiniDrones+1","RobotSpaceExplorer:Fix","RobotSpaceExplorer:ShockKick+1"],"relics":["RobotSpaceExplorer:RoboCore","Pantograph","Boot","hexamod:BolsterEngine","Empty Cage","Matryoshka","Molten Egg 2","Peace Pipe","Guardian:PocketSentry","Blood Vial","Bronze Scales","Fusion Hammer","Question Card","Darkstone Periapt","Strawberry","Anchor","RobotSpaceExplorer:BottledGravity","CeramicFish","Lizard Tail","HandDrill","Blue Candle"],"acts_visited":["Exordium","TheCity","TheBeyond","TheEnding"],"potions_floor_usage":[33,41,41,44,45,46,47,50,54,55,55,55,55],"damage_taken":[{"damage":0.0,"enemies":"Small Slimes","floor":1.0,"turns":3.0},{"damage":0.0,"enemies":"Cultist","floor":3.0,"turns":3.0},{"damage":0.0,"enemies":"2 Louse","floor":5.0,"turns":2.0},{"damage":1.0,"enemies":"Lots of Slimes","floor":7.0,"turns":6.0},{"damage":2.0,"enemies":"Gremlin Nob","floor":8.0,"turns":3.0},{"damage":0.0,"enemies":"3 Sentries","floor":10.0,"turns":4.0},{"damage":4.0,"enemies":"Gremlin Nob","floor":13.0,"turns":3.0},{"damage":0.0,"enemies":"Slime Boss","floor":16.0,"turns":4.0},{"damage":0.0,"enemies":"Spheric Guardian","floor":18.0,"turns":3.0},{"damage":0.0,"enemies":"3 Byrds","floor":19.0,"turns":2.0},{"damage":0.0,"enemies":"Centurion and Healer","floor":20.0,"turns":3.0},{"damage":8.0,"enemies":"Snake Plant","floor":22.0,"turns":3.0},{"damage":34.0,"enemies":"Gremlin Leader","floor":23.0,"turns":6.0},{"damage":6.0,"enemies":"Slavers","floor":25.0,"turns":5.0},{"damage":13.0,"enemies":"Book of Stabbing","floor":27.0,"turns":5.0},{"damage":13.0,"enemies":"Snecko","floor":28.0,"turns":6.0},{"damage":0.0,"enemies":"3 Cultists","floor":30.0,"turns":3.0},{"damage":14,"enemies":"Collector","floor":33,"turns":7},{"damage":2,"enemies":"Orb Walker","floor":35,"turns":3},{"damage":6,"enemies":"3 Shapes","floor":37,"turns":3},{"damage":0,"enemies":"Giant Head","floor":41,"turns":7},{"damage":0,"enemies":"Nemesis","floor":44,"turns":5},{"damage":0,"enemies":"Transient","floor":45,"turns":5},{"damage":2,"enemies":"Jaw Worm Horde","floor":46,"turns":3},{"damage":27,"enemies":"Reptomancer","floor":47,"turns":5},{"damage":0,"enemies":"Mind Bloom Boss Battle","floor":48,"turns":4},{"damage":36,"enemies":"Time Eater","floor":50,"turns":9},{"damage":72,"enemies":"Shield and Spear","floor":54,"turns":5},{"damage":97,"enemies":"The Heart","floor":55,"turns":6}],"seed_played":"1945062714606381204","potions_obtained":[{"floor":1.0,"key":"FearPotion"},{"floor":10.0,"key":"Ancient Potion"},{"floor":19.0,"key":"Guardian:BlockOnCardUsePotion"},{"floor":23.0,"key":"Explosive Potion"},{"floor":25.0,"key":"sneckomod:MuddlingPotion"},{"floor":30.0,"key":"BlessingOfTheForge"},{"floor":37,"key":"DistilledChaos"},{"floor":41,"key":"champ:CounterPotion"},{"floor":47,"key":"PowerPotion"}],"is_trial":false,"path_per_floor":["M","?","M","$","M","R","M","E","T","E","R","?","E","?","R","B",null,"M","M","M","$","M","E","R","E","T","E","M","R","M","$","R","B",null,"M","?","M","$","?","R","E","R","T","E","M","M","E","?","R","B",null,"R","$","E","B"],"character_chosen":"RobotSpaceExplorer","items_purchased":["RobotSpaceExplorer:Probe","Matryoshka","RobotSpaceExplorer:StarLightning","RobotSpaceExplorer:Electroshield","Bronze Scales","RobotSpaceExplorer:Fix","HandDrill"],"campfire_rested":4,"item_purchase_floors":[4,21,21,31,31,53,53],"current_hp_per_floor":[75,75,75,75,75,75,74,72,72,72,72,72,68,68,68,75,75,75,75,75,75,67,33,55,49,49,36,25,47,49,49,49,61,75,73,73,69,69,69,69,75,75,82,82,82,80,59,82,82,50,82,82,82,14,0,0],"gold":85,"neow_bonus":"RANDOM_COLORLESS","is_daily":false,"chose_seed":false,"campfire_upgraded":4,"win_rate":0.0,"timestamp":1610412790,"path_taken":["M","?","M","?","M","R","?","E","T","E","R","?","E","?","R","BOSS","M","M","M","$","?","E","R","E","T","E","M","R","M","$","R","BOSS","M","?","M","$","?","R","E","R","T","E","M","?","E","?","R","BOSS","R","$","E","BOSS"],"items_purchased_type":["Card","Relic","Card","Card","Relic","Card","Relic"],"build_version":"2020-12-22","purchased_purges":2,"victory":false,"max_hp_per_floor":[75,75,75,75,75,75,75,75,75,75,75,75,75,75,75,75,75,75,75,75,75,75,75,75,75,75,75,75,75,75,75,75,75,75,75,75,75,75,75,75,75,75,82,82,82,82,82,82,82,82,82,82,82,82,82,82],"card_choices":[{"not_picked":["expansioncontent:DarkVoid","expansioncontent:Flail"],"picked":"Flash of Steel","floor":0.0},{"not_picked":["RobotSpaceExplorer:Ammunition","RobotSpaceExplorer:ShovelStrike"],"picked":"RobotSpaceExplorer:ScrapMissile","floor":1.0},{"not_picked":["RobotSpaceExplorer:JunkDive","RobotSpaceExplorer:ScrapMissile"],"picked":"RobotSpaceExplorer:RigExplosive","floor":3.0},{"not_picked":["RobotSpaceExplorer:MetalStrike","RobotSpaceExplorer:FranticSearch"],"picked":"RobotSpaceExplorer:ScrapToss","floor":5.0},{"not_picked":["RobotSpaceExplorer:BigMissile","RobotSpaceExplorer:SurgingShield"],"picked":"RobotSpaceExplorer:ScrapToss","floor":7.0},{"not_picked":["RobotSpaceExplorer:FrostMissile","RobotSpaceExplorer:ShovelStrike"],"picked":"RobotSpaceExplorer:LuckyStrike","floor":8.0},{"not_picked":["RobotSpaceExplorer:Electropulse","RobotSpaceExplorer:FranticSearch"],"picked":"RobotSpaceExplorer:ScrapToss","floor":10.0},{"not_picked":["RobotSpaceExplorer:Counterblock","RobotSpaceExplorer:Wormhole"],"picked":"RobotSpaceExplorer:Reload","floor":13.0},{"not_picked":["RobotSpaceExplorer:Autoloader","RobotSpaceExplorer:Multitool"],"picked":"RobotSpaceExplorer:TrailblazerForm","floor":16.0},{"not_picked":["RobotSpaceExplorer:ShovelStrike+1","RobotSpaceExplorer:MetalStrike+1"],"picked":"RobotSpaceExplorer:ScrapMissile+1","floor":18.0},{"not_picked":["RobotSpaceExplorer:SurgingShield","RobotSpaceExplorer:Pulsar"],"picked":"RobotSpaceExplorer:Discharger+1","floor":19.0},{"not_picked":["RobotSpaceExplorer:MetalStrike","RobotSpaceExplorer:Probe","RobotSpaceExplorer:SlimeMissile+1"],"picked":"SKIP","floor":20.0},{"not_picked":["RobotSpaceExplorer:FranticSearch","RobotSpaceExplorer:SelfCleaning","RobotSpaceExplorer:Counterblock"],"picked":"SKIP","floor":22.0},{"not_picked":["RobotSpaceExplorer:Counterblock","RobotSpaceExplorer:FrostMissile+1"],"picked":"RobotSpaceExplorer:Jetpack","floor":23.0},{"not_picked":["RobotSpaceExplorer:ScrapMissile+1","RobotSpaceExplorer:BlastShield"],"picked":"RobotSpaceExplorer:DroneSwarm","floor":25.0},{"not_picked":["RobotSpaceExplorer:SurgingStrike+1","RobotSpaceExplorer:MetalStrike+1"],"picked":"RobotSpaceExplorer:Pulsar+1","floor":27.0},{"not_picked":["RobotSpaceExplorer:FrostMissile+1","RobotSpaceExplorer:ShovelStrike+1"],"picked":"RobotSpaceExplorer:StarDust","floor":28.0},{"not_picked":["RobotSpaceExplorer:SwiftStep","RobotSpaceExplorer:Blitz+1"],"picked":"RobotSpaceExplorer:Accelerator","floor":30.0},{"not_picked":["RobotSpaceExplorer:Wormhole","RobotSpaceExplorer:Autoloader"],"picked":"RobotSpaceExplorer:Blaster+1","floor":33},{"not_picked":["RobotSpaceExplorer:ShockKick+1","RobotSpaceExplorer:MakeshiftVolley+1"],"picked":"RobotSpaceExplorer:Fix","floor":35},{"not_picked":["RobotSpaceExplorer:SwiftStep","RobotSpaceExplorer:ScrapMissile+1","RobotSpaceExplorer:TurboDodge"],"picked":"SKIP","floor":37},{"not_picked":["RobotSpaceExplorer:FrostMissile+1","RobotSpaceExplorer:ToxicBomb"],"picked":"RobotSpaceExplorer:Exploration","floor":41},{"not_picked":["RobotSpaceExplorer:ScrapMissile+1","RobotSpaceExplorer:MetalStrike+1","RobotSpaceExplorer:ImprovisedAttack+1"],"picked":"RobotSpaceExplorer:Autoloader","floor":44},{"not_picked":["RobotSpaceExplorer:SwiftStep+1","RobotSpaceExplorer:Blitz+1","RobotSpaceExplorer:ImprovisedAttack+1","RobotSpaceExplorer:SurgingShield+1"],"picked":"SKIP","floor":45},{"not_picked":["RobotSpaceExplorer:Pulsar","RobotSpaceExplorer:Counterblock+1","RobotSpaceExplorer:DualCore"],"picked":"RobotSpaceExplorer:MiniBoosters+1","floor":46},{"not_picked":["RobotSpaceExplorer:MakeshiftVolley+1","RobotSpaceExplorer:SlimeMissile+1","RobotSpaceExplorer:BigMissile+1","RobotSpaceExplorer:Fix"],"picked":"SKIP","floor":47},{"not_picked":["RobotSpaceExplorer:FrostMissile+1","RobotSpaceExplorer:MetalStrike+1","RobotSpaceExplorer:Fix"],"picked":"RobotSpaceExplorer:MiniDrones+1","floor":48},{"not_picked":["RobotSpaceExplorer:SurgingShield","RobotSpaceExplorer:Electroshield","RobotSpaceExplorer:DoubleFind+1"],"picked":"RobotSpaceExplorer:ShockKick+1","floor":54}],"player_experience":2493788,"relics_obtained":[{"floor":8.0,"key":"Pantograph"},{"floor":9.0,"key":"Boot"},{"floor":10.0,"key":"hexamod:BolsterEngine"},{"floor":23.0,"key":"Molten Egg 2"},{"floor":25.0,"key":"Peace Pipe"},{"floor":26.0,"key":"Guardian:PocketSentry"},{"floor":27.0,"key":"Blood Vial"},{"floor":41,"key":"Question Card"},{"floor":43,"key":"Darkstone Periapt"},{"floor":43,"key":"Strawberry"},{"floor":44,"key":"Anchor"},{"floor":44,"key":"RobotSpaceExplorer:BottledGravity"},{"floor":47,"key":"CeramicFish"},{"floor":48,"key":"Lizard Tail"},{"floor":54,"key":"Blue Candle"}],"event_choices":[{"damage_healed":0.0,"max_hp_gain":0.0,"max_hp_loss":0.0,"gold_gain":0.0,"cards_transformed":["RobotSpaceExplorer:Strike"],"event_name":"Transmorgrifier","player_choice":"Transformed","floor":2.0,"gold_loss":0.0,"damage_taken":0.0,"cards_obtained":["RobotSpaceExplorer:IronShell"]},{"damage_healed":0.0,"max_hp_gain":0.0,"max_hp_loss":0.0,"gold_gain":0.0,"event_name":"Liars Game","player_choice":"Ignored","floor":12.0,"gold_loss":0.0,"damage_taken":0.0},{"damage_healed":0.0,"max_hp_gain":0.0,"max_hp_loss":0.0,"gold_gain":0.0,"event_name":"The Woman in Blue","player_choice":"Bought 0 Potions","floor":14.0,"gold_loss":0.0,"damage_taken":0.0},{"damage_healed":0,"gold_gain":0,"player_choice":"Ignored","damage_taken":0,"max_hp_gain":0,"max_hp_loss":0,"event_name":"Tomb of Lord Red Mask","floor":36,"gold_loss":0},{"cards_removed":["RobotSpaceExplorer:Defend"],"damage_healed":0,"gold_gain":0,"player_choice":"Purged","damage_taken":0,"max_hp_gain":0,"max_hp_loss":0,"event_name":"Purifier","floor":39,"gold_loss":0},{"damage_healed":0,"gold_gain":0,"player_choice":"Fight","damage_taken":0,"max_hp_gain":0,"max_hp_loss":0,"event_name":"MindBloom","floor":48,"gold_loss":0}],"is_beta":false,"boss_relics":[{"not_picked":["Tiny House","SacredBark"],"picked":"Empty Cage"},{"not_picked":["sneckomod:SneckoTalon","Velvet Choker"],"picked":"Fusion Hammer"}],"items_purged_floors":[4,38],"is_endless":false,"potions_floor_spawned":[1,10,19,23,25,27,30,37,41,45,47],"killed_by":"The Heart","ascension_level":4}}