{"host":"gzsdmyo07u314vug","time":1610478656,"event":{"mods":["2.2 Compatiblity","BaseMod","Downfall","GifTheSpireLib","Minty Spire (QoL Compilation)","Quick Restart","Rare Cards Sparkle","Relic Stats","Replay The Spire","Robot Space Explorer","Shop Mod","StSLib","The Bug Knight","The Construct","The Elementalist","The IronCluck","The Marked","The Servant 0.9.4","Unceasing Turn Reminder","everything is the same but u backflip on backflip","slay the spire mod where everything is the same but ironclad has a cowboy hat","vexMod"],"gold_per_floor":[349,364,374,391,403,403,403,403,416,430,455,292,304,31,43,146,146,146,159,159,159,170,110,137,97,107,120,95,108,108,121,131,233,233,233,249,249,299,11,11,11,11,27,47,47,78,102,129,54,54],"floor_reached":51,"playtime":3969,"items_purged":["hexamod:Strike","hexamod:Strike","hexamod:Strike"],"score":780,"play_id":"eaaa0658-f197-455d-9337-c4848c1cf53a","local_time":"20210112161056","is_ascension_mode":true,"campfire_choices":[{"data":"hexamod:Float","floor":1.0,"key":"SMITH"},{"data":"hexamod:ThermalTransfer","floor":6.0,"key":"SMITH"},{"data":"hexamod:Sear","floor":8.0,"key":"SMITH"},{"data":"hexamod:VolcanoVisage","floor":18.0,"key":"SMITH"},{"data":"hexamod:RetreatToShadows","floor":30,"key":"SMITH"},{"floor":35,"key":"RECALL"},{"data":"hexamod:SearingWound","floor":42,"key":"SMITH"},{"data":"hexamod:RadiantFlame","floor":49,"key":"SMITH"}],"circlet_count":0,"master_deck":["hexamod:Strike","hexamod:Defend","hexamod:Defend","hexamod:Defend","hexamod:Defend","hexamod:Sear+1","hexamod:Float+1","hexamod:ThermalTransfer+1","hexamod:HauntingEcho","hexamod:TimeWarp","hexamod:FirstSeal","hexamod:PhantomFireball","hexamod:RetreatToShadows+1","hexamod:Firestarter","hexamod:ExtraCrispy","hexamod:HeatCrush","hexamod:BurningTouch","hexamod:RadiantFlame+1","Specialist","hexamod:VolcanoVisage+1","hexamod:Hexaguard","hexamod:Hexaguard","hexamod:BurningTouch+1","hexamod:WildfireWeapon","hexamod:SearingWound+1","hexamod:AdvancingGuard","Master of Strategy","hexamod:AdvancingGuard","hexamod:UnlimitedPower","hexamod:DynamicBlow"],"relics":["hexamod:SpiritBrand","StrikeDummy","Meat on the Bone","Coffee Dripper","Simple Rune","HornCleat","Regal Pillow","SlaversCollar","Unceasing Top","Bag of Preparation","Replay:Towering Pillar of Hats","PreservedInsect","Mirror","downfall:HeartBlessingGreen"],"acts_visited":["Exordium","TheCity","TheBeyond"],"potions_floor_usage":[29,31,33,43,46],"damage_taken":[{"damage":1.0,"enemies":"2 Louse","floor":2.0,"turns":2.0},{"damage":1.0,"enemies":"Jaw Worm","floor":3.0,"turns":3.0},{"damage":0.0,"enemies":"Cultist","floor":4.0,"turns":3.0},{"damage":1.0,"enemies":"3 Louse","floor":5.0,"turns":3.0},{"damage":0.0,"enemies":"Blue Slaver","floor":9.0,"turns":3.0},{"damage":4.0,"enemies":"3 Louse","floor":10.0,"turns":2.0},{"damage":2.0,"enemies":"Gremlin Nob","floor":11.0,"turns":3.0},{"damage":0.0,"enemies":"downfall:FleeingMerchant","floor":12.0,"turns":4.0},{"damage":0.0,"enemies":"Large Slime","floor":13.0,"turns":3.0},{"damage":6.0,"enemies":"downfall:FleeingMerchant","floor":14.0,"turns":4.0},{"damage":0.0,"enemies":"Blue Slaver","floor":15.0,"turns":3.0},{"damage":37.0,"enemies":"downfall:Silent","floor":16.0,"turns":9.0},{"damage":12.0,"enemies":"3 Byrds","floor":19.0,"turns":6.0},{"damage":27.0,"enemies":"Chosen and Byrds","floor":22.0,"turns":4.0},{"damage":9.0,"enemies":"downfall:FleeingMerchant","floor":23.0,"turns":4.0},{"damage":6.0,"enemies":"downfall:FleeingMerchant","floor":25.0,"turns":4.0},{"damage":6,"enemies":"Centurion and Healer","floor":26,"turns":5},{"damage":10,"enemies":"Sentry and Sphere","floor":27,"turns":5},{"damage":6,"enemies":"Shelled Parasite and Fungi","floor":29,"turns":7},{"damage":3,"enemies":"Snake Plant","floor":31,"turns":4},{"damage":26,"enemies":"Centurion and Healer","floor":32,"turns":5},{"damage":39,"enemies":"downfall:Watcher","floor":33,"turns":6},{"damage":19,"enemies":"3 Shapes","floor":36,"turns":7},{"damage":0,"enemies":"Mind Bloom Boss Battle","floor":38,"turns":6},{"damage":1,"enemies":"3 Darklings","floor":43,"turns":5},{"damage":6,"enemies":"Spire Growth","floor":44,"turns":4},{"damage":5,"enemies":"Reptomancer","floor":46,"turns":2},{"damage":11,"enemies":"Giant Head","floor":48,"turns":6},{"damage":24,"enemies":"downfall:Defect","floor":50,"turns":6}],"seed_played":"-410318225355845664","potions_obtained":[{"floor":3.0,"key":"LiquidMemories"},{"floor":5.0,"key":"Languid Potion"},{"floor":9.0,"key":"SkillPotion"},{"floor":15.0,"key":"Explosive Potion"},{"floor":22.0,"key":"FearPotion"},{"floor":27,"key":"Flashbang"},{"floor":29,"key":"Guardian:BlockOnCardUsePotion"},{"floor":38,"key":"Fire Potion"},{"floor":43,"key":"Weak Potion"},{"floor":48,"key":"Languid Potion"}],"is_trial":false,"path_per_floor":["R","M","M","M","M","R","T","R","M","M","E","$","M","$","M","B",null,"R","M","?","?","M","$","T","$","M","M","?","M","R","M","M","B",null,"R","M","?","?","$","?","T","R","M","M","?","E","T","E","R","B",null],"character_chosen":"THE_SPIRIT","items_purchased":["hexamod:ExtraCrispy","hexamod:RadiantFlame","Specialist","hexamod:Hexaguard","HornCleat","Master of Strategy","hexamod:AdvancingGuard","Fruit Juice"],"campfire_rested":0,"item_purchase_floors":[12,14,14,23,25,39,39,39],"current_hp_per_floor":[49,48,47,47,46,46,46,46,46,49,47,47,54,55,62,44,70,70,65,65,65,38,41,41,54,55,52,52,53,53,57,50,30,70,70,58,58,65,65,65,65,65,75,75,75,70,70,66,66,42],"gold":54,"neow_bonus":"TWO_FIFTY_GOLD","is_daily":false,"chose_seed":false,"campfire_upgraded":7,"win_rate":0.0,"timestamp":1610478656,"path_taken":["R","M","M","M","M","R","T","R","M","M","E","$","M","$","M","BOSS","R","M","?","?","M","$","T","$","M","?","?","M","R","M","M","BOSS","R","M","?","?","$","?","T","R","M","M","?","E","?","E","R","BOSS"],"items_purchased_type":["Card","Card","Card","Card","Relic","Card","Card","Potion"],"build_version":"2020-12-22","purchased_purges":3,"victory":true,"max_hp_per_floor":[70,70,70,70,70,70,70,70,70,70,70,70,70,70,70,70,70,70,70,70,70,70,70,70,70,70,70,70,70,70,70,70,70,70,70,70,70,70,70,70,70,70,75,75,75,75,75,75,75,75],"relic_stats":{"Regal Pillow":0,"counters":[29,128],"PreservedInsect":125,"Bag of Preparation":[10],"obtain_stats":[{"Regal Pillow":28,"Replay:Towering Pillar of Hats":46,"downfall:HeartBlessingGreen":49,"PreservedInsect":47,"Bag of Preparation":41,"SlaversCollar":34,"HornCleat":25,"Simple Rune":24,"Coffee Dripper":17,"StrikeDummy":7,"Mirror":48,"hexamod:SpiritBrand":0,"Unceasing Top":38,"Meat on the Bone":11},{"Regal Pillow":18,"Replay:Towering Pillar of Hats":27,"downfall:HeartBlessingGreen":28,"PreservedInsect":27,"Bag of Preparation":24,"SlaversCollar":22,"HornCleat":16,"Simple Rune":15,"Coffee Dripper":12,"StrikeDummy":4,"Mirror":28,"hexamod:SpiritBrand":0,"Unceasing Top":24,"Meat on the Bone":7},{"Regal Pillow":70,"Replay:Towering Pillar of Hats":116,"downfall:HeartBlessingGreen":122,"PreservedInsect":116,"Bag of Preparation":105,"SlaversCollar":92,"HornCleat":60,"Simple Rune":56,"Coffee Dripper":42,"StrikeDummy":11,"Mirror":122,"hexamod:SpiritBrand":0,"Unceasing Top":105,"Meat on the Bone":19}],"Unceasing Top":[0],"Meat on the Bone":60},"card_choices":[{"not_picked":["hexamod:GhostLash","hexamod:SecondSeal"],"picked":"hexamod:ThermalTransfer","floor":2.0},{"not_picked":["hexamod:InspiringFlames","hexamod:GhostOfSpirePresent"],"picked":"hexamod:HauntingEcho","floor":3.0},{"not_picked":["hexamod:HauntingEcho","hexamod:EmpoweredFlame"],"picked":"hexamod:TimeWarp","floor":4.0},{"not_picked":["hexamod:RainOfEmbers","hexamod:ShieldOfDarkness","hexamod:FourthSeal"],"picked":"SKIP","floor":5.0},{"not_picked":["hexamod:GhostLash","hexamod:SpectralAdrenaline"],"picked":"hexamod:FirstSeal","floor":9.0},{"not_picked":["hexamod:Incineration","hexamod:InspiringFlames"],"picked":"hexamod:PhantomFireball","floor":10.0},{"not_picked":["hexamod:NightmareGuise","hexamod:SuperheatedStrike"],"picked":"hexamod:RetreatToShadows","floor":11.0},{"not_picked":["hexamod:BacktrackSmack","hexamod:ThermalTransfer"],"picked":"hexamod:Firestarter","floor":12.0},{"not_picked":["hexamod:SpectersWail","hexamod:ThermalTransfer"],"picked":"hexamod:HeatCrush","floor":13.0},{"not_picked":["hexamod:SearingWound","hexamod:NightmareStrike"],"picked":"hexamod:BurningTouch","floor":14.0},{"not_picked":["hexamod:RainOfEmbers","hexamod:PhantomCloak","hexamod:InspiringFlames"],"picked":"SKIP","floor":15.0},{"not_picked":["hexamod:GhostflameInferno","hexamod:ApocalypseNow"],"picked":"hexamod:VolcanoVisage","floor":16.0},{"not_picked":["hexamod:RainOfEmbers","hexamod:NightmareGuise","hexamod:ShieldOfDarkness"],"picked":"SKIP","floor":19.0},{"not_picked":["hexamod:BacktrackSmack","hexamod:RadiantFlame","hexamod:Firestarter"],"picked":"SKIP","floor":22.0},{"not_picked":["hexamod:Again","hexamod:ApocalypticArmor","hexamod:Firestarter+1"],"picked":"SKIP","floor":23.0},{"not_picked":["hexamod:SpectralAdrenaline","hexamod:GhostShield"],"picked":"hexamod:Hexaguard","floor":26},{"not_picked":["hexamod:InspiringFlames","hexamod:EtherealExpedition","hexamod:GhostOfSpirePast"],"picked":"SKIP","floor":27},{"not_picked":["hexamod:HauntingEcho","hexamod:GhostOfSpirePresent","hexamod:Firestarter+1"],"picked":"SKIP","floor":29},{"not_picked":["hexamod:StepThrough","hexamod:ExtraCrispy"],"picked":"hexamod:BurningTouch+1","floor":31},{"not_picked":["hexamod:ShieldOfDarkness","hexamod:Hexaguard"],"picked":"hexamod:WildfireWeapon","floor":32},{"not_picked":["hexamod:ApocalypseNow","hexamod:GhostflameInferno"],"picked":"hexamod:SearingWound","floor":33},{"not_picked":["hexamod:BacktrackSmack","hexamod:FastForward+1","hexamod:NightmareGuise"],"picked":"SKIP","floor":36},{"not_picked":["hexamod:PhantomCloak","hexamod:ShieldOfDarkness+1"],"picked":"hexamod:AdvancingGuard","floor":38},{"not_picked":["hexamod:PhantomFireball","hexamod:Again","hexamod:EmpoweredFlame+1"],"picked":"SKIP","floor":43},{"not_picked":["hexamod:RainOfEmbers+1","hexamod:GhostLash+1","hexamod:ChargedBarrage"],"picked":"SKIP","floor":44},{"not_picked":["hexamod:GhostLash","hexamod:TimeWarp"],"picked":"hexamod:UnlimitedPower","floor":46},{"not_picked":["hexamod:SpectersWail","hexamod:RecurringNightmare+1"],"picked":"hexamod:DynamicBlow","floor":48}],"player_experience":719288,"relics_obtained":[{"floor":7.0,"key":"StrikeDummy"},{"floor":11.0,"key":"Meat on the Bone"},{"floor":24.0,"key":"Simple Rune"},{"floor":38,"key":"Unceasing Top"},{"floor":41,"key":"Bag of Preparation"},{"floor":46,"key":"Replay:Towering Pillar of Hats"},{"floor":47,"key":"PreservedInsect"},{"floor":48,"key":"Mirror"}],"event_choices":[{"damage_healed":0,"gold_gain":0,"player_choice":"Ignored","damage_taken":0,"max_hp_gain":0,"max_hp_loss":0,"event_name":"Mysterious Sphere","floor":37,"gold_loss":0}],"is_beta":false,"boss_relics":[{"not_picked":["construct:ClawGrip","Snecko Eye"],"picked":"Coffee Dripper"},{"not_picked":["vexMod:TanglingVine","Philosopher\u0027s Stone"],"picked":"SlaversCollar"}],"items_purged_floors":[12,14,25],"is_endless":false,"potions_floor_spawned":[3,5,9,11,15,22,27,29,38,43,48],"ascension_level":2}}