{"host":"o0q01dgb4z8zpo6o","time":1610494174,"event":{"mods":["BaseMod","GifTheSpireLib","Minty Spire (QoL Compilation)","Relic Stats","StSLib"],"gold_per_floor":[110,110,126,126,146,178,189,205,205,205,127,139,139,158,158,231,231,247,247,197,216,56,75,75,117,194,194,221,231,231,247,247,330,330,355,367,189,169,44,44,64,64,88,107,135,135,166,1,1,1,1,1],"floor_reached":51,"language":"ENG","playtime":3520,"items_purged":["Strike_G","Strike_G","Defend_G"],"score":1348,"play_id":"25c232b9-fccf-40a6-9292-129c24c04c3d","local_time":"20210112152934","is_ascension_mode":true,"campfire_choices":[{"data":"Deadly Poison","floor":10.0,"key":"SMITH"},{"data":"Noxious Fumes","floor":15.0,"key":"SMITH"},{"data":"Burst","floor":24.0,"key":"SMITH"},{"data":"Ghostly","floor":27.0,"key":"SMITH"},{"data":"Ghostly","floor":30.0,"key":"SMITH"},{"floor":32.0,"key":"REST"},{"data":"Footwork","floor":40.0,"key":"SMITH"},{"data":"Calculated Gamble","floor":42.0,"key":"SMITH"},{"floor":46,"key":"RECALL"},{"data":"Ghostly","floor":49,"key":"SMITH"}],"circlet_count":0,"master_deck":["AscendersBane","Strike_G","Strike_G","Defend_G","Defend_G","Defend_G","Defend_G","Survivor","Neutralize","Quick Slash","Quick Slash","Backstab","Burst+1","Deadly Poison+1","PiercingWail","Noxious Fumes+1","Deflect","Wraith Form v2+1","CurseOfTheBell","Ghostly+1","Ghostly+1","Ghostly+1","Blade Dance+1","Leg Sweep","Blur","Corpse Explosion","Sucker Punch+1","Footwork+1","Calculated Gamble+1","Backflip","Cloak And Dagger+1"],"relics":["Ring of the Snake","NeowsBlessing","Bag of Preparation","Kunai","Lantern","Calling Bell","Bronze Scales","Shuriken","Tingsha","CeramicFish","Paper Crane","Omamori","Philosopher\u0027s Stone","Frozen Egg 2","ClockworkSouvenir"],"acts_visited":["TheBeyond"],"potions_floor_usage":[47,50,50,50,51],"damage_taken":[{"damage":0.0,"enemies":"Cultist","floor":1.0,"turns":1.0},{"damage":0.0,"enemies":"2 Louse","floor":3.0,"turns":1.0},{"damage":0.0,"enemies":"Jaw Worm","floor":5.0,"turns":1.0},{"damage":26.0,"enemies":"3 Sentries","floor":6.0,"turns":13.0},{"damage":0.0,"enemies":"Looter","floor":7.0,"turns":2.0},{"damage":4.0,"enemies":"3 Louse","floor":8.0,"turns":4.0},{"damage":5.0,"enemies":"Gremlin Gang","floor":12.0,"turns":4.0},{"damage":1.0,"enemies":"Exordium Thugs","floor":14.0,"turns":6.0},{"damage":9.0,"enemies":"The Guardian","floor":16.0,"turns":8.0},{"damage":6.0,"enemies":"3 Byrds","floor":18.0,"turns":3.0},{"damage":11.0,"enemies":"Chosen","floor":21.0,"turns":5.0},{"damage":2.0,"enemies":"Sentry and Sphere","floor":23.0,"turns":4.0},{"damage":3.0,"enemies":"Slavers","floor":25.0,"turns":6.0},{"damage":0.0,"enemies":"Shelled Parasite and Fungi","floor":29.0,"turns":5.0},{"damage":3.0,"enemies":"Snake Plant","floor":31.0,"turns":5.0},{"damage":5.0,"enemies":"Automaton","floor":33.0,"turns":15.0},{"damage":4.0,"enemies":"3 Shapes","floor":35.0,"turns":7.0},{"damage":1.0,"enemies":"Orb Walker","floor":36.0,"turns":4.0},{"damage":9.0,"enemies":"3 Darklings","floor":41.0,"turns":5.0},{"damage":0,"enemies":"Writhing Mass","floor":44,"turns":8},{"damage":1,"enemies":"Maw","floor":45,"turns":10},{"damage":3,"enemies":"Nemesis","floor":47,"turns":7},{"damage":6,"enemies":"Donu and Deca","floor":50,"turns":11},{"damage":11,"enemies":"Time Eater","floor":51,"turns":8}],"seed_played":"-1905262856160023294","potions_obtained":[{"floor":3.0,"key":"Fire Potion"},{"floor":6.0,"key":"BlessingOfTheForge"},{"floor":29.0,"key":"PowerPotion"},{"floor":36.0,"key":"LiquidBronze"},{"floor":38.0,"key":"EntropicBrew"},{"floor":47,"key":"BlessingOfTheForge"}],"is_trial":false,"path_per_floor":["M","?","M","?","M","E","M","M","T","R","$","M","T","M","R","B",null,"M","?","?","M","$","M","R","E","T","R","T","M","R","M","R","B",null,"M","M","$","?","$","R","M","R","T","M","M","R","E","$","R","B","B"],"character_chosen":"THE_SILENT","items_purchased":["Noxious Fumes","Leg Sweep","Footwork","ClockworkSouvenir"],"campfire_rested":1,"item_purchase_floors":[11,22,37,48],"current_hp_per_floor":[59,64,64,64,64,38,38,34,34,34,34,29,29,28,28,19,58,52,35,35,24,24,22,22,19,19,19,19,19,19,16,26,21,32,28,27,27,27,27,27,18,18,18,18,17,17,14,14,14,8,0,0],"gold":1,"neow_bonus":"THREE_ENEMY_KILL","is_daily":false,"chose_seed":false,"campfire_upgraded":8,"win_rate":0.0,"timestamp":1610494174,"path_taken":["M","?","M","?","?","E","M","M","T","R","?","M","?","M","R","BOSS","BOSS","M","?","?","?","$","M","R","E","T","R","?","M","R","M","R","BOSS","M","M","$","?","$","R","?","R","T","M","M","R","E","$","R","BOSS","BOSS"],"items_purchased_type":["Card","Card","Card","Relic"],"build_version":"2020-12-22","purchased_purges":3,"victory":false,"max_hp_per_floor":[66,71,71,71,71,71,71,71,71,71,71,71,71,71,71,71,71,71,35,35,35,35,35,35,35,35,35,35,35,35,35,35,35,35,35,35,35,35,35,35,35,35,35,35,35,35,35,35,35,35,35,35],"relic_stats":{"counters":[13,95],"Shuriken":[39],"Bronze Scales":[351],"CeramicFish":63,"Tingsha":[83],"Bag of Preparation":[26],"Kunai":[39],"obtain_stats":[{"Lantern":0,"NeowsBlessing":0,"CeramicFish":25,"Tingsha":0,"Bag of Preparation":0,"Omamori":28,"Paper Crane":26,"Frozen Egg 2":47,"ClockworkSouvenir":48,"Calling Bell":0,"Shuriken":0,"Bronze Scales":0,"Philosopher\u0027s Stone":34,"Kunai":0,"Ring of the Snake":0},{"Lantern":0,"NeowsBlessing":0,"CeramicFish":2,"Tingsha":0,"Bag of Preparation":0,"Omamori":2,"Paper Crane":2,"Frozen Egg 2":11,"ClockworkSouvenir":11,"Calling Bell":0,"Shuriken":0,"Bronze Scales":0,"Philosopher\u0027s Stone":5,"Kunai":0,"Ring of the Snake":0},{"Lantern":0,"NeowsBlessing":0,"CeramicFish":10,"Tingsha":0,"Bag of Preparation":0,"Omamori":10,"Paper Crane":10,"Frozen Egg 2":76,"ClockworkSouvenir":76,"Calling Bell":0,"Shuriken":0,"Bronze Scales":0,"Philosopher\u0027s Stone":35,"Kunai":0,"Ring of the Snake":0}],"Ring of the Snake":[26]},"card_choices":[{"not_picked":["Slice","Backflip"],"picked":"Quick Slash","floor":1.0},{"not_picked":["Accuracy","Reflex"],"picked":"Quick Slash","floor":3.0},{"not_picked":["Blade Dance","Escape Plan"],"picked":"Backstab","floor":5.0},{"not_picked":["Dash","Dodge and Roll"],"picked":"Burst","floor":6.0},{"not_picked":["Bane","Quick Slash"],"picked":"Deadly Poison","floor":7.0},{"not_picked":["Poisoned Stab","Deflect"],"picked":"PiercingWail","floor":8.0},{"not_picked":["Tactician","Unload"],"picked":"Deflect","floor":12.0},{"not_picked":["Slice","PiercingWail","Dagger Spray"],"picked":"SKIP","floor":14.0},{"not_picked":["After Image","Glass Knife"],"picked":"Wraith Form v2","floor":16.0},{"not_picked":["Slice","Distraction","Deflect"],"picked":"SKIP","floor":18.0},{"not_picked":["Slice","Underhanded Strike"],"picked":"Blade Dance+1","floor":21.0},{"not_picked":["Bouncing Flask","Caltrops","Dodge and Roll"],"picked":"SKIP","floor":23.0},{"not_picked":["Setup+1","Reflex"],"picked":"Blur","floor":25.0},{"not_picked":["Quick Slash","Deadly Poison","PiercingWail"],"picked":"SKIP","floor":29.0},{"not_picked":["Dodge and Roll","Flying Knee+1","Deflect"],"picked":"SKIP","floor":31.0},{"not_picked":["A Thousand Cuts","Envenom"],"picked":"Corpse Explosion","floor":33.0},{"not_picked":["Dodge and Roll","Prepared"],"picked":"Sucker Punch+1","floor":35.0},{"not_picked":["Blade Dance","Flying Knee","Unload"],"picked":"SKIP","floor":36.0},{"not_picked":["Skewer","Deflect+1"],"picked":"Calculated Gamble","floor":41.0},{"not_picked":["Bane","Outmaneuver"],"picked":"Backflip","floor":44},{"not_picked":["Noxious Fumes+1","Backflip"],"picked":"Cloak And Dagger+1","floor":45},{"not_picked":["Outmaneuver+1","Bane+1","Corpse Explosion"],"picked":"SKIP","floor":47}],"player_experience":1097314,"relics_obtained":[{"floor":6.0,"key":"Bag of Preparation"},{"floor":9.0,"key":"Kunai"},{"floor":13.0,"key":"Lantern"},{"floor":17.0,"key":"Bronze Scales"},{"floor":17.0,"key":"Shuriken"},{"floor":17.0,"key":"Tingsha"},{"floor":25.0,"key":"CeramicFish"},{"floor":26.0,"key":"Paper Crane"},{"floor":28.0,"key":"Omamori"},{"floor":47,"key":"Frozen Egg 2"}],"event_choices":[{"damage_healed":0.0,"max_hp_gain":5.0,"max_hp_loss":0.0,"gold_gain":0.0,"event_name":"Big Fish","player_choice":"Donut","floor":2.0,"gold_loss":0.0,"damage_taken":0.0},{"cards_removed":["Strike_G"],"damage_healed":0.0,"max_hp_gain":0.0,"max_hp_loss":0.0,"gold_gain":0.0,"event_name":"Bonfire Elementals","player_choice":"Offered Basic","floor":4.0,"gold_loss":0.0,"damage_taken":0.0},{"damage_healed":0.0,"max_hp_gain":0.0,"max_hp_loss":36.0,"gold_gain":0.0,"event_name":"Ghosts","player_choice":"Became a Ghost","floor":19.0,"gold_loss":0.0,"damage_taken":0.0,"cards_obtained":["Ghostly","Ghostly","Ghostly"]},{"damage_healed":0.0,"max_hp_gain":0.0,"max_hp_loss":0.0,"gold_gain":0.0,"event_name":"Designer","player_choice":"Upgrade","floor":20.0,"gold_loss":50.0,"damage_taken":0.0,"cards_upgraded":["Wraith Form v2"]},{"damage_healed":0.0,"max_hp_gain":0.0,"max_hp_loss":0.0,"gold_gain":0.0,"event_name":"The Woman in Blue","player_choice":"Bought 1 Potion","floor":38.0,"gold_loss":0.0,"damage_taken":0.0}],"is_beta":false,"boss_relics":[{"not_picked":["Runic Dome","Ring of the Serpent"],"picked":"Calling Bell"},{"not_picked":["Empty Cage","Fusion Hammer"],"picked":"Philosopher\u0027s Stone"}],"items_purged_floors":[22,37,39],"is_endless":false,"potions_floor_spawned":[3,6,8,14,16,29,36,41,47],"killed_by":"Time Eater","ascension_level":20}}