{"host":"981nlwu0905dw1bz","time":1610456893,"event":{"mods":["AchievementEnabler","BaseMod","DeckTracker","Minty Spire (QoL Compilation)","Rare Cards Sparkle","SuperFastMode"],"gold_per_floor":[111,36,47,47,60,60,89,89,116,81,141,141,161,178,178,178,178],"floor_reached":16,"playtime":304,"items_purged":["Strike_G"],"score":155,"play_id":"9356ffa5-2d1f-4df9-bfd5-d3aa77baec28","local_time":"20210112220813","is_ascension_mode":true,"campfire_choices":[{"data":"Backflip","floor":6,"key":"SMITH"},{"data":"Venomology","floor":12,"key":"SMITH"},{"data":"Poisoned Stab","floor":15,"key":"SMITH"}],"circlet_count":0,"master_deck":["AscendersBane","Strike_G","Strike_G","Strike_G","Strike_G","Defend_G","Defend_G","Defend_G","Defend_G","Defend_G","Survivor","Neutralize","Panacea","Poisoned Stab+1","All Out Attack+1","Backflip+1","Venomology+1","Accuracy"],"relics":["Ring of the Snake","Ancient Tea Set","Pen Nib"],"acts_visited":["Exordium"],"potions_floor_usage":[7,13,16,16],"damage_taken":[{"damage":4.0,"enemies":"Cultist","floor":1.0,"turns":4.0},{"damage":3,"enemies":"Small Slimes","floor":3,"turns":4},{"damage":1,"enemies":"2 Louse","floor":5,"turns":2},{"damage":26,"enemies":"Gremlin Nob","floor":7,"turns":5},{"damage":0,"enemies":"Large Slime","floor":13,"turns":3},{"damage":0,"enemies":"3 Louse","floor":14,"turns":1},{"damage":47,"enemies":"Slime Boss","floor":16,"turns":14}],"seed_played":"-7114620153297211962","potions_obtained":[{"floor":1.0,"key":"Block Potion"},{"floor":7,"key":"Fire Potion"},{"floor":13,"key":"ColorlessPotion"},{"floor":14,"key":"PowerPotion"}],"is_trial":false,"path_per_floor":["M","$","M","?","M","R","E","?","T","?","?","R","M","M","R","B"],"character_chosen":"THE_SILENT","items_purchased":[],"campfire_rested":0,"item_purchase_floors":[],"current_hp_per_floor":[59,59,56,56,55,55,29,29,29,46,46,46,46,46,46,0,0],"gold":178,"neow_bonus":"RANDOM_COLORLESS","is_daily":false,"chose_seed":false,"campfire_upgraded":3,"win_rate":0.0,"timestamp":1610456893,"path_taken":["M","?","M","?","?","R","E","?","T","?","?","R","M","M","R","BOSS"],"items_purchased_type":[],"build_version":"2020-12-22","purchased_purges":1,"victory":false,"max_hp_per_floor":[70,70,70,70,70,70,70,70,70,70,70,70,70,70,70,70,70],"card_choices":[{"not_picked":["Purity","Deep Breath"],"picked":"Panacea","floor":0.0},{"not_picked":["Heel Hook","Outmaneuver"],"picked":"Poisoned Stab","floor":1.0},{"not_picked":["Finisher","Sucker Punch"],"picked":"All Out Attack","floor":3},{"not_picked":["Masterful Stab","Eviscerate"],"picked":"Backflip","floor":5},{"not_picked":["Acrobatics","Finisher"],"picked":"Venomology","floor":7},{"not_picked":["Slice","Caltrops","Bane"],"picked":"SKIP","floor":13},{"not_picked":["Expertise","Catalyst"],"picked":"Accuracy","floor":14}],"player_experience":541216,"relics_obtained":[{"floor":7,"key":"Ancient Tea Set"},{"floor":9,"key":"Pen Nib"}],"event_choices":[{"damage_healed":0,"gold_gain":0,"player_choice":"Upgraded","damage_taken":0,"max_hp_gain":0,"max_hp_loss":0,"event_name":"Upgrade Shrine","floor":4,"gold_loss":0,"cards_upgraded":["All Out Attack"]},{"damage_healed":0,"gold_gain":0,"player_choice":"Ignored","damage_taken":0,"max_hp_gain":0,"max_hp_loss":0,"event_name":"Shining Light","floor":8,"gold_loss":0},{"damage_healed":17,"gold_gain":0,"player_choice":"Healed","damage_taken":0,"max_hp_gain":0,"max_hp_loss":0,"event_name":"The Cleric","floor":10,"gold_loss":35},{"damage_healed":0,"gold_gain":60,"player_choice":"Gained Gold","damage_taken":0,"max_hp_gain":0,"max_hp_loss":0,"event_name":"Golden Wing","floor":11,"gold_loss":0}],"is_beta":false,"boss_relics":[],"items_purged_floors":[2],"is_endless":false,"potions_floor_spawned":[1,7,13,14],"killed_by":"Slime Boss","ascension_level":11}}