{"host":"lg1piimdyocafd6j","time":1610451910,"event":{"mods":["AchievementEnabler","BaseMod","Better Third Choice","BetterRewards","Colored Map","Colored Powertips","Downfall","Minty Spire (QoL Compilation)","Quick Restart","Rare Cards Sparkle","Remove Card Discount Mod","Shop Mod","StSLib","SuperFastMode"],"gold_per_floor":[116,128,128,75,75,110,110,143,143,156,3,178,238,250,250,346,346,360,360,360,375,82,109,109,126,200,216,216,234,245,177,177,281,281,298,298,308,321,32,32,51,101,101,116,128,126,140,187,187,187,187,187,12,43,43,43],"floor_reached":55,"playtime":3057,"items_purged":["Defend_B","Defend_B","Defend_B","Defend_B","Dualcast","Leap","Zap","Strike_B","Strike_B","Capacitor","Cold Snap","Strike_B","Strike_B","Leap","Defragment","Doubt","Conserve Battery"],"score":699,"play_id":"9df50bf1-3329-47bb-a095-17321304b26a","local_time":"20210112124510","is_ascension_mode":false,"campfire_choices":[{"data":"Echo Form","floor":15,"key":"SMITH"},{"floor":32,"key":"RECALL"},{"data":"Echo Form","floor":40,"key":"SMITH"},{"data":"Loop","floor":49,"key":"SMITH"},{"data":"Leap","floor":52,"key":"SMITH"}],"circlet_count":0,"master_deck":["Leap+1","Buffer+1","Darkness+1","Conserve Battery+1","Conserve Battery+1","Echo Form+1","Self Repair","Darkness+1","Echo Form+1","Leap+1","BootSequence+1","Doom and Gloom","Redo+1","Loop+1","Conserve Battery+1","Darkness+1"],"relics":["Cracked Core","Lantern","Orrery","Toxic Egg 2","Blood Vial","Orichalcum","Bottled Lightning","DollysMirror","Vajra","MutagenicStrength","Bottled Tornado","PreservedInsect","TungstenRod","Pocketwatch","InkBottle","Dead Branch","MerchantsRug","DataDisk","HornCleat"],"acts_visited":["Exordium","TheCity","TheBeyond","TheEnding"],"potions_floor_usage":[6,54,55],"damage_taken":[{"damage":5,"enemies":"2 Louse","floor":1,"turns":3},{"damage":0,"enemies":"Jaw Worm","floor":2,"turns":4},{"damage":26,"enemies":"3 Sentries","floor":6,"turns":12},{"damage":8,"enemies":"Lagavulin","floor":8,"turns":6},{"damage":0,"enemies":"Cultist","floor":10,"turns":4},{"damage":0,"enemies":"Lagavulin Event","floor":13,"turns":5},{"damage":0,"enemies":"Blue Slaver","floor":14,"turns":4},{"damage":10,"enemies":"Hexaghost","floor":16,"turns":9},{"damage":16,"enemies":"3 Byrds","floor":18,"turns":5},{"damage":6,"enemies":"Spheric Guardian","floor":21,"turns":4},{"damage":0,"enemies":"Book of Stabbing","floor":23,"turns":6},{"damage":0,"enemies":"Snake Plant","floor":25,"turns":4},{"damage":8,"enemies":"Centurion and Healer","floor":27,"turns":3},{"damage":0,"enemies":"Chosen and Byrds","floor":29,"turns":4},{"damage":16,"enemies":"Snake Plant","floor":30,"turns":3},{"damage":2,"enemies":"Automaton","floor":33,"turns":8},{"damage":0,"enemies":"Orb Walker","floor":35,"turns":5},{"damage":4,"enemies":"3 Shapes","floor":37,"turns":5},{"damage":20,"enemies":"Writhing Mass","floor":38,"turns":7},{"damage":9,"enemies":"Jaw Worm Horde","floor":41,"turns":4},{"damage":0,"enemies":"Mind Bloom Boss Battle","floor":42,"turns":7},{"damage":5,"enemies":"4 Shapes","floor":44,"turns":6},{"damage":3,"enemies":"Transient","floor":45,"turns":5},{"damage":0,"enemies":"Jaw Worm Horde","floor":47,"turns":4},{"damage":8,"enemies":"2 Orb Walkers","floor":48,"turns":6},{"damage":9,"enemies":"Time Eater","floor":50,"turns":10},{"damage":58,"enemies":"Shield and Spear","floor":54,"turns":6},{"damage":47,"enemies":"The Heart","floor":55,"turns":3}],"seed_played":"3000380524876280703","potions_obtained":[{"floor":2,"key":"AttackPotion"},{"floor":6,"key":"DuplicationPotion"},{"floor":13,"key":"Explosive Potion"},{"floor":23,"key":"PowerPotion"},{"floor":27,"key":"Slimebound:ThreeZeroPotion"},{"floor":54,"key":"DistilledChaos"}],"is_trial":false,"path_per_floor":["M","M","?","$","?","E","?","E","T","M","$","?","?","M","R","B",null,"M","?","?","M","$","E","?","M","T","M","?","M","M","$","R","B",null,"M","?","M","M","$","R","M","?","T","M","M","$","M","?","R","B",null,"R","$","E","B"],"character_chosen":"DEFECT","items_purchased":["Lantern","Leap","Capacitor","Orrery","Defragment","Toxic Egg 2","Conserve Battery+1","DollysMirror","Bottled Tornado","BootSequence+1","Loop","TungstenRod","MerchantsRug","DataDisk"],"campfire_rested":0,"item_purchase_floors":[0,0,0,0,0,0,4,11,22,22,31,39,53,53],"current_hp_per_floor":[70,70,70,70,70,44,75,67,67,69,69,69,75,75,75,72,75,66,66,66,69,69,75,75,75,75,67,67,75,59,59,59,59,75,75,68,73,62,62,62,62,71,71,75,75,75,75,67,67,67,75,75,75,31,0,0],"gold":43,"neow_bonus":"","is_daily":false,"chose_seed":false,"campfire_upgraded":4,"win_rate":0.0,"timestamp":1610451910,"path_taken":["M","M","?","$","?","E","?","E","T","?","$","?","?","M","R","BOSS","M","?","?","M","$","E","?","M","T","M","?","M","M","$","R","BOSS","M","?","M","M","$","R","?","?","T","M","M","$","M","?","R","BOSS","R","$","E","BOSS"],"items_purchased_type":["Relic","Card","Card","Relic","Card","Relic","Card","Relic","Relic","Card","Card","Relic","Relic","Relic"],"build_version":"2020-12-22","purchased_purges":17,"victory":false,"max_hp_per_floor":[75,75,75,75,75,75,75,75,75,75,75,75,75,75,75,75,75,75,75,75,75,75,75,75,75,75,75,75,75,75,75,75,75,75,75,75,75,75,75,75,75,75,75,75,75,75,75,75,75,75,75,75,75,75,75,75],"card_choices":[{"not_picked":["Coolheaded","Beam Cell"],"picked":"Conserve Battery","floor":0},{"not_picked":["Fusion","Stack"],"picked":"Leap","floor":0},{"not_picked":["Double Energy","Beam Cell"],"picked":"Leap","floor":0},{"not_picked":["Beam Cell","Chaos"],"picked":"Capacitor","floor":0},{"not_picked":["Sweeping Beam","Compile Driver"],"picked":"Buffer","floor":0},{"not_picked":["Cold Snap","Beam Cell"],"picked":"Darkness+1","floor":1},{"not_picked":["Hologram+1","Steam Power+1"],"picked":"Conserve Battery+1","floor":2},{"not_picked":["Hello World","Stack+1"],"picked":"Echo Form","floor":6},{"not_picked":["Capacitor","Go for the Eyes"],"picked":"Cold Snap","floor":8},{"not_picked":["Tempest+1","Ball Lightning"],"picked":"Self Repair","floor":10},{"not_picked":["Steam Power+1","Go for the Eyes","Coolheaded+1"],"picked":"SKIP","floor":14},{"not_picked":["Electrodynamics","Thunder Strike"],"picked":"Echo Form","floor":16},{"not_picked":["Sweeping Beam+1","Beam Cell+1","Barrage"],"picked":"SKIP","floor":18},{"not_picked":["Fusion+1","Recycle+1"],"picked":"Leap+1","floor":21},{"not_picked":["Chill+1","Rainbow+1","Beam Cell"],"picked":"SKIP","floor":23},{"not_picked":["Coolheaded+1","Stack+1"],"picked":"Doom and Gloom","floor":25},{"not_picked":["White Noise+1","Rebound","Gash+1"],"picked":"SKIP","floor":27},{"not_picked":["Cold Snap","Steam+1","Undo+1"],"picked":"SKIP","floor":29},{"not_picked":["Go for the Eyes","Coolheaded+1","Gash"],"picked":"SKIP","floor":30},{"not_picked":["Go for the Eyes+1","Hologram+1","Sweeping Beam"],"picked":"SKIP","floor":35},{"not_picked":["Barrage+1","Coolheaded+1","Leap+1"],"picked":"SKIP","floor":37},{"not_picked":["Coolheaded+1","Turbo+1","Steam+1"],"picked":"SKIP","floor":38},{"not_picked":["Go for the Eyes","Reboot+1","Beam Cell+1"],"picked":"SKIP","floor":41},{"not_picked":["Go for the Eyes","Reboot+1","Beam Cell+1"],"picked":"SKIP","floor":41},{"not_picked":["Storm","Redo+1"],"picked":"Conserve Battery+1","floor":44},{"not_picked":["Recycle+1","Gash+1","Steam Power+1"],"picked":"SKIP","floor":45},{"not_picked":["White Noise+1","Electrodynamics","Stack+1"],"picked":"SKIP","floor":47},{"not_picked":["Steam+1","Hello World"],"picked":"Darkness+1","floor":48},{"not_picked":["Turbo+1","Rainbow+1","Doom and Gloom"],"picked":"SKIP","floor":54}],"player_experience":123618,"relics_obtained":[{"floor":6,"key":"Blood Vial"},{"floor":8,"key":"Orichalcum"},{"floor":9,"key":"Bottled Lightning"},{"floor":13,"key":"Vajra"},{"floor":23,"key":"PreservedInsect"},{"floor":42,"key":"Pocketwatch"},{"floor":43,"key":"InkBottle"},{"floor":48,"key":"Dead Branch"},{"floor":54,"key":"HornCleat"}],"event_choices":[{"damage_healed":0,"gold_gain":0,"player_choice":"Grow","damage_taken":0,"max_hp_gain":0,"max_hp_loss":0,"event_name":"Living Wall","floor":3,"gold_loss":0,"cards_upgraded":["Buffer"]},{"damage_healed":0,"gold_gain":0,"player_choice":"Ignored","damage_taken":0,"max_hp_gain":0,"max_hp_loss":0,"event_name":"Golden Wing","floor":5,"gold_loss":0},{"cards_removed":["Capacitor"],"damage_healed":31,"gold_gain":0,"player_choice":"Offered Uncommon","damage_taken":0,"max_hp_gain":0,"max_hp_loss":0,"event_name":"Bonfire Elementals","floor":7,"gold_loss":0},{"damage_healed":0,"gold_gain":175,"player_choice":"AGREE","damage_taken":3,"max_hp_gain":0,"max_hp_loss":0,"event_name":"betterThird:BetterSerpent","floor":12,"gold_loss":0},{"damage_healed":0,"gold_gain":0,"player_choice":"Searched \u00272\u0027 times","damage_taken":0,"max_hp_gain":0,"max_hp_loss":0,"event_name":"Dead Adventurer","floor":13,"gold_loss":0},{"damage_healed":0,"gold_gain":0,"player_choice":"Ignored","damage_taken":0,"max_hp_gain":0,"max_hp_loss":0,"event_name":"Ghosts","floor":19,"gold_loss":0},{"damage_healed":0,"gold_gain":0,"player_choice":"Inject Mutagens","damage_taken":0,"relics_obtained":["MutagenicStrength"],"max_hp_gain":0,"max_hp_loss":0,"event_name":"Drug Dealer","floor":20,"gold_loss":0},{"damage_healed":0,"gold_gain":0,"player_choice":"Ignored","damage_taken":0,"max_hp_gain":0,"max_hp_loss":0,"event_name":"Beggar","floor":24,"gold_loss":0},{"damage_healed":0,"gold_gain":0,"player_choice":"Read","damage_taken":0,"max_hp_gain":0,"max_hp_loss":0,"event_name":"The Library","floor":28,"gold_loss":0,"cards_obtained":["Redo"]},{"damage_healed":0,"gold_gain":0,"player_choice":"Damaged","damage_taken":7,"max_hp_gain":0,"max_hp_loss":0,"event_name":"Wheel of Change","floor":36,"gold_loss":0},{"damage_healed":0,"gold_gain":0,"player_choice":"Fight","damage_taken":0,"max_hp_gain":0,"max_hp_loss":0,"event_name":"MindBloom","floor":42,"gold_loss":0},{"damage_healed":0,"gold_gain":0,"player_choice":"Fight","damage_taken":0,"max_hp_gain":0,"max_hp_loss":0,"event_name":"Mysterious Sphere","floor":48,"gold_loss":0}],"is_beta":false,"boss_relics":[{"not_picked":["Runic Dome","Empty Cage"],"picked":"Velvet Choker"},{"not_picked":["Snecko Eye","Astrolabe","Pandora\u0027s Box"]}],"items_purged_floors":[0,0,0,0,0,4,4,4,4,11,11,11,11,22,22,22,46],"is_endless":false,"potions_floor_spawned":[2,6,13,23,27,30,35,41,44,45,54],"killed_by":"The Heart","ascension_level":0}}