{"host":"r5cycnjhcbwgkpkf","time":1610479071,"event":{"mods":["2.2 Compatiblity","AchievementEnabler","BaseMod","Bestiary","Better Match","Better Note","Better Skull","Better Third Choice","BetterRewards","Colored Map","Colored Powertips","Downfall","Infinite Spire","Minty Spire (QoL Compilation)","Replay The Spire","Spicy Shops","StSLib"],"gold_per_floor":[118,118,136,163,163,163,178,190,190,43,43,73,93,107,107,205,205,222,222,242,260,260,260,288,288,288,304,304,329,329,343,343,445,445,459,384,404,504,520,520,535,547,571,8,8,24,24,24,24,24],"floor_reached":51,"playtime":3384,"items_purged":["Heatsinks","Strike_B"],"score":1340,"play_id":"a0af045b-1514-492a-803e-655dac8a9eae","local_time":"20210112111751","is_ascension_mode":true,"campfire_choices":[{"floor":6.0,"key":"REST"},{"data":"Creative AI","floor":11.0,"key":"SMITH"},{"data":"ReplayTheSpireMod:Calculation Training","floor":23.0,"key":"SMITH"},{"data":"Zap","floor":25.0,"key":"SMITH"},{"data":"Seek","floor":28.0,"key":"SMITH"},{"data":"Heatsinks","floor":32,"key":"SMITH"},{"floor":40,"key":"REST"},{"data":"Defragment","floor":45,"key":"SMITH"},{"data":"Ball Lightning","floor":49,"key":"SMITH"}],"circlet_count":0,"master_deck":["Strike_B","Strike_B","Defend_B","Defend_B+1","Defend_B","Defend_B","Zap+1","Dualcast","ReplayTheSpireMod:Calculation Training+1","Heatsinks+1","Conserve Battery+1","Mirror Shield+1","Creative AI+1","FIFO Queue","Machine Learning","White Noise+1","Ball Lightning+1","Seek+1","Ball Lightning+1","Defragment+1","Seek+1"],"relics":["Cracked Core","Replay:Multitool","Geode","Medical Kit","Ring of Shattering","infinitespire:Satchel","Pondfish Scales","War Paint","Darkstone Periapt","Ring of Chaos","ClockworkSouvenir","Busted Crown","Emotion Chip","Eternal Feather","Replay:Rubber Ducky","SacredBark","infinitespire:Lucky Rock","DataDisk","Bottled Tornado"],"acts_visited":["Exordium","TheCity","TheBeyond"],"potions_floor_usage":[50],"damage_taken":[{"damage":5.0,"enemies":"Cultist","floor":1.0,"turns":3.0},{"damage":0.0,"enemies":"Small Slimes","floor":3.0,"turns":3.0},{"damage":0.0,"enemies":"Jaw Worm","floor":7.0,"turns":2.0},{"damage":2.0,"enemies":"2 Fungi Beasts","floor":8.0,"turns":2.0},{"damage":0.0,"enemies":"Gremlin Nob","floor":12.0,"turns":5.0},{"damage":9.0,"enemies":"Exordium Thugs","floor":13.0,"turns":4.0},{"damage":6.0,"enemies":"3 Louse","floor":14.0,"turns":2.0},{"damage":0.0,"enemies":"Slime Boss","floor":16.0,"turns":7.0},{"damage":0.0,"enemies":"Chosen","floor":18.0,"turns":4.0},{"damage":0.0,"enemies":"Spheric Guardian","floor":20.0,"turns":3.0},{"damage":1.0,"enemies":"Snake Plant","floor":21.0,"turns":3.0},{"damage":0.0,"enemies":"Book of Stabbing","floor":24.0,"turns":5.0},{"damage":0.0,"enemies":"Cultist and Chosen","floor":27.0,"turns":5.0},{"damage":8,"enemies":"Slavers","floor":29,"turns":4},{"damage":0,"enemies":"Chosen and Byrds","floor":31,"turns":4},{"damage":11,"enemies":"Collector","floor":33,"turns":8},{"damage":7,"enemies":"3 Shapes","floor":35,"turns":5},{"damage":31,"enemies":"3 Darklings","floor":37,"turns":5},{"damage":0,"enemies":"Spire Growth","floor":39,"turns":5},{"damage":0,"enemies":"Maw","floor":41,"turns":6},{"damage":0,"enemies":"Transient","floor":42,"turns":5},{"damage":12,"enemies":"4 Shapes","floor":46,"turns":3},{"damage":43,"enemies":"Awakened One","floor":50,"turns":10}],"seed_played":"8126364963289109228","potions_obtained":[{"floor":3.0,"key":"Elixir"},{"floor":12.0,"key":"Fire Potion"},{"floor":16.0,"key":"AttackPotion"},{"floor":21.0,"key":"FearPotion"},{"floor":39,"key":"LiquidMemories"}],"is_trial":false,"path_per_floor":["M","?","M","T","?","R","M","M","T","$","R","E","M","M","R","B",null,"M","AVR","M","M","?","R","E","R","T","M","R","E","?","M","R","B",null,"M","$","M","?","M","R","M","M","T","$","R","M","?","?","R","B",null],"character_chosen":"DEFECT","items_purchased":["Replay:Multitool","ReplayTheSpireMod:Calculation Training","Geode","Heatsinks","Medical Kit","War Paint","FIFO Queue","DataDisk","Bottled Tornado","Defragment"],"campfire_rested":2,"item_purchase_floors":[0,0,0,0,0,10,10,44,44,44],"current_hp_per_floor":[47,47,47,47,47,69,69,67,67,67,67,67,58,52,74,74,75,75,75,75,74,74,74,74,74,74,74,75,67,67,67,75,64,72,65,65,34,34,34,65,65,65,65,65,75,63,63,63,75,32],"gold":24,"neow_bonus":"","is_daily":false,"chose_seed":false,"campfire_upgraded":7,"win_rate":0.0,"timestamp":1610479071,"path_taken":["M","?","M","?","?","R","M","M","T","$","R","E","M","M","R","BOSS","M","AVR","M","M","?","R","E","R","T","M","R","E","?","?","R","BOSS","M","$","M","?","?","R","M","?","T","$","R","M","?","?","R","BOSS"],"items_purchased_type":["Relic","Card","Relic","Card","Relic","Relic","Card","Relic","Relic","Card"],"build_version":"2020-12-22","purchased_purges":2,"victory":true,"max_hp_per_floor":[75,75,75,75,75,75,75,75,75,75,75,75,75,75,75,75,75,75,75,75,75,75,75,75,75,75,75,75,75,75,75,75,75,75,75,75,75,75,75,75,75,75,75,75,75,75,75,75,75,75],"card_choices":[{"not_picked":["FTL","Compile Driver"],"picked":"Conserve Battery","floor":1.0},{"not_picked":["Coolheaded","Go for the Eyes","ReplayTheSpireMod:Repulse"],"picked":"SKIP","floor":3.0},{"not_picked":["Reprogram","Skim","Barrage"],"picked":"SKIP","floor":7.0},{"not_picked":["White Noise","Steam"],"picked":"Creative AI","floor":8.0},{"not_picked":["Genetic Algorithm","BasicCrystalCard"],"picked":"Machine Learning","floor":12.0},{"not_picked":["Ball Lightning","Conserve Battery"],"picked":"White Noise","floor":13.0},{"not_picked":["Compile Driver","Conserve Battery"],"picked":"Ball Lightning","floor":14.0},{"not_picked":["Machine Learning","Creative AI"],"picked":"Seek","floor":16.0},{"not_picked":["Stack","Doom and Gloom","Redo"],"picked":"SKIP","floor":18.0},{"not_picked":["Recycle"],"picked":"SKIP","floor":20.0},{"not_picked":["Aggregate"],"picked":"SKIP","floor":21.0},{"not_picked":["Fusion"],"picked":"SKIP","floor":24.0},{"not_picked":["Go for the Eyes"],"picked":"SKIP","floor":27.0},{"not_picked":["Beam Cell+1"],"picked":"SKIP","floor":29},{"not_picked":["Time Bomb"],"picked":"SKIP","floor":31},{"not_picked":[],"picked":"Ball Lightning+1","floor":35},{"not_picked":["Genetic Algorithm"],"picked":"SKIP","floor":37},{"not_picked":["Steam+1"],"picked":"SKIP","floor":39},{"not_picked":["Beam Cell"],"picked":"SKIP","floor":41},{"not_picked":["BasicCrystalCard"],"picked":"SKIP","floor":42},{"not_picked":["Streamline"],"picked":"SKIP","floor":46}],"player_experience":416439,"relics_obtained":[{"floor":2.0,"key":"Ring of Shattering"},{"floor":4.0,"key":"infinitespire:Satchel"},{"floor":9.0,"key":"Pondfish Scales"},{"floor":12.0,"key":"Darkstone Periapt"},{"floor":24.0,"key":"Emotion Chip"},{"floor":26.0,"key":"Eternal Feather"},{"floor":29,"key":"Replay:Rubber Ducky"},{"floor":43,"key":"infinitespire:Lucky Rock"}],"event_choices":[{"damage_healed":0,"gold_gain":0,"player_choice":"Ignored","damage_taken":0,"max_hp_gain":0,"max_hp_loss":0,"event_name":"N\u0027loth","floor":30,"gold_loss":0},{"damage_healed":0,"gold_gain":100,"player_choice":"Pray","damage_taken":0,"max_hp_gain":0,"max_hp_loss":0,"event_name":"Golden Shrine","floor":38,"gold_loss":0},{"damage_healed":0,"gold_gain":0,"player_choice":"Copied","damage_taken":0,"max_hp_gain":0,"max_hp_loss":0,"event_name":"Duplicator","floor":48,"gold_loss":0,"cards_obtained":["Seek"]}],"is_beta":false,"boss_relics":[{"not_picked":["Astrolabe","Fusion Hammer"],"picked":"Ring of Chaos"},{"not_picked":["infinitespire:Cupcake","Coffee Dripper"],"picked":"SacredBark"}],"items_purged_floors":[19,36],"is_endless":false,"potions_floor_spawned":[3,12,16,18,21,27,33,35,39,46],"ascension_level":8}}