{"host":"jscggscbx0p7706o","time":1610441743,"event":{"mods":["AchievementEnabler","BaseMod","Block Reminder","Colored Powertips","Minty Spire (QoL Compilation)","Permanent Neow","Quick Restart","StSLib"],"gold_per_floor":[211,229,183,203,203,203,219,219,219,254,269,285,285,165,165,268,268,282,61,61,75,86,86,119,119,145,178,178,198,198,198,198,295,295,313,65,65,83,83,110,110,121,121,121,133,33,33,50,50,50],"floor_reached":51,"playtime":3678,"items_purged":["Strike_R","Strike_R"],"score":759,"play_id":"c8541757-2008-4ef2-81e7-4f80eacd18f9","local_time":"20210112165543","is_ascension_mode":true,"campfire_choices":[{"data":"Battle Trance","floor":6.0,"key":"SMITH"},{"data":"Demon Form","floor":13.0,"key":"SMITH"},{"data":"Whirlwind","floor":15.0,"key":"SMITH"},{"data":"Entrench","floor":23.0,"key":"SMITH"},{"data":"Body Slam","floor":25.0,"key":"SMITH"},{"data":"Body Slam","floor":28.0,"key":"SMITH"},{"data":"J.A.X.","floor":32.0,"key":"SMITH"},{"data":"Spot Weakness","floor":41.0,"key":"SMITH"},{"data":"Bash","floor":44.0,"key":"SMITH"},{"data":"Shrug It Off","floor":49.0,"key":"SMITH"}],"circlet_count":0,"master_deck":["Strike_R","Strike_R","Defend_R","Defend_R","Defend_R","Defend_R","Bash+1","Battle Trance+1","Shrug It Off","Spot Weakness+1","Demon Form+1","Body Slam+1","Heavy Blade+1","Body Slam+1","Whirlwind+1","Shrug It Off+1","Fiend Fire+1","Entrench+1","Heavy Blade+1","J.A.X.+1","Finesse","Double Tap+1","Feel No Pain+1"],"relics":["Burning Blood","Kunai","Sundial","Coffee Dripper","Whetstone","Molten Egg 2","Juzu Bracelet","Blue Candle","SlaversCollar","Mummified Hand","Unceasing Top","Red Skull","CaptainsWheel"],"acts_visited":["Exordium","TheCity","TheBeyond"],"potions_floor_usage":[50],"damage_taken":[{"damage":0.0,"enemies":"Small Slimes","floor":1.0,"turns":4.0},{"damage":1.0,"enemies":"Cultist","floor":2.0,"turns":3.0},{"damage":2.0,"enemies":"2 Louse","floor":4.0,"turns":3.0},{"damage":9.0,"enemies":"Lots of Slimes","floor":7.0,"turns":5.0},{"damage":26.0,"enemies":"3 Sentries","floor":10.0,"turns":7.0},{"damage":20.0,"enemies":"Gremlin Gang","floor":11.0,"turns":4.0},{"damage":14.0,"enemies":"Red Slaver","floor":12.0,"turns":3.0},{"damage":38.0,"enemies":"The Guardian","floor":16.0,"turns":9.0},{"damage":1.0,"enemies":"Shell Parasite","floor":18.0,"turns":2.0},{"damage":12.0,"enemies":"2 Thieves","floor":21.0,"turns":5.0},{"damage":17.0,"enemies":"Sentry and Sphere","floor":22.0,"turns":4.0},{"damage":5.0,"enemies":"Book of Stabbing","floor":24.0,"turns":4.0},{"damage":21.0,"enemies":"Gremlin Leader","floor":27.0,"turns":5.0},{"damage":12.0,"enemies":"Cultist and Chosen","floor":29.0,"turns":4.0},{"damage":34.0,"enemies":"Collector","floor":33.0,"turns":5.0},{"damage":8.0,"enemies":"3 Shapes","floor":35.0,"turns":4.0},{"damage":8.0,"enemies":"Orb Walker","floor":38.0,"turns":2.0},{"damage":14.0,"enemies":"Giant Head","floor":40.0,"turns":7.0},{"damage":27.0,"enemies":"4 Shapes","floor":42.0,"turns":3.0},{"damage":31.0,"enemies":"Writhing Mass","floor":45.0,"turns":5.0},{"damage":0.0,"enemies":"Maw","floor":48.0,"turns":6.0},{"damage":30,"enemies":"Donu and Deca","floor":50,"turns":6}],"seed_played":"5083162953796939931","potions_obtained":[{"floor":1.0,"key":"LiquidBronze"},{"floor":2.0,"key":"PowerPotion"},{"floor":4.0,"key":"EntropicBrew"},{"floor":22.0,"key":"Ancient Potion"},{"floor":27.0,"key":"EntropicBrew"},{"floor":33.0,"key":"BlessingOfTheForge"},{"floor":38.0,"key":"BlessingOfTheForge"},{"floor":48.0,"key":"Block Potion"}],"is_trial":false,"path_per_floor":["M","M","$","M","?","R","M","?","T","E","M","M","R","$","R","B",null,"M","$","?","M","M","R","E","R","T","E","R","M","?","?","R","B",null,"M","$","?","M","?","E","R","M","T","R","M","$","?","M","R","B",null],"character_chosen":"IRONCLAD","items_purchased":["Shrug It Off","Whirlwind","Shrug It Off","Whetstone","Mummified Hand"],"campfire_rested":0,"item_purchase_floors":[3,14,14,19,36],"current_hp_per_floor":[80,80,80,80,85,85,82,82,82,62,48,40,40,40,40,8,85,85,85,85,79,68,68,69,69,69,54,54,48,48,48,48,20,85,83,83,83,81,81,73,73,52,52,52,27,27,27,33,33,9],"gold":50,"neow_bonus":"HUNDRED_GOLD","is_daily":false,"chose_seed":false,"campfire_upgraded":10,"win_rate":0.0,"timestamp":1610441743,"path_taken":["M","M","$","M","?","R","M","?","T","E","M","M","R","$","R","BOSS","M","$","?","M","?","R","E","R","T","E","R","M","?","?","R","BOSS","M","?","?","M","?","E","R","M","T","R","M","?","?","M","R","BOSS"],"items_purchased_type":["Card","Card","Card","Relic","Relic"],"build_version":"2020-12-22","purchased_purges":2,"victory":true,"max_hp_per_floor":[80,80,80,80,85,85,85,85,85,85,85,85,85,85,85,85,85,85,85,85,85,85,85,85,85,85,85,85,85,85,85,85,85,85,85,85,85,85,85,85,85,85,85,85,85,85,85,85,85,85],"card_choices":[{"not_picked":["Thunderclap","Clash","Armaments"],"picked":"SKIP","floor":1.0},{"not_picked":["Heavy Blade","Feel No Pain"],"picked":"Battle Trance","floor":2.0},{"not_picked":["Perfected Strike","Warcry"],"picked":"Spot Weakness","floor":4.0},{"not_picked":["Armaments","Dark Embrace","Intimidate"],"picked":"SKIP","floor":7.0},{"not_picked":["Rage","Bludgeon"],"picked":"Body Slam","floor":10.0},{"not_picked":["Thunderclap","Wild Strike"],"picked":"Heavy Blade","floor":11.0},{"not_picked":["Burning Pact","Wild Strike"],"picked":"Body Slam","floor":12.0},{"not_picked":["Barricade","Feed"],"picked":"Fiend Fire","floor":16.0},{"not_picked":["Flex","Metallicize","Uppercut"],"picked":"SKIP","floor":18.0},{"not_picked":["Hemokinesis","Pommel Strike","Armaments+1"],"picked":"SKIP","floor":21.0},{"not_picked":["Shrug It Off","Heavy Blade"],"picked":"Entrench","floor":22.0},{"not_picked":["Sword Boomerang+1","Clash+1","Fiend Fire+1"],"picked":"SKIP","floor":24.0},{"not_picked":["Headbutt+1","Bludgeon+1"],"picked":"Heavy Blade+1","floor":27.0},{"not_picked":["Burning Pact","Twin Strike+1","Headbutt+1"],"picked":"SKIP","floor":29.0},{"not_picked":["Bludgeon+1","Brutality"],"picked":"Double Tap","floor":33.0},{"not_picked":["Twin Strike+1","Havoc+1","Flex"],"picked":"SKIP","floor":35.0},{"not_picked":["Fire Breathing+1","Seeing Red+1","Clothesline+1"],"picked":"SKIP","floor":38.0},{"not_picked":["Warcry","True Grit"],"picked":"Feel No Pain+1","floor":40.0},{"not_picked":["Ghostly Armor","Perfected Strike+1","Warcry"],"picked":"SKIP","floor":42.0},{"not_picked":["Sword Boomerang+1","Iron Wave+1","Thunderclap+1"],"picked":"SKIP","floor":45.0},{"not_picked":["Rage+1","Metallicize+1","Sword Boomerang+1"],"picked":"SKIP","floor":48.0}],"player_experience":206978,"relics_obtained":[{"floor":9.0,"key":"Kunai"},{"floor":10.0,"key":"Sundial"},{"floor":24.0,"key":"Molten Egg 2"},{"floor":26.0,"key":"Juzu Bracelet"},{"floor":27.0,"key":"Blue Candle"},{"floor":40.0,"key":"Unceasing Top"},{"floor":43.0,"key":"Red Skull"}],"event_choices":[{"damage_healed":0.0,"max_hp_gain":5.0,"max_hp_loss":0.0,"gold_gain":0.0,"event_name":"Big Fish","player_choice":"Donut","floor":5.0,"gold_loss":0.0,"damage_taken":0.0},{"damage_healed":0.0,"max_hp_gain":0.0,"max_hp_loss":0.0,"gold_gain":0.0,"event_name":"Match and Keep!","player_choice":"1 cards matched","floor":8.0,"gold_loss":0.0,"damage_taken":0.0,"cards_obtained":["Demon Form"]},{"cards_removed":["Strike_R"],"damage_healed":0.0,"max_hp_gain":0.0,"max_hp_loss":0.0,"gold_gain":0.0,"event_name":"Bonfire Elementals","player_choice":"Offered Basic","floor":20.0,"gold_loss":0.0,"damage_taken":0.0},{"damage_healed":0.0,"max_hp_gain":0.0,"max_hp_loss":0.0,"gold_gain":0.0,"event_name":"Drug Dealer","player_choice":"Obtain J.A.X.","floor":30.0,"gold_loss":0.0,"damage_taken":0.0,"cards_obtained":["J.A.X."]},{"damage_healed":0.0,"max_hp_gain":0.0,"max_hp_loss":0.0,"gold_gain":0.0,"event_name":"Match and Keep!","player_choice":"1 cards matched","floor":31.0,"gold_loss":0.0,"damage_taken":0.0,"cards_obtained":["Finesse"]},{"damage_healed":0.0,"max_hp_gain":0.0,"max_hp_loss":0.0,"gold_gain":0.0,"event_name":"SecretPortal","player_choice":"Ignored","floor":37.0,"gold_loss":0.0,"damage_taken":0.0},{"damage_healed":0.0,"max_hp_gain":0.0,"max_hp_loss":0.0,"gold_gain":0.0,"event_name":"Upgrade Shrine","player_choice":"Upgraded","floor":39.0,"gold_loss":0.0,"damage_taken":0.0,"cards_upgraded":["Double Tap"]},{"damage_healed":0.0,"max_hp_gain":0.0,"max_hp_loss":0.0,"gold_gain":0.0,"event_name":"WeMeetAgain","player_choice":"Gave Potion","floor":47.0,"gold_loss":0.0,"damage_taken":0.0,"relics_obtained":["CaptainsWheel"]}],"is_beta":false,"boss_relics":[{"not_picked":["Empty Cage","Calling Bell"],"picked":"Coffee Dripper"},{"not_picked":["Velvet Choker","Black Blood"],"picked":"SlaversCollar"}],"items_purged_floors":[19,46],"is_endless":false,"potions_floor_spawned":[1,2,4,22,27,33,38,48],"ascension_level":2}}