{"host":"amu9ywnm0ttsp1dk","time":1610461550,"event":{"mods":["Act Like it!","Arknights The Spire","BaseMod","ChefMod","Chen","Downfall","Gensokyo","Marisa£®ÏF”Í°°ƒß¿Ì…≥£©","Minty Spire (QoL Compilation)","Rare Cards Sparkle","Reimu£®≤©¿ˆ¡È√Œ£©","Robot Space Explorer","StSLib","The Edgeheg","The Marked","Yakumo Yukari mod","Youmu£®ªÍ∆«—˝√Œ£©"],"gold_per_floor":[111,111,124,199,218,252,252,252,252,252,252,283,301,301,301,399,399,411,422,127,141,141,141,170,170,193,193,203,230,257,257,257,356,356,372,594,285,295,295,321,321,354,354,371,13,13,42,62,62,62,62,62,23,51,51],"floor_reached":56,"playtime":4521,"items_purged":[],"score":1405,"play_id":"c7728b84-8bbb-4f28-8969-49a11171877b","local_time":"20210112222550","daily_mods":["Draft","Heirloom","downfall:Lament"],"is_ascension_mode":true,"campfire_choices":[{"data":"ats:Echo Reverb","floor":8,"key":"SMITH"},{"data":"ats:Closed Bolt Burst Fire","floor":10,"key":"SMITH"},{"data":"ats:Composite Medical Shells","floor":15,"key":"SMITH"},{"data":"ats:Rat Pack","floor":23,"key":"SMITH"},{"data":"ats:Healing Strengthening","floor":25,"key":"SMITH"},{"data":"ats:Flexible Camouflage","floor":27,"key":"SMITH"},{"data":"ats:Curse Doll","floor":32,"key":"SMITH"},{"floor":41,"key":"RECALL"},{"data":"ats:Spore Proliferation","floor":46,"key":"SMITH"},{"data":"ats:Calcification","floor":49,"key":"SMITH"},{"data":"ats:Wolf Pack","floor":52,"key":"SMITH"}],"circlet_count":0,"master_deck":["ats:Charging Defense","ats:Hammer On","ats:Apocalypse","ats:Shadow Raid","ats:Steam Pump","ats:Leaping Hammer+1","ats:Hammer On+1","ats:Spore Proliferation+1","ats:Leaping Hammer","ats:Hook Shot","ats:Curse Doll+1","ats:Ignite","ats:Flexible Camouflage+1","ats:Sunburst","ats:Shell Defense","ats:Closed Bolt Burst Fire+1","ats:Echo Reverb+1","ats:Composite Medical Shells+1","ats:Rat Pack+1","ats:Part Time Job+1","ats:Closed Bolt Burst Fire+1","ats:Calcification+1","ats:Healing Drone+1","ats:Healing Strengthening+1","ats:Wolf Pack+1","ats:Roar Of Ursus+1","ats:Healing Strengthening+1","ats:Revitalization+1"],"relics":["ats:Sanity","NeowsBlessing","Prayer Wheel","ats:Originium","Gremlin Horn","Pen Nib","ats:Spiritual Recovery","CrazyTorch:ReiMu","expansioncontent:StudyCardRelic","WingedGreaves","Nilry\u0027s Codex","Guardian:GemstoneGun","Potion Belt","Red Mask","Whetstone","Busted Crown","Medical Kit","Nunchaku","MealTicket","ats:Rhine Circuitry","The Courier","Bag of Marbles","Anchor","ClockworkSouvenir","Bag of Preparation","Bronze Scales"],"acts_visited":["Exordium","TheCity","TheBeyond","TheEnding"],"potions_floor_usage":[12,24,38,40,55,55,55,55,55,55,55,55],"damage_taken":[{"damage":0.0,"enemies":"Small Slimes","floor":1.0,"turns":1.0},{"damage":0.0,"enemies":"Cultist","floor":3.0,"turns":1.0},{"damage":0,"enemies":"2 Louse","floor":5,"turns":1},{"damage":26,"enemies":"Gremlin Nob","floor":6,"turns":4},{"damage":5,"enemies":"3 Sentries","floor":12,"turns":3},{"damage":0,"enemies":"Blue Slaver","floor":13,"turns":2},{"damage":39,"enemies":"Hexaghost","floor":16,"turns":10},{"damage":3,"enemies":"Chosen","floor":18,"turns":3},{"damage":12,"enemies":"2 Thieves","floor":19,"turns":4},{"damage":10,"enemies":"Chosen and Byrds","floor":21,"turns":3},{"damage":23,"enemies":"Slavers","floor":24,"turns":4},{"damage":0,"enemies":"Snecko","floor":28,"turns":3},{"damage":0,"enemies":"Masked Bandits","floor":29,"turns":2},{"damage":0,"enemies":"Gremlin Leader","floor":30,"turns":4},{"damage":23,"enemies":"Champ","floor":33,"turns":9},{"damage":0,"enemies":"Orb Walker","floor":35,"turns":3},{"damage":19,"enemies":"3 Darklings","floor":38,"turns":6},{"damage":61,"enemies":"Giant Head","floor":40,"turns":8},{"damage":13,"enemies":"Nemesis","floor":42,"turns":6},{"damage":12,"enemies":"Writhing Mass","floor":44,"turns":3},{"damage":0,"enemies":"Reptomancer","floor":47,"turns":3},{"damage":7,"enemies":"Spire Growth","floor":48,"turns":3},{"damage":30,"enemies":"Awakened One","floor":50,"turns":10},{"damage":12,"enemies":"Shield and Spear","floor":54,"turns":3},{"damage":57,"enemies":"The Heart","floor":55,"turns":5}],"seed_played":"-1279994846711623442","potions_obtained":[{"floor":3.0,"key":"FairyPotion"},{"floor":5,"key":"Dexterity Potion"},{"floor":6,"key":"EssenceOfSteel"},{"floor":13,"key":"EntropicBrew"},{"floor":18,"key":"CultistPotion"},{"floor":33,"key":"ColorlessPotion"},{"floor":38,"key":"AttackPotion"},{"floor":48,"key":"SneckoOil"},{"floor":54,"key":"ats:Top Emergency Sanity Potion"}],"is_trial":true,"path_per_floor":["M","?","M","?","M","E","?","R","T","R","T","E","M","?","R","B",null,"M","M","$","M","?","R","E","R","T","R","M","?","E","$","R","B",null,"M","?","$","M","?","E","R","E","T","M","$","R","E","M","R","B",null,"R","$","E","B",null],"character_chosen":"DOCTOR_CLASS","items_purchased":["WingedGreaves","Medical Kit","Nunchaku","Bag of Marbles","Anchor","ClockworkSouvenir","Strength Potion"],"campfire_rested":0,"item_purchase_floors":[20,37,37,45,45,45,53],"current_hp_per_floor":[72,72,72,65,65,39,39,39,39,39,39,38,42,36,36,12,72,69,61,61,68,52,52,46,46,46,46,58,62,72,72,72,72,72,72,72,72,66,66,67,67,72,72,68,72,72,72,65,65,72,72,72,72,72,44],"gold":51,"neow_bonus":"","is_daily":false,"chose_seed":false,"campfire_upgraded":10,"win_rate":0.0,"timestamp":1610461550,"path_taken":["M","?","?","?","?","E","?","R","T","R","?","E","M","?","R","BOSS","M","M","$","M","?","R","E","R","T","R","M","?","E","?","R","BOSS","M","?","$","M","?","E","R","E","T","M","$","R","E","?","R","BOSS","R","$","E","BOSS"],"items_purchased_type":["Relic","Relic","Relic","Relic","Relic","Relic","Potion"],"build_version":"2020-12-22","purchased_purges":0,"victory":true,"max_hp_per_floor":[72,72,72,72,72,72,72,72,72,72,72,72,72,72,72,72,72,72,72,72,72,72,72,72,72,72,72,72,72,72,72,72,72,72,72,72,72,72,72,72,72,72,72,72,72,72,72,72,72,72,72,72,72,72,72],"card_choices":[{"not_picked":["ats:Poison Spread","ats:Revitalization"],"picked":"ats:Charging Defense","floor":0.0},{"not_picked":["ats:Consecutive Shot Auto","ats:Automatic Cover"],"picked":"ats:Hammer On","floor":0.0},{"not_picked":["ats:Assault Order","ats:Rapid Magazine"],"picked":"ats:Apocalypse","floor":0.0},{"not_picked":["ats:Hammer On","ats:Burning Ground"],"picked":"ats:Shadow Raid","floor":0.0},{"not_picked":["ats:Sunburst","ats:Thorns"],"picked":"ats:Steam Pump","floor":0.0},{"not_picked":["ats:Childhood Dance","ats:Thermite Blade"],"picked":"ats:Leaping Hammer","floor":0.0},{"not_picked":["ats:Healing Strengthening","ats:Poison Spread"],"picked":"ats:Hammer On","floor":0.0},{"not_picked":["ats:Neurotoxin","ats:Childhood Dance"],"picked":"ats:Explosion Area Strengthen","floor":0.0},{"not_picked":["ats:Assault Order","ats:Collapsing Strike"],"picked":"ats:Spore Proliferation","floor":0.0},{"not_picked":["ats:Childhood Dance","ats:Ignite"],"picked":"ats:Leaping Hammer","floor":0.0},{"not_picked":["ats:Guardian Obelisk","ats:Revitalization"],"picked":"ats:Hook Shot","floor":0.0},{"not_picked":["ats:Hammer On","ats:Burning Ground"],"picked":"ats:Curse Doll","floor":0.0},{"not_picked":["ats:Explosion Area Strengthen","ats:Healing Strengthening"],"picked":"ats:Ignite","floor":0.0},{"not_picked":["ats:Hammer On","ats:Flame Of Heaven"],"picked":"ats:Flexible Camouflage","floor":0.0},{"not_picked":["ats:Leaping Hammer","ats:Assault Order"],"picked":"ats:Sunburst","floor":0.0},{"not_picked":["ats:Flexible Camouflage","ats:Consecutive Shot Auto","ats:Healing Strengthening"],"picked":"SKIP","floor":1.0},{"not_picked":["ats:Mental Burst","ats:Rapid Magazine","ats:Poison Spread"],"picked":"SKIP","floor":1.0},{"not_picked":["ats:Assault Order","ats:Leaping Hammer","ats:Soul Absorption"],"picked":"SKIP","floor":3.0},{"not_picked":["ats:Spore Proliferation","ats:Leaping Hammer","ats:Counter Healing Mode"],"picked":"SKIP","floor":3.0},{"not_picked":["ats:Cat Scratch","ats:Leaping Hammer"],"picked":"ats:Shell Defense","floor":5},{"not_picked":["ats:Sword Rain","ats:Powerful Strike"],"picked":"ats:Closed Bolt Burst Fire","floor":5},{"not_picked":["ats:Part Time Job","ats:Flexible Camouflage"],"picked":"ats:Echo Reverb","floor":6},{"not_picked":["ats:Poison Spread","ats:Curse Doll","ats:Rapid Magazine"],"picked":"SKIP","floor":12},{"not_picked":["ats:Flame Of Heaven","ats:Shell Defense"],"picked":"ats:Composite Medical Shells","floor":13},{"not_picked":["ats:Beaten Up","ats:Poison Spread","ats:Thorns"],"picked":"SKIP","floor":13},{"not_picked":["ats:Disruption Kick","ats:Ambush"],"picked":"ats:Rat Pack","floor":16},{"not_picked":["ats:Childhood Dance","ats:Encircling Forest"],"picked":"ats:Part Time Job+1","floor":18},{"not_picked":["ats:Poison Spread","ats:Ignite"],"picked":"ats:Closed Bolt Burst Fire+1","floor":18},{"not_picked":["ats:Automatic Cover","ats:Revitalization+1"],"picked":"ats:Calcification","floor":19},{"not_picked":["ats:Apocalypse","ats:Defend Order"],"picked":"ats:Healing Drone+1","floor":19},{"not_picked":["ats:Support Order","ats:Very Hot Blade","ats:Closed Bolt Burst Fire"],"picked":"SKIP","floor":21},{"not_picked":["ats:Hammer On","ats:Flame Of Heaven","ats:Counter Healing Mode"],"picked":"SKIP","floor":21},{"not_picked":["ats:Apocalypse","ats:Directed Diagnosis"],"picked":"ats:Healing Strengthening","floor":24},{"not_picked":["ats:Cat Scratch","ats:Shell Defense","ats:Assault Order+1"],"picked":"SKIP","floor":28},{"not_picked":["ats:Curse Doll","ats:Explosion Area Strengthen","ats:Directed Diagnosis"],"picked":"SKIP","floor":28},{"not_picked":["ats:Part Time Job+1","ats:Shell Defense"],"picked":"ats:Wolf Pack","floor":30},{"not_picked":["ats:Ambush","ats:Soul Rend"],"picked":"ats:Roar Of Ursus","floor":33},{"not_picked":["ats:Cat Scratch"],"picked":"SKIP","floor":35},{"not_picked":["ats:Leaping Hammer+1"],"picked":"SKIP","floor":35},{"not_picked":[],"picked":"ats:Healing Strengthening+1","floor":38},{"not_picked":["ats:Cat Scratch"],"picked":"SKIP","floor":38},{"not_picked":[],"picked":"ats:Revitalization+1","floor":40},{"not_picked":["ats:Curse Doll"],"picked":"SKIP","floor":42},{"not_picked":["ats:Assault Order+1"],"picked":"SKIP","floor":44},{"not_picked":["ats:Curse Doll"],"picked":"SKIP","floor":44},{"not_picked":["ats:Sword Rain"],"picked":"SKIP","floor":47},{"not_picked":["ats:Revitalization"],"picked":"SKIP","floor":48},{"not_picked":["ats:Poison Spread"],"picked":"SKIP","floor":48},{"not_picked":["ats:Explosion Area Strengthen+1"],"picked":"SKIP","floor":54}],"player_experience":1584915,"relics_obtained":[{"floor":6,"key":"ats:Originium"},{"floor":6,"key":"Gremlin Horn"},{"floor":11,"key":"Pen Nib"},{"floor":12,"key":"ats:Originium"},{"floor":12,"key":"ats:Spiritual Recovery"},{"floor":22,"key":"Nilry\u0027s Codex"},{"floor":24,"key":"ats:Originium"},{"floor":24,"key":"Guardian:GemstoneGun"},{"floor":26,"key":"Potion Belt"},{"floor":29,"key":"Red Mask"},{"floor":30,"key":"Whetstone"},{"floor":40,"key":"MealTicket"},{"floor":42,"key":"ats:Rhine Circuitry"},{"floor":43,"key":"The Courier"},{"floor":47,"key":"Bag of Preparation"},{"floor":54,"key":"Bronze Scales"}],"event_choices":[{"cards_removed":["ats:Explosion Area Strengthen"],"damage_healed":5.0,"max_hp_gain":0.0,"max_hp_loss":0.0,"gold_gain":0.0,"event_name":"Bonfire Elementals","player_choice":"Offered Common","floor":2.0,"gold_loss":0.0,"damage_taken":0.0},{"cards_removed":["ats:Explosion Area Strengthen"],"damage_healed":5.0,"max_hp_gain":0.0,"max_hp_loss":0.0,"gold_gain":0.0,"event_name":"Bonfire Elementals","player_choice":"Offered Special","floor":2.0,"gold_loss":0.0,"damage_taken":0.0},{"damage_healed":0,"gold_gain":75,"player_choice":"Touch","damage_taken":7,"max_hp_gain":0,"max_hp_loss":0,"event_name":"FaceTrader","floor":4,"gold_loss":0},{"damage_healed":0,"gold_gain":0,"player_choice":"Ignored","damage_taken":0,"max_hp_gain":0,"max_hp_loss":0,"event_name":"Liars Game","floor":7,"gold_loss":0},{"damage_healed":0,"gold_gain":0,"player_choice":"Obtained Book","damage_taken":16,"max_hp_gain":0,"max_hp_loss":0,"event_name":"Cursed Tome","floor":22,"gold_loss":0},{"damage_healed":0,"gold_gain":0,"player_choice":"Fought Bandits","damage_taken":0,"max_hp_gain":0,"max_hp_loss":0,"event_name":"Masked Bandits","floor":29,"gold_loss":0},{"damage_healed":0,"gold_gain":222,"player_choice":"Wore Mask","damage_taken":0,"max_hp_gain":0,"max_hp_loss":0,"event_name":"Tomb of Lord Red Mask","floor":36,"gold_loss":0},{"damage_healed":0,"gold_gain":0,"player_choice":"Upgraded","damage_taken":0,"max_hp_gain":0,"max_hp_loss":0,"event_name":"Upgrade Shrine","floor":39,"gold_loss":0,"cards_upgraded":["ats:Roar Of Ursus"]}],"is_beta":false,"boss_relics":[{"not_picked":["SacredBark","Black Star"],"picked":"expansioncontent:StudyCardRelic"},{"not_picked":["Empty Cage","Cursed Key"],"picked":"Busted Crown"}],"items_purged_floors":[],"is_endless":false,"potions_floor_spawned":[3,5,6,13,18,33,38,48,54],"ascension_level":1}}