{"host":"r6wilvrr1tovskr2","time":1610412812,"event":{"mods":["2.2 Compatiblity","AchievementEnabler","Aspiration","BaseMod","Beaked The Cultist","Bestiary","Better Altar","Better Match","Better Note","Better Sensory Stone","Better Skull","Better Third Choice","Colored Powertips","Conspire","Curses Come First","Downfall","Energized Spire","GifTheSpireLib","Halation","Hermit","Highlight Path","Hubris","Infinite Spire","Marked Mod","Minty Spire (QoL Compilation)","Quick Restart","Replay The Spire","Shop Mod","Spicy Shops","Spikes Relics","StSLib","Stuff the Spire","The Blue Laboratory","The Cursed","The Disciple","The Gatherer","The Hierophant","The Necromancer","The Runesmith","vexMod"],"gold_per_floor":[99,112,122,135,45,62,62,62,80,113,38,55,66,66,83,179,179,29,42,53,53,66,66,111,131,131,131,131,165,213,232,248,351,301,301,314,330,330,341,341,365,365,365,365,365,97,97,108,120,221,221,221,221],"floor_reached":51,"playtime":4570,"items_purged":["Guardian:Defend_Guardian","Guardian:Defend_Guardian","Parasite"],"score":748,"play_id":"681d5004-d678-4da4-87f6-4f11e7b0da36","local_time":"20210111185332","is_ascension_mode":false,"campfire_choices":[{"floor":1.0,"key":"RECALL"},{"data":"Guardian:ConstructionForm","floor":8.0,"key":"SMITH"},{"floor":11.0,"key":"REST"},{"data":"Guardian:RevengeProtocol","floor":18.0,"key":"SMITH"},{"floor":26.0,"key":"REST"},{"data":"Guardian:SphericShield","floor":28.0,"key":"SMITH"},{"data":"Runesmith:FissionHammer","floor":35.0,"key":"SMITH"},{"data":"Replay:Sssssssssshield","floor":42,"key":"SMITH"},{"data":"Guardian:ChargeUp","floor":47,"key":"SMITH"}],"circlet_count":0,"master_deck":["Guardian:Strike_Guardian","Guardian:Strike_Guardian","Guardian:Strike_Guardian","Guardian:Strike_Guardian","Guardian:Defend_Guardian","Guardian:Defend_Guardian","Guardian:CurlUp","Guardian:TwinSlam","Replay:Sssssssssshield+1","Guardian:Suspension","Guardian:ArmoredProtocol","Guardian:RevengeProtocol+1","Runesmith:CraftReservo+1","Guardian:Harden","Guardian:SphericShield+1","Guardian:ChargeUp+1","Guardian:TemporalShield+1","Runesmith:FissionHammer+1","Guardian:Strike_Guardian","Guardian:Harden","Runesmith:ChiselStab","Guardian:EvasiveProtocol","Guardian:ConstructionForm"],"relics":["Guardian:ModeShifterPlus","infinitespire:EmpoweringShard","downfall:HeartBlessingGreen","aspiration:RunesmithSkillbook","downfall:HeartBlessingRed","downfall:HeartBlessingBlue","hubris:AstralHammer","vexMod:FocusSash","hubris:BottledHeart","infinitespire:Broken Mirror","Replay:Wax Seal","energizedSpire:HugeHouse","Pet Ghost","halation:RedSoulGem","Medical Kit","aspiration:SecretTechniqueScroll","Toxic Egg 2"],"acts_visited":["Exordium","TheCity","TheBeyond","Exordium"],"potions_floor_usage":[],"damage_taken":[{"damage":0.0,"enemies":"Cultist","floor":2.0,"turns":4.0},{"damage":0.0,"enemies":"Small Slimes","floor":3.0,"turns":3.0},{"damage":2.0,"enemies":"2 Louse","floor":4.0,"turns":2.0},{"damage":0.0,"enemies":"downfall:FleeingMerchant","floor":5.0,"turns":4.0},{"damage":1.0,"enemies":"Blue Slaver","floor":6.0,"turns":4.0},{"damage":15.0,"enemies":"Exordium Thugs","floor":9.0,"turns":7.0},{"damage":8.0,"enemies":"Gremlin Nob","floor":10.0,"turns":9.0},{"damage":1.0,"enemies":"3 Louse","floor":12.0,"turns":3.0},{"damage":4.0,"enemies":"Gremlin Gang","floor":13.0,"turns":4.0},{"damage":0.0,"enemies":"2 Fungi Beasts","floor":15.0,"turns":4.0},{"damage":9.0,"enemies":"downfall:Silent","floor":16.0,"turns":20.0},{"damage":9.0,"enemies":"Shell Parasite","floor":19.0,"turns":7.0},{"damage":7.0,"enemies":"Spheric Guardian","floor":20.0,"turns":4.0},{"damage":13.0,"enemies":"3 Cultists","floor":22.0,"turns":7.0},{"damage":0.0,"enemies":"Centurion and Healer","floor":25.0,"turns":12.0},{"damage":0.0,"enemies":"Nightmare","floor":29.0,"turns":16.0},{"damage":0.0,"enemies":"Snake Plant","floor":31.0,"turns":3.0},{"damage":0.0,"enemies":"Snecko","floor":32.0,"turns":8.0},{"damage":0.0,"enemies":"downfall:Defect","floor":33.0,"turns":13.0},{"damage":0,"enemies":"3 Darklings","floor":36,"turns":5},{"damage":0,"enemies":"Orb Walker","floor":37,"turns":3},{"damage":0,"enemies":"Writhing Mass","floor":39,"turns":6},{"damage":0,"enemies":"downfall:FleeingMerchant","floor":46,"turns":4},{"damage":0,"enemies":"Transient","floor":48,"turns":5},{"damage":0,"enemies":"Sphere and 2 Shapes","floor":49,"turns":4},{"damage":0,"enemies":"downfall:Watcher","floor":50,"turns":8}],"seed_played":"-6008410764698909020","potions_obtained":[{"floor":2.0,"key":"blueLaboratory:FrostheartPotion"},{"floor":6.0,"key":"blueLaboratory:BubblePotion"},{"floor":10.0,"key":"blueLaboratory:FruitPunch"},{"floor":15.0,"key":"blueLaboratory:LouseDecoction"},{"floor":25.0,"key":"blueLaboratory:BottleOfRum"},{"floor":29.0,"key":"Guardian:StasisDiscoveryPotion"},{"floor":31.0,"key":"blueLaboratory:SavagePotion"},{"floor":36,"key":"blueLaboratory:NullPotion"}],"is_trial":false,"path_per_floor":["R","M","M","M","$","M","T","R","M","E","R","M","M","?","M","B",null,"R","M","M","?","M","AVR","T","M","R","?","R","NM","T","M","M","B",null,"R","M","M","?","M","?","T","R","?","?","AVR","$","R","M","M","B",null],"character_chosen":"GUARDIAN","items_purchased":["Toxic Egg 2"],"campfire_rested":2,"item_purchase_floors":[46],"current_hp_per_floor":[80,80,80,78,78,77,77,77,62,54,78,77,75,75,75,66,82,92,83,76,76,63,63,63,63,90,1,1,1,1,1,1,1,1,1,1,1,1,1,1,1,1,1,1,1,1,1,1,1,1,1,1,1],"gold":221,"neow_bonus":"RANDOM_COLORLESS","is_daily":false,"chose_seed":false,"campfire_upgraded":6,"win_rate":0.0,"timestamp":1610412812,"path_taken":["R","M","M","M","$","M","T","R","M","E","R","M","M","?","M","BOSS","R","M","M","?","M","AVR","T","M","R","?","R","NM","?","?","M","BOSS","R","M","M","?","?","?","T","R","?","?","AVR","?","R","?","M","BOSS"],"items_purchased_type":["Relic"],"build_version":"2020-12-22","purchased_purges":3,"victory":false,"max_hp_per_floor":[80,80,80,80,80,80,80,80,80,80,80,80,82,82,82,82,82,92,92,92,92,92,92,92,92,92,1,1,1,1,1,1,1,1,1,1,1,1,1,1,1,1,1,1,1,1,1,1,1,1,1,1,1],"card_choices":[{"not_picked":["Forethought","Dramatic Entrance"],"picked":"Replay:Sssssssssshield","floor":0.0},{"not_picked":["Guardian:Suspension","Guardian:Planning"],"picked":"Guardian:Gem_Blue","floor":2.0},{"not_picked":["Guardian:WalkerClaw","Guardian:ChargeCore"],"picked":"Guardian:Suspension","floor":3.0},{"not_picked":["Guardian:Reroute","Guardian:Planning","Guardian:Gem_Cyan"],"picked":"SKIP","floor":4.0},{"not_picked":["Guardian:WalkerClaw","Guardian:Gem_Lightblue"],"picked":"Guardian:ConstructionForm","floor":5.0},{"not_picked":["Guardian:Reroute","Guardian:DonusPower","Guardian:TemporalStrike"],"picked":"SKIP","floor":6.0},{"not_picked":["Guardian:Clone","Guardian:VentSteam","Guardian:Suspension"],"picked":"SKIP","floor":9.0},{"not_picked":["Guardian:TimeBomb","Guardian:Planning"],"picked":"Guardian:ArmoredProtocol","floor":10.0},{"not_picked":["Guardian:PrimingBeam","Guardian:ShieldSpikes","Guardian:ChargeUp"],"picked":"SKIP","floor":12.0},{"not_picked":["Guardian:MultiBeam","Guardian:Gem_Green","Guardian:TemporalStrike"],"picked":"SKIP","floor":13.0},{"not_picked":["Guardian:PiercingHide","Guardian:TimeBomb","Guardian:TemporalStrike"],"picked":"SKIP","floor":15.0},{"not_picked":["Guardian:SphericShield","Guardian:TimeSifter"],"picked":"Guardian:RevengeProtocol","floor":16.0},{"not_picked":["Runesmith:Discharge","Guardian:SentryBeam","Guardian:TemporalStrike+1"],"picked":"Runesmith:CraftReservo+1","floor":19.0},{"not_picked":["Runesmith:LithiumIon","Runesmith:DoubleUp","Guardian:Gem_Red"],"picked":"Guardian:Harden","floor":20.0},{"not_picked":["Guardian:PrismaticBeam","Runesmith:CraftVitae","Runesmith:HammerThrow"],"picked":"Guardian:ChargeUp","floor":22.0},{"not_picked":["Runesmith:EarthShield+1","Guardian:Preprogram","Guardian:TimeBomb","Guardian:Gem_Lightblue"],"picked":"SKIP","floor":25.0},{"not_picked":["Runesmith:Overpower+1","Runesmith:ChaoticBlast","Guardian:RollAttack","Runesmith:CraftMagma"],"picked":"SKIP","floor":29.0},{"not_picked":["Guardian:BronzeArmor","Runesmith:PoweredAnvil","Guardian:Incinerate"],"picked":"Guardian:TemporalShield+1","floor":31.0},{"not_picked":["Guardian:Gem_Cyan","Guardian:PiercingHide+1","Runesmith:FieryHammer","Guardian:TemporalStrike"],"picked":"SKIP","floor":32.0},{"not_picked":["Runesmith:ReplicatingBarrier","Guardian:ConstructionForm","Guardian:TimeSifter"],"picked":"Runesmith:FissionHammer","floor":33.0},{"not_picked":["Guardian:Suspension+1","Runesmith:CraftVitae+1","Guardian:Gem_Blue"],"picked":"Runesmith:ChiselStab","floor":36},{"not_picked":["Guardian:Gem_Green","Guardian:TemporalShield+1","Guardian:ShieldCharger"],"picked":"Guardian:EvasiveProtocol","floor":37},{"not_picked":["Runesmith:Reinforce","Runesmith:UnstableHammer","Runesmith:MakeshiftArmor+1","Runesmith:CraftProtectio+1"],"picked":"SKIP","floor":39},{"not_picked":["Runesmith:ChiselStab+1","Guardian:PrimingBeam+1","Runesmith:BackupBattery+1","Guardian:CrystalBeam"],"picked":"SKIP","floor":46},{"not_picked":["Runesmith:ArcReactor","Runesmith:CraftProtectio+1","Guardian:TimeCapacitor+1","Guardian:Planning+1"],"picked":"SKIP","floor":48},{"not_picked":["Guardian:PrismaticBarrier+1","Guardian:ShieldCharger+1","Guardian:TemporalShield+1","Runesmith:MakeshiftArmor+1"],"picked":"SKIP","floor":49},{"not_picked":["Runesmith:Supernova+1","Guardian:ExploitGems+1","Runesmith:FissionHammer"],"picked":"Guardian:ConstructionForm","floor":50}],"player_experience":1267352,"relics_obtained":[{"floor":10.0,"key":"infinitespire:EmpoweringShard"},{"floor":24.0,"key":"vexMod:FocusSash"},{"floor":29.0,"key":"infinitespire:Broken Mirror"},{"floor":30.0,"key":"Replay:Wax Seal"},{"floor":41,"key":"Pet Ghost"}],"event_choices":[{"cards_removed":["Guardian:RevengeProtocol"],"damage_healed":0.0,"max_hp_gain":0.0,"max_hp_loss":0.0,"gold_gain":0.0,"event_name":"betterNote:BetterNote","player_choice":"Take \u0026 Give","floor":21.0,"gold_loss":0.0,"damage_taken":0.0,"cards_obtained":["Guardian:SphericShield"]}],"is_beta":false,"boss_relics":[{"not_picked":["vexMod:MysteryBossChallenge","conspire:SeveredTorchhead"],"picked":"aspiration:RunesmithSkillbook"},{"not_picked":["ChewingGum","hubris:TerracottaHorce"],"picked":"energizedSpire:HugeHouse"},{"not_picked":["conspire:SpecialSausage","energizedSpire:StickyHand"],"picked":"Guardian:ModeShifterPlus"}],"items_purged_floors":[5,23,45],"is_endless":true,"potions_floor_spawned":[2,6,10,15,25,29,31,33,36,37,48,49],"ascension_level":0}}