{"host":"kta213tp32cz47du","time":1610447579,"event":{"mods":["BaseMod","Better Altar","Better Match","Better Note","Better Sensory Stone","Better Skull","Better Third Choice","Better Vampires","Colored Map","Colored Powertips","Conspire","Curses Come First","Displayed Cursed Tome","Downfall","Force Act Four","Hubris","Infinite Spire","JesterMod","Magitek Elite","Marisa????????","Minty Spire (QoL Compilation)","Permanent Neow","Potion Indicator Mod","QueenMod","Quick Restart","Rare Cards Sparkle","Replay The Spire","Shade Mod","Shop Mod","Spikes Relics","StSLib","The Animator","The Blue Laboratory","The Bug Knight","The Cursed","The Marked","The Servant 0.9.4","TheSwordswoman","TheVelvet","TheWitcher","vexMod"],"gold_per_floor":[116,116,126,145,145,178,33,33,58,71,82,82,82,112,112,213,213,223,223,236,286,286,320,320,333,333,344,344,360,360,370,370,471,471,490,490,490],"floor_reached":36,"playtime":6416,"items_purged":["Strike_R"],"score":444,"play_id":"94229882-5827-4eaa-8508-81c599b998e0","local_time":"20210112103259","is_ascension_mode":false,"campfire_choices":[{"data":"Cleave","floor":8.0,"key":"SMITH"},{"floor":15.0,"key":"REST"},{"floor":28,"key":"REST"},{"data":"hubris:ReadiedAction","floor":32,"key":"SMITH"}],"circlet_count":0,"master_deck":["Strike_R+1","Strike_R","Strike_R","Strike_R","Defend_R","Defend_R","Defend_R","Defend_R","Bash","Shrug It Off","Twin Strike","Cleave+1","Thunderclap","Intimidate+1","Bludgeon","hubris:ReadiedAction+1","Rage","BarbarianYell+1","Metallicize","Iron Wave+1"],"relics":["Burning Blood","Oddly Smooth Stone","Incense Burner","ReplayFunnel","Kunai","MerchantsRug","ReplayTheSpireMod:Spearhead","GiantMaggot","vexMod:BigBerry","Replay:Baseball","Pet Ghost","Pondfish Scales","Frozen Egg 2","Rawhide","SacredBark"],"acts_visited":["Exordium","TheCity","TheBeyond"],"potions_floor_usage":[29,33,33],"damage_taken":[{"damage":0.0,"enemies":"Cultist","floor":1.0,"turns":3.0},{"damage":1.0,"enemies":"Small Slimes","floor":3.0,"turns":4.0},{"damage":0.0,"enemies":"Jaw Worm","floor":4.0,"turns":3.0},{"damage":26.0,"enemies":"Gremlin Nob","floor":6.0,"turns":5.0},{"damage":0.0,"enemies":"Exordium Wildlife","floor":10.0,"turns":2.0},{"damage":6.0,"enemies":"Lots of Slimes","floor":11.0,"turns":2.0},{"damage":10.0,"enemies":"3 Sentries","floor":14.0,"turns":7.0},{"damage":22.0,"enemies":"Fading Forest","floor":16.0,"turns":11.0},{"damage":9.0,"enemies":"Spheric Guardian","floor":18.0,"turns":4.0},{"damage":21.0,"enemies":"Shell Parasite","floor":20.0,"turns":4.0},{"damage":61,"enemies":"Slavers","floor":23,"turns":6},{"damage":5,"enemies":"Cultist and Chosen","floor":25,"turns":8},{"damage":10,"enemies":"Snecko","floor":27,"turns":6},{"damage":3,"enemies":"Centurion and Healer","floor":29,"turns":7},{"damage":6,"enemies":"Snake Plant","floor":31,"turns":4},{"damage":22,"enemies":"Collector","floor":33,"turns":10},{"damage":13,"enemies":"3 Shapes","floor":35,"turns":5},{"damage":18,"enemies":"infinitespire:Three Voidlings","floor":36,"turns":6},{"damage":120,"enemies":"Nightmare_Alpha","floor":36,"turns":13}],"seed_played":"5988404379489096385","potions_obtained":[{"floor":10.0,"key":"Ancient Potion"},{"floor":11.0,"key":"blueLaboratory:ForbiddenFruitJuice"},{"floor":14.0,"key":"EntropicBrew"},{"floor":18.0,"key":"blueLaboratory:LouseDecoction"},{"floor":25,"key":"blueLaboratory:AbyssPotion"},{"floor":27,"key":"BloodPotion"},{"floor":31,"key":"blueLaboratory:EnragingPotion"}],"is_trial":false,"path_per_floor":["M","T","M","M","?","E","$","R","T","M","M","?","?","E","R","B",null,"M","?","M","?","?","E","AVR","M","T","M","R","M","T","M","R","B",null,"M","?"],"character_chosen":"IRONCLAD","items_purchased":["MerchantsRug"],"campfire_rested":2,"item_purchase_floors":[7],"current_hp_per_floor":[80,80,80,80,68,48,48,48,48,54,54,38,38,34,58,64,110,107,120,105,105,81,26,26,27,27,23,59,86,86,86,86,70,120,113,0,0],"gold":490,"neow_bonus":"RANDOM_COMMON_RELIC","is_daily":false,"chose_seed":false,"campfire_upgraded":2,"win_rate":0.0,"timestamp":1610447579,"path_taken":["M","?","M","M","?","E","?","R","T","M","?","?","?","E","R","BOSS","M","?","M","?","?","E","AVR","M","T","M","R","M","?","?","R","BOSS","M","?"],"items_purchased_type":["Relic"],"build_version":"2020-12-22","purchased_purges":1,"victory":false,"max_hp_per_floor":[80,80,80,80,80,80,80,80,80,80,80,80,80,80,80,80,110,110,120,120,120,120,120,120,120,120,120,120,120,120,120,120,120,120,120,120,120],"card_choices":[{"not_picked":["Anger","Sword Boomerang"],"picked":"Shrug It Off","floor":1.0},{"not_picked":["Havoc","Perfected Strike"],"picked":"Twin Strike","floor":3.0},{"not_picked":["Heavy Blade","Flex"],"picked":"Cleave","floor":4.0},{"not_picked":["Entrench","True Grit"],"picked":"Thunderclap","floor":6.0},{"not_picked":["Heavy Blade","Fiend Fire"],"picked":"Intimidate","floor":10.0},{"not_picked":["ReplayTheSpireMod:Corrosion Curse","ReplayTheSpireMod:Strike From Hell","Warcry"],"picked":"SKIP","floor":11.0},{"not_picked":["Cleave","Intimidate"],"picked":"Bludgeon","floor":14.0},{"not_picked":["Hemogenesis","Replay:Many Hands"],"picked":"Impervious","floor":16.0},{"not_picked":["Sword Boomerang","Shrug It Off"],"picked":"hubris:ReadiedAction","floor":18.0},{"not_picked":["Run Through","Anger+1"],"picked":"Rage","floor":20.0},{"not_picked":["Defy Death","Sever Soul"],"picked":"BarbarianYell+1","floor":23},{"not_picked":["Pummel","Sword Boomerang"],"picked":"Metallicize","floor":25},{"not_picked":["Headbutt","Carnage","Warcry"],"picked":"SKIP","floor":27},{"not_picked":["hubris:ReadiedAction","Twin Strike","Body Slam+1"],"picked":"SKIP","floor":29},{"not_picked":["Flex","ReplayTheSpireMod:Strike From Hell+1","Clash"],"picked":"SKIP","floor":31},{"not_picked":["Abandon","Pummel+1"],"picked":"Iron Wave+1","floor":35}],"player_experience":326895,"relics_obtained":[{"floor":2.0,"key":"Incense Burner"},{"floor":6.0,"key":"Kunai"},{"floor":9.0,"key":"ReplayTheSpireMod:Spearhead"},{"floor":14.0,"key":"GiantMaggot"},{"floor":23,"key":"Pet Ghost"},{"floor":26,"key":"Frozen Egg 2"},{"floor":30,"key":"Rawhide"}],"event_choices":[{"damage_healed":0.0,"max_hp_gain":0.0,"max_hp_loss":0.0,"gold_gain":0.0,"event_name":"betterThird:BetterScrap","player_choice":"Relic ","floor":5.0,"gold_loss":0.0,"damage_taken":12.0,"cards_obtained":["Tantrum"]},{"damage_healed":54.0,"max_hp_gain":0.0,"max_hp_loss":80.0,"gold_gain":0.0,"event_name":"betterThird:BetterShining","player_choice":"Upgrade","floor":12.0,"gold_loss":0.0,"damage_taken":16.0,"cards_upgraded":["Intimidate","Strike_R"]},{"cards_removed":["Impervious"],"damage_healed":3.0,"max_hp_gain":10.0,"max_hp_loss":0.0,"gold_gain":0.0,"event_name":"Bonfire Elementals","player_choice":"Offered Rare","floor":19.0,"gold_loss":0.0,"damage_taken":0.0},{"damage_healed":0.0,"max_hp_gain":0.0,"max_hp_loss":0.0,"gold_gain":100.0,"event_name":"The Joust","player_choice":"Bet on Murderer","floor":21.0,"gold_loss":50.0,"damage_taken":0.0},{"damage_healed":0.0,"max_hp_gain":0.0,"max_hp_loss":0.0,"gold_gain":0.0,"event_name":"betterSkull:BetterSkull","player_choice":"RE ","floor":22.0,"gold_loss":0.0,"damage_taken":26.0,"cards_upgraded":[],"relics_obtained":["Replay:Baseball"]}],"is_beta":false,"boss_relics":[{"not_picked":["ReplayTheSpireMod:DimensionalGlitch","vexMod:RockOfEvil"],"picked":"vexMod:BigBerry"},{"not_picked":["Empty Cage","vexMod:EndlessSickness"],"picked":"SacredBark"}],"items_purged_floors":[24],"is_endless":false,"potions_floor_spawned":[10,11,14,18,25,27,31],"killed_by":"Nightmare_Alpha","ascension_level":0}}