{"host":"w9yruvs4bqht6bhw","time":1610491075,"event":{"mods":["BaseMod","Colored Powertips","Minty Spire (QoL Compilation)"],"gold_per_floor":[114,126,136,136,147,147,178,188,188,198,198,210,230,248,248,347,347,347,129,146,172,372,401,401,412,462,462,475,475,495,515,515,619,619,635,652,663,416,432,432,432,432],"floor_reached":41,"language":"ENG","playtime":1952,"items_purged":["Strike_R"],"score":613,"play_id":"14ee0723-ed51-44a0-b3e4-cac939dd5c79","local_time":"20210112173755","is_ascension_mode":true,"campfire_choices":[{"data":"Armaments","floor":6,"key":"SMITH"},{"floor":11,"key":"REST"},{"floor":15,"key":"REST"},{"data":"Shockwave","floor":24,"key":"SMITH"},{"floor":27,"key":"REST"},{"floor":29,"key":"REST"},{"floor":32,"key":"REST"},{"floor":40,"key":"REST"}],"circlet_count":0,"master_deck":["Strike_R","Strike_R","Strike_R","Strike_R","Defend_R","Defend_R","Defend_R","Defend_R","Bash","Clothesline","Iron Wave","Armaments+1","Shrug It Off","Spot Weakness","Uppercut","Shockwave+1","Sword Boomerang","Battle Trance+1","True Grit","Entrench+1","Bludgeon","Sword Boomerang+1","Flame Barrier","Uppercut"],"relics":["Burning Blood","Orichalcum","Bottled Flame","Snecko Eye","Red Mask","Omamori","Bronze Scales","Cursed Key"],"acts_visited":["Exordium","TheCity","TheBeyond"],"potions_floor_usage":[7,7,13,18,21,21,21,21,21,33,33,37,39],"damage_taken":[{"damage":6,"enemies":"Cultist","floor":1,"turns":3},{"damage":3,"enemies":"2 Louse","floor":2,"turns":3},{"damage":13,"enemies":"Small Slimes","floor":3,"turns":4},{"damage":17,"enemies":"Looter","floor":5,"turns":3},{"damage":25,"enemies":"3 Sentries","floor":7,"turns":7},{"damage":4,"enemies":"Large Slime","floor":8,"turns":5},{"damage":3,"enemies":"Blue Slaver","floor":10,"turns":4},{"damage":7,"enemies":"2 Fungi Beasts","floor":12,"turns":5},{"damage":9,"enemies":"Exordium Wildlife","floor":13,"turns":4},{"damage":16,"enemies":"Large Slime","floor":14,"turns":7},{"damage":46,"enemies":"The Guardian","floor":16,"turns":12},{"damage":0,"enemies":"3 Byrds","floor":18,"turns":1},{"damage":5,"enemies":"Shell Parasite","floor":20,"turns":5},{"damage":6,"enemies":"Masked Bandits","floor":21,"turns":4},{"damage":30,"enemies":"Book of Stabbing","floor":23,"turns":6},{"damage":15,"enemies":"3 Cultists","floor":25,"turns":6},{"damage":28,"enemies":"Chosen and Byrds","floor":28,"turns":7},{"damage":21,"enemies":"Snake Plant","floor":30,"turns":4},{"damage":5,"enemies":"Snecko","floor":31,"turns":5},{"damage":74,"enemies":"Collector","floor":33,"turns":9},{"damage":18,"enemies":"3 Darklings","floor":35,"turns":4},{"damage":7,"enemies":"Orb Walker","floor":36,"turns":2},{"damage":53,"enemies":"Jaw Worm Horde","floor":37,"turns":5},{"damage":4,"enemies":"3 Darklings","floor":39,"turns":3},{"damage":125,"enemies":"Giant Head","floor":41,"turns":9}],"seed_played":"-8956509170800137926","potions_obtained":[{"floor":0,"key":"CultistPotion"},{"floor":0,"key":"SkillPotion"},{"floor":0,"key":"FearPotion"},{"floor":8,"key":"Fire Potion"},{"floor":13,"key":"SmokeBomb"},{"floor":20,"key":"Strength Potion"},{"floor":21,"key":"LiquidBronze"},{"floor":28,"key":"FairyPotion"},{"floor":30,"key":"AttackPotion"},{"floor":35,"key":"BloodPotion"}],"is_trial":false,"path_per_floor":["M","M","M","$","M","R","E","M","T","M","R","M","M","M","R","B",null,"M","$","M","?","?","E","R","M","T","R","M","R","M","M","R","B",null,"M","M","M","$","M","R","E"],"character_chosen":"IRONCLAD","items_purchased":["Shockwave","SteroidPotion","EntropicBrew","Strength Potion","Block Potion","Uppercut"],"campfire_rested":6,"item_purchase_floors":[19,19,19,38,38,38],"current_hp_per_floor":[72,75,68,68,57,57,38,40,40,43,67,66,63,53,77,37,69,75,75,76,76,76,52,52,43,43,67,45,69,54,55,79,11,63,51,50,19,19,21,45,0,0],"gold":432,"neow_bonus":"THREE_SMALL_POTIONS","is_daily":false,"chose_seed":false,"campfire_upgraded":2,"win_rate":0.0,"timestamp":1610491075,"path_taken":["M","M","M","$","M","R","E","M","T","?","R","M","M","M","R","BOSS","M","$","M","?","?","E","R","M","T","R","M","R","M","M","R","BOSS","M","?","M","$","M","R","E"],"items_purchased_type":["Card","Potion","Potion","Potion","Potion","Card"],"build_version":"2020-12-22","purchased_purges":1,"victory":false,"max_hp_per_floor":[80,80,80,80,80,80,80,80,80,80,80,80,80,80,80,80,80,80,80,80,80,80,80,80,80,80,80,80,80,80,80,80,80,80,80,80,80,80,80,80,80,80],"card_choices":[{"not_picked":["Flex","Carnage"],"picked":"Clothesline","floor":1},{"not_picked":["Warcry","Rupture"],"picked":"Iron Wave","floor":2},{"not_picked":["Body Slam","Headbutt"],"picked":"Armaments","floor":3},{"not_picked":["Inflame","Second Wind"],"picked":"Shrug It Off","floor":5},{"not_picked":["Double Tap","Metallicize","Clothesline"],"picked":"SKIP","floor":7},{"not_picked":["Flex","Twin Strike","Second Wind"],"picked":"SKIP","floor":8},{"not_picked":["Flex","Battle Trance"],"picked":"Spot Weakness","floor":10},{"not_picked":["Wild Strike","Dual Wield","Perfected Strike"],"picked":"SKIP","floor":12},{"not_picked":["Metallicize","Bloodletting"],"picked":"Uppercut","floor":13},{"not_picked":["Flex","Bludgeon","Battle Trance"],"picked":"SKIP","floor":14},{"not_picked":["Warcry","Clothesline"],"picked":"Sword Boomerang","floor":20},{"not_picked":["Evolve","True Grit"],"picked":"Battle Trance+1","floor":21},{"not_picked":["Thunderclap","Dark Embrace"],"picked":"True Grit","floor":23},{"not_picked":["Second Wind+1","Havoc"],"picked":"Entrench+1","floor":25},{"not_picked":["Perfected Strike","Anger","Intimidate"],"picked":"SKIP","floor":28},{"not_picked":["Power Through+1","Fire Breathing","Fiend Fire"],"picked":"SKIP","floor":30},{"not_picked":["Ghostly Armor","Shockwave","Uppercut"],"picked":"SKIP","floor":31},{"not_picked":["Feed","Offering"],"picked":"Bludgeon","floor":33},{"not_picked":["Metallicize+1","Shockwave"],"picked":"Sword Boomerang+1","floor":35},{"not_picked":["Dual Wield+1","Battle Trance+1","Dark Embrace"],"picked":"SKIP","floor":36},{"not_picked":["Havoc","Hemokinesis"],"picked":"Flame Barrier","floor":37},{"not_picked":["Dark Embrace+1","Warcry","Combust+1"],"picked":"SKIP","floor":39}],"player_experience":387774,"relics_obtained":[{"floor":7,"key":"Orichalcum"},{"floor":9,"key":"Bottled Flame"},{"floor":21,"key":"Red Mask"},{"floor":23,"key":"Omamori"},{"floor":26,"key":"Bronze Scales"}],"event_choices":[{"damage_healed":0,"gold_gain":0,"player_choice":"Fought Bandits","damage_taken":0,"max_hp_gain":0,"max_hp_loss":0,"event_name":"Masked Bandits","floor":21,"gold_loss":0},{"damage_healed":0,"gold_gain":200,"player_choice":"Gold","damage_taken":0,"max_hp_gain":0,"max_hp_loss":0,"event_name":"Wheel of Change","floor":22,"gold_loss":0}],"is_beta":false,"boss_relics":[{"not_picked":["Velvet Choker","Runic Cube"],"picked":"Snecko Eye"},{"not_picked":["Empty Cage","Busted Crown"],"picked":"Cursed Key"}],"items_purged_floors":[38],"is_endless":false,"potions_floor_spawned":[3,5,8,13,20,21,28,30,31,35],"killed_by":"Giant Head","ascension_level":9}}