{"host":"zekcc3vicrep0och","time":1610448905,"event":{"mods":["AchievementEnabler","BaseMod","Colored Map","Colored Powertips","Displayed Cursed Tome","Highlight Path","Minty Spire (QoL Compilation)","Quick Restart","Relic Stats","StSLib","The Cursed"],"gold_per_floor":[113,113,113,131,151,151,151,151],"floor_reached":7,"playtime":249,"items_purged":[],"score":78,"play_id":"5fe7df6c-451b-48d4-9d0b-eac1852f1871","local_time":"20210112135505","is_ascension_mode":true,"campfire_choices":[{"floor":6,"key":"REST"}],"circlet_count":0,"master_deck":["AscendersBane","Strike_R","Strike_R","Strike_R","Strike_R","Strike_R","Defend_R","Defend_R","Defend_R","Defend_R","Bash","Normality","Iron Wave","Shrug It Off"],"relics":["Burning Blood","Shovel","Matryoshka"],"acts_visited":["Exordium"],"potions_floor_usage":[],"damage_taken":[{"damage":17.0,"enemies":"Small Slimes","floor":1.0,"turns":5.0},{"damage":14.0,"enemies":"Jaw Worm","floor":4.0,"turns":4.0},{"damage":8.0,"enemies":"2 Louse","floor":5.0,"turns":3.0},{"damage":42,"enemies":"3 Sentries","floor":7,"turns":9}],"seed_played":"-6401476233135606982","potions_obtained":[{"floor":1.0,"key":"GamblersBrew"}],"is_trial":false,"path_per_floor":["M","?","?","M","M","R","E"],"character_chosen":"IRONCLAD","items_purchased":[],"campfire_rested":1,"item_purchase_floors":[],"current_hp_per_floor":[57,31,31,23,21,43,1,1],"gold":151,"neow_bonus":"ONE_RARE_RELIC","is_daily":false,"chose_seed":false,"campfire_upgraded":0,"win_rate":0.0,"timestamp":1610448905,"path_taken":["M","?","?","M","M","R","E"],"items_purchased_type":[],"build_version":"2020-12-22","purchased_purges":0,"victory":false,"max_hp_per_floor":[75,75,75,75,75,75,75,75],"relic_stats":{"Shovel":0,"counters":[4,21],"obtain_stats":[{"Shovel":0,"Matryoshka":2,"Burning Blood":0},{"Shovel":0,"Matryoshka":1,"Burning Blood":0},{"Shovel":0,"Matryoshka":5,"Burning Blood":0}],"Burning Blood":18},"card_choices":[{"not_picked":["Warcry","Clash","Flex"],"picked":"SKIP","floor":1.0},{"not_picked":["Combust","Twin Strike"],"picked":"Iron Wave","floor":4.0},{"not_picked":["True Grit","Intimidate"],"picked":"Shrug It Off","floor":5.0}],"player_experience":516224,"relics_obtained":[],"event_choices":[{"damage_healed":0.0,"max_hp_gain":0.0,"max_hp_loss":0.0,"gold_gain":0.0,"event_name":"Scrap Ooze","player_choice":"Success","floor":2.0,"gold_loss":0.0,"damage_taken":26.0,"relics_obtained":["Matryoshka"]},{"damage_healed":0.0,"max_hp_gain":0.0,"max_hp_loss":0.0,"gold_gain":0.0,"event_name":"Shining Light","player_choice":"Ignored","floor":3.0,"gold_loss":0.0,"damage_taken":0.0}],"is_beta":false,"boss_relics":[],"items_purged_floors":[],"is_endless":false,"potions_floor_spawned":[1],"killed_by":"3 Sentries","ascension_level":18}}