{"host":"sc0o2qwpf9j16a4i","time":1610486541,"event":{"mods":["AchievementEnabler","BaseMod","BetterRewards","Block Reminder","Colored Map","Colored Powertips","Custom Start","Highlight Path","Minty Spire (QoL Compilation)","Relic Stats"],"gold_per_floor":[118,118,37,37,37,37,57,84,84,102,102,127,140,153,153,226,226,242,242,242,261,277,277,291,291,291,320,235,235,235,16,16,90,90,90,90,141,1140,1157,1157,797,797,824,824,573,573,583,614,614,614,614,614,614,152,183,183],"floor_reached":57,"playtime":2176,"items_purged":["Strike_B","Strike_B+1","Strike_B+1","Defend_B+1"],"score":3483,"play_id":"1a547e42-2d31-43b8-9411-19da1cf8b8a3","local_time":"20210112232221","is_ascension_mode":true,"campfire_choices":[{"data":"Biased Cognition","floor":6,"key":"SMITH"},{"data":"Defragment","floor":11,"key":"SMITH"},{"data":"Defragment","floor":15,"key":"SMITH"},{"data":"Echo Form","floor":23,"key":"SMITH"},{"data":"Capacitor","floor":25,"key":"SMITH"},{"data":"Heatsinks","floor":29,"key":"SMITH"},{"data":"1","floor":32,"key":"LIFT"},{"floor":40,"key":"REST"},{"floor":42,"key":"RECALL"},{"data":"Strike_B+1","floor":46,"key":"PURGE"},{"data":"Defend_B+1","floor":49,"key":"PURGE"},{"data":"Defend_B+1","floor":53,"key":"PURGE"}],"circlet_count":0,"master_deck":["AscendersBane","Defend_B+1","Zap+1","Dualcast","Biased Cognition+1","Apotheosis+1","Defragment+1","Coolheaded+1","Leap","Defragment+1","Capacitor+1","Echo Form+1","Heatsinks+1","Compile Driver","Defragment","Coolheaded","Go for the Eyes+1","Panache","Genetic Algorithm","Darkness","Sweeping Beam+1","Loop","Conserve Battery","Ball Lightning"],"relics":["Cracked Core","Omamori","Blood Vial","Toy Ornithopter","Mercury Hourglass","Lee\u0027s Waffle","Bag of Marbles","Unceasing Top","Membership Card","Orichalcum","Ginger","OrangePellets","Gambling Chip","Anchor","Shuriken","War Paint","Incense Burner","Lantern","Busted Crown","Eternal Feather","Juzu Bracelet","Ancient Tea Set","Girya","PreservedInsect","ClockworkSouvenir","SacredBark","Calipers","Happy Flower","Peace Pipe","Frozen Eye","MealTicket","Vajra","Medical Kit","Centennial Puzzle","Nunchaku","Pantograph"],"acts_visited":["Exordium","TheCity","TheBeyond","TheEnding"],"potions_floor_usage":[12,16,22,35,37,48,55,56],"damage_taken":[{"damage":0,"enemies":"Small Slimes","floor":1,"turns":2},{"damage":0,"enemies":"Jaw Worm","floor":7,"turns":3},{"damage":0,"enemies":"3 Sentries","floor":8,"turns":7},{"damage":0,"enemies":"2 Louse","floor":10,"turns":2},{"damage":8,"enemies":"Gremlin Nob","floor":12,"turns":4},{"damage":0,"enemies":"Exordium Wildlife","floor":13,"turns":2},{"damage":0,"enemies":"Large Slime","floor":14,"turns":3},{"damage":7,"enemies":"Slime Boss","floor":16,"turns":7},{"damage":13,"enemies":"Chosen","floor":18,"turns":6},{"damage":0,"enemies":"Spheric Guardian","floor":21,"turns":3},{"damage":9,"enemies":"Snake Plant","floor":22,"turns":3},{"damage":0,"enemies":"Centurion and Healer","floor":24,"turns":5},{"damage":10,"enemies":"Book of Stabbing","floor":27,"turns":5},{"damage":0,"enemies":"Automaton","floor":33,"turns":7},{"damage":0,"enemies":"3 Shapes","floor":35,"turns":2},{"damage":47,"enemies":"2 Orb Walkers","floor":37,"turns":6},{"damage":0,"enemies":"Orb Walker","floor":39,"turns":4},{"damage":0,"enemies":"Sphere and 2 Shapes","floor":47,"turns":4},{"damage":11,"enemies":"Nemesis","floor":48,"turns":7},{"damage":1,"enemies":"Time Eater","floor":50,"turns":18},{"damage":43,"enemies":"Awakened One","floor":51,"turns":18},{"damage":0,"enemies":"Shield and Spear","floor":55,"turns":6},{"damage":56,"enemies":"The Heart","floor":56,"turns":10}],"seed_played":"-2327584241855126151","potions_obtained":[{"floor":1,"key":"SteroidPotion"},{"floor":13,"key":"Swift Potion"},{"floor":16,"key":"SmokeBomb"},{"floor":22,"key":"EssenceOfSteel"}],"is_trial":false,"path_per_floor":["M","?","$","?","?","R","M","E","T","M","R","E","M","M","R","B",null,"M","?","?","M","M","R","M","R","T","E","?","R","T","$","R","B",null,"M","?","?","?","M","R","$","R","T","?","$","R","M","E","R","B","B",null,"R","$","E","B",null],"character_chosen":"DEFECT","items_purchased":["Omamori","Biased Cognition","Blood Vial","Toy Ornithopter","Mercury Hourglass","Apotheosis","Lee\u0027s Waffle","Bag of Marbles","Unceasing Top","Membership Card","Orichalcum","Ginger","Defragment","OrangePellets","Gambling Chip","Explosive Potion","Coolheaded","Anchor","PreservedInsect","ClockworkSouvenir","Defragment","Coolheaded","Happy Flower","Peace Pipe","FocusPotion","ColorlessPotion","Frozen Eye","Genetic Algorithm","MealTicket","Medical Kit","Loop","Centennial Puzzle","Block Potion","SteroidPotion","Nunchaku","Conserve Battery","Ball Lightning"],"campfire_rested":1,"item_purchase_floors":[0,0,0,0,0,0,0,0,0,0,0,0,0,0,0,0,0,3,31,31,31,31,41,41,41,41,45,45,45,54,54,54,54,54,54,54,54],"current_hp_per_floor":[78,78,78,60,60,60,62,64,64,66,66,65,67,69,69,69,76,65,65,65,67,65,65,67,67,67,59,59,71,71,71,78,78,78,78,74,31,31,33,67,67,74,74,74,74,74,74,63,74,73,31,63,74,74,74,23],"gold":183,"neow_bonus":"","is_daily":false,"chose_seed":false,"campfire_upgraded":6,"win_rate":0.0,"timestamp":1610486541,"path_taken":["M","?","$","?","?","R","M","E","T","M","R","E","?","M","R","BOSS","M","?","?","M","?","R","M","R","T","E","?","R","?","$","R","BOSS","M","?","?","?","M","R","$","R","T","?","$","R","M","E","R","BOSS","BOSS","R","$","E","BOSS"],"items_purchased_type":["Relic","Card","Relic","Relic","Relic","Card","Relic","Relic","Relic","Relic","Relic","Relic","Card","Relic","Relic","Potion","Card","Relic","Relic","Relic","Card","Card","Relic","Relic","Potion","Potion","Relic","Card","Relic","Relic","Card","Relic","Potion","Potion","Relic","Card","Card"],"build_version":"2020-12-22","purchased_purges":4,"victory":true,"max_hp_per_floor":[78,78,78,78,78,78,78,78,78,78,78,78,78,78,78,78,78,78,78,78,78,78,78,78,78,78,78,78,78,78,78,78,78,78,78,74,74,74,74,74,74,74,74,74,74,74,74,74,74,74,74,74,74,74,74,74],"relic_stats":{"Lee\u0027s Waffle":56,"Happy Flower":[21],"counters":[96,529],"Eternal Feather":87,"PreservedInsect":127,"Juzu Bracelet":0,"Ginger":[11],"Orichalcum":[216],"War Paint":["Coolheaded","Zap"],"Medical Kit":[25],"Mercury Hourglass":[501],"Blood Vial":69,"Peace Pipe":3,"OrangePellets":[24],"Centennial Puzzle":[6],"Nunchaku":[13],"Busted Crown":24,"Shuriken":[11],"Gambling Chip":[63],"Pantograph":24,"MealTicket":0,"obtain_stats":[{"Calipers":48,"Vajra":55,"Whetstone":9,"Ginger":0,"Boot":44,"Blood Vial":30,"Centennial Puzzle":55,"HornCleat":26,"Sundial":26,"Strawberry":48,"MealTicket":45,"Toxic Egg 2":0,"Girya":30,"Happy Flower":41,"Blue Candle":24,"Dead Branch":0,"Oddly Smooth Stone":11,"Eternal Feather":0,"Pen Nib":46,"War Paint":8,"Runic Dome":17,"OrangePellets":48,"Shuriken":4,"Molten Egg 2":27,"StrikeDummy":23,"Symbiotic Virus":43,"Unceasing Top":0,"Pocketwatch":0,"Meat on the Bone":9,"Darkstone Periapt":10,"Regal Pillow":19,"Lantern":12,"Torii":48,"SacredBark":34,"Bag of Preparation":0,"Incense Burner":9,"Juzu Bracelet":27,"Cursed Key":34,"Ancient Tea Set":28,"ClockworkSouvenir":31,"Frozen Eye":45,"Nunchaku":27,"Dream Catcher":40,"Matryoshka":9,"Gambling Chip":37,"Pantograph":54,"Tiny Chest":0,"Red Mask":21,"Chemical X":0,"Cracked Core":0,"InkBottle":43,"Runic Pyramid":17,"Potion Belt":19,"Lee\u0027s Waffle":0,"Inserter":17,"PreservedInsect":6,"Omamori":19,"Orichalcum":4,"Frozen Egg 2":0,"Medical Kit":0,"Mercury Hourglass":26,"Peace Pipe":41,"Anchor":7,"DataDisk":29,"CaptainsWheel":0,"Busted Crown":17,"Orrery":19,"Bag of Marbles":45,"Bottled Lightning":13,"Membership Card":0,"Toy Ornithopter":0},{"Calipers":42,"Vajra":72,"Whetstone":51,"Ginger":73,"Boot":40,"Blood Vial":16,"Centennial Puzzle":45,"HornCleat":28,"Sundial":28,"Strawberry":42,"MealTicket":90,"Toxic Egg 2":46,"Girya":86,"Happy Flower":90,"Blue Candle":28,"Dead Branch":46,"Oddly Smooth Stone":52,"Eternal Feather":46,"Pen Nib":41,"War Paint":76,"Runic Dome":9,"OrangePellets":42,"Shuriken":74,"Molten Egg 2":29,"StrikeDummy":58,"Symbiotic Virus":66,"Unceasing Top":73,"Pocketwatch":46,"Meat on the Bone":51,"Darkstone Periapt":52,"Regal Pillow":56,"Lantern":78,"Torii":69,"SacredBark":87,"Bag of Preparation":46,"Incense Burner":76,"Juzu Bracelet":86,"Cursed Key":33,"Ancient Tea Set":86,"ClockworkSouvenir":86,"Frozen Eye":90,"Nunchaku":14,"Dream Catcher":38,"Matryoshka":21,"Gambling Chip":35,"Pantograph":44,"Tiny Chest":46,"Red Mask":12,"Chemical X":46,"Cracked Core":0,"InkBottle":39,"Runic Pyramid":24,"Potion Belt":56,"Lee\u0027s Waffle":73,"Inserter":55,"PreservedInsect":4,"Omamori":25,"Orichalcum":2,"Frozen Egg 2":17,"Medical Kit":46,"Mercury Hourglass":13,"Peace Pipe":90,"Anchor":21,"DataDisk":30,"CaptainsWheel":46,"Busted Crown":81,"Orrery":10,"Bag of Marbles":67,"Bottled Lightning":7,"Membership Card":17,"Toy Ornithopter":73},{"Calipers":202,"Vajra":385,"Whetstone":252,"Ginger":395,"Boot":192,"Blood Vial":72,"Centennial Puzzle":219,"HornCleat":135,"Sundial":135,"Strawberry":202,"MealTicket":466,"Toxic Egg 2":227,"Girya":447,"Happy Flower":466,"Blue Candle":135,"Dead Branch":227,"Oddly Smooth Stone":258,"Eternal Feather":227,"Pen Nib":196,"War Paint":407,"Runic Dome":45,"OrangePellets":202,"Shuriken":397,"Molten Egg 2":137,"StrikeDummy":291,"Symbiotic Virus":334,"Unceasing Top":395,"Pocketwatch":227,"Meat on the Bone":252,"Darkstone Periapt":258,"Regal Pillow":279,"Lantern":413,"Torii":347,"SacredBark":454,"Bag of Preparation":227,"Incense Burner":407,"Juzu Bracelet":447,"Cursed Key":160,"Ancient Tea Set":447,"ClockworkSouvenir":447,"Frozen Eye":466,"Nunchaku":63,"Dream Catcher":179,"Matryoshka":101,"Gambling Chip":167,"Pantograph":214,"Tiny Chest":227,"Red Mask":56,"Chemical X":227,"Cracked Core":0,"InkBottle":185,"Runic Pyramid":119,"Potion Belt":279,"Lee\u0027s Waffle":395,"Inserter":274,"PreservedInsect":16,"Omamori":122,"Orichalcum":8,"Frozen Egg 2":86,"Medical Kit":227,"Mercury Hourglass":61,"Peace Pipe":466,"Anchor":101,"DataDisk":143,"CaptainsWheel":227,"Busted Crown":425,"Orrery":49,"Bag of Marbles":339,"Bottled Lightning":25,"Membership Card":86,"Toy Ornithopter":395}],"Toy Ornithopter":24,"Unceasing Top":[4]},"card_choices":[{"not_picked":["Double Energy","Steam","Streamline"],"picked":"SKIP","floor":1},{"not_picked":["Sunder","Storm"],"picked":"Leap","floor":7},{"not_picked":["Auto Shields","Reinforced Body"],"picked":"Defragment","floor":8},{"not_picked":["Leap","Recycle","Redo"],"picked":"SKIP","floor":10},{"not_picked":["Skim","Rip and Tear","Compile Driver"],"picked":"SKIP","floor":12},{"not_picked":["Double Energy","Compile Driver"],"picked":"Capacitor","floor":13},{"not_picked":["Skim","Blizzard","Auto Shields"],"picked":"SKIP","floor":14},{"not_picked":["Seek","Amplify"],"picked":"Echo Form","floor":16},{"not_picked":[],"picked":"Heatsinks","floor":18},{"not_picked":["Redo"],"picked":"SKIP","floor":21},{"not_picked":["Compile Driver"],"picked":"SKIP","floor":22},{"not_picked":[],"picked":"Compile Driver","floor":22},{"not_picked":["Steam+1"],"picked":"SKIP","floor":24},{"not_picked":["Sweeping Beam"],"picked":"SKIP","floor":27},{"not_picked":[],"picked":"Go for the Eyes+1","floor":37},{"not_picked":["Rebound"],"picked":"SKIP","floor":39},{"not_picked":[],"picked":"Panache","floor":44},{"not_picked":[],"picked":"Darkness","floor":47},{"not_picked":[],"picked":"Sweeping Beam+1","floor":48},{"not_picked":["Go for the Eyes"],"picked":"SKIP","floor":55}],"player_experience":622700,"relics_obtained":[{"floor":8,"key":"War Paint"},{"floor":9,"key":"Incense Burner"},{"floor":12,"key":"Lantern"},{"floor":26,"key":"Eternal Feather"},{"floor":27,"key":"Juzu Bracelet"},{"floor":30,"key":"Girya"},{"floor":37,"key":"Calipers"},{"floor":48,"key":"Vajra"},{"floor":55,"key":"Pantograph"}],"event_choices":[{"damage_healed":0,"gold_gain":0,"player_choice":"Ignored","damage_taken":0,"max_hp_gain":0,"max_hp_loss":0,"event_name":"Liars Game","floor":2,"gold_loss":0},{"damage_healed":0,"gold_gain":0,"player_choice":"Success","damage_taken":18,"relics_obtained":["Shuriken"],"max_hp_gain":0,"max_hp_loss":0,"event_name":"Scrap Ooze","floor":4,"gold_loss":0},{"damage_healed":0,"gold_gain":0,"player_choice":"Grow","damage_taken":0,"max_hp_gain":0,"max_hp_loss":0,"event_name":"Living Wall","floor":5,"gold_loss":0,"cards_upgraded":["Apotheosis"]},{"damage_healed":0,"gold_gain":0,"player_choice":"Simplicity","damage_taken":0,"max_hp_gain":0,"max_hp_loss":0,"event_name":"Back to Basics","floor":19,"gold_loss":0,"cards_upgraded":["Strike_B","Strike_B","Strike_B","Defend_B","Defend_B","Defend_B","Defend_B"]},{"damage_healed":0,"gold_gain":0,"player_choice":"Leave","damage_taken":0,"max_hp_gain":0,"max_hp_loss":0,"event_name":"FaceTrader","floor":20,"gold_loss":0},{"damage_healed":0,"gold_gain":0,"player_choice":"Obtained Relic","damage_taken":0,"relics_obtained":["Ancient Tea Set"],"max_hp_gain":0,"max_hp_loss":0,"event_name":"Addict","floor":28,"gold_loss":85},{"damage_healed":0,"gold_gain":0,"player_choice":"Max HP","damage_taken":0,"max_hp_gain":0,"max_hp_loss":4,"event_name":"Winding Halls","floor":36,"gold_loss":0},{"damage_healed":0,"gold_gain":0,"player_choice":"Fight","damage_taken":0,"max_hp_gain":0,"max_hp_loss":0,"event_name":"Mysterious Sphere","floor":37,"gold_loss":0},{"damage_healed":0,"gold_gain":999,"player_choice":"Gold","damage_taken":0,"max_hp_gain":0,"max_hp_loss":0,"event_name":"MindBloom","floor":38,"gold_loss":0,"cards_obtained":["Normality","Normality"]},{"damage_healed":0,"gold_gain":0,"player_choice":"Memory 1","damage_taken":0,"max_hp_gain":0,"max_hp_loss":0,"event_name":"SensoryStone","floor":44,"gold_loss":0}],"is_beta":false,"boss_relics":[{"not_picked":["Inserter","Philosopher\u0027s Stone"],"picked":"Busted Crown"},{"not_picked":["Runic Dome","Sozu"],"picked":"SacredBark"}],"items_purged_floors":[0,41,45,54],"is_endless":false,"potions_floor_spawned":[1,7,8,13,16,18,22,24,33,47],"ascension_level":20}}