{"host":"qm4rv4rkpk76sbxu","time":1610495420,"event":{"mods":["BaseMod","Bestiary","Block Reminder","DeckTracker","Filter the Spire","Keyboard Shortcuts","Minty Spire (QoL Compilation)","MonsterHotkey","Potion Indicator Mod","Quick Restart","Relic Stats","Slay-I","StSLib","ojb\u0027s Better Paths Mod"],"gold_per_floor":[119,269,340,50,63,63,96,96,96,114,131,142,168,180,180,258,258,278,292,305,47,66,91,91,91,91],"floor_reached":25,"language":"ENG","playtime":1725,"items_purged":["Doubt","Strike_R"],"score":470,"play_id":"55e61dd9-1da0-45b8-ad00-7b550d1cab32","local_time":"20210113005020","is_ascension_mode":true,"campfire_choices":[{"data":"Rupture","floor":6.0,"key":"SMITH"},{"data":"Armaments","floor":8.0,"key":"SMITH"},{"data":"Shockwave","floor":15.0,"key":"SMITH"},{"floor":24.0,"key":"REST"}],"circlet_count":0,"master_deck":["AscendersBane","Strike_R","Strike_R","Strike_R","Strike_R","Defend_R","Defend_R","Defend_R","Defend_R","Bash","Brutality","Rupture+1","Armaments+1","Sentinel","Shrug It Off","Sword Boomerang","Shockwave+1","Pommel Strike","Twin Strike","Feed","Shockwave","Flame Barrier","Ghostly Armor","True Grit"],"relics":["Burning Blood","Meat on the Bone","Oddly Smooth Stone","Calipers","Self Forming Clay","Gremlin Horn","Black Star","Sling","Letter Opener","Lantern"],"acts_visited":["Exordium","TheCity"],"potions_floor_usage":[],"damage_taken":[{"damage":14.0,"enemies":"Small Slimes","floor":1.0,"turns":5.0},{"damage":10.0,"enemies":"Jaw Worm","floor":5.0,"turns":6.0},{"damage":23.0,"enemies":"Gremlin Nob","floor":7.0,"turns":4.0},{"damage":2.0,"enemies":"Cultist","floor":10.0,"turns":4.0},{"damage":12.0,"enemies":"Exordium Wildlife","floor":11.0,"turns":7.0},{"damage":13.0,"enemies":"Looter","floor":12.0,"turns":4.0},{"damage":18.0,"enemies":"Lagavulin","floor":13.0,"turns":7.0},{"damage":19.0,"enemies":"Exordium Thugs","floor":14.0,"turns":4.0},{"damage":27.0,"enemies":"Hexaghost","floor":16.0,"turns":8.0},{"damage":24.0,"enemies":"Shell Parasite","floor":18.0,"turns":4.0},{"damage":19.0,"enemies":"Chosen","floor":19.0,"turns":9.0},{"damage":38.0,"enemies":"Sentry and Sphere","floor":20.0,"turns":6.0},{"damage":26.0,"enemies":"Centurion and Healer","floor":22.0,"turns":9.0},{"damage":48.0,"enemies":"Gremlin Leader","floor":23.0,"turns":8.0},{"damage":54,"enemies":"Slavers","floor":25,"turns":3}],"seed_played":"7179539289334160452","potions_obtained":[{"floor":5.0,"key":"AttackPotion"},{"floor":7.0,"key":"Weak Potion"},{"floor":12.0,"key":"BloodPotion"},{"floor":13.0,"key":"AttackPotion"},{"floor":16.0,"key":"Strength Potion"},{"floor":20.0,"key":"LiquidBronze"}],"is_trial":false,"path_per_floor":["M","?","T","$","M","R","E","R","T","M","M","M","E","M","R","B",null,"M","M","M","$","M","E","R","E"],"character_chosen":"IRONCLAD","items_purchased":["Oddly Smooth Stone","Fire Potion","Sling"],"campfire_rested":1,"item_purchase_floors":[4,4,21],"current_hp_per_floor":[60,60,60,60,56,56,51,51,51,55,49,54,54,53,53,44,67,52,55,38,38,33,24,51,0,0],"gold":91,"neow_bonus":"ONE_RANDOM_RARE_CARD","is_daily":false,"chose_seed":false,"campfire_upgraded":3,"win_rate":0.0,"timestamp":1610495420,"path_taken":["M","?","?","?","?","R","E","R","T","M","M","M","E","M","R","BOSS","M","M","M","$","?","E","R","E"],"items_purchased_type":["Relic","Potion","Relic"],"build_version":"2020-12-22","purchased_purges":2,"victory":false,"max_hp_per_floor":[75,75,75,75,75,75,75,75,75,75,75,75,75,75,75,75,75,78,82,85,85,88,92,92,92,92],"relic_stats":{"Gremlin Horn":[10,10],"counters":[15,88],"Self Forming Clay":[207],"Black Star":1,"Letter Opener":[0],"obtain_stats":[{"Lantern":23,"Calipers":7,"Gremlin Horn":13,"Self Forming Clay":9,"Oddly Smooth Stone":4,"Black Star":17,"Letter Opener":23,"Sling":21,"Burning Blood":0,"Meat on the Bone":3},{"Lantern":14,"Calipers":3,"Gremlin Horn":7,"Self Forming Clay":3,"Oddly Smooth Stone":1,"Black Star":9,"Letter Opener":14,"Sling":12,"Burning Blood":0,"Meat on the Bone":1},{"Lantern":85,"Calipers":15,"Gremlin Horn":37,"Self Forming Clay":15,"Oddly Smooth Stone":5,"Black Star":49,"Letter Opener":85,"Sling":68,"Burning Blood":0,"Meat on the Bone":5}],"Burning Blood":84,"Meat on the Bone":108},"card_choices":[{"not_picked":["Iron Wave","Metallicize"],"picked":"Rupture","floor":1.0},{"not_picked":["True Grit","Headbutt"],"picked":"Armaments","floor":5.0},{"not_picked":["Clothesline","Brutality"],"picked":"Sentinel","floor":7.0},{"not_picked":["Spot Weakness","Sword Boomerang"],"picked":"Shrug It Off","floor":10.0},{"not_picked":["Metallicize","Warcry"],"picked":"Sword Boomerang","floor":11.0},{"not_picked":["Twin Strike","Havoc"],"picked":"Shockwave","floor":12.0},{"not_picked":["Seeing Red","Headbutt"],"picked":"Pommel Strike","floor":13.0},{"not_picked":["Armaments","Burning Pact"],"picked":"Twin Strike","floor":14.0},{"not_picked":["Immolate","Exhume"],"picked":"Feed","floor":16.0},{"not_picked":["Thunderclap","Heavy Blade+1"],"picked":"Shockwave","floor":18.0},{"not_picked":["Thunderclap+1","Havoc"],"picked":"Flame Barrier","floor":19.0},{"not_picked":["Searing Blow","Sword Boomerang"],"picked":"Ghostly Armor","floor":20.0},{"not_picked":["Corruption","Perfected Strike","Anger"],"picked":"SKIP","floor":22.0},{"not_picked":["Perfected Strike+1","Twin Strike"],"picked":"True Grit","floor":23.0}],"player_experience":1268210,"relics_obtained":[{"floor":3.0,"key":"Meat on the Bone"},{"floor":7.0,"key":"Calipers"},{"floor":9.0,"key":"Self Forming Clay"},{"floor":13.0,"key":"Gremlin Horn"},{"floor":23.0,"key":"Letter Opener"},{"floor":23.0,"key":"Lantern"}],"event_choices":[{"damage_healed":0.0,"max_hp_gain":0.0,"max_hp_loss":0.0,"gold_gain":150.0,"event_name":"Liars Game","player_choice":"AGREE","floor":2.0,"gold_loss":0.0,"damage_taken":0.0,"cards_obtained":["Doubt"]}],"is_beta":false,"boss_relics":[{"not_picked":["Busted Crown","Black Blood"],"picked":"Black Star"}],"items_purged_floors":[4,21],"is_endless":false,"potions_floor_spawned":[5,7,12,13,16,20],"killed_by":"Slavers","ascension_level":20}}