{"host":"5ty8fyb0ngp9gspj","time":1610418459,"event":{"mods":["2.2 Compatiblity","AchievementEnabler","Act Like it!","BaseMod","Colored Map","Downfall","Minty Spire (QoL Compilation)","Rare Cards Sparkle","StSLib"],"gold_per_floor":[99,114,134,134,3,16,42,42,72,72,85,104,104,104,119,217,217,142,153,22,22,22,22,22,22],"floor_reached":23,"playtime":981,"items_purged":[],"score":227,"play_id":"2026a0bf-70ac-41f0-a842-38fd1f23bb38","local_time":"20210112132739","is_ascension_mode":true,"campfire_choices":[{"floor":1,"key":"RECALL"},{"data":"Slimebound:Teamwork","floor":8,"key":"SMITH"},{"data":"Slimebound:FormOfPuddle","floor":10,"key":"SMITH"},{"data":"Slimebound:Darklings","floor":18,"key":"SMITH"}],"circlet_count":0,"master_deck":["Slimebound:Strike_Slimebound","Slimebound:Strike_Slimebound","Slimebound:Tackle","Slimebound:Defend_Slimebound","Slimebound:Defend_Slimebound","Slimebound:Defend_Slimebound","Slimebound:Split","Slimebound:CorrosiveSpit","Slimebound:FlameTackle","Slimebound:RollThrough","Slimebound:Teamwork+1","Slimebound:LevelUp","Slimebound:FormOfPuddle+1","Slimebound:SlimeBrawl","Slimebound:PressTheAttack","Slimebound:SlimeSpikes","Parasite","Slimebound:SplitAcid","Slimebound:Darklings+1","Slimebound:SplitAcid+1","Slimebound:ServeAndProtect+1","Slimebound:LeadByExample","Slimebound:Prepare","Slimebound:Grow","Slimebound:LevelUp"],"relics":["Slimebound:AbsorbEndCombat","Ornamental Fan","Blood Vial","Black Star","downfall:HeartBlessingRed","downfall:RedIOU"],"acts_visited":["Exordium","TheCity"],"potions_floor_usage":[9,16],"damage_taken":[{"damage":18,"enemies":"Jaw Worm","floor":2,"turns":5},{"damage":3,"enemies":"2 Louse","floor":3,"turns":2},{"damage":7,"enemies":"downfall:FleeingMerchant","floor":5,"turns":4},{"damage":11,"enemies":"Small Slimes","floor":6,"turns":4},{"damage":31,"enemies":"Gremlin Nob","floor":9,"turns":4},{"damage":19,"enemies":"Red Slaver","floor":11,"turns":4},{"damage":6,"enemies":"3 Louse","floor":12,"turns":4},{"damage":4,"enemies":"Large Slime","floor":15,"turns":4},{"damage":37,"enemies":"downfall:Watcher","floor":16,"turns":11},{"damage":16,"enemies":"Chosen","floor":19,"turns":3},{"damage":28,"enemies":"downfall:FleeingMerchant","floor":20,"turns":4},{"damage":73,"enemies":"Slavers","floor":23,"turns":3}],"seed_played":"-8209117977980331030","potions_obtained":[{"floor":6,"key":"SneckoOil"},{"floor":11,"key":"Fire Potion"},{"floor":12,"key":"Dexterity Potion"},{"floor":14,"key":"downfall:CursedFountainPotion"}],"is_trial":false,"path_per_floor":["R","M","M","?","$","M","T","R","E","R","M","M","?","?","M","B",null,"R","M","$","?","?","E"],"character_chosen":"SLIMEBOUND","items_purchased":["Slimebound:LevelUp","Slimebound:FormOfPuddle","Slimebound:LeadByExample","Slimebound:Prepare"],"campfire_rested":0,"item_purchase_floors":[5,5,20,20],"current_hp_per_floor":[66,60,57,39,42,37,37,37,20,20,11,11,27,27,29,24,66,66,62,60,60,60,0,0,0],"gold":22,"neow_bonus":"TEN_PERCENT_HP_BONUS","is_daily":false,"chose_seed":false,"campfire_upgraded":3,"win_rate":0.0,"timestamp":1610418459,"path_taken":["R","M","M","?","$","M","T","R","E","R","M","M","?","?","M","BOSS","R","M","$","?","?","E"],"items_purchased_type":["Card","Card","Card","Card"],"build_version":"2020-12-22","purchased_purges":0,"victory":false,"max_hp_per_floor":[66,66,66,66,66,66,66,66,66,66,66,66,66,66,66,66,66,66,66,66,66,66,66,66,66],"card_choices":[{"not_picked":["Slimebound:GrowthPunch","Slimebound:ServeAndProtect"],"picked":"Slimebound:FlameTackle","floor":2},{"not_picked":["Slimebound:PressTheAttack","Slimebound:ViciousTackle"],"picked":"Slimebound:RollThrough","floor":3},{"not_picked":["Slimebound:LeechingTouch","Slimebound:SplitMire"],"picked":"Slimebound:Teamwork","floor":5},{"not_picked":["Slimebound:Nibble","Slimebound:ServeAndProtect"],"picked":"Slimebound:SlimeBrawl","floor":6},{"not_picked":["Slimebound:ProtectTheBoss","Slimebound:LeechEnergy","Slimebound:GrowthPunch"],"picked":"SKIP","floor":9},{"not_picked":["Slimebound:ViciousTackle","Slimebound:Repurpose"],"picked":"Slimebound:PressTheAttack","floor":11},{"not_picked":["Slimebound:DivideAndConquer","Slimebound:PressTheAttack"],"picked":"Slimebound:SlimeSpikes","floor":12},{"not_picked":["Slimebound:MassFeed","Slimebound:Repurpose"],"picked":"Slimebound:SplitAcid","floor":15},{"not_picked":["Slimebound:MinionMaster","Slimebound:SlimeSlap"],"picked":"Slimebound:Darklings","floor":16},{"not_picked":["Slimebound:Schlurp","Slimebound:GoopSpray"],"picked":"Slimebound:SplitAcid+1","floor":19},{"not_picked":["Slimebound:Replication","Slimebound:Schlurp"],"picked":"Slimebound:ServeAndProtect+1","floor":20}],"player_experience":352176,"relics_obtained":[{"floor":7,"key":"Blood Vial"},{"floor":9,"key":"Oddly Smooth Stone"}],"event_choices":[{"damage_healed":0,"gold_gain":0,"player_choice":"Success","damage_taken":18,"relics_obtained":["Ornamental Fan"],"max_hp_gain":0,"max_hp_loss":0,"event_name":"Scrap Ooze","floor":4,"gold_loss":0},{"damage_healed":16,"gold_gain":0,"player_choice":"Healed and dodged fight","damage_taken":0,"max_hp_gain":0,"max_hp_loss":0,"event_name":"Mushrooms","floor":13,"gold_loss":0,"cards_obtained":["Parasite"]},{"damage_healed":0,"gold_gain":0,"cards_transformed":["Slimebound:Strike_Slimebound","Slimebound:Defend_Slimebound"],"player_choice":"Became Test Subject","damage_taken":0,"max_hp_gain":0,"max_hp_loss":0,"event_name":"Drug Dealer","floor":22,"gold_loss":0,"cards_obtained":["Slimebound:Grow","Slimebound:LevelUp"]}],"is_beta":false,"boss_relics":[{"not_picked":["Empty Cage","SlaversCollar"],"picked":"Black Star"}],"items_purged_floors":[],"is_endless":false,"potions_floor_spawned":[6,11,12,15],"killed_by":"Slavers","ascension_level":4}}