{"host":"sav7uxregyirlf69","time":1610420555,"event":{"mods":["AchievementEnabler","BaseMod","Colored Map","DeckTracker","Keyboard Shortcuts","Minty Spire (QoL Compilation)","READ ME - Guardian Mod","StSLib","SuperFastMode"],"gold_per_floor":[114,130,130,130,140,140,65,76,76,101,101,101,1,21,21,21,21],"floor_reached":16,"playtime":224,"items_purged":["Decay","Strike_G"],"score":200,"play_id":"300c4f74-0212-4579-94d4-4132bf7b235f","local_time":"20210112120235","is_ascension_mode":true,"campfire_choices":[{"data":"Eviscerate","floor":6,"key":"SMITH"},{"data":"Well Laid Plans","floor":12,"key":"SMITH"},{"floor":15,"key":"REST"}],"circlet_count":0,"master_deck":["AscendersBane","Strike_G","Strike_G","Strike_G","Defend_G","Defend_G","Defend_G","Defend_G","Defend_G","Survivor","Neutralize","Dagger Throw","Eviscerate+1","Unload","Calculated Gamble","Well Laid Plans+1","Acrobatics"],"relics":["Ring of the Snake","NeowsBlessing","Mummified Hand","Blood Vial"],"acts_visited":["Exordium"],"potions_floor_usage":[10,16,16],"damage_taken":[{"damage":0,"enemies":"Jaw Worm","floor":1,"turns":1},{"damage":0,"enemies":"2 Louse","floor":2,"turns":1},{"damage":0,"enemies":"Cultist","floor":5,"turns":1},{"damage":1,"enemies":"Blue Slaver","floor":8,"turns":3},{"damage":30,"enemies":"Lagavulin","floor":10,"turns":9},{"damage":12,"enemies":"Exordium Thugs","floor":14,"turns":3},{"damage":34,"enemies":"Slime Boss","floor":16,"turns":7}],"seed_played":"3909556335994956916","potions_obtained":[{"floor":2,"key":"Dexterity Potion"},{"floor":8,"key":"SpeedPotion"},{"floor":10,"key":"LiquidBronze"},{"floor":14,"key":"Fire Potion"}],"is_trial":false,"path_per_floor":["M","M","?","?","M","R","$","M","T","E","?","R","$","M","R","B"],"character_chosen":"THE_SILENT","items_purchased":[],"campfire_rested":1,"item_purchase_floors":[],"current_hp_per_floor":[59,59,52,52,52,52,52,51,51,21,21,21,21,11,30,0,0],"gold":21,"neow_bonus":"THREE_ENEMY_KILL","is_daily":false,"chose_seed":false,"campfire_upgraded":2,"win_rate":0.0,"timestamp":1610420555,"path_taken":["M","M","?","?","M","R","$","?","T","E","?","R","?","?","R","BOSS"],"items_purchased_type":[],"build_version":"2020-12-22","purchased_purges":2,"victory":false,"max_hp_per_floor":[66,66,66,66,66,66,66,66,66,66,66,66,66,66,66,66,66],"card_choices":[{"not_picked":["Deflect","Cloak And Dagger"],"picked":"Dagger Throw","floor":1},{"not_picked":["Infinite Blades","Quick Slash"],"picked":"Eviscerate","floor":2},{"not_picked":["Quick Slash","Blade Dance"],"picked":"Unload","floor":5},{"not_picked":["Deflect","Outmaneuver"],"picked":"Calculated Gamble","floor":8},{"not_picked":["Flechettes","Heel Hook"],"picked":"Well Laid Plans","floor":10},{"not_picked":["Outmaneuver","Deflect"],"picked":"Acrobatics","floor":14}],"player_experience":1258351,"relics_obtained":[{"floor":9,"key":"Mummified Hand"},{"floor":10,"key":"Blood Vial"}],"event_choices":[{"cards_removed":["Strike_G"],"damage_healed":0,"gold_gain":0,"player_choice":"Card Removal","damage_taken":7,"max_hp_gain":0,"max_hp_loss":0,"event_name":"Golden Wing","floor":3,"gold_loss":0},{"damage_healed":0,"gold_gain":0,"player_choice":"Cursed","damage_taken":0,"max_hp_gain":0,"max_hp_loss":0,"event_name":"Wheel of Change","floor":4,"gold_loss":0,"cards_obtained":["Decay"]},{"damage_healed":0,"gold_gain":0,"player_choice":"Ignored","damage_taken":0,"max_hp_gain":0,"max_hp_loss":0,"event_name":"Liars Game","floor":11,"gold_loss":0}],"is_beta":false,"boss_relics":[],"items_purged_floors":[7,13],"is_endless":false,"potions_floor_spawned":[2,8,10,14],"killed_by":"Slime Boss","ascension_level":20}}