{"host":"oiw60b5ins9fyx34","time":1610446557,"event":{"mods":["BaseMod","Colored Map","Colored Powertips","Minty Spire (QoL Compilation)","Permanent Neow","Quick Restart","Rare Cards Sparkle","Relic Stats","StSLib"],"gold_per_floor":[111,129,141,141,141,141,141,141,141,184,199,242,242,275,275,406,406,406],"floor_reached":17,"playtime":432,"items_purged":[],"score":182,"play_id":"3c9476d7-0d29-44b9-9c26-e41fdfb9dcf1","local_time":"20210112191557","is_ascension_mode":true,"campfire_choices":[{"data":"Static Discharge","floor":6,"key":"SMITH"},{"data":"Zap","floor":8,"key":"SMITH"},{"floor":13,"key":"REST"},{"floor":15,"key":"REST"}],"circlet_count":0,"master_deck":["Strike_B","Strike_B","Strike_B","Defend_B","Defend_B","Defend_B","Defend_B","Zap+1","Dualcast","Gash","Static Discharge+1","Coolheaded","Ball Lightning","Scrape","Cold Snap","Biased Cognition"],"relics":["Cracked Core","NeowsBlessing","Golden Idol","Symbiotic Virus","Potion Belt","Smiling Mask","Shuriken","Nuclear Battery"],"acts_visited":["Exordium","TheCity"],"potions_floor_usage":[12,16],"damage_taken":[{"damage":0,"enemies":"Jaw Worm","floor":1,"turns":1},{"damage":0,"enemies":"Small Slimes","floor":2,"turns":1},{"damage":0,"enemies":"2 Louse","floor":3,"turns":1},{"damage":28,"enemies":"Gremlin Nob","floor":10,"turns":3},{"damage":6,"enemies":"Large Slime","floor":11,"turns":5},{"damage":12,"enemies":"3 Sentries","floor":12,"turns":3},{"damage":14,"enemies":"Gremlin Nob","floor":14,"turns":3},{"damage":24,"enemies":"The Guardian","floor":16,"turns":9}],"seed_played":"5486274733005981517","potions_obtained":[{"floor":1,"key":"DuplicationPotion"},{"floor":10,"key":"FearPotion"},{"floor":11,"key":"Weak Potion"},{"floor":16,"key":"DuplicationPotion"}],"is_trial":false,"path_per_floor":["M","M","M","?","?","R","?","R","T","E","M","E","R","E","R","B",null],"character_chosen":"DEFECT","items_purchased":[],"campfire_rested":2,"item_purchase_floors":[],"current_hp_per_floor":[75,75,75,68,73,73,53,53,53,25,19,7,31,17,41,17,80,80],"gold":406,"neow_bonus":"THREE_ENEMY_KILL","is_daily":false,"chose_seed":false,"campfire_upgraded":2,"win_rate":0.0,"timestamp":1610446557,"path_taken":["M","M","M","?","?","R","?","R","T","E","M","E","R","E","R","BOSS"],"items_purchased_type":[],"build_version":"2020-12-22","purchased_purges":0,"victory":false,"max_hp_per_floor":[75,75,75,75,80,80,80,80,80,80,80,80,80,80,80,80,80,80],"relic_stats":{"counters":[8,26],"Golden Idol":54,"Shuriken":[3],"Smiling Mask":0,"obtain_stats":[{"Potion Belt":10,"NeowsBlessing":0,"Golden Idol":7,"Shuriken":14,"Cracked Core":0,"Symbiotic Virus":9,"Smiling Mask":12,"Nuclear Battery":17},{"Potion Belt":4,"NeowsBlessing":0,"Golden Idol":3,"Shuriken":7,"Cracked Core":0,"Symbiotic Virus":3,"Smiling Mask":6,"Nuclear Battery":8},{"Potion Belt":6,"NeowsBlessing":0,"Golden Idol":3,"Shuriken":17,"Cracked Core":0,"Symbiotic Virus":3,"Smiling Mask":14,"Nuclear Battery":26}]},"card_choices":[{"not_picked":["White Noise","Turbo"],"picked":"Gash","floor":1},{"not_picked":["Ball Lightning","Compile Driver"],"picked":"Static Discharge","floor":2},{"not_picked":["Streamline","Stack"],"picked":"Coolheaded","floor":3},{"not_picked":["Gash","Static Discharge","Force Field"],"picked":"SKIP","floor":10},{"not_picked":["Hyperbeam","Leap"],"picked":"Ball Lightning","floor":11},{"not_picked":["Gash","Turbo"],"picked":"Scrape","floor":12},{"not_picked":["Beam Cell","Reprogram"],"picked":"Cold Snap","floor":14},{"not_picked":["Thunder Strike","Hyperbeam"],"picked":"Biased Cognition","floor":16}],"player_experience":631490,"relics_obtained":[{"floor":9,"key":"Symbiotic Virus"},{"floor":10,"key":"Potion Belt"},{"floor":12,"key":"Smiling Mask"},{"floor":14,"key":"Shuriken"}],"event_choices":[{"cards_removed":["Strike_B"],"damage_healed":0,"gold_gain":0,"player_choice":"Card Removal","damage_taken":7,"max_hp_gain":0,"max_hp_loss":0,"event_name":"Golden Wing","floor":4,"gold_loss":0},{"damage_healed":0,"gold_gain":0,"player_choice":"Donut","damage_taken":0,"max_hp_gain":5,"max_hp_loss":0,"event_name":"Big Fish","floor":5,"gold_loss":0},{"damage_healed":0,"gold_gain":0,"player_choice":"Take Damage","damage_taken":20,"relics_obtained":["Golden Idol"],"max_hp_gain":0,"max_hp_loss":0,"event_name":"Golden Idol","floor":7,"gold_loss":0}],"is_beta":false,"boss_relics":[{"not_picked":["SlaversCollar","Runic Dome"],"picked":"Nuclear Battery"}],"items_purged_floors":[],"is_endless":false,"potions_floor_spawned":[1,10,11,16],"ascension_level":1}}