{"host":"65a95dzim48ko8ke","time":1610448677,"event":{"mods":["BaseMod","Colored Powertips","Minty Spire (QoL Compilation)","Permanent Neow","Quick Restart","Rare Cards Sparkle","Replay The Spire","StSLib","The Mystic"],"gold_per_floor":[110,154,329,340,352,352,368,63,63,63,92,108,136,148,148,251,251,263,4,18,18,38,38,66,19,19,44,44,62,80,95,95,95,95],"floor_reached":33,"playtime":2552,"items_purged":["Doubt","Regret"],"score":299,"play_id":"aebd73cd-8202-4395-ad4a-325837d39d8c","local_time":"20210112195117","is_ascension_mode":false,"campfire_choices":[{"data":"mysticmod:CorrosiveTouch","floor":6.0,"key":"SMITH"},{"floor":15.0,"key":"DIG"},{"data":"mysticmod:Doublecast","floor":23,"key":"SMITH"},{"data":"mysticmod:PreparedCaster","floor":28,"key":"SMITH"},{"data":"mysticmod:StyleChange","floor":32,"key":"SMITH"}],"circlet_count":0,"master_deck":["mysticmod:Strike_Mystic","mysticmod:Strike_Mystic","mysticmod:Strike_Mystic","mysticmod:Strike_Mystic","mysticmod:Defend_Mystic","mysticmod:Defend_Mystic","mysticmod:Defend_Mystic","mysticmod:Defend_Mystic","mysticmod:ArcaneDodge","mysticmod:ShockingGrasp+1","mysticmod:CorrosiveTouch+1","mysticmod:LightningBolt","mysticmod:Riposte","mysticmod:PunishingArmor","mysticmod:BulkUp","mysticmod:Doublecast+1","mysticmod:Disintegrate","mysticmod:BladedDash","mysticmod:MagicWeapon","mysticmod:Riposte","mysticmod:Lunge","mysticmod:ArcaneAccuracy","mysticmod:ArcaneAccuracy","mysticmod:EarthenWall+1","mysticmod:MagicMissile","mysticmod:Sideswipe","ReplayTheSpireMod:Splinters","mysticmod:PreparedCaster+1","mysticmod:Shield+1","mysticmod:CorrosiveTouch","mysticmod:ComponentsPouch","mysticmod:DiviningBlow+1","mysticmod:BladeMaster+1","mysticmod:StyleChange+1"],"relics":["mysticmod:SpellBook","The Courier","Counterbalance","ReplayTheSpireMod:Ninjato","ReplayTheSpireMod:Shallot","Snack Pack","mysticmod:RunicPrism","Bag of Marbles","Replay:Bronze Core","ClockworkSouvenir","Ring of Fangs","Ring of Panic","Prayer Wheel","ReplayTheSpireMod:CursedCoin","Replay:Ringing Soul","Tiny Chest"],"acts_visited":["Exordium","TheCity"],"potions_floor_usage":[27,33,33],"damage_taken":[{"damage":0.0,"enemies":"Jaw Worm","floor":1.0,"turns":4.0},{"damage":0.0,"enemies":"2 Louse","floor":4.0,"turns":2.0},{"damage":1.0,"enemies":"Small Slimes","floor":5.0,"turns":3.0},{"damage":0.0,"enemies":"Blue Slaver","floor":7.0,"turns":3.0},{"damage":17.0,"enemies":"Gremlin Nob","floor":11.0,"turns":4.0},{"damage":5.0,"enemies":"Lots of Slimes","floor":12.0,"turns":4.0},{"damage":2.0,"enemies":"Lagavulin","floor":13.0,"turns":6.0},{"damage":2.0,"enemies":"Exordium Thugs","floor":14.0,"turns":3.0},{"damage":26.0,"enemies":"Slime Boss","floor":16.0,"turns":7.0},{"damage":0.0,"enemies":"Spheric Guardian","floor":18.0,"turns":1.0},{"damage":5.0,"enemies":"3 Byrds","floor":20.0,"turns":4.0},{"damage":11.0,"enemies":"Snecko","floor":22.0,"turns":5.0},{"damage":6,"enemies":"Slavers","floor":24,"turns":5},{"damage":7,"enemies":"Replay:Snechameleon","floor":27,"turns":6},{"damage":30,"enemies":"Snake Plant","floor":29,"turns":4},{"damage":15,"enemies":"Sentry and Sphere","floor":30,"turns":4},{"damage":0,"enemies":"Cultist and Chosen","floor":31,"turns":5},{"damage":41,"enemies":"Pondfish","floor":33,"turns":4}],"seed_played":"-5358092574441861920","potions_obtained":[{"floor":4.0,"key":"BlessingOfTheForge"},{"floor":11.0,"key":"LiquidMemories"},{"floor":12.0,"key":"Fire Potion"},{"floor":14.0,"key":"Elixir"},{"floor":22.0,"key":"Explosive Potion"},{"floor":24,"key":"SkillPotion"},{"floor":27,"key":"LiquidBronze"}],"is_trial":false,"path_per_floor":["M","?","?","M","M","R","M","$","T","?","E","M","E","M","R","B",null,"M","$","M","?","M","R","E","$","T","E","R","M","M","M","R","B"],"character_chosen":"MYSTIC_CLASS","items_purchased":["Counterbalance","ClockworkSouvenir","mysticmod:ArcaneAccuracy","ReplayTheSpireMod:CursedCoin","Replay:Ringing Soul"],"campfire_rested":0,"item_purchase_floors":[8,19,19,25,25],"current_hp_per_floor":[77,58,58,58,57,57,57,57,57,57,40,39,39,37,37,17,77,77,77,72,72,65,65,65,65,65,65,65,42,32,41,41,0,0],"gold":95,"neow_bonus":"RANDOM_EVENT","is_daily":false,"chose_seed":false,"campfire_upgraded":4,"win_rate":0.0,"timestamp":1610448677,"path_taken":["M","?","?","M","M","R","M","$","T","?","E","?","E","M","R","BOSS","M","$","?","?","M","R","E","?","T","E","R","M","M","?","R","BOSS"],"items_purchased_type":["Relic","Relic","Card","Relic","Relic"],"build_version":"2020-12-22","purchased_purges":2,"victory":false,"max_hp_per_floor":[77,77,77,77,77,77,77,77,77,77,77,77,77,77,77,77,77,77,77,77,77,77,77,77,77,77,80,80,83,86,89,89,89,89],"card_choices":[{"not_picked":["mysticmod:Riposte","mysticmod:TomeOfSpells"],"picked":"mysticmod:CorrosiveTouch","floor":1.0},{"not_picked":["mysticmod:AllIn","mysticmod:SuddenClarity"],"picked":"mysticmod:LightningBolt","floor":2.0},{"not_picked":["mysticmod:IllusionOfCalm","mysticmod:PureInstinct"],"picked":"mysticmod:Riposte","floor":2.0},{"not_picked":["mysticmod:DiviningBlow","mysticmod:ComponentsPouch"],"picked":"mysticmod:PunishingArmor","floor":4.0},{"not_picked":["mysticmod:Riposte","mysticmod:ChargedParry"],"picked":"mysticmod:BulkUp","floor":5.0},{"not_picked":["mysticmod:HeavyStrike","mysticmod:BladeMaster"],"picked":"mysticmod:Doublecast","floor":7.0},{"not_picked":["mysticmod:ArcaneAccuracy","mysticmod:PowerAttack"],"picked":"mysticmod:Disintegrate","floor":11.0},{"not_picked":["mysticmod:LightningBolt","mysticmod:RapidCaster"],"picked":"mysticmod:BladedDash","floor":12.0},{"not_picked":["mysticmod:HeavyStrike","mysticmod:ComponentsPouch"],"picked":"mysticmod:MagicWeapon","floor":13.0},{"not_picked":["mysticmod:ComponentsPouch","mysticmod:Shield"],"picked":"mysticmod:Riposte","floor":14.0},{"not_picked":["mysticmod:MysticalShield","mysticmod:ObscuringMist"],"picked":"mysticmod:Lunge","floor":16.0},{"not_picked":["mysticmod:LightningBolt","mysticmod:Probe"],"picked":"mysticmod:ArcaneAccuracy","floor":18.0},{"not_picked":["mysticmod:Alacrity","mysticmod:TomeOfSpells+1"],"picked":"mysticmod:EarthenWall+1","floor":20.0},{"not_picked":["mysticmod:ComponentsPouch","mysticmod:Riposte"],"picked":"mysticmod:MagicMissile","floor":22.0},{"not_picked":["mysticmod:ComponentsPouch+1","mysticmod:FiveFootStep"],"picked":"mysticmod:Sideswipe","floor":24},{"not_picked":["mysticmod:Daze","mysticmod:HunkerDown"],"picked":"mysticmod:PreparedCaster","floor":27},{"not_picked":["mysticmod:LightningBolt+1","mysticmod:ClosingBarrage"],"picked":"mysticmod:Shield+1","floor":29},{"not_picked":["mysticmod:ComponentsPouch","mysticmod:EarthenWall"],"picked":"mysticmod:CorrosiveTouch","floor":29},{"not_picked":["mysticmod:PureInstinct","mysticmod:Daze"],"picked":"mysticmod:ComponentsPouch","floor":30},{"not_picked":["mysticmod:SpellCombat","mysticmod:Riposte"],"picked":"mysticmod:DiviningBlow+1","floor":30},{"not_picked":["mysticmod:Snowball","mysticmod:TomeOfSpells"],"picked":"mysticmod:BladeMaster+1","floor":31},{"not_picked":["mysticmod:DiviningBlow","mysticmod:LightningBolt"],"picked":"mysticmod:StyleChange","floor":31}],"player_experience":286404,"relics_obtained":[{"floor":2.0,"key":"The Courier"},{"floor":9.0,"key":"ReplayTheSpireMod:Ninjato"},{"floor":11.0,"key":"Snack Pack"},{"floor":13.0,"key":"mysticmod:RunicPrism"},{"floor":15.0,"key":"Bag of Marbles"},{"floor":21.0,"key":"Ring of Fangs"},{"floor":21.0,"key":"Ring of Panic"},{"floor":24,"key":"Prayer Wheel"},{"floor":27,"key":"Tiny Chest"}],"event_choices":[{"damage_healed":0.0,"max_hp_gain":0.0,"max_hp_loss":0.0,"gold_gain":175.0,"event_name":"Liars Game","player_choice":"AGREE","floor":3.0,"gold_loss":0.0,"damage_taken":0.0,"cards_obtained":["Doubt"]},{"damage_healed":0.0,"max_hp_gain":0.0,"max_hp_loss":0.0,"gold_gain":0.0,"event_name":"Big Fish","player_choice":"Box","floor":10.0,"gold_loss":0.0,"damage_taken":0.0,"relics_obtained":["ReplayTheSpireMod:Shallot"],"cards_obtained":["Regret"]}],"is_beta":false,"boss_relics":[{"not_picked":["mysticmod:BlessedBook","Ectoplasm"],"picked":"Replay:Bronze Core"}],"items_purged_floors":[8,19],"is_endless":false,"potions_floor_spawned":[4,11,12,14,22,24,27],"killed_by":"Pondfish","ascension_level":0}}