{"host":"8i4doyxqctgl5qb0","time":1610445695,"event":{"mods":["AchievementEnabler","BaseMod","Block Reminder","Colored Powertips","Downfall","Hermit","Minty Spire (QoL Compilation)","Permanent Neow","Potion Indicator Mod","Rare Cards Sparkle","StSLib","SuperFastMode","The Jungle"],"gold_per_floor":[111,121,133,83,83,83,103,103,129,18,47,59,77,77,77],"floor_reached":14,"playtime":258,"items_purged":["Strike_R"],"score":119,"play_id":"e1c233ad-c688-4a0a-bc41-23858c81f2e1","local_time":"20210112180135","is_ascension_mode":true,"campfire_choices":[{"data":"Armaments","floor":6,"key":"SMITH"},{"data":"Flex","floor":8,"key":"SMITH"}],"circlet_count":0,"master_deck":["Strike_R","Strike_R","Strike_R","Defend_R","Defend_R","Defend_R","Defend_R","Bash","Flex+1","Armaments+1","Inflame","Flame Barrier","Flex"],"relics":["Burning Blood","NeowsBlessing","Toy Ornithopter","Dream Catcher","Odd Mushroom"],"acts_visited":["Exordium"],"potions_floor_usage":[14],"damage_taken":[{"damage":0,"enemies":"Cultist","floor":1,"turns":1},{"damage":0,"enemies":"Small Slimes","floor":2,"turns":1},{"damage":0,"enemies":"2 Louse","floor":3,"turns":1},{"damage":10,"enemies":"Exordium Wildlife","floor":7,"turns":5},{"damage":31,"enemies":"The Mushroom Lair","floor":11,"turns":5},{"damage":11,"enemies":"Red Slaver","floor":12,"turns":5},{"damage":37,"enemies":"Large Slime","floor":13,"turns":10},{"damage":20,"enemies":"3 Sentries","floor":14,"turns":2}],"seed_played":"8287511011774600190","potions_obtained":[{"floor":2,"key":"SteroidPotion"},{"floor":3,"key":"Energy Potion"}],"is_trial":false,"path_per_floor":["M","M","M","?","?","R","M","R","T","$","?","M","M","E"],"character_chosen":"IRONCLAD","items_purchased":["Inflame"],"campfire_rested":0,"item_purchase_floors":[10],"current_hp_per_floor":[78,80,80,80,73,73,69,69,69,69,44,39,8,0,0],"gold":77,"neow_bonus":"THREE_ENEMY_KILL","is_daily":false,"chose_seed":false,"campfire_upgraded":2,"win_rate":0.0,"timestamp":1610445695,"path_taken":["M","M","?","?","?","R","M","R","T","$","?","?","M","E"],"items_purchased_type":["Card"],"build_version":"2020-12-22","purchased_purges":1,"victory":false,"max_hp_per_floor":[80,80,80,80,80,80,80,80,80,80,80,80,80,80,80],"card_choices":[{"not_picked":["Armaments","Fire Breathing"],"picked":"Flex","floor":1},{"not_picked":["Anger","Twin Strike","Body Slam"],"picked":"SKIP","floor":2},{"not_picked":["Thunderclap","Clothesline"],"picked":"Armaments","floor":3},{"not_picked":["Havoc","Clash","Blood for Blood"],"picked":"SKIP","floor":7},{"not_picked":["Havoc","Ghostly Armor"],"picked":"Flame Barrier","floor":11},{"not_picked":["True Grit","Ghostly Armor","Carnage"],"picked":"SKIP","floor":12},{"not_picked":["Twin Strike","Anger"],"picked":"Flex","floor":13}],"player_experience":169437,"relics_obtained":[{"floor":9,"key":"Dream Catcher"},{"floor":11,"key":"Odd Mushroom"}],"event_choices":[{"cards_removed":["Strike_R"],"damage_healed":0,"gold_gain":0,"player_choice":"Card Removal","damage_taken":0,"max_hp_gain":0,"max_hp_loss":0,"event_name":"The Cleric","floor":4,"gold_loss":50},{"damage_healed":0,"gold_gain":0,"player_choice":"Success","damage_taken":7,"relics_obtained":["Toy Ornithopter"],"max_hp_gain":0,"max_hp_loss":0,"event_name":"Scrap Ooze","floor":5,"gold_loss":0},{"damage_healed":0,"gold_gain":0,"player_choice":"Fought Mushrooms","damage_taken":0,"max_hp_gain":0,"max_hp_loss":0,"event_name":"Mushrooms","floor":11,"gold_loss":0}],"is_beta":false,"boss_relics":[],"items_purged_floors":[10],"is_endless":false,"potions_floor_spawned":[2,3],"killed_by":"3 Sentries","ascension_level":9}}