{"host":"zksvs3x2ysy9npnz","time":1610489761,"event":{"mods":["Aspiration","BaseMod","Beaked The Cultist","BetterRewards","Clockwork Mod","Colored Map","Conspire","Downfall","Duelist Mod","Ekko","Energized Spire","Fiend Mod","Halation","Highlight Path","Hubris","Hunter ??","Infinite Spire","Jedi Mod","JesterMod","Magitek Elite","Minty Spire (QoL Compilation)","Permanent Neow","Quick Restart","Relic Stats","Replay The Spire","Retaliation","Shade Mod","Shop Mod","StSLib","The Construct","The Poker Player","The Runesmith","The Witch","thorton"],"gold_per_floor":[99,118,103,103,168,93,118,136,236,264,281,281,206,233,248,248,248],"floor_reached":16,"playtime":866,"items_purged":[],"score":149,"play_id":"49343af0-5660-415d-8801-f24710845af3","local_time":"20210112231601","is_ascension_mode":true,"campfire_choices":[{"floor":1,"key":"RECALL"},{"data":"hexamod:GhostOfSpirePresent","floor":6,"key":"SMITH"},{"floor":13,"key":"REST"}],"circlet_count":0,"master_deck":["hexamod:Strike","hexamod:Strike","hexamod:Strike","hexamod:Strike","hexamod:Defend","hexamod:Defend","hexamod:Defend","hexamod:Defend","hexamod:Sear","hexamod:Float","hexamod:GhostOfSpirePresent+1","hexamod:FirstSeal","hexamod:FlamesFromBeyond","hexamod:GhostflameBarrier","hexamod:EmpoweringStance","hexamod:ExtraCrispy","hexamod:GhostLash","theDuelist:CursedBill","hexamod:Sear","ReplayTheSpireMod:Trickstab","hexamod:FourthSeal","hexamod:ApocalypticArmor","hexamod:SoulSteal","hexamod:ThermalTransfer","hexamod:Rewind"],"relics":["hexamod:SpiritBrand","Juzu Bracelet","Vajra","downfall:HeartBlessingRed","downfall:GremlinSack","hubris:TenFootPole","downfall:BrokenWingStatue","downfall:HeartBlessingBlue","halation:BlackBeret"],"acts_visited":["Exordium"],"potions_floor_usage":[9,9,11,14,15,16,16,16,16],"damage_taken":[{"damage":0,"enemies":"Cultist","floor":2,"turns":3},{"damage":4,"enemies":"downfall:FleeingMerchant","floor":3,"turns":4},{"damage":33,"enemies":"3 Sentries","floor":5,"turns":9},{"damage":10,"enemies":"Small Slimes","floor":8,"turns":3},{"damage":13,"enemies":"Small Slimes","floor":9,"turns":5},{"damage":29,"enemies":"3 Sentries","floor":10,"turns":7},{"damage":2,"enemies":"2 Louse","floor":11,"turns":2},{"damage":29,"enemies":"Lagavulin","floor":14,"turns":7},{"damage":0,"enemies":"Red Slaver","floor":15,"turns":3},{"damage":32,"enemies":"downfall:Ironclad","floor":16,"turns":5}],"seed_played":"-635222743501082505","potions_obtained":[{"floor":2,"key":"SteroidPotion"},{"floor":5,"key":"Flashbang"},{"floor":10,"key":"DistilledChaos"},{"floor":11,"key":"CultistPotion"},{"floor":14,"key":"EntropicBrew"},{"floor":15,"key":"GamblersBrew"},{"floor":15,"key":"Fruit Juice"}],"is_trial":false,"path_per_floor":["R","M","$","?","?","R","T","M","?","E","M","?","R","E","M","B"],"character_chosen":"THE_SPIRIT","items_purchased":[],"campfire_rested":1,"item_purchase_floors":[],"current_hp_per_floor":[70,70,66,66,40,40,40,37,31,9,14,14,48,26,31,0,0],"gold":248,"neow_bonus":"RANDOM_COMMON_RELIC","is_daily":false,"chose_seed":false,"campfire_upgraded":1,"win_rate":0.0,"timestamp":1610489761,"path_taken":["R","M","?","?","?","R","T","M","?","E","M","?","R","E","M","BOSS"],"items_purchased_type":[],"build_version":"2020-12-22","purchased_purges":0,"victory":false,"max_hp_per_floor":[70,70,70,70,70,70,70,70,70,70,70,70,80,80,85,85,85],"relic_stats":{"counters":[10,48],"Juzu Bracelet":2,"obtain_stats":[{"halation:BlackBeret":14,"downfall:BrokenWingStatue":12,"downfall:HeartBlessingRed":6,"downfall:GremlinSack":9,"downfall:HeartBlessingBlue":13,"Vajra":5,"Juzu Bracelet":0,"hubris:TenFootPole":10,"hexamod:SpiritBrand":0},{"halation:BlackBeret":8,"downfall:BrokenWingStatue":7,"downfall:HeartBlessingRed":3,"downfall:GremlinSack":5,"downfall:HeartBlessingBlue":7,"Vajra":3,"Juzu Bracelet":0,"hubris:TenFootPole":6,"hexamod:SpiritBrand":0},{"halation:BlackBeret":40,"downfall:BrokenWingStatue":33,"downfall:HeartBlessingRed":16,"downfall:GremlinSack":24,"downfall:HeartBlessingBlue":33,"Vajra":16,"Juzu Bracelet":0,"hubris:TenFootPole":31,"hexamod:SpiritBrand":0}]},"card_choices":[{"not_picked":["hexamod:BurningTouch","hexamod:Hexaguard"],"picked":"hexamod:GhostOfSpirePresent","floor":2},{"not_picked":["hexamod:SpectersWail","hexamod:SwordOfDarkness"],"picked":"hexamod:FirstSeal","floor":3},{"not_picked":["hexamod:SpectersWail","hexamod:SpectralSpark"],"picked":"hexamod:FlamesFromBeyond","floor":5},{"not_picked":["hexamod:Haunt","hexamod:GhostLash"],"picked":"hexamod:GhostflameBarrier","floor":8},{"not_picked":["hexamod:HauntingEcho","hexamod:StepThrough"],"picked":"hexamod:FourthSeal","floor":9},{"not_picked":["hexamod:NightmareStrike","hexamod:HeatMetal"],"picked":"hexamod:ApocalypticArmor","floor":10},{"not_picked":["hexamod:RainOfEmbers","hexamod:BacktrackSmack"],"picked":"hexamod:SoulSteal","floor":11},{"not_picked":["hexamod:GhostShield","hexamod:NightmareGuise"],"picked":"hexamod:ThermalTransfer","floor":14},{"not_picked":["hexamod:FastForward","hexamod:SpectersWail"],"picked":"hexamod:Rewind","floor":15}],"player_experience":2500170,"relics_obtained":[{"floor":5,"key":"Vajra"},{"floor":9,"key":"downfall:GremlinSack"},{"floor":10,"key":"hubris:TenFootPole"},{"floor":14,"key":"halation:BlackBeret"}],"event_choices":[],"is_beta":false,"boss_relics":[],"items_purged_floors":[],"is_endless":false,"potions_floor_spawned":[2,5,15],"killed_by":"downfall:Ironclad","ascension_level":3}}