{"host":"dqv8oo4v229c1o2l","time":1610411385,"event":{"mods":["AchievementEnabler","BaseMod","Colored Map","Colored Powertips","Minty Spire (QoL Compilation)","Quick Restart","Rare Cards Sparkle","StSLib","Synergy Search"],"gold_per_floor":[116,136,136,211,211,211,240,251,274,289,320,320,320,32,32,131,131,143,143,155,155,169,169,204,60,109,109,109,124,124,143,143,243,293,303,303,303,317,327,327,358,375,375,395,406,416,32,32,32,32,32],"floor_reached":50,"playtime":2419,"items_purged":[],"score":605,"play_id":"c181b798-7663-4fa6-8c2d-45a4a97a57ee","local_time":"20210111162945","is_ascension_mode":true,"campfire_choices":[{"data":"Neutralize","floor":6.0,"key":"SMITH"},{"data":"Adrenaline","floor":13.0,"key":"SMITH"},{"data":"1","floor":15.0,"key":"LIFT"},{"data":"2","floor":23.0,"key":"LIFT"},{"data":"3","floor":27.0,"key":"LIFT"},{"floor":30.0,"key":"RECALL"},{"floor":32.0,"key":"REST"},{"floor":40.0,"key":"REST"},{"floor":49.0,"key":"REST"}],"circlet_count":0,"master_deck":["Defend_G","Defend_G+1","Defend_G","Defend_G","Survivor","Neutralize+1","Dagger Throw+1","Blur","Backflip","Skewer","Adrenaline+1","Underhanded Strike+1","Acrobatics","Blade Dance","Underhanded Strike+1","Glass Knife+1","Bite+1","Bite+1","Bite+1","Bite+1","Bite+1","Flechettes+1","Prepared","Adrenaline","Tactician","Infinite Blades+1","Glass Knife+1","Accuracy+1","Infinite Blades","Footwork","Blade Dance+1","Blade Dance","Calculated Gamble+1"],"relics":["Ring of the Snake","NeowsBlessing","Vajra","Ninja Scroll","MealTicket","Regal Pillow","Girya","Fusion Hammer","Molten Egg 2","Tiny House","The Courier","Strawberry","InkBottle","Orrery","Shovel"],"acts_visited":["Exordium","TheCity","TheBeyond"],"potions_floor_usage":[50],"damage_taken":[{"damage":0.0,"enemies":"Jaw Worm","floor":1.0,"turns":1.0},{"damage":0.0,"enemies":"Small Slimes","floor":2.0,"turns":1.0},{"damage":0.0,"enemies":"Gremlin Nob","floor":7.0,"turns":1.0},{"damage":0.0,"enemies":"2 Louse","floor":8.0,"turns":2.0},{"damage":0.0,"enemies":"Blue Slaver","floor":10.0,"turns":2.0},{"damage":8.0,"enemies":"Lagavulin","floor":11.0,"turns":4.0},{"damage":41.0,"enemies":"Hexaghost","floor":16.0,"turns":16.0},{"damage":2.0,"enemies":"Shell Parasite","floor":18.0,"turns":3.0},{"damage":0.0,"enemies":"2 Thieves","floor":20.0,"turns":4.0},{"damage":2.0,"enemies":"Cultist and Chosen","floor":22.0,"turns":6.0},{"damage":19.0,"enemies":"Gremlin Leader","floor":24.0,"turns":3.0},{"damage":6.0,"enemies":"3 Cultists","floor":29.0,"turns":3.0},{"damage":8.0,"enemies":"Chosen and Byrds","floor":31.0,"turns":4.0},{"damage":69.0,"enemies":"Automaton","floor":33.0,"turns":6.0},{"damage":6.0,"enemies":"3 Shapes","floor":35.0,"turns":3.0},{"damage":0.0,"enemies":"Orb Walker","floor":38.0,"turns":1.0},{"damage":22.0,"enemies":"Jaw Worm Horde","floor":39.0,"turns":2.0},{"damage":13.0,"enemies":"Reptomancer","floor":41.0,"turns":3.0},{"damage":27.0,"enemies":"Maw","floor":42.0,"turns":5.0},{"damage":1.0,"enemies":"3 Darklings","floor":44.0,"turns":3.0},{"damage":0.0,"enemies":"Spire Growth","floor":45.0,"turns":2.0},{"damage":63.0,"enemies":"Writhing Mass","floor":46.0,"turns":4.0},{"damage":96,"enemies":"Time Eater","floor":50,"turns":6}],"seed_played":"-5793861307632705007","potions_obtained":[{"floor":1.0,"key":"Dexterity Potion"},{"floor":2.0,"key":"Fire Potion"},{"floor":8.0,"key":"SkillPotion"},{"floor":11.0,"key":"SteroidPotion"},{"floor":18.0,"key":"PowerPotion"},{"floor":29.0,"key":"SpeedPotion"},{"floor":39.0,"key":"GhostInAJar"},{"floor":41.0,"key":"AttackPotion"}],"is_trial":false,"path_per_floor":["M","M","?","?","?","R","E","M","T","M","E","$","R","$","R","B",null,"M","?","M","$","M","R","E","$","T","R","?","M","R","M","R","B",null,"M","?","T","M","M","R","E","M","T","M","M","M","$","?","R","B"],"character_chosen":"THE_SILENT","items_purchased":["Girya","Glass Knife+1","Footwork","Orrery","Shovel"],"campfire_rested":3,"item_purchase_floors":[14,25,47,47,47],"current_hp_per_floor":[70,70,63,52,38,38,38,38,38,38,30,45,45,60,60,19,70,68,80,80,80,78,78,59,74,74,74,56,53,53,56,56,2,61,58,58,58,61,45,61,64,47,47,58,64,13,28,28,63,0,0],"gold":32,"neow_bonus":"THREE_ENEMY_KILL","is_daily":false,"chose_seed":false,"campfire_upgraded":2,"win_rate":0.0,"timestamp":1610411385,"path_taken":["M","M","?","?","?","R","E","M","T","M","E","?","R","$","R","BOSS","M","?","?","$","M","R","E","?","T","R","?","M","R","M","R","BOSS","M","?","?","M","M","R","E","M","T","?","M","M","$","?","R","BOSS"],"items_purchased_type":["Relic","Card","Card","Relic","Relic"],"build_version":"2020-12-22","purchased_purges":0,"victory":false,"max_hp_per_floor":[70,70,70,70,70,70,70,70,70,70,70,70,70,70,70,70,70,70,80,80,80,80,80,80,80,80,80,56,56,56,56,56,56,61,61,61,61,61,61,61,68,68,68,68,68,68,68,68,68,68,68],"card_choices":[{"not_picked":["Bane","Underhanded Strike"],"picked":"Dagger Throw","floor":1.0},{"not_picked":["Catalyst","Dodge and Roll"],"picked":"Blur","floor":2.0},{"not_picked":["Deadly Poison","Slice"],"picked":"Backflip","floor":7.0},{"not_picked":["Quick Slash","Riddle With Holes"],"picked":"Skewer","floor":8.0},{"not_picked":["Dash","Dagger Spray","Predator"],"picked":"SKIP","floor":10.0},{"not_picked":["Outmaneuver","Crippling Poison"],"picked":"Adrenaline","floor":11.0},{"not_picked":["Bullet Time","Malaise"],"picked":"Phantasmal Killer","floor":16.0},{"not_picked":["Prepared","Deadly Poison"],"picked":"Underhanded Strike+1","floor":18.0},{"not_picked":["Outmaneuver","Skewer"],"picked":"Acrobatics","floor":20.0},{"not_picked":["Masterful Stab","Outmaneuver"],"picked":"Blade Dance","floor":22.0},{"not_picked":["Masterful Stab+1","Slice+1"],"picked":"Underhanded Strike+1","floor":24.0},{"not_picked":["Acrobatics+1","Catalyst"],"picked":"Flechettes+1","floor":29.0},{"not_picked":["Cloak And Dagger+1","Dagger Throw+1"],"picked":"Prepared","floor":31.0},{"not_picked":["Venomology","Corpse Explosion"],"picked":"Adrenaline","floor":33.0},{"not_picked":["Dodge and Roll","Slice+1"],"picked":"Tactician","floor":34.0},{"not_picked":["Poisoned Stab+1","Quick Slash+1","All Out Attack+1"],"picked":"SKIP","floor":35.0},{"not_picked":["Calculated Gamble","Sucker Punch+1"],"picked":"Infinite Blades+1","floor":38.0},{"not_picked":["All Out Attack+1","Dagger Throw+1","Quick Slash+1"],"picked":"SKIP","floor":39.0},{"not_picked":["Corpse Explosion","Sucker Punch+1"],"picked":"Glass Knife+1","floor":41.0},{"not_picked":["Backflip+1","Dagger Spray+1"],"picked":"Accuracy+1","floor":42.0},{"not_picked":["Expertise+1","Prepared"],"picked":"Infinite Blades","floor":44.0},{"not_picked":["Backflip","Quick Slash+1","Caltrops+1"],"picked":"SKIP","floor":45.0},{"not_picked":["Terror","PiercingWail","Dagger Throw+1"],"picked":"SKIP","floor":46.0},{"not_picked":["Quick Slash+1","Sucker Punch+1"],"picked":"Blade Dance+1","floor":47.0},{"not_picked":["Dagger Spray+1","A Thousand Cuts"],"picked":"Blade Dance","floor":47.0},{"not_picked":["Slice+1","Deflect+1"],"picked":"Calculated Gamble+1","floor":47.0}],"player_experience":270096,"relics_obtained":[{"floor":7.0,"key":"Ninja Scroll"},{"floor":9.0,"key":"MealTicket"},{"floor":11.0,"key":"Regal Pillow"},{"floor":24.0,"key":"Molten Egg 2"},{"floor":37.0,"key":"The Courier"},{"floor":41.0,"key":"Strawberry"},{"floor":43.0,"key":"InkBottle"}],"event_choices":[{"damage_healed":0.0,"max_hp_gain":0.0,"max_hp_loss":0.0,"gold_gain":0.0,"event_name":"Scrap Ooze","player_choice":"Success","floor":3.0,"gold_loss":0.0,"damage_taken":7.0,"relics_obtained":["Vajra"]},{"damage_healed":0.0,"max_hp_gain":0.0,"max_hp_loss":0.0,"gold_gain":75.0,"event_name":"World of Goop","player_choice":"Gather Gold","floor":4.0,"gold_loss":0.0,"damage_taken":11.0},{"damage_healed":0.0,"max_hp_gain":0.0,"max_hp_loss":0.0,"gold_gain":0.0,"event_name":"Shining Light","player_choice":"Entered Light","floor":5.0,"gold_loss":0.0,"damage_taken":14.0,"cards_upgraded":["Defend_G","Strike_G"]},{"cards_removed":["Phantasmal Killer"],"damage_healed":2.0,"max_hp_gain":10.0,"max_hp_loss":0.0,"gold_gain":0.0,"event_name":"Bonfire Elementals","player_choice":"Offered Rare","floor":19.0,"gold_loss":0.0,"damage_taken":0.0},{"damage_healed":0.0,"max_hp_gain":0.0,"max_hp_loss":24.0,"gold_gain":0.0,"event_name":"Vampires","player_choice":"Became a vampire","floor":28.0,"gold_loss":0.0,"damage_taken":0.0,"cards_obtained":["Bite","Bite","Bite","Bite","Bite"]},{"damage_healed":0.0,"max_hp_gain":0.0,"max_hp_loss":0.0,"gold_gain":0.0,"event_name":"SensoryStone","player_choice":"Memory 1","floor":36.0,"gold_loss":0.0,"damage_taken":0.0},{"cards_removed":["Defend_G"],"damage_healed":0.0,"max_hp_gain":0.0,"max_hp_loss":0.0,"gold_gain":0.0,"event_name":"Falling","player_choice":"Removed Skill","floor":48.0,"gold_loss":0.0,"damage_taken":0.0}],"is_beta":false,"boss_relics":[{"not_picked":["Ectoplasm","Calling Bell"],"picked":"Fusion Hammer"},{"not_picked":["Pandora\u0027s Box","Astrolabe"],"picked":"Tiny House"}],"items_purged_floors":[],"is_endless":false,"potions_floor_spawned":[1,2,8,11,18,29,31,39,41,42],"killed_by":"Time Eater","ascension_level":2}}