{"host":"m5bsg12zcyqnofur","time":1610484343,"event":{"mods":["AchievementEnabler","BaseMod","BetterRewards","Colored Powertips","Downfall","Hermit","Highlight Path","Minty Spire (QoL Compilation)","Quick Restart","Replay The Spire","Shop Mod","StSLib","The Bug Knight"],"gold_per_floor":[115,167,184,198,87,87,113,129,155,172,186,212,212,229,229,326,326,342,353,370,390,407,435,360,374,374,274,302,319,319,194,194,296,296,314,327,343,389,147,176,176,210,235,235,248,274,274,284,284,284,284,284,87,113,113],"floor_reached":56,"playtime":5988,"items_purged":["HollowMod:NailStrikeStart","Parasite","HollowMod:QuickDashStart","HollowMod:QuickDashStart","HollowMod:QuickDashStart"],"score":1643,"play_id":"59b0aabb-3623-4f0c-8a39-a2b1df9e6c55","local_time":"20210112144543","is_ascension_mode":false,"campfire_choices":[{"data":"HollowMod:FocusHealStart","floor":6,"key":"SMITH"},{"data":"Pot Of Greed","floor":13,"key":"SMITH"},{"data":"HollowMod:ShadowDash","floor":15,"key":"SMITH"},{"data":"HollowMod:ShadowDash","floor":30,"key":"SMITH"},{"data":"Pot Of Greed","floor":32,"key":"SMITH"},{"data":"HollowMod:ShapeofUnn","floor":44,"key":"SMITH"},{"data":"Pot Of Greed","floor":47,"key":"SMITH"},{"floor":49,"key":"RECALL"},{"data":"HollowMod:MonarchWings","floor":52,"key":"SMITH"}],"circlet_count":0,"master_deck":["HollowMod:NailStrikeStart","HollowMod:NailStrikeStart","HollowMod:NailStrikeStart","HollowMod:QuickDashStart","HollowMod:FocusHealStart+1","HollowMod:PogoStrike","HollowMod:BlackTendrils","HollowMod:SiblingsShadow","HollowMod:DoubleDash","HollowMod:MonarchWings+1","HollowMod:ShapeofUnn+1","HollowMod:WraithStrike+1","Pot Of Greed+1","Pot Of Greed+1","HollowMod:CloakDash","HollowMod:BlackTendrils","HollowMod:DescendingDark","HollowMod:DoubleDash","HollowMod:DashSlash","HollowMod:ShadowDash+1","HollowMod:ShadowDash+1","HollowMod:MantisMark","Pot Of Greed+1","HollowMod:BlackTendrils","HollowMod:DescendingDark+1","HollowMod:PerfectDash+1","HollowMod:DescendingDark","HollowMod:LifebloodCore","HollowMod:SiblingsSouls+1","HollowMod:CloakDash+1","HollowMod:HuntersJournal"],"relics":["HollowMod:VesselMask","Ornamental Fan","Grinning Jar","Oddly Smooth Stone","Art of War","Cursed Key","Gambling Chip","ReplayTheSpireMod:Shallot","Omamori","Sozu","Bird Faced Urn","Membership Card","Bottled Lightning","Meat on the Bone","Eternal Feather","Replay:Baseball","CaptainsWheel"],"acts_visited":["Exordium","TheCity","TheBeyond","TheEnding"],"potions_floor_usage":[7,12,12,14,21,23,33],"damage_taken":[{"damage":9,"enemies":"Small Slimes","floor":1,"turns":3},{"damage":3,"enemies":"Jaw Worm","floor":3,"turns":4},{"damage":6,"enemies":"Cultist","floor":4,"turns":4},{"damage":39,"enemies":"3 Sentries","floor":7,"turns":10},{"damage":7,"enemies":"3 Louse","floor":8,"turns":4},{"damage":12,"enemies":"Gremlin Gang","floor":10,"turns":6},{"damage":0,"enemies":"2 Fungi Beasts","floor":11,"turns":3},{"damage":8,"enemies":"Lagavulin","floor":12,"turns":5},{"damage":0,"enemies":"Exordium Wildlife","floor":14,"turns":2},{"damage":31,"enemies":"Hexaghost","floor":16,"turns":13},{"damage":8,"enemies":"Shell Parasite","floor":18,"turns":7},{"damage":10,"enemies":"HollowMod:HuskSentry","floor":19,"turns":7},{"damage":10,"enemies":"Snake Plant","floor":20,"turns":5},{"damage":10,"enemies":"Shelled Parasite and Fungi","floor":21,"turns":5},{"damage":8,"enemies":"Centurion and Healer","floor":22,"turns":6},{"damage":0,"enemies":"Slavers","floor":23,"turns":5},{"damage":2,"enemies":"Cultist and Chosen","floor":25,"turns":6},{"damage":0,"enemies":"HollowMod:Nosk","floor":28,"turns":8},{"damage":0,"enemies":"3 Cultists","floor":29,"turns":4},{"damage":4,"enemies":"HollowMod:NKGrimm","floor":33,"turns":15},{"damage":0,"enemies":"3 Darklings","floor":35,"turns":4},{"damage":0,"enemies":"Orb Walker","floor":36,"turns":2},{"damage":0,"enemies":"Sphere and 2 Shapes","floor":37,"turns":3},{"damage":11,"enemies":"2 Orb Walkers","floor":38,"turns":4},{"damage":2,"enemies":"HollowMod:StalkingDevout","floor":40,"turns":5},{"damage":0,"enemies":"Nemesis","floor":42,"turns":11},{"damage":0,"enemies":"Transient","floor":45,"turns":5},{"damage":0,"enemies":"Reptomancer","floor":46,"turns":5},{"damage":0,"enemies":"HollowMod:SlobberingHusk","floor":48,"turns":6},{"damage":0,"enemies":"Donu and Deca","floor":50,"turns":11},{"damage":0,"enemies":"Shield and Spear","floor":54,"turns":7},{"damage":7,"enemies":"The Heart","floor":55,"turns":13}],"seed_played":"-1137768228839879355","potions_obtained":[{"floor":4,"key":"Toxic Potion"},{"floor":8,"key":"Fire Potion"},{"floor":11,"key":"champ:CounterPotion"},{"floor":12,"key":"Fire Potion"},{"floor":19,"key":"Strength Potion"},{"floor":20,"key":"Strength Potion"},{"floor":22,"key":"Dexterity Potion"},{"floor":33,"key":"Fire Potion"}],"is_trial":false,"path_per_floor":["M","?","M","M","$","R","E","M","T","M","M","E","R","M","R","B",null,"M","M","M","M","M","E","?","M","T","$","E","M","R","$","R","B",null,"M","M","M","?","$","E","?","E","T","R","M","E","R","M","R","B",null,"R","$","E","B",null],"character_chosen":"THE_BUGKNIGHT","items_purchased":["HollowMod:BlackTendrils","HollowMod:SiblingsShadow","HollowMod:WraithStrike+1","Membership Card","HollowMod:DescendingDark","Replay:Baseball","HollowMod:HuntersJournal"],"campfire_rested":0,"item_purchase_floors":[0,0,5,39,39,53,53],"current_hp_per_floor":[74,74,72,69,69,69,44,48,48,50,58,59,59,64,64,48,75,75,68,74,75,75,75,80,80,80,77,77,77,77,77,77,77,77,77,77,77,77,77,77,77,77,77,77,77,77,77,77,77,77,77,77,77,77,77],"gold":113,"neow_bonus":"","is_daily":false,"chose_seed":false,"campfire_upgraded":8,"win_rate":0.0,"timestamp":1610484343,"path_taken":["M","?","M","M","$","R","E","M","T","M","M","E","R","M","R","BOSS","M","M","M","M","M","E","?","M","T","$","E","M","R","$","R","BOSS","M","M","M","?","$","E","?","E","T","R","M","E","R","M","R","BOSS","R","$","E","BOSS"],"items_purchased_type":["Card","Card","Card","Relic","Card","Relic","Card"],"build_version":"2020-12-22","purchased_purges":5,"victory":true,"max_hp_per_floor":[75,75,75,75,75,75,75,75,75,75,75,75,75,75,75,75,75,75,75,75,75,75,75,80,80,80,77,77,77,77,77,77,77,77,77,77,77,77,77,77,77,77,77,77,77,77,77,77,77,77,77,77,77,77,77],"card_choices":[{"not_picked":["HollowMod:MawleksShell","HollowMod:FallenFury"],"picked":"HollowMod:DoubleDash","floor":1},{"not_picked":["HollowMod:VengefulSpirit","HollowMod:CoiledNail"],"picked":"HollowMod:MonarchWings","floor":2},{"not_picked":["HollowMod:WraithStrike","HollowMod:CrystalDash"],"picked":"HollowMod:ShapeofUnn","floor":2},{"not_picked":["HollowMod:RecoilStrike","HollowMod:QuirrelsAssistance","HollowMod:InfectedCysts"],"picked":"SKIP","floor":3},{"not_picked":["HollowMod:SoulSplash","HollowMod:LifebloodCore","HollowMod:SoulStrike"],"picked":"SKIP","floor":4},{"not_picked":["HollowMod:DoubleDash","HollowMod:SharpenedNail"],"picked":"HollowMod:CloakDash","floor":7},{"not_picked":["HollowMod:NewLittleFool","HollowMod:SoulStrike"],"picked":"HollowMod:BlackTendrils","floor":8},{"not_picked":["HollowMod:SoulSplash","HollowMod:HowlingWraiths"],"picked":"HollowMod:DescendingDark","floor":10},{"not_picked":["HollowMod:GrimmsGift","HollowMod:DreamGate"],"picked":"HollowMod:DoubleDash","floor":11},{"not_picked":["HollowMod:ChannelNail","HollowMod:CycloneSlash"],"picked":"HollowMod:DashSlash","floor":12},{"not_picked":["HollowMod:DungDefenderAura","HollowMod:HowlingWraiths"],"picked":"HollowMod:ShadowDash","floor":14},{"not_picked":["HollowMod:NewGlowingWomb","HollowMod:LifebloodCocoon","HollowMod:DashSlash"],"picked":"SKIP","floor":18},{"not_picked":["HollowMod:InfectedCysts","HollowMod:HeavyBlow+1","HollowMod:CloakDash"],"picked":"SKIP","floor":19},{"not_picked":["HollowMod:HowlingWraiths+1","HollowMod:SoulSplash","HollowMod:Grubsong"],"picked":"SKIP","floor":20},{"not_picked":["HollowMod:RecoilStrike","HollowMod:HowlingWraiths"],"picked":"HollowMod:ShadowDash","floor":21},{"not_picked":["HollowMod:NewLittleFool","HollowMod:SiblingsSouls","HollowMod:LifebloodCocoon"],"picked":"SKIP","floor":22},{"not_picked":["HollowMod:NewLittleFool+1","HollowMod:DescendingDark"],"picked":"HollowMod:MantisMark","floor":23},{"not_picked":["HollowMod:ShapeofUnn","HollowMod:InfectionAssault","HollowMod:ZotesMagnificence"],"picked":"SKIP","floor":25},{"not_picked":["HollowMod:ChannelNail","HollowMod:SharpenedNail","HollowMod:DreamGate+1"],"picked":"SKIP","floor":28},{"not_picked":["HollowMod:DashSlash+1","HollowMod:DoubleDash"],"picked":"HollowMod:BlackTendrils","floor":29},{"not_picked":["HollowMod:DoubleDash+1","HollowMod:AbyssShriek"],"picked":"HollowMod:DescendingDark+1","floor":35},{"not_picked":["HollowMod:SharpenedNail+1","HollowMod:GreatSlash+1","HollowMod:TaintedHusks"],"picked":"SKIP","floor":36},{"not_picked":["HollowMod:MidwifesHunger","HollowMod:CycloneSlash","HollowMod:SoulShaman+1"],"picked":"SKIP","floor":37},{"not_picked":["HollowMod:VengefulSpirit+1","HollowMod:InfectionAssault"],"picked":"HollowMod:PerfectDash+1","floor":38},{"not_picked":["HollowMod:HowlingWraiths+1","HollowMod:SiblingsSouls+1"],"picked":"HollowMod:LifebloodCore","floor":40},{"not_picked":["HollowMod:GreatSlash+1","HollowMod:CycloneSlash+1","HollowMod:NewJinnsSoul"],"picked":"SKIP","floor":42},{"not_picked":["HollowMod:DoubleDash+1","HollowMod:InfectedAttack","HollowMod:NewLittleFool"],"picked":"SKIP","floor":45},{"not_picked":["HollowMod:HowlingWraiths+1","HollowMod:CoiledNail+1"],"picked":"HollowMod:SiblingsSouls+1","floor":46},{"not_picked":["HollowMod:GoodIntentions+1","HollowMod:NewLittleFool+1"],"picked":"HollowMod:CloakDash+1","floor":48},{"not_picked":["HollowMod:AwokenDreamNail","HollowMod:SharpenedNail+1","HollowMod:MawleksShell+1"],"picked":"SKIP","floor":54}],"player_experience":189424,"relics_obtained":[{"floor":2,"key":"Ornamental Fan"},{"floor":7,"key":"Grinning Jar"},{"floor":9,"key":"Oddly Smooth Stone"},{"floor":12,"key":"Art of War"},{"floor":23,"key":"Gambling Chip"},{"floor":26,"key":"ReplayTheSpireMod:Shallot"},{"floor":28,"key":"Omamori"},{"floor":38,"key":"Bird Faced Urn"},{"floor":40,"key":"Bottled Lightning"},{"floor":42,"key":"Meat on the Bone"},{"floor":46,"key":"Eternal Feather"},{"floor":54,"key":"CaptainsWheel"}],"event_choices":[{"damage_healed":0,"gold_gain":0,"player_choice":"Fight","damage_taken":0,"max_hp_gain":0,"max_hp_loss":0,"event_name":"Mysterious Sphere","floor":38,"gold_loss":0},{"damage_healed":0,"gold_gain":0,"player_choice":"Memory 1","damage_taken":0,"max_hp_gain":0,"max_hp_loss":0,"event_name":"SensoryStone","floor":41,"gold_loss":0}],"is_beta":false,"boss_relics":[{"not_picked":["Philosopher\u0027s Stone","Runic Dome"],"picked":"Cursed Key"},{"not_picked":["Abe\u0027s Treasure","Replay:Bronze Core"],"picked":"Sozu"}],"items_purged_floors":[5,27,31,39,53],"is_endless":false,"potions_floor_spawned":[4,8,11,12,19,20,22,33,40,42,45],"ascension_level":0}}