{"host":"eu5wvbbtjeiar27l","time":1610483432,"event":{"mods":["BaseMod","Colored Powertips","Conspire","Hubris","Infinite Spire","Minty Spire (QoL Compilation)","Rare Cards Sparkle","StSLib","The Factory","The Jungle","vexMod"],"gold_per_floor":[111,111,111,111,111,121,121,154,154,154,154,164,164,181,181,282,282,292,144,144,144,144,144,159,179,179,215,215,226,249,260,260,366,366,376,463,116,114,127,177,195,195],"floor_reached":41,"language":"ENG","playtime":1702,"items_purged":["Regret","conspire:GhostlyStrike"],"score":411,"play_id":"05a05c95-b71d-416b-a7d4-6d1ef4321d27","local_time":"20210112203032","is_ascension_mode":false,"campfire_choices":[{"data":"Streamline","floor":7,"key":"SMITH"},{"data":"Storm","floor":10,"key":"SMITH"},{"data":"Loop","floor":13,"key":"SMITH"},{"floor":15,"key":"REST"},{"data":"Zap","floor":23,"key":"SMITH"},{"floor":28,"key":"REST"},{"data":"Chill","floor":32,"key":"SMITH"}],"circlet_count":0,"master_deck":["conspire:GhostlyStrike","conspire:GhostlyStrike","conspire:GhostlyDefend+1","conspire:GhostlyDefend+1","conspire:GhostlyDefend","Zap+1","Dualcast","Storm+1","Streamline+1","Loop+1","Capacitor+1","infinitespire:Collect","Defragment+1","Chill+1","Ball Lightning","Machine Learning","Force Field+1","conspire:Banana","Heatsinks","Streamline+1","Static Discharge"],"relics":["Cracked Core","hubris:Icosahedron","conspire:DeflatedDodgeball","HornCleat","vexMod:FluxCapacitor","Nloth\u0027s Gift","vexMod:ConsolationPrize","Centennial Puzzle","vexMod:DeviousBotling","hubris:RGBLights","War Paint","Calipers"],"acts_visited":["Exordium","TheCity","TheBeyond"],"potions_floor_usage":[24,33,41],"damage_taken":[{"damage":1,"enemies":"Jaw Worm","floor":1,"turns":3},{"damage":4,"enemies":"2 Louse","floor":6,"turns":3},{"damage":40,"enemies":"Gremlin Nob","floor":8,"turns":4},{"damage":7,"enemies":"conspire:RoseBush","floor":12,"turns":2},{"damage":3,"enemies":"Large Slime","floor":14,"turns":3},{"damage":26,"enemies":"The Guardian","floor":16,"turns":8},{"damage":13,"enemies":"Chosen","floor":18,"turns":5},{"damage":0,"enemies":"Shell Parasite","floor":24,"turns":4},{"damage":16,"enemies":"Cultist and Chosen","floor":25,"turns":5},{"damage":11,"enemies":"Nightmare","floor":27,"turns":6},{"damage":0,"enemies":"3 Cultists","floor":29,"turns":4},{"damage":3,"enemies":"Shelled Parasite and Fungi","floor":30,"turns":3},{"damage":0,"enemies":"Centurion and Healer","floor":31,"turns":5},{"damage":7,"enemies":"Champ","floor":33,"turns":6},{"damage":0,"enemies":"Orb Walker","floor":35,"turns":3},{"damage":50,"enemies":"conspire:MimicChest","floor":36,"turns":5},{"damage":2,"enemies":"3 Darklings","floor":38,"turns":5},{"damage":0,"enemies":"Transient","floor":39,"turns":5},{"damage":0,"enemies":"Mind Bloom Boss Battle","floor":40,"turns":4},{"damage":27,"enemies":"Nightmare","floor":41,"turns":4}],"seed_played":"-7932255189168890822","potions_obtained":[{"floor":6,"key":"SteroidPotion"},{"floor":12,"key":"SkillPotion"},{"floor":14,"key":"Block Potion"},{"floor":24,"key":"GamblersBrew"},{"floor":33,"key":"AttackPotion"}],"is_trial":false,"path_per_floor":["M","?","?","?","?","M","R","E","T","R","?","M","R","M","R","B",null,"M","$","?","?","?","R","M","M","T","NM","R","M","M","M","R","B",null,"M","?","$","M","M","?","NM"],"character_chosen":"DEFECT","items_purchased":["Capacitor","War Paint","conspire:Banana"],"campfire_rested":2,"item_purchase_floors":[19,37,37],"current_hp_per_floor":[67,67,67,67,67,63,63,23,23,23,23,16,16,13,48,22,68,55,55,38,38,38,38,38,22,22,11,31,31,28,28,28,21,68,68,18,18,17,18,19,0,0],"gold":195,"neow_bonus":"REMOVE_TWO","is_daily":false,"chose_seed":false,"campfire_upgraded":5,"win_rate":0.0,"timestamp":1610483432,"path_taken":["M","?","?","?","?","M","R","E","T","R","?","M","R","M","R","BOSS","M","$","?","?","?","R","M","M","T","NM","R","M","M","?","R","BOSS","M","?","$","M","M","?","NM"],"items_purchased_type":["Card","Relic","Card"],"build_version":"2020-12-22","purchased_purges":2,"victory":false,"max_hp_per_floor":[68,68,68,68,68,68,68,68,68,68,68,68,68,68,68,68,68,68,68,68,68,68,68,68,68,68,68,68,68,68,68,68,68,68,68,68,68,69,70,71,73,73],"card_choices":[{"not_picked":["Go for the Eyes","Blizzard"],"picked":"Storm","floor":1},{"not_picked":["Sunder","Coolheaded"],"picked":"Streamline","floor":6},{"not_picked":["Melter","conspire:SharedLibrary"],"picked":"Loop","floor":8},{"not_picked":["Gash","Rebound","Beam Cell"],"picked":"SKIP","floor":12},{"not_picked":["Leap","Undo","hubris:SpecializedCircuitry"],"picked":"SKIP","floor":14},{"not_picked":["Hologram","Double Energy","Recycle"],"picked":"SKIP","floor":18},{"not_picked":["infinitespire:Punishment","infinitespire:TheBestDefense"],"picked":"infinitespire:Collect","floor":20},{"not_picked":["Steam+1","Coolheaded","Stack"],"picked":"SKIP","floor":24},{"not_picked":["conspire:Rain","Leap","Blizzard"],"picked":"SKIP","floor":25},{"not_picked":["Melter","BootSequence"],"picked":"Defragment+1","floor":27},{"not_picked":["Rebound","Steam Power","Hyperbeam"],"picked":"SKIP","floor":29},{"not_picked":["Stack","Steam"],"picked":"Chill","floor":30},{"not_picked":["Stack","Rebound+1"],"picked":"Ball Lightning","floor":31},{"not_picked":["Rainbow","hubris:Prefetch"],"picked":"Machine Learning","floor":33},{"not_picked":["Rebound","Compile Driver+1","Genetic Algorithm+1"],"picked":"SKIP","floor":35},{"not_picked":["Sweeping Beam+1","Seek"],"picked":"Force Field+1","floor":36},{"not_picked":["Barrage","Genetic Algorithm+1"],"picked":"Heatsinks","floor":38},{"not_picked":["Reinforced Body+1","Sweeping Beam+1"],"picked":"Streamline+1","floor":39},{"not_picked":["hubris:Ukulele","Cold Snap+1"],"picked":"Static Discharge","floor":40}],"player_experience":120935,"relics_obtained":[{"floor":8,"key":"conspire:DeflatedDodgeball"},{"floor":9,"key":"HornCleat"},{"floor":26,"key":"vexMod:ConsolationPrize"},{"floor":27,"key":"Centennial Puzzle"},{"floor":36,"key":"hubris:RGBLights"},{"floor":40,"key":"Calipers"}],"event_choices":[{"damage_healed":0,"gold_gain":0,"player_choice":"Agree","damage_taken":0,"max_hp_gain":0,"max_hp_loss":0,"event_name":"conspire:LoneGhost","floor":3,"gold_loss":0},{"damage_healed":0,"gold_gain":0,"player_choice":"Leave","damage_taken":0,"max_hp_gain":0,"max_hp_loss":0,"event_name":"The Cleric","floor":4,"gold_loss":0},{"damage_healed":0,"gold_gain":0,"player_choice":"Box","damage_taken":0,"relics_obtained":["Regal Pillow"],"max_hp_gain":0,"max_hp_loss":0,"event_name":"Big Fish","floor":5,"gold_loss":0,"cards_obtained":["Regret"]},{"damage_healed":0,"gold_gain":0,"player_choice":"Leave","damage_taken":0,"max_hp_gain":0,"max_hp_loss":0,"event_name":"conspire:Investor","floor":11,"gold_loss":0},{"damage_healed":0,"gold_gain":0,"player_choice":"Traded Relic","damage_taken":0,"relics_obtained":["Nloth\u0027s Gift"],"max_hp_gain":0,"max_hp_loss":0,"event_name":"N\u0027loth","floor":22,"relics_lost":["Regal Pillow"],"gold_loss":0},{"damage_healed":0,"gold_gain":0,"player_choice":"Fight","damage_taken":0,"max_hp_gain":0,"max_hp_loss":0,"event_name":"MindBloom","floor":40,"gold_loss":0}],"is_beta":false,"boss_relics":[{"not_picked":["hubris:Backtick","Coffee Dripper"],"picked":"vexMod:FluxCapacitor"},{"not_picked":["infinitespire:Cupcake","Nuclear Battery"],"picked":"vexMod:DeviousBotling"}],"items_purged_floors":[19,37],"is_endless":false,"potions_floor_spawned":[6,12,14,16,18,24,29,33,35,36,38],"killed_by":"Nightmare","ascension_level":0}}