{"host":"873t0y8ybyo38pfq","time":1610458722,"event":{"mods":["BaseMod","Bestiary","Colored Map","Colored Powertips","Highlight Path","Minty Spire (QoL Compilation)","Quick Restart","RNG Fix","Rare Cards Sparkle","Relic Stats","StSLib"],"gold_per_floor":[115,115,265,340,356,356,384,95,95,122,134,134,145,145,145,145,145],"floor_reached":16,"playtime":522,"items_purged":["Doubt"],"score":246,"play_id":"8b44dbca-af7b-4b46-af0b-895939db2097","local_time":"20210112083842","is_ascension_mode":true,"campfire_choices":[{"data":"Defragment","floor":6,"key":"SMITH"},{"floor":12,"key":"REST"},{"data":"Creative AI","floor":15,"key":"SMITH"}],"circlet_count":0,"master_deck":["AscendersBane","Strike_B","Strike_B","Strike_B","Defend_B","Defend_B","Defend_B","Defend_B+1","Zap","Dualcast","Coolheaded","Defragment+1","Fission+1","Finesse","Redo","Sunder","Compile Driver","Creative AI+1"],"relics":["Cracked Core","NeowsBlessing","War Paint","Singing Bowl","Odd Mushroom"],"acts_visited":["Exordium"],"potions_floor_usage":[10,16,16],"damage_taken":[{"damage":0,"enemies":"Cultist","floor":1,"turns":1},{"damage":0,"enemies":"Small Slimes","floor":5,"turns":1},{"damage":0,"enemies":"3 Sentries","floor":7,"turns":2},{"damage":30,"enemies":"The Mushroom Lair","floor":10,"turns":3},{"damage":0,"enemies":"2 Louse","floor":11,"turns":1},{"damage":0,"enemies":"Large Slime","floor":13,"turns":4},{"damage":41,"enemies":"Hexaghost","floor":16,"turns":11}],"seed_played":"2605546287248396635","potions_obtained":[{"floor":1,"key":"ColorlessPotion"},{"floor":2,"key":"Dexterity Potion"},{"floor":13,"key":"DuplicationPotion"}],"is_trial":false,"path_per_floor":["M","?","?","?","M","R","E","$","T","?","M","R","M","?","R","B"],"character_chosen":"DEFECT","items_purchased":["Finesse","Redo","Sunder"],"campfire_rested":1,"item_purchase_floors":[8,8,8],"current_hp_per_floor":[64,64,64,53,53,53,53,53,53,25,25,46,46,39,39,0,0],"gold":145,"neow_bonus":"THREE_ENEMY_KILL","is_daily":false,"chose_seed":false,"campfire_upgraded":2,"win_rate":0.0,"timestamp":1610458722,"path_taken":["M","?","?","?","?","R","E","$","T","?","M","R","M","?","R","BOSS"],"items_purchased_type":["Card","Card","Card"],"build_version":"2020-12-22","purchased_purges":1,"victory":false,"max_hp_per_floor":[71,71,71,71,71,71,71,71,71,73,73,73,73,73,73,73,73],"relic_stats":{"Singing Bowl":2,"counters":[7,23],"War Paint":["Defend_B","Fission"],"obtain_stats":[{"NeowsBlessing":0,"Singing Bowl":9,"War Paint":7,"Odd Mushroom":10,"Cracked Core":0},{"NeowsBlessing":0,"Singing Bowl":3,"War Paint":3,"Odd Mushroom":4,"Cracked Core":0},{"NeowsBlessing":0,"Singing Bowl":4,"War Paint":4,"Odd Mushroom":7,"Cracked Core":0}]},"card_choices":[{"not_picked":["Heatsinks","Hello World"],"picked":"Coolheaded","floor":1},{"not_picked":["Ball Lightning","Recycle"],"picked":"Defragment","floor":5},{"not_picked":["Aggregate","Steam"],"picked":"Fission","floor":7},{"not_picked":["Recycle","Gash","Hologram"],"picked":"Singing Bowl","floor":10},{"not_picked":["Rip and Tear","Skim"],"picked":"Compile Driver","floor":11},{"not_picked":["Aggregate","Streamline"],"picked":"Creative AI","floor":13}],"player_experience":1594979,"relics_obtained":[{"floor":7,"key":"War Paint"},{"floor":9,"key":"Singing Bowl"},{"floor":10,"key":"Odd Mushroom"}],"event_choices":[{"damage_healed":0,"gold_gain":0,"player_choice":"Got Potions","damage_taken":0,"max_hp_gain":0,"max_hp_loss":0,"event_name":"Lab","floor":2,"gold_loss":0},{"damage_healed":0,"gold_gain":150,"player_choice":"AGREE","damage_taken":0,"max_hp_gain":0,"max_hp_loss":0,"event_name":"Liars Game","floor":3,"gold_loss":0,"cards_obtained":["Doubt"]},{"damage_healed":0,"gold_gain":75,"player_choice":"Gather Gold","damage_taken":11,"max_hp_gain":0,"max_hp_loss":0,"event_name":"World of Goop","floor":4,"gold_loss":0},{"damage_healed":0,"gold_gain":0,"player_choice":"Fought Mushrooms","damage_taken":0,"max_hp_gain":0,"max_hp_loss":0,"event_name":"Mushrooms","floor":10,"gold_loss":0},{"cards_removed":["Strike_B"],"damage_healed":0,"gold_gain":0,"player_choice":"Card Removal","damage_taken":7,"max_hp_gain":0,"max_hp_loss":0,"event_name":"Golden Wing","floor":14,"gold_loss":0}],"is_beta":false,"boss_relics":[],"items_purged_floors":[8],"is_endless":false,"potions_floor_spawned":[1,13],"killed_by":"Hexaghost","ascension_level":20}}