{"host":"31s8hzukbhz1k6i6","time":1610417370,"event":{"mods":["AchievementEnabler","BaseMod","Bestiary","Colored Map","Filter the Spire","Minty Spire (QoL Compilation)","Relic Stats","ojb\u0027s Info Mod"],"gold_per_floor":[19,19,169,5,23,57,132,166,166,166,186,186,186,216,216,288,288,298,313,313,326,16,49,49,49,49],"floor_reached":25,"playtime":1347,"items_purged":["Doubt"],"score":524,"play_id":"0095ce30-00f3-4641-ac05-4b2563ab70ad","local_time":"20210111180930","is_ascension_mode":true,"campfire_choices":[{"data":"Infinite Blades","floor":12,"key":"SMITH"},{"data":"Footwork","floor":15,"key":"SMITH"},{"floor":24,"key":"REST"}],"circlet_count":0,"master_deck":["AscendersBane","Strike_G","Strike_G","Strike_G","Strike_G","Defend_G","Defend_G","Defend_G","Defend_G","Defend_G+1","Survivor","Neutralize","Infinite Blades+1","Blade Dance","Footwork+1","Catalyst","Leg Sweep","Blur+1","Venomology"],"relics":["Ring of the Snake","Dead Branch","Regal Pillow","Bottled Tornado","Singing Bowl","Pantograph","Gremlin Horn","Eternal Feather","Fusion Hammer","Membership Card","Frozen Egg 2","Matryoshka"],"acts_visited":["Exordium","TheCity"],"potions_floor_usage":[11,19,21,23,25,25],"damage_taken":[{"damage":1,"enemies":"Jaw Worm","floor":1,"turns":6},{"damage":4,"enemies":"2 Louse","floor":5,"turns":3},{"damage":13,"enemies":"3 Sentries","floor":6,"turns":6},{"damage":5,"enemies":"Lagavulin","floor":8,"turns":5},{"damage":0,"enemies":"Small Slimes","floor":11,"turns":2},{"damage":6,"enemies":"3 Sentries","floor":14,"turns":7},{"damage":4,"enemies":"Hexaghost","floor":16,"turns":9},{"damage":4,"enemies":"3 Byrds","floor":18,"turns":4},{"damage":2,"enemies":"Chosen","floor":19,"turns":5},{"damage":5,"enemies":"Centurion and Healer","floor":21,"turns":5},{"damage":34,"enemies":"Slavers","floor":23,"turns":7},{"damage":89,"enemies":"Gremlin Leader","floor":25,"turns":10}],"seed_played":"-7939642139516568978","potions_obtained":[{"floor":1,"key":"CultistPotion"},{"floor":8,"key":"Block Potion"},{"floor":14,"key":"AttackPotion"},{"floor":19,"key":"FairyPotion"}],"is_trial":false,"path_per_floor":["M","?","?","$","M","E","T","E","T","?","M","R","?","E","R","B",null,"M","M","?","M","$","E","R","E"],"character_chosen":"THE_SILENT","items_purchased":["Footwork","Membership Card","Frozen Egg 2"],"campfire_rested":1,"item_purchase_floors":[4,22,22],"current_hp_per_floor":[58,58,58,58,54,41,41,36,36,36,38,38,18,14,23,44,64,62,62,41,38,38,6,54,0,0],"gold":49,"neow_bonus":"ONE_RARE_RELIC","is_daily":false,"chose_seed":false,"campfire_upgraded":2,"win_rate":0.0,"timestamp":1610417370,"path_taken":["M","?","?","$","M","E","?","E","T","?","M","R","?","E","R","BOSS","M","M","?","M","$","E","R","E"],"items_purchased_type":["Card","Relic","Relic"],"build_version":"2020-12-22","purchased_purges":1,"victory":false,"max_hp_per_floor":[66,66,66,66,66,66,66,66,66,66,68,68,68,70,70,70,70,72,74,79,81,81,83,83,83,83],"relic_stats":{"Regal Pillow":15,"Singing Bowl":12,"Gremlin Horn":[9,10],"counters":[12,69],"Dead Branch":[177],"Pantograph":25,"Eternal Feather":18,"obtain_stats":[{"Regal Pillow":6,"Matryoshka":23,"Singing Bowl":8,"Gremlin Horn":10,"Dead Branch":0,"Pantograph":9,"Eternal Feather":14,"Fusion Hammer":17,"Membership Card":22,"Bottled Tornado":7,"Frozen Egg 2":22,"Ring of the Snake":0},{"Regal Pillow":3,"Matryoshka":11,"Singing Bowl":4,"Gremlin Horn":4,"Dead Branch":0,"Pantograph":4,"Eternal Feather":6,"Fusion Hammer":7,"Membership Card":10,"Bottled Tornado":3,"Frozen Egg 2":10,"Ring of the Snake":0},{"Regal Pillow":15,"Matryoshka":59,"Singing Bowl":20,"Gremlin Horn":20,"Dead Branch":0,"Pantograph":20,"Eternal Feather":29,"Fusion Hammer":38,"Membership Card":52,"Bottled Tornado":15,"Frozen Egg 2":52,"Ring of the Snake":0}],"Ring of the Snake":[24]},"card_choices":[{"not_picked":["Deadly Poison","Skewer"],"picked":"Infinite Blades","floor":1},{"not_picked":["Deadly Poison","Reflex"],"picked":"Catalyst","floor":5},{"not_picked":["Skewer","Reflex"],"picked":"Leg Sweep","floor":6},{"not_picked":["Flying Knee","Distraction"],"picked":"Blur","floor":8},{"not_picked":["Skewer","Bane","Flechettes"],"picked":"Singing Bowl","floor":11},{"not_picked":["Sucker Punch","Outmaneuver","Deflect"],"picked":"Singing Bowl","floor":14},{"not_picked":["Die Die Die","Phantasmal Killer"],"picked":"Venomology","floor":16},{"not_picked":["Dodge and Roll","Eviscerate","Poisoned Stab"],"picked":"Singing Bowl","floor":18},{"not_picked":["Infinite Blades","Backflip","Deadly Poison"],"picked":"Singing Bowl","floor":19},{"not_picked":["Bane","Dagger Throw","Catalyst"],"picked":"Singing Bowl","floor":21},{"not_picked":["Distraction","Skewer","Bane"],"picked":"Singing Bowl","floor":23}],"player_experience":176116,"relics_obtained":[{"floor":6,"key":"Regal Pillow"},{"floor":7,"key":"Bottled Tornado"},{"floor":8,"key":"Singing Bowl"},{"floor":9,"key":"Pantograph"},{"floor":14,"key":"Eternal Feather"},{"floor":23,"key":"Matryoshka"}],"event_choices":[{"damage_healed":0,"gold_gain":0,"cards_transformed":["Strike_G"],"player_choice":"Change","damage_taken":0,"max_hp_gain":0,"max_hp_loss":0,"event_name":"Living Wall","floor":2,"gold_loss":0,"cards_obtained":["Blade Dance"]},{"damage_healed":0,"gold_gain":150,"player_choice":"AGREE","damage_taken":0,"max_hp_gain":0,"max_hp_loss":0,"event_name":"Liars Game","floor":3,"gold_loss":0,"cards_obtained":["Doubt"]},{"damage_healed":0,"gold_gain":0,"player_choice":"Searched \u00271\u0027 times","damage_taken":0,"relics_obtained":["Gremlin Horn"],"max_hp_gain":0,"max_hp_loss":0,"event_name":"Dead Adventurer","floor":10,"gold_loss":0},{"damage_healed":0,"gold_gain":0,"player_choice":"Entered Light","damage_taken":20,"max_hp_gain":0,"max_hp_loss":0,"event_name":"Shining Light","floor":13,"gold_loss":0,"cards_upgraded":["Defend_G","Blur"]},{"damage_healed":0,"gold_gain":0,"player_choice":"Shed Blood","damage_taken":26,"max_hp_gain":5,"max_hp_loss":0,"event_name":"Forgotten Altar","floor":20,"gold_loss":0}],"is_beta":false,"boss_relics":[{"not_picked":["WristBlade","SlaversCollar"],"picked":"Fusion Hammer"}],"items_purged_floors":[4],"is_endless":false,"potions_floor_spawned":[1,8,14,19],"killed_by":"Gremlin Leader","ascension_level":20}}