{"host":"i7jfea87xc8lz16p","time":1610492318,"event":{"mods":["AchievementEnabler","BaseMod","Colored Powertips","Minty Spire (QoL Compilation)","Relic Stats"],"gold_per_floor":[115,129,145,145,44,44,71,71,71,99,109,109,139,204,204,278,278,296,346,356,57,75,75,109,109,184,184,184],"floor_reached":27,"language":"ENG","playtime":1066,"items_purged":["Strike_R","Strike_R"],"score":498,"play_id":"f17af632-1ebb-4860-b5c7-14b6e4038a48","local_time":"20210112235838","is_ascension_mode":true,"campfire_choices":[{"floor":6,"key":"REST"},{"floor":8,"key":"REST"},{"data":"Carnage","floor":12,"key":"SMITH"},{"floor":15,"key":"REST"},{"floor":23,"key":"REST"},{"data":"Limit Break","floor":25,"key":"SMITH"}],"circlet_count":0,"master_deck":["AscendersBane","Strike_R","Strike_R","Strike_R+1","Defend_R","Defend_R","Defend_R","Defend_R","Bash+1","Combust","Spot Weakness","Second Wind","Thunderclap","Carnage+1","Uppercut","Shrug It Off","Limit Break+1","Feel No Pain","Sword Boomerang","Shrug It Off","Rupture","True Grit"],"relics":["Black Star","Meat on the Bone","Boot","Whetstone","Strawberry","StrikeDummy","Orichalcum","Eternal Feather","Centennial Puzzle","Velvet Choker","Toy Ornithopter","Thread and Needle","Letter Opener"],"acts_visited":["Exordium","TheCity"],"potions_floor_usage":[7,10,13,16,16,22,27,27],"damage_taken":[{"damage":19,"enemies":"Jaw Worm","floor":1,"turns":4},{"damage":12,"enemies":"Small Slimes","floor":2,"turns":5},{"damage":2,"enemies":"2 Louse","floor":3,"turns":3},{"damage":40,"enemies":"Gremlin Nob","floor":7,"turns":4},{"damage":19,"enemies":"3 Sentries","floor":10,"turns":6},{"damage":8,"enemies":"2 Fungi Beasts","floor":11,"turns":3},{"damage":10,"enemies":"Lagavulin","floor":13,"turns":4},{"damage":27,"enemies":"Lagavulin Event","floor":14,"turns":5},{"damage":18,"enemies":"Slime Boss","floor":16,"turns":6},{"damage":31,"enemies":"3 Byrds","floor":18,"turns":4},{"damage":15,"enemies":"Shell Parasite","floor":20,"turns":3},{"damage":12,"enemies":"Cultist and Chosen","floor":22,"turns":6},{"damage":40,"enemies":"Book of Stabbing","floor":24,"turns":5},{"damage":75,"enemies":"Slavers","floor":27,"turns":5}],"seed_played":"4019873746276519705","potions_obtained":[{"floor":2,"key":"Energy Potion"},{"floor":3,"key":"Energy Potion"},{"floor":10,"key":"SpeedPotion"},{"floor":11,"key":"LiquidMemories"},{"floor":14,"key":"Strength Potion"},{"floor":22,"key":"ElixirPotion"}],"is_trial":false,"path_per_floor":["M","M","M","?","$","R","E","R","T","E","M","R","E","?","R","B",null,"M","?","M","$","M","R","E","R","T","E"],"character_chosen":"IRONCLAD","items_purchased":["Thunderclap","Shrug It Off","EssenceOfSteel","SkillPotion"],"campfire_rested":4,"item_purchase_floors":[5,21,21,21],"current_hp_per_floor":[49,37,35,35,35,57,17,39,39,39,43,43,45,30,63,45,73,42,42,39,39,39,75,47,59,59,0,0],"gold":184,"neow_bonus":"BOSS_RELIC","is_daily":false,"chose_seed":false,"campfire_upgraded":2,"win_rate":0.0,"timestamp":1610492318,"path_taken":["M","M","M","?","$","R","E","R","T","E","M","R","E","?","R","BOSS","M","?","M","$","M","R","E","R","T","E"],"items_purchased_type":["Card","Card","Potion","Potion"],"build_version":"2020-12-22","purchased_purges":2,"victory":false,"max_hp_per_floor":[75,75,75,75,75,75,75,75,75,82,82,82,82,82,82,82,82,82,82,82,82,82,82,82,82,82,82,82],"relic_stats":{"Centennial Puzzle":[18],"counters":[14,63],"Eternal Feather":33,"Black Star":4,"Whetstone":["Bash","Strike_R"],"Letter Opener":[0],"Orichalcum":[60],"Boot":[9],"obtain_stats":[{"Velvet Choker":17,"Eternal Feather":13,"Thread and Needle":24,"Whetstone":9,"Letter Opener":26,"Orichalcum":13,"Boot":7,"Burning Blood":0,"Centennial Puzzle":14,"Strawberry":10,"Black Star":0,"StrikeDummy":10,"Toy Ornithopter":24,"Meat on the Bone":7},{"Velvet Choker":9,"Eternal Feather":7,"Thread and Needle":13,"Whetstone":4,"Letter Opener":13,"Orichalcum":7,"Boot":4,"Burning Blood":0,"Centennial Puzzle":8,"Strawberry":5,"Black Star":0,"StrikeDummy":5,"Toy Ornithopter":13,"Meat on the Bone":4},{"Velvet Choker":40,"Eternal Feather":29,"Thread and Needle":58,"Whetstone":16,"Letter Opener":58,"Orichalcum":29,"Boot":16,"Burning Blood":0,"Centennial Puzzle":34,"Strawberry":22,"Black Star":0,"StrikeDummy":22,"Toy Ornithopter":58,"Meat on the Bone":16}],"Toy Ornithopter":10,"Meat on the Bone":84},"card_choices":[{"not_picked":["Headbutt","Warcry"],"picked":"Combust","floor":1},{"not_picked":["Inflame","Clash"],"picked":"Spot Weakness","floor":2},{"not_picked":["Sentinel","Clash"],"picked":"Second Wind","floor":3},{"not_picked":["Intimidate","True Grit"],"picked":"Carnage","floor":7},{"not_picked":["Berserk","Inflame"],"picked":"Uppercut","floor":10},{"not_picked":["Clash","Twin Strike","Rage"],"picked":"SKIP","floor":11},{"not_picked":["Flex","Perfected Strike"],"picked":"Shrug It Off","floor":13},{"not_picked":["Offering","Brutality"],"picked":"Limit Break","floor":16},{"not_picked":["Bloodletting","Wild Strike"],"picked":"Feel No Pain","floor":18},{"not_picked":["Havoc","Searing Blow"],"picked":"Sword Boomerang","floor":20},{"not_picked":["Anger","Evolve"],"picked":"Rupture","floor":22},{"not_picked":["Sword Boomerang","Clash"],"picked":"True Grit","floor":24}],"player_experience":1770926,"relics_obtained":[{"floor":7,"key":"Meat on the Bone"},{"floor":7,"key":"Boot"},{"floor":9,"key":"Whetstone"},{"floor":10,"key":"Strawberry"},{"floor":10,"key":"StrikeDummy"},{"floor":13,"key":"Orichalcum"},{"floor":13,"key":"Eternal Feather"},{"floor":14,"key":"Centennial Puzzle"},{"floor":24,"key":"Toy Ornithopter"},{"floor":24,"key":"Thread and Needle"},{"floor":26,"key":"Letter Opener"}],"event_choices":[{"damage_healed":0,"gold_gain":0,"player_choice":"Fled","damage_taken":0,"max_hp_gain":0,"max_hp_loss":0,"event_name":"Scrap Ooze","floor":4,"gold_loss":0},{"damage_healed":0,"gold_gain":0,"player_choice":"Searched \u00271\u0027 times","damage_taken":0,"max_hp_gain":0,"max_hp_loss":0,"event_name":"Dead Adventurer","floor":14,"gold_loss":0},{"damage_healed":0,"gold_gain":50,"player_choice":"Stole From Cult","damage_taken":0,"max_hp_gain":0,"max_hp_loss":0,"event_name":"Nest","floor":19,"gold_loss":0}],"is_beta":false,"boss_relics":[{"not_picked":["Sozu","Fusion Hammer"],"picked":"Velvet Choker"}],"items_purged_floors":[5,21],"is_endless":false,"potions_floor_spawned":[2,3,10,11,14,22,24],"killed_by":"Slavers","ascension_level":20}}