{"host":"dbkc9h3etq50r1dq","time":1610443697,"event":{"mods":["AchievementEnabler","BaseMod","Block Reminder","Colored Powertips","Curses Come First","Custom Start","Dark Map","Minty Spire (QoL Compilation)","Permanent Neow","Potion Indicator Mod","Rare Cards Sparkle","StSLib","SuperFastMode","The Jungle"],"gold_per_floor":[118,193,143,143,159,159,171,171,171,58,58,74,91,124,124,223,223,235,255,12,24,24,24],"floor_reached":22,"playtime":1062,"items_purged":["Strike_P","Defend_P"],"score":214,"play_id":"34411983-5303-469d-b132-0aae90b626ad","local_time":"20210112172817","is_ascension_mode":true,"campfire_choices":[{"data":"DeceiveReality","floor":6,"key":"SMITH"},{"data":"Eruption","floor":8,"key":"SMITH"},{"floor":11,"key":"REST"},{"floor":15,"key":"REST"}],"circlet_count":0,"master_deck":["Strike_P","Strike_P","Strike_P","Defend_P","Defend_P","Eruption+1","Vigilance","DeceiveReality+1","Study","Sanctity","EmptyBody","TalkToTheHand","EmptyFist","FlurryOfBlows","CutThroughFate"],"relics":["PureWater","Sundial","The Courier","Black Star","Juzu Bracelet"],"acts_visited":["Exordium","Exordium"],"potions_floor_usage":[12,14,14,21],"damage_taken":[{"damage":15.0,"enemies":"Jaw Worm","floor":1.0,"turns":5.0},{"damage":0,"enemies":"2 Louse","floor":5,"turns":2},{"damage":5,"enemies":"Cultist","floor":7,"turns":3},{"damage":9,"enemies":"Gremlin Gang","floor":12,"turns":5},{"damage":0,"enemies":"Large Slime","floor":13,"turns":4},{"damage":13,"enemies":"3 Sentries","floor":14,"turns":8},{"damage":45,"enemies":"The Guardian","floor":16,"turns":11},{"damage":52,"enemies":"theJungle:GiantWrat","floor":18,"turns":10},{"damage":10,"enemies":"Shell Parasite","floor":19,"turns":13},{"damage":8,"enemies":"theJungle:2_Snecko_Cultists","floor":21,"turns":4},{"damage":0,"enemies":"theJungle:JungleHuntersEncounter","floor":22,"turns":3}],"seed_played":"-1401180851518431296","potions_obtained":[{"floor":0.0,"key":"BlessingOfTheForge"},{"floor":0.0,"key":"Fruit Juice"},{"floor":0.0,"key":"DistilledChaos"},{"floor":12,"key":"SpeedPotion"},{"floor":13,"key":"LiquidMemories"},{"floor":19,"key":"SneckoOil"}],"is_trial":false,"path_per_floor":["M","?","?","?","M","R","M","R","T","$","R","M","M","E","R","B",null,"M","M","$","M","M"],"character_chosen":"WATCHER","items_purchased":["Sanctity","FlurryOfBlows","Juzu Bracelet"],"campfire_rested":2,"item_purchase_floors":[10,20,20],"current_hp_per_floor":[62,51,51,51,51,51,46,46,46,46,69,60,60,47,70,25,77,25,15,15,7,7,7],"gold":24,"neow_bonus":"THREE_SMALL_POTIONS","is_daily":false,"chose_seed":false,"campfire_upgraded":2,"win_rate":0.0,"timestamp":1610443697,"path_taken":["M","?","?","?","M","R","M","R","T","?","R","M","?","E","R","BOSS","M","?","$","M","M"],"items_purchased_type":["Card","Card","Relic"],"build_version":"2020-12-22","purchased_purges":2,"victory":false,"max_hp_per_floor":[77,77,77,77,77,77,77,77,77,77,77,77,77,77,77,77,77,77,77,77,77,77,77],"card_choices":[{"not_picked":["JustLucky","FollowUp"],"picked":"DeceiveReality","floor":1.0},{"not_picked":["JustLucky","EmptyBody","LikeWater"],"picked":"SKIP","floor":5},{"not_picked":["Conclude","PathToVictory"],"picked":"Study","floor":7},{"not_picked":["Prostrate","ThirdEye"],"picked":"EmptyBody","floor":12},{"not_picked":["Evaluate","CrushJoints"],"picked":"TalkToTheHand","floor":13},{"not_picked":["Evaluate","Wireheading"],"picked":"EmptyFist","floor":14},{"not_picked":["CrushJoints","Protect","SashWhip"],"picked":"SKIP","floor":18},{"not_picked":["Perseverance","Conclude","DeceiveReality"],"picked":"SKIP","floor":19},{"not_picked":["Evaluate","SashWhip"],"picked":"CutThroughFate","floor":21}],"player_experience":136977,"relics_obtained":[{"floor":9,"key":"Sundial"},{"floor":14,"key":"The Courier"}],"event_choices":[{"damage_healed":0.0,"max_hp_gain":0.0,"max_hp_loss":0.0,"gold_gain":75.0,"event_name":"World of Goop","player_choice":"Gather Gold","floor":2.0,"gold_loss":0.0,"damage_taken":11.0},{"cards_removed":["Defend_P"],"damage_healed":0.0,"max_hp_gain":0.0,"max_hp_loss":0.0,"gold_gain":0.0,"event_name":"The Cleric","player_choice":"Card Removal","floor":3.0,"gold_loss":50.0,"damage_taken":0.0},{"damage_healed":0,"gold_gain":0,"player_choice":"Ignored","damage_taken":0,"max_hp_gain":0,"max_hp_loss":0,"event_name":"Shining Light","floor":4,"gold_loss":0}],"is_beta":false,"boss_relics":[{"not_picked":["Busted Crown","Cursed Key"],"picked":"Black Star"}],"items_purged_floors":[10,20],"is_endless":false,"potions_floor_spawned":[12,13,19],"killed_by":"theJungle:JungleHuntersEncounter","ascension_level":3}}