{"host":"q4b0c643vtafhvqv","time":1610419648,"event":{"mods":["AchievementEnabler","BaseMod","Colored Map","Colored Powertips","Downfall","Minty Spire (QoL Compilation)","Permanent Neow","Quick Restart","Spicy Shops","StSLib","UnlockEverythingMod"],"gold_per_floor":[5000,5014,5014,5034,5034,4959,5010,5010,5036,5053,5074,5107,5118,4411,4428,4529,4529,4404,4423,4523,4584,4734,4236,4285,4355,4390,4401,4421,4371,4280,4290,4240,4349,4349,4368,4387,4387,4437,4499,4514,4540,4590,4615,4627,4661,4680,4745,4388,4263,4263,4263,4293,3878,3828,3828],"floor_reached":56,"playtime":3493,"items_purged":["Slimebound:Strike_Slimebound+1","Slimebound:Strike_Slimebound+1","Slimebound:Strike_Slimebound+1","Slimebound:Tackle+1","Slimebound:FormOfPuddle"],"score":1359,"play_id":"2afedf49-71f3-4f45-8a4c-de66db0872a0","local_time":"20210112104728","is_ascension_mode":true,"campfire_choices":[{"floor":1.0,"key":"RECALL"},{"floor":6.0,"key":"REST"},{"data":"Slimebound:MassFeed","floor":18.0,"key":"SMITH"},{"data":"Slimebound:SelfFormingGoo","floor":29.0,"key":"SMITH"},{"data":"Panacea","floor":32.0,"key":"SMITH"},{"data":"Slimebound:LevelUp","floor":49.0,"key":"SMITH"},{"data":"Slimebound:SlimeBarrage","floor":54,"key":"SMITH"}],"circlet_count":0,"master_deck":["Slimebound:Defend_Slimebound+1","Slimebound:Defend_Slimebound+1","Slimebound:Defend_Slimebound+1","Slimebound:Split+1","Slimebound:SlimeBarrage+1","Slimebound:MassFeed+1","Slimebound:SplitBruiser+1","Slimebound:SplitBruiser+1","Slimebound:SelfFormingGoo+1","Panacea+1","Panache","Ghostly","Slimebound:OneTwoCombo","Slimebound:Replication","Slimebound:SelfFormingGoo+1","Slimebound:SplitBruiser","Master of Strategy","Slimebound:LevelUp+1","expansioncontent:DecasProtection","Slimebound:Overexert"],"relics":["Slimebound:AbsorbEndCombat","Strange Spoon","downfall:HeartBlessingRed","Omamori","Slimebound:GreedOozeRelic","Bag of Preparation","Odd Mushroom","Mummified Hand","Medical Kit","Blue Candle","Cauldron","downfall:HeartBlessingGreen","downfall:CloakOfManyFaces","CultistMask","FaceOfCleric","NlothsMask","GremlinMask","SsserpentHead","Membership Card","OrangePellets","CeramicFish","Bronze Scales","SacredBark","Strange Spoon","DollysMirror","WarpedTongs","Bottled Flame","ClockworkSouvenir","Vajra","downfall:HeartBlessingBlue","Pear","Mango","Oddly Smooth Stone"],"acts_visited":["Exordium","TheCity","TheBeyond","TheEnding"],"potions_floor_usage":[52,55,55,55,55,55],"damage_taken":[{"damage":8.0,"enemies":"Jaw Worm","floor":2.0,"turns":2.0},{"damage":8.0,"enemies":"2 Louse","floor":4.0,"turns":2.0},{"damage":4.0,"enemies":"Gremlin Nob","floor":9.0,"turns":3.0},{"damage":8.0,"enemies":"Cultist","floor":10.0,"turns":2.0},{"damage":13.0,"enemies":"The Mushroom Lair","floor":11.0,"turns":2.0},{"damage":21.0,"enemies":"3 Sentries","floor":12.0,"turns":5.0},{"damage":8.0,"enemies":"2 Fungi Beasts","floor":13.0,"turns":2.0},{"damage":19.0,"enemies":"downfall:FleeingMerchant","floor":14.0,"turns":4.0},{"damage":10.0,"enemies":"3 Louse","floor":15.0,"turns":3.0},{"damage":28.0,"enemies":"downfall:Ironclad","floor":16.0,"turns":5.0},{"damage":8.0,"enemies":"Spheric Guardian","floor":19.0,"turns":3.0},{"damage":16.0,"enemies":"downfall:FaceTrader","floor":20.0,"turns":3.0},{"damage":26.0,"enemies":"Centurion and Healer","floor":21.0,"turns":5.0},{"damage":16.0,"enemies":"downfall:FleeingMerchant","floor":23.0,"turns":4.0},{"damage":30.0,"enemies":"Shelled Parasite and Fungi","floor":25.0,"turns":3.0},{"damage":22.0,"enemies":"Slavers","floor":26.0,"turns":4.0},{"damage":12.0,"enemies":"Snake Plant","floor":27.0,"turns":2.0},{"damage":16.0,"enemies":"Centurion and Healer","floor":28.0,"turns":3.0},{"damage":14.0,"enemies":"Snecko","floor":31.0,"turns":4.0},{"damage":45.0,"enemies":"downfall:Silent","floor":33.0,"turns":7.0},{"damage":9.0,"enemies":"3 Shapes","floor":35.0,"turns":2.0},{"damage":14.0,"enemies":"Orb Walker","floor":36.0,"turns":3.0},{"damage":2.0,"enemies":"downfall:FleeingMerchant","floor":37.0,"turns":2.0},{"damage":31.0,"enemies":"Transient","floor":39.0,"turns":5.0},{"damage":13.0,"enemies":"Writhing Mass","floor":40.0,"turns":4.0},{"damage":19.0,"enemies":"Spire Growth","floor":43.0,"turns":3.0},{"damage":30.0,"enemies":"Sphere and 2 Shapes","floor":44.0,"turns":2.0},{"damage":33.0,"enemies":"Nemesis","floor":45.0,"turns":3.0},{"damage":20.0,"enemies":"Writhing Mass","floor":46.0,"turns":4.0},{"damage":32.0,"enemies":"Transient","floor":47.0,"turns":5.0},{"damage":22.0,"enemies":"downfall:Defect","floor":50.0,"turns":4.0},{"damage":8,"enemies":"downfall:CharBossMerchant","floor":52,"turns":4},{"damage":56,"enemies":"downfall:NeowBoss","floor":55,"turns":19}],"seed_played":"1748346023734251008","potions_obtained":[{"floor":4.0,"key":"blueLaboratory:CorrosionFlask"},{"floor":9.0,"key":"Fire Potion"},{"floor":13.0,"key":"blueLaboratory:SavagePotion"},{"floor":14.0,"key":"blueLaboratory:EmptyBottle"},{"floor":14.0,"key":"LiquidMemories"},{"floor":16.0,"key":"blueLaboratory:FruitPreserves"},{"floor":25.0,"key":"Fire Potion"},{"floor":26.0,"key":"GamblersBrew"},{"floor":27.0,"key":"BlessingOfTheForge"},{"floor":31.0,"key":"Slimebound:ThreeZeroPotion"}],"is_trial":false,"path_per_floor":["R","M","?","M","?","R","T","?","E","M","?","E","M","$","M","B",null,"R","M","?","M","?","$","T","M","E","M","M","R","?","M","R","B",null,"M","M","$","?","M","M","T","?","M","M","E","M","M","$","R","B",null,"E","$","R","B",null],"character_chosen":"SLIMEBOUND","items_purchased":["Medical Kit","Blue Candle","blueLaboratory:SavagePotion","Cauldron","Membership Card","OrangePellets","CeramicFish","blueLaboratory:FruitPunch","Panacea","Panache","LiquidMemories","Energy Potion","Ancient Potion","Strange Spoon","DollysMirror","ClockworkSouvenir","DuplicationPotion","Master of Strategy","Slimebound:LevelUp","Vajra","Mango","expansioncontent:DecasProtection","Slimebound:Overexert","Regen Potion","Oddly Smooth Stone"],"campfire_rested":1,"item_purchase_floors":[14,14,14,14,23,23,23,23,23,23,37,37,37,37,37,48,48,48,48,48,53,53,53,53,53],"current_hp_per_floor":[60,60,60,60,60,60,60,60,56,60,57,44,46,55,57,56,60,60,64,64,71,71,74,74,65,64,63,70,70,70,75,75,65,94,103,98,99,99,102,104,104,104,106,99,91,84,91,91,101,102,139,154,168,168,169],"gold":3828,"neow_bonus":"ONE_RARE_RELIC","is_daily":false,"chose_seed":false,"campfire_upgraded":5,"win_rate":0.0,"timestamp":1610419648,"path_taken":["R","M","?","M","?","R","T","?","E","M","?","E","M","$","M","BOSS","R","M","?","?","?","$","T","?","E","M","M","R","?","M","R","BOSS","M","M","$","?","?","M","T","?","M","M","E","M","?","$","R","BOSS","E","$","R","BOSS"],"items_purchased_type":["Relic","Relic","Undefined","Relic","Relic","Relic","Relic","Undefined","Card","Card","Potion","Potion","Potion","Relic","Relic","Relic","Potion","Card","Card","Relic","Relic","Card","Card","Potion","Relic"],"build_version":"2020-12-22","purchased_purges":5,"victory":true,"max_hp_per_floor":[60,60,60,60,60,60,60,60,60,60,60,60,60,60,60,60,60,60,64,64,73,73,74,74,81,82,83,88,88,88,89,89,94,94,103,104,105,105,106,107,107,107,108,113,118,123,124,124,134,139,139,154,168,168,169],"card_choices":[{"not_picked":["Slimebound:SplitAcid","Slimebound:RollThrough","Slimebound:RejuvenatingLick"],"picked":"SKIP","floor":2.0},{"not_picked":["Slimebound:SplitMire","Slimebound:Schlurp","Slimebound:SlimeBrawl"],"picked":"SKIP","floor":4.0},{"not_picked":["Slimebound:SplitMire","Slimebound:SpikyOuterGoop"],"picked":"Slimebound:SlimeBarrage","floor":9.0},{"not_picked":["Slimebound:TongueLash","Slimebound:SplitAcid","Slimebound:SplitMire"],"picked":"SKIP","floor":10.0},{"not_picked":["Slimebound:ComboTackle","Slimebound:FirmFortitude"],"picked":"Slimebound:FormOfPuddle","floor":12.0},{"not_picked":["Slimebound:PressTheAttack","Slimebound:LeechingTouch","Slimebound:ViciousTackle"],"picked":"SKIP","floor":13.0},{"not_picked":["Slimebound:SlimeSpikes","Slimebound:FinishingTackle","Slimebound:GoopTackle"],"picked":"SKIP","floor":14.0},{"not_picked":["Slimebound:SamplingLick","Slimebound:RollThrough","Slimebound:GrowthPunch"],"picked":"SKIP","floor":15.0},{"not_picked":["Slimebound:PrepareCrush","Slimebound:DouseInSlime"],"picked":"Slimebound:MassFeed","floor":16.0},{"not_picked":["Slimebound:Schlurp","Slimebound:LivingWall"],"picked":"Slimebound:SplitBruiser+1","floor":19.0},{"not_picked":["Slimebound:FormOfPuddle","Slimebound:GrowthPunch"],"picked":"Slimebound:SplitBruiser+1","floor":20.0},{"not_picked":["Slimebound:GoopSpray+1","Slimebound:ComboTackle"],"picked":"Slimebound:SelfFormingGoo","floor":21.0},{"not_picked":["Slimebound:FinishingTackle","Slimebound:LeadByExample","Slimebound:BestDefense+1"],"picked":"SKIP","floor":23.0},{"not_picked":["Slimebound:Gluttony","Slimebound:SplitAcid","Slimebound:LeechingTouch+1"],"picked":"SKIP","floor":25.0},{"not_picked":["Slimebound:MegaLick","Slimebound:Equalize","Slimebound:SplitMire"],"picked":"SKIP","floor":26.0},{"not_picked":["Slimebound:RollThrough","Slimebound:Dissolve","Slimebound:SamplingLick"],"picked":"SKIP","floor":27.0},{"not_picked":["Slimebound:ViciousTackle+1","Slimebound:FinishingTackle","Slimebound:SlimeSpikes"],"picked":"SKIP","floor":28.0},{"not_picked":["Slimebound:PressTheAttack","Slimebound:SplitMire","Slimebound:Schlurp"],"picked":"SKIP","floor":31.0},{"not_picked":["Slimebound:LeechLife","Slimebound:PrepareCrush"],"picked":"Slimebound:OneTwoCombo","floor":33.0},{"not_picked":["Slimebound:PressTheAttack","Slimebound:SplitMire","Slimebound:Chomp"],"picked":"SKIP","floor":35.0},{"not_picked":["Slimebound:GrowthPunch+1","Slimebound:Equalize","Slimebound:FlameTackle+1"],"picked":"SKIP","floor":36.0},{"not_picked":["Slimebound:LivingWall","Slimebound:Equalize+1"],"picked":"Slimebound:Replication","floor":37.0},{"not_picked":["Slimebound:ViciousTackle","Slimebound:LeechingTouch+1","Slimebound:SlimeSpikes"],"picked":"SKIP","floor":39.0},{"not_picked":["Slimebound:FinishingTackle+1","Slimebound:RollThrough","Slimebound:Nibble+1"],"picked":"SKIP","floor":40.0},{"not_picked":["Slimebound:GrowthPunch+1","Slimebound:FinishingTackle"],"picked":"Slimebound:SplitBruiser","floor":43.0},{"not_picked":["Slimebound:Schlurp","Slimebound:PressTheAttack","Slimebound:SlimeBarrage"],"picked":"SKIP","floor":44.0},{"not_picked":["Slimebound:Schlurp","Slimebound:SpikyOuterGoop+1","Slimebound:SlimeSpikes"],"picked":"SKIP","floor":45.0},{"not_picked":["Slimebound:RollThrough","Slimebound:LivingWall","Slimebound:ForwardTackle+1"],"picked":"SKIP","floor":46.0},{"not_picked":["Slimebound:ComboTackle+1","Slimebound:Gluttony+1","Slimebound:ViciousTackle"],"picked":"SKIP","floor":47.0},{"not_picked":["Slimebound:RollThrough","Slimebound:LivingWall+1","Slimebound:PressTheAttack+1"],"picked":"SKIP","floor":52}],"player_experience":35981,"relics_obtained":[{"floor":7.0,"key":"Omamori"},{"floor":9.0,"key":"Bag of Preparation"},{"floor":11.0,"key":"Odd Mushroom"},{"floor":12.0,"key":"Mummified Hand"},{"floor":20.0,"key":"downfall:CloakOfManyFaces"},{"floor":26.0,"key":"Bronze Scales"},{"floor":45.0,"key":"Bottled Flame"},{"floor":52,"key":"Pear"}],"event_choices":[{"cards_removed":["Slimebound:Defend_Slimebound"],"damage_healed":0.0,"max_hp_gain":0.0,"max_hp_loss":0.0,"gold_gain":0.0,"event_name":"The Cleric","player_choice":"Card Removal","floor":3.0,"gold_loss":0.0,"damage_taken":0.0},{"damage_healed":0.0,"max_hp_gain":0.0,"max_hp_loss":0.0,"gold_gain":0.0,"event_name":"Mushrooms","player_choice":"Fought Mushrooms","floor":11.0,"gold_loss":0.0,"damage_taken":0.0},{"cards_removed":["Slimebound:CorrosiveSpit"],"damage_healed":0.0,"max_hp_gain":0.0,"max_hp_loss":0.0,"gold_gain":0.0,"event_name":"Purifier","player_choice":"Purged","floor":38.0,"gold_loss":0.0,"damage_taken":0.0},{"damage_healed":0.0,"max_hp_gain":0.0,"max_hp_loss":0.0,"gold_gain":0.0,"event_name":"Accursed Blacksmith","player_choice":"Rummage","floor":42.0,"gold_loss":0.0,"damage_taken":0.0,"relics_obtained":["WarpedTongs"],"cards_obtained":["Pain"]}],"is_beta":false,"boss_relics":[{"not_picked":["Velvet Choker","Snecko Eye","Fusion Hammer"]},{"not_picked":["Sozu","Slimebound:TarBlob"],"picked":"SacredBark"}],"items_purged_floors":[14,23,37,48,53],"is_endless":false,"potions_floor_spawned":[4,9,13,15,16,25,26,27,31,39,43,45,46],"ascension_level":1}}