{"host":"2zc57igszyqgae0y","time":1610431792,"event":{"mods":["ATMod(°¢èªMod)","Act Like it!","Aspiration","BaseMod","Chen","Gensokyo","GifTheSpireLib","Koishi","Marisa£¨ìFÓê¡¡Ä§ÀíÉ³£©","Minty Spire (QoL Compilation)","Rare Cards Sparkle","Reimu£¨²©ÀöÁéÃÎ£©","Remilia£¨ÀÙÃ×ÀòÑÇ£©","Replay The Spire","RumiaBox-Â¶Ã×æ«µÄÉñÃØºÐ×Ó","Shop Mod","StSLib","The Administrix","The Servant 0.9.4","Youmu£¨»êÆÇÑýÃÎ£©","[IsaacMod]ÒÔÈö¼âËþ","[µØ¾«Ê×ÁìÅÀËþ]The Maniac","vexMod"],"gold_per_floor":[216,232,407,424,440,440,455,88,88,108,126,126,33,54,106,207,207,222,222,222,24,40,40,59,72,72,82,101,101,101,118,118,218,218,233,253,145,70,89,89,89],"floor_reached":40,"playtime":2155,"items_purged":["Koishi:BasicStrike","Looming Evil","Koishi:BasicStrike"],"score":432,"play_id":"610b58ea-04ab-4482-aef0-3467e4cb744e","local_time":"20210112140952","is_ascension_mode":false,"campfire_choices":[{"floor":6.0,"key":"REST"},{"floor":15.0,"key":"REST"},{"data":"Koishi:RacingHeart","floor":23.0,"key":"SMITH"},{"data":"Koishi:HauntingSlash","floor":29.0,"key":"SMITH"},{"floor":32.0,"key":"DIG"}],"circlet_count":0,"master_deck":["Koishi:BasicStrike","Koishi:BasicStrike","Koishi:BasicDefend","Koishi:BasicDefend","Koishi:Provoke","Koishi:HauntingSlash+1","Koishi:SpiritedAway+1","Koishi:JumpScare+1","Koishi:EmbryosDream","Koishi:PhantomBarrier","Koishi:Untouchable+1","Koishi:UnconsciousUrges","Koishi:GrowingPain","Koishi:ReflexRadar+1","Koishi:RacingHeart+1","Koishi:DreadfulBlow","Koishi:RacingHeart","Koishi:PhantomStrike+1","Koishi:StingingMind","Koishi:ParalyzingFear+1","Koishi:MindStellarRelief","Koishi:PredatoryInstincts+1","Koishi:TremblingHands","Koishi:StingingMind","Koishi:StingingMind","Koishi:Untouchable","Koishi:FidgetySnatcher"],"relics":["Koishi:ImaginaryFriend","HushsDoor","AT_ATBox","Guide Book","Bag of Preparation","aspiration:SeaSaltIceCream","Lantern","ReplayTheSpireMod:CursedCoin","Gremlin Food","Odd Mushroom","BloodBag","Koishi:ColorfulDays","Ring of Fury","Singing Bowl","BookOfRevelations","Empty Cage"],"acts_visited":["Exordium","TheCity","TheBeyond"],"potions_floor_usage":[40],"damage_taken":[{"damage":2.0,"enemies":"Small Slimes","floor":1.0,"turns":3.0},{"damage":9.0,"enemies":"Jaw Worm","floor":2.0,"turns":4.0},{"damage":7.0,"enemies":"2 Louse","floor":4.0,"turns":3.0},{"damage":28.0,"enemies":"Exordium Thugs","floor":5.0,"turns":5.0},{"damage":3.0,"enemies":"3 Louse","floor":7.0,"turns":4.0},{"damage":0.0,"enemies":"Red Slaver","floor":11.0,"turns":8.0},{"damage":4.0,"enemies":"The Mushroom Lair","floor":14.0,"turns":6.0},{"damage":21.0,"enemies":"The Guardian","floor":16.0,"turns":20.0},{"damage":7.0,"enemies":"Spheric Guardian","floor":18.0,"turns":6.0},{"damage":0.0,"enemies":"Chosen","floor":22.0,"turns":4.0},{"damage":16.0,"enemies":"Sentry and Sphere","floor":24.0,"turns":7.0},{"damage":4.0,"enemies":"Cultist and Chosen","floor":25.0,"turns":7.0},{"damage":19.0,"enemies":"Shelled Parasite and Fungi","floor":27.0,"turns":7.0},{"damage":8.0,"enemies":"Centurion and Healer","floor":28.0,"turns":7.0},{"damage":11.0,"enemies":"Snecko","floor":31.0,"turns":6.0},{"damage":0.0,"enemies":"Champ","floor":33.0,"turns":14.0},{"damage":20.0,"enemies":"3 Darklings","floor":35.0,"turns":6.0},{"damage":27.0,"enemies":"3 Shapes","floor":36.0,"turns":5.0},{"damage":0.0,"enemies":"Maw","floor":39.0,"turns":8.0},{"damage":79,"enemies":"Giant Head","floor":40,"turns":8}],"seed_played":"-1373665722003014119","potions_obtained":[{"floor":7.0,"key":"DistilledChaos"},{"floor":11.0,"key":"ColorlessPotion"},{"floor":16.0,"key":"Block Potion"},{"floor":20.0,"key":"LiquidBronze"},{"floor":28.0,"key":"SkillPotion"},{"floor":39.0,"key":"SkillPotion"}],"is_trial":false,"path_per_floor":["M","M","?","M","M","R","M","$","T","$","M","?","$","?","R","B",null,"M","?","?","$","M","R","M","M","T","M","M","R","$","M","R","B",null,"M","M","$","$","M","E"],"character_chosen":"KOISHI","items_purchased":["Guide Book","Bag of Preparation","ReplayTheSpireMod:CursedCoin","Gremlin Food","Koishi:RacingHeart","Koishi:DreadfulBlow","Koishi:TremblingHands","Koishi:StingingMind","Koishi:Untouchable"],"campfire_rested":2,"item_purchase_floors":[8,8,13,13,21,21,37,37,38],"current_hp_per_floor":[48,41,41,37,12,30,30,30,30,29,32,32,32,32,51,42,67,61,61,61,61,67,67,55,67,67,69,69,69,69,69,69,69,69,56,56,56,56,71,0,0],"gold":89,"neow_bonus":"RANDOM_EVENT","is_daily":false,"chose_seed":false,"campfire_upgraded":2,"win_rate":0.0,"timestamp":1610431792,"path_taken":["M","M","?","M","M","R","M","$","T","?","M","?","$","?","R","BOSS","M","?","?","$","M","R","M","M","T","M","M","R","?","M","R","BOSS","M","M","?","$","M","E"],"items_purchased_type":["Relic","Relic","Relic","Relic","Card","Card","Card","Card","Card"],"build_version":"2020-12-22","purchased_purges":3,"victory":false,"max_hp_per_floor":[60,60,60,60,60,60,60,60,60,60,60,60,60,60,67,67,67,67,67,67,67,67,67,67,67,67,69,69,69,69,69,69,69,69,69,71,71,71,71,71,71],"card_choices":[{"not_picked":["Koishi:Jaunt","Koishi:PhantomBarrier"],"picked":"Koishi:SpiritedAway","floor":1.0},{"not_picked":["Koishi:Bloodlust","Koishi:Catatonia"],"picked":"Koishi:JumpScare","floor":2.0},{"not_picked":["Koishi:DanmakuParanoia","Koishi:UnconsciousUprising"],"picked":"Koishi:EmbryosDream","floor":4.0},{"not_picked":["Koishi:HeartStoppingHorror","Koishi:GhostParty"],"picked":"Koishi:PhantomBarrier","floor":5.0},{"not_picked":["Koishi:ReflexRadar","Koishi:SubconsciousSweep"],"picked":"Koishi:Untouchable","floor":7.0},{"not_picked":["Koishi:Vanish","Koishi:SubconsciousSweep"],"picked":"Koishi:UnconsciousUrges","floor":11.0},{"not_picked":["Koishi:EmbryosDream","Koishi:JumpScare"],"picked":"Bomb","floor":14.0},{"not_picked":["Koishi:TerrifyingSpectre","Koishi:FadingMemory"],"picked":"Koishi:GrowingPain","floor":16.0},{"not_picked":["Koishi:HeartfeltFancy","Koishi:FleetingPhantom"],"picked":"Koishi:ReflexRadar+1","floor":18.0},{"not_picked":["Koishi:DreadfulBlow","Koishi:SubterraneanRose","Koishi:Heartbroken"],"picked":"SKIP","floor":22.0},{"not_picked":["Koishi:EmbryosDream","Koishi:HeartAttack"],"picked":"Koishi:RacingHeart","floor":24.0},{"not_picked":["Koishi:EmbryosDream","Koishi:SpiritedAway"],"picked":"Koishi:PhantomStrike+1","floor":25.0},{"not_picked":["Koishi:UnansweredLove+1","Koishi:GeneticsOfTheUnconscious","Koishi:RorschachInDanmaku"],"picked":"Singing Bowl","floor":27.0},{"not_picked":["Koishi:DNAsFlaw","Koishi:ConfinedInnocent"],"picked":"Koishi:StingingMind","floor":28.0},{"not_picked":["Koishi:StrangeCloudFist","Koishi:BloodcurdlingScream"],"picked":"Koishi:ParalyzingFear+1","floor":31.0},{"not_picked":["Koishi:SuperEgo","Koishi:FormlessExistence"],"picked":"Koishi:MindStellarRelief","floor":33.0},{"not_picked":["Koishi:ReleaseOfTheId","Koishi:JumpScare+1"],"picked":"Koishi:PredatoryInstincts+1","floor":35.0},{"not_picked":["Koishi:Jaunt","Koishi:JumpScare","Koishi:StingingMind"],"picked":"Singing Bowl","floor":36.0},{"not_picked":["Koishi:FleetingPhantom+1","Koishi:SpiritedAway+1"],"picked":"Koishi:FidgetySnatcher","floor":39.0}],"player_experience":364950,"relics_obtained":[{"floor":9.0,"key":"aspiration:SeaSaltIceCream"},{"floor":14.0,"key":"Odd Mushroom"},{"floor":19.0,"key":"Ring of Fury"},{"floor":26.0,"key":"Singing Bowl"},{"floor":32.0,"key":"BookOfRevelations"}],"event_choices":[{"damage_healed":0.0,"max_hp_gain":0.0,"max_hp_loss":0.0,"gold_gain":175.0,"event_name":"Liars Game","player_choice":"AGREE","floor":3.0,"gold_loss":0.0,"damage_taken":0.0,"cards_obtained":["Doubt"]},{"damage_healed":0.0,"max_hp_gain":0.0,"max_hp_loss":0.0,"gold_gain":0.0,"event_name":"Mushrooms","player_choice":"Fought Mushrooms","floor":14.0,"gold_loss":0.0,"damage_taken":0.0}],"is_beta":false,"boss_relics":[{"not_picked":["Coffee Dripper","ChewingGum"],"picked":"Koishi:ColorfulDays"},{"not_picked":[]},{"not_picked":["Replay:Bronze Core","ChampionBelt"],"picked":"Empty Cage"},{"not_picked":[]}],"items_purged_floors":[8,13,21],"is_endless":false,"potions_floor_spawned":[7,11,16,28,39],"killed_by":"Giant Head","ascension_level":0}}