{"host":"w3q5ijqu8eoknil3","time":1610449336,"event":{"mods":["AchievementEnabler","BaseMod","Block Reminder","Colored Map","Colored Powertips","Curses Come First","Dark Map","Minty Spire (QoL Compilation)","Quick Restart","Relic Stats","StSLib","ojb\u0027s Better Paths Mod","ojb\u0027s Info Mod","slay the spire mod where everything is the same but ironclad has a cowboy hat"],"gold_per_floor":[112,112,132,159,116,116,158,185,185,205,248,269,312,312,321,321,321],"floor_reached":16,"playtime":403,"items_purged":[],"score":276,"play_id":"c31e4448-cd13-4ba1-8838-470a75972253","local_time":"20210112110216","is_ascension_mode":true,"campfire_choices":[{"data":"Riddle With Holes","floor":6,"key":"SMITH"},{"floor":15,"key":"REST"}],"circlet_count":0,"master_deck":["AscendersBane","Strike_G","Strike_G","Strike_G","Strike_G","Strike_G","Defend_G","Defend_G","Defend_G","Defend_G","Defend_G","Survivor","Neutralize","Riddle With Holes+1","Blade Dance","Poisoned Stab","Calculated Gamble","Bouncing Flask","Sucker Punch+1","Doppelganger","Cloak And Dagger","Blur","Setup"],"relics":["Ring of the Snake","NeowsBlessing","CeramicFish","Dream Catcher","Molten Egg 2","Dead Branch","Eternal Feather"],"acts_visited":["Exordium"],"potions_floor_usage":[11,13,13],"damage_taken":[{"damage":0,"enemies":"Cultist","floor":1,"turns":1},{"damage":0,"enemies":"Jaw Worm","floor":3,"turns":1},{"damage":0,"enemies":"Gremlin Nob","floor":7,"turns":1},{"damage":1,"enemies":"Small Slimes","floor":8,"turns":2},{"damage":13,"enemies":"2 Fungi Beasts","floor":10,"turns":4},{"damage":27,"enemies":"3 Sentries","floor":11,"turns":7},{"damage":0,"enemies":"Looter","floor":12,"turns":3},{"damage":11,"enemies":"Gremlin Nob","floor":13,"turns":3},{"damage":45,"enemies":"The Guardian","floor":16,"turns":9}],"seed_played":"7037413715299550601","potions_obtained":[{"floor":1,"key":"PowerPotion"},{"floor":10,"key":"Ancient Potion"},{"floor":11,"key":"Strength Potion"}],"is_trial":false,"path_per_floor":["M","?","M","T","$","R","E","M","T","M","E","M","E","?","R","B"],"character_chosen":"THE_SILENT","items_purchased":["Poisoned Stab"],"campfire_rested":1,"item_purchase_floors":[5],"current_hp_per_floor":[59,64,64,64,64,64,64,63,63,50,23,23,12,12,45,0,0],"gold":321,"neow_bonus":"THREE_ENEMY_KILL","is_daily":false,"chose_seed":false,"campfire_upgraded":1,"win_rate":0.0,"timestamp":1610449336,"path_taken":["M","?","M","?","$","R","E","M","T","M","E","M","E","?","R","BOSS"],"items_purchased_type":["Card"],"build_version":"2020-12-22","purchased_purges":0,"victory":false,"max_hp_per_floor":[66,71,71,71,71,71,71,71,71,71,71,71,71,71,71,71,71],"relic_stats":{"Dream Catcher":1,"counters":[9,31],"CeramicFish":72,"Dead Branch":[18],"Eternal Feather":12,"obtain_stats":[{"Dream Catcher":7,"NeowsBlessing":0,"CeramicFish":4,"Dead Branch":11,"Molten Egg 2":9,"Eternal Feather":13,"Ring of the Snake":0},{"Dream Catcher":3,"NeowsBlessing":0,"CeramicFish":2,"Dead Branch":6,"Molten Egg 2":4,"Eternal Feather":8,"Ring of the Snake":0},{"Dream Catcher":3,"NeowsBlessing":0,"CeramicFish":2,"Dead Branch":16,"Molten Egg 2":5,"Eternal Feather":22,"Ring of the Snake":0}],"Ring of the Snake":[18]},"card_choices":[{"not_picked":["Quick Slash","Deflect"],"picked":"Riddle With Holes","floor":1},{"not_picked":["All Out Attack","Bane"],"picked":"Blade Dance","floor":3},{"not_picked":["Dodge and Roll","Escape Plan"],"picked":"Calculated Gamble","floor":7},{"not_picked":["Concentrate","Endless Agony"],"picked":"Bouncing Flask","floor":8},{"not_picked":["Backflip","Well Laid Plans"],"picked":"Sucker Punch+1","floor":10},{"not_picked":["Slice+1","Expertise"],"picked":"Doppelganger","floor":11},{"not_picked":["Prepared","Dagger Throw+1"],"picked":"Cloak And Dagger","floor":12},{"not_picked":["Poisoned Stab+1","Quick Slash+1"],"picked":"Blur","floor":13},{"not_picked":["Poisoned Stab+1","Expertise"],"picked":"Setup","floor":15}],"player_experience":970925,"relics_obtained":[{"floor":4,"key":"CeramicFish"},{"floor":7,"key":"Dream Catcher"},{"floor":9,"key":"Molten Egg 2"},{"floor":11,"key":"Dead Branch"},{"floor":13,"key":"Eternal Feather"}],"event_choices":[{"damage_healed":0,"gold_gain":0,"player_choice":"Donut","damage_taken":0,"max_hp_gain":5,"max_hp_loss":0,"event_name":"Big Fish","floor":2,"gold_loss":0},{"damage_healed":0,"gold_gain":0,"player_choice":"Ignored","damage_taken":0,"max_hp_gain":0,"max_hp_loss":0,"event_name":"Shining Light","floor":14,"gold_loss":0}],"is_beta":false,"boss_relics":[],"items_purged_floors":[],"is_endless":false,"potions_floor_spawned":[1,10,11,12],"killed_by":"The Guardian","ascension_level":18}}