{"host":"25beq07qjecnigqh","time":1610432049,"event":{"mods":["BaseMod","Minty Spire (QoL Compilation)"],"gold_per_floor":[360,360,36,56,73,148,166,166,166,166,166,183,183,208,208,307,307,323,98,98,115,131,131,160,160,160,176,176,190,200,54,54,54,54],"floor_reached":33,"playtime":2894,"items_purged":["Strike_G"],"score":292,"play_id":"b1cbed6c-ed44-4fdd-bd53-18d9eccad9b1","local_time":"20210112141409","is_ascension_mode":false,"campfire_choices":[{"floor":8,"key":"REST"},{"data":"Escape Plan","floor":11,"key":"SMITH"},{"floor":13,"key":"REST"},{"floor":15,"key":"REST"},{"data":"Outmaneuver","floor":23,"key":"SMITH"},{"data":"Blade Dance","floor":25,"key":"SMITH"},{"floor":32,"key":"REST"}],"circlet_count":0,"master_deck":["Strike_G","Strike_G+1","Strike_G","Strike_G","Defend_G","Defend_G","Defend_G","Defend_G+1","Defend_G","Survivor","Neutralize","Slice","Blade Dance+1","Outmaneuver+1","Flechettes+1","Escape Plan+1","Slice+1","Masterful Stab+1","Flying Knee+1","Slice+1","Expertise","Die Die Die+1"],"relics":["Ring of the Snake","Molten Egg 2","Pear","Bag of Marbles","WristBlade","Sling","MutagenicStrength","Letter Opener","Juzu Bracelet","Bag of Preparation"],"acts_visited":["Exordium","TheCity"],"potions_floor_usage":[24,24],"damage_taken":[{"damage":10,"enemies":"Cultist","floor":1,"turns":6},{"damage":0,"enemies":"2 Louse","floor":4,"turns":3},{"damage":3,"enemies":"Jaw Worm","floor":5,"turns":2},{"damage":6,"enemies":"Lots of Slimes","floor":7,"turns":6},{"damage":11,"enemies":"Large Slime","floor":12,"turns":8},{"damage":23,"enemies":"Lagavulin","floor":14,"turns":8},{"damage":27,"enemies":"Slime Boss","floor":16,"turns":16},{"damage":7,"enemies":"Shell Parasite","floor":18,"turns":4},{"damage":13,"enemies":"3 Byrds","floor":21,"turns":4},{"damage":3,"enemies":"Snake Plant","floor":22,"turns":2},{"damage":0,"enemies":"Book of Stabbing","floor":24,"turns":2},{"damage":7,"enemies":"Shelled Parasite and Fungi","floor":27,"turns":2},{"damage":9,"enemies":"Cultist and Chosen","floor":29,"turns":5},{"damage":19,"enemies":"Centurion and Healer","floor":30,"turns":3},{"damage":43,"enemies":"Automaton","floor":33,"turns":4}],"seed_played":"-4293241069413765070","potions_obtained":[{"floor":5,"key":"FearPotion"},{"floor":12,"key":"FearPotion"},{"floor":16,"key":"Ancient Potion"},{"floor":24,"key":"LiquidMemories"},{"floor":27,"key":"AttackPotion"}],"is_trial":false,"path_per_floor":["M","?","$","M","M","?","M","R","T","?","R","M","R","E","R","B",null,"M","$","?","M","M","R","E","R","T","M","?","M","M","$","R","B"],"character_chosen":"THE_SILENT","items_purchased":["Blade Dance","Outmaneuver","Molten Egg 2","Sling","Bag of Preparation"],"campfire_rested":4,"item_purchase_floors":[3,3,3,19,31],"current_hp_per_floor":[53,53,53,53,50,39,33,51,61,46,46,35,56,33,54,27,73,66,66,66,53,50,50,50,50,50,43,43,34,15,15,36,0,0],"gold":54,"neow_bonus":"TWO_FIFTY_GOLD","is_daily":false,"chose_seed":false,"campfire_upgraded":3,"win_rate":0.0,"timestamp":1610432049,"path_taken":["M","?","$","M","M","?","M","R","T","?","R","M","R","E","R","BOSS","M","$","?","M","M","R","E","R","T","M","?","M","M","$","R","BOSS"],"items_purchased_type":["Card","Card","Relic","Relic","Relic"],"build_version":"2020-12-22","purchased_purges":1,"victory":false,"max_hp_per_floor":[63,63,63,63,63,63,63,63,73,73,73,73,73,73,73,73,73,73,73,73,73,73,73,73,73,73,73,73,73,73,73,73,73,73],"card_choices":[{"not_picked":["Deadly Poison","Skewer"],"picked":"Slice","floor":1},{"not_picked":["Deadly Poison","Dodge and Roll"],"picked":"Flechettes+1","floor":4},{"not_picked":["Prepared","Bane+1","Underhanded Strike+1"],"picked":"SKIP","floor":5},{"not_picked":["Sucker Punch+1","Venomology"],"picked":"Escape Plan","floor":7},{"not_picked":["Heel Hook+1","Bouncing Flask"],"picked":"Slice+1","floor":12},{"not_picked":["Dagger Throw+1","Outmaneuver"],"picked":"Deflect","floor":14},{"not_picked":["Calculated Gamble","Poisoned Stab+1"],"picked":"Masterful Stab+1","floor":18},{"not_picked":["Flechettes+1","Dash+1","Backflip"],"picked":"SKIP","floor":21},{"not_picked":["Blur","Outmaneuver","Finisher+1"],"picked":"SKIP","floor":22},{"not_picked":["Predator+1","Dagger Throw+1"],"picked":"Flying Knee+1","floor":24},{"not_picked":["Dagger Spray+1","Underhanded Strike+1"],"picked":"Slice+1","floor":27},{"not_picked":["Underhanded Strike+1","Deadly Poison","Dagger Throw+1"],"picked":"SKIP","floor":29},{"not_picked":["Footwork","Deflect"],"picked":"Die Die Die+1","floor":30}],"player_experience":16723,"relics_obtained":[{"floor":9,"key":"Pear"},{"floor":14,"key":"Bag of Marbles"},{"floor":24,"key":"Letter Opener"},{"floor":26,"key":"Juzu Bracelet"}],"event_choices":[{"damage_healed":0,"gold_gain":0,"player_choice":"Ignored","damage_taken":0,"max_hp_gain":0,"max_hp_loss":0,"event_name":"Liars Game","floor":2,"gold_loss":0},{"damage_healed":0,"gold_gain":75,"player_choice":"Gather Gold","damage_taken":11,"max_hp_gain":0,"max_hp_loss":0,"event_name":"World of Goop","floor":6,"gold_loss":0},{"damage_healed":0,"gold_gain":0,"player_choice":"Entered Light","damage_taken":15,"max_hp_gain":0,"max_hp_loss":0,"event_name":"Shining Light","floor":10,"gold_loss":0,"cards_upgraded":["Strike_G","Defend_G"]},{"damage_healed":0,"gold_gain":0,"player_choice":"Inject Mutagens","damage_taken":0,"relics_obtained":["MutagenicStrength"],"max_hp_gain":0,"max_hp_loss":0,"event_name":"Drug Dealer","floor":20,"gold_loss":0},{"damage_healed":0,"gold_gain":0,"cards_transformed":["Deflect"],"player_choice":"Transformed","damage_taken":0,"max_hp_gain":0,"max_hp_loss":0,"event_name":"Transmorgrifier","floor":28,"gold_loss":0,"cards_obtained":["Expertise"]}],"is_beta":false,"boss_relics":[{"not_picked":["Busted Crown","Fusion Hammer"],"picked":"WristBlade"}],"items_purged_floors":[19],"is_endless":false,"potions_floor_spawned":[5,12,16,22,24,27,29],"killed_by":"Automaton","ascension_level":0}}