{"host":"6pgtslebjnyv5xmi","time":1610440030,"event":{"mods":["AchievementEnabler","BaseMod","Colored Map","Minty Spire (QoL Compilation)","Rare Cards Sparkle","StSLib","SuperFastMode","The Cursed","everything is the same but u backflip on backflip"],"gold_per_floor":[119,131,131,143,155,155,155,155,180,196,196,207,223,238,238,238,238],"floor_reached":16,"playtime":635,"items_purged":[],"score":154,"play_id":"8f701110-00ae-47b4-98cb-fdff99026aea","local_time":"20210112172710","is_ascension_mode":true,"campfire_choices":[{"data":"Unload","floor":6,"key":"SMITH"},{"floor":11,"key":"REST"},{"floor":15,"key":"REST"}],"circlet_count":0,"master_deck":["AscendersBane","Strike_G+1","Strike_G","Strike_G","Strike_G","Strike_G","Defend_G","Defend_G","Defend_G+1","Defend_G","Defend_G","Survivor","Neutralize","Bane","Well Laid Plans","Deadly Poison","Flechettes","Backstab","Unload+1","Footwork","Wraith Form v2","Backstab","Crippling Poison"],"relics":["Ring of the Snake","Prayer Wheel","CultistMask","Art of War"],"acts_visited":["Exordium"],"potions_floor_usage":[14,16],"damage_taken":[{"damage":1,"enemies":"2 Louse","floor":1,"turns":4},{"damage":2,"enemies":"Cultist","floor":2,"turns":4},{"damage":2,"enemies":"Jaw Worm","floor":4,"turns":5},{"damage":13,"enemies":"3 Louse","floor":5,"turns":4},{"damage":24,"enemies":"Lots of Slimes","floor":10,"turns":5},{"damage":9,"enemies":"Blue Slaver","floor":12,"turns":4},{"damage":3,"enemies":"Looter","floor":13,"turns":3},{"damage":4,"enemies":"Large Slime","floor":14,"turns":4},{"damage":31,"enemies":"Slime Boss","floor":16,"turns":6}],"seed_played":"-7385704654493958274","potions_obtained":[{"floor":2,"key":"LiquidBronze"},{"floor":4,"key":"Explosive Potion"},{"floor":5,"key":"BlessingOfTheForge"}],"is_trial":false,"path_per_floor":["M","M","?","M","M","R","?","?","T","M","R","M","M","M","R","B"],"character_chosen":"THE_SILENT","items_purchased":[],"campfire_rested":2,"item_purchase_floors":[],"current_hp_per_floor":[62,60,60,58,45,45,32,32,32,8,26,17,14,10,28,0,0],"gold":238,"neow_bonus":"ONE_RARE_RELIC","is_daily":false,"chose_seed":false,"campfire_upgraded":1,"win_rate":0.0,"timestamp":1610440030,"path_taken":["M","M","?","M","?","R","?","?","T","M","R","M","M","M","R","BOSS"],"items_purchased_type":[],"build_version":"2020-12-22","purchased_purges":0,"victory":false,"max_hp_per_floor":[63,63,63,63,63,63,63,63,63,63,63,63,63,63,63,63,63],"card_choices":[{"not_picked":["Slice","Deflect"],"picked":"Bane","floor":1},{"not_picked":["Leg Sweep","Setup","Deflect"],"picked":"SKIP","floor":1},{"not_picked":["Calculated Gamble","Flying Knee"],"picked":"Well Laid Plans","floor":2},{"not_picked":["Dagger Throw","Slice"],"picked":"Deadly Poison","floor":2},{"not_picked":["Flying Knee","PiercingWail"],"picked":"Flechettes","floor":4},{"not_picked":["Concentrate","PiercingWail"],"picked":"Backstab","floor":4},{"not_picked":["Quick Slash","Blade Dance"],"picked":"Unload","floor":5},{"not_picked":["Masterful Stab","Dagger Spray"],"picked":"Footwork","floor":5},{"not_picked":["Acrobatics","Cloak And Dagger","Prepared"],"picked":"SKIP","floor":10},{"not_picked":["Deflect","Acrobatics","Footwork"],"picked":"SKIP","floor":10},{"not_picked":["Cloak And Dagger","Outmaneuver"],"picked":"Wraith Form v2","floor":12},{"not_picked":["Dodge and Roll","Outmaneuver"],"picked":"Backstab","floor":12},{"not_picked":["Flechettes","PiercingWail"],"picked":"Crippling Poison","floor":13},{"not_picked":["Underhanded Strike","Riddle With Holes","Leg Sweep"],"picked":"SKIP","floor":13},{"not_picked":["Skewer","Blade Dance","Sucker Punch"],"picked":"SKIP","floor":14},{"not_picked":["Eviscerate","Underhanded Strike","Distraction"],"picked":"SKIP","floor":14}],"player_experience":941147,"relics_obtained":[{"floor":9,"key":"Art of War"}],"event_choices":[{"damage_healed":0,"gold_gain":0,"player_choice":"Trade","damage_taken":0,"relics_obtained":["CultistMask"],"max_hp_gain":0,"max_hp_loss":0,"event_name":"FaceTrader","floor":3,"gold_loss":0},{"damage_healed":0,"gold_gain":0,"player_choice":"Entered Light","damage_taken":13,"max_hp_gain":0,"max_hp_loss":0,"event_name":"Shining Light","floor":7,"gold_loss":0,"cards_upgraded":["Strike_G","Defend_G"]},{"damage_healed":0,"gold_gain":0,"player_choice":"Bought 0 Potions","damage_taken":0,"max_hp_gain":0,"max_hp_loss":0,"event_name":"The Woman in Blue","floor":8,"gold_loss":0}],"is_beta":false,"boss_relics":[],"items_purged_floors":[],"is_endless":false,"potions_floor_spawned":[2,4,5,13],"killed_by":"Slime Boss","ascension_level":12}}