{"host":"bgyhjzqafgkxdxsh","time":1610430250,"event":{"mods":["BaseMod","Colored Map","Minty Spire (QoL Compilation)","Relic Stats","StSLib","everything is the same but u backflip on backflip"],"gold_per_floor":[118,128,148,2,14,49,49,81,81,81,9,9,69,82,82,178,228,238,238,238,250,250,250],"floor_reached":22,"playtime":943,"items_purged":[],"score":326,"play_id":"91a841d6-6d2a-4c05-ad39-3f33d59104bb","local_time":"20210112154410","is_ascension_mode":true,"campfire_choices":[{"data":"Catalyst","floor":7,"key":"SMITH"},{"data":"Distraction","floor":15,"key":"SMITH"}],"circlet_count":0,"master_deck":["AscendersBane","Strike_G","Strike_G","Strike_G","Strike_G","Strike_G","Defend_G+1","Defend_G","Defend_G","Defend_G","Defend_G","Survivor","Neutralize","Dash","Catalyst+1","Poisoned Stab","Noxious Fumes","Noxious Fumes","Deadly Poison","Catalyst","Quick Slash","Distraction+1","Die Die Die","Cloak And Dagger"],"relics":["Ring of the Snake","ClockworkSouvenir","Boot","Eternal Feather","Torii","Tingsha","Tiny House","MutagenicStrength"],"acts_visited":["Exordium","TheCity"],"potions_floor_usage":[6,18],"damage_taken":[{"damage":6,"enemies":"Jaw Worm","floor":1,"turns":7},{"damage":0,"enemies":"Small Slimes","floor":2,"turns":3},{"damage":0,"enemies":"Cultist","floor":3,"turns":4},{"damage":10,"enemies":"Large Slime","floor":5,"turns":7},{"damage":14,"enemies":"3 Sentries","floor":6,"turns":6},{"damage":20,"enemies":"Lagavulin","floor":8,"turns":5},{"damage":16,"enemies":"Lagavulin Event","floor":13,"turns":5},{"damage":0,"enemies":"2 Fungi Beasts","floor":14,"turns":4},{"damage":34,"enemies":"Slime Boss","floor":16,"turns":9},{"damage":24,"enemies":"2 Thieves","floor":18,"turns":4},{"damage":17,"enemies":"Shell Parasite","floor":21,"turns":5}],"seed_played":"-6653985309676435609","potions_obtained":[{"floor":1,"key":"Fire Potion"},{"floor":5,"key":"Explosive Potion"},{"floor":6,"key":"Strength Potion"},{"floor":21,"key":"DuplicationPotion"}],"is_trial":false,"path_per_floor":["M","M","M","$","M","E","R","E","T","?","$","?","?","M","R","B",null,"M","?","?","M","?"],"character_chosen":"THE_SILENT","items_purchased":["ClockworkSouvenir","Catalyst"],"campfire_rested":0,"item_purchase_floors":[4,11],"current_hp_per_floor":[64,64,64,64,54,40,40,20,20,20,20,45,29,29,41,7,65,41,41,25,8,0,0],"gold":250,"neow_bonus":"TEN_PERCENT_HP_BONUS","is_daily":false,"chose_seed":false,"campfire_upgraded":2,"win_rate":0.0,"timestamp":1610430250,"path_taken":["M","M","M","$","M","E","R","E","T","?","$","?","?","M","R","BOSS","M","?","?","M","?"],"items_purchased_type":["Relic","Card"],"build_version":"2020-12-22","purchased_purges":0,"victory":false,"max_hp_per_floor":[77,77,77,77,77,77,77,77,77,77,77,77,77,77,77,77,82,82,82,87,87,87,87],"relic_stats":{"Torii":20,"counters":[11,59],"Eternal Feather":12,"Tingsha":[3],"Boot":[25],"obtain_stats":[{"Tiny House":17,"Torii":9,"MutagenicStrength":19,"Eternal Feather":8,"Tingsha":13,"Boot":6,"Ring of the Snake":0,"ClockworkSouvenir":4},{"Tiny House":9,"Torii":6,"MutagenicStrength":10,"Eternal Feather":6,"Tingsha":7,"Boot":5,"Ring of the Snake":0,"ClockworkSouvenir":3},{"Tiny House":50,"Torii":32,"MutagenicStrength":54,"Eternal Feather":32,"Tingsha":37,"Boot":27,"Ring of the Snake":0,"ClockworkSouvenir":14}],"Ring of the Snake":[22]},"card_choices":[{"not_picked":["PiercingWail","Prepared"],"picked":"Dash","floor":1},{"not_picked":["Backflip","Outmaneuver"],"picked":"Catalyst","floor":2},{"not_picked":["Infinite Blades","Slice"],"picked":"Poisoned Stab","floor":3},{"not_picked":["Deflect","Bane"],"picked":"Noxious Fumes","floor":5},{"not_picked":["Acrobatics","Phantasmal Killer"],"picked":"Noxious Fumes","floor":6},{"not_picked":["Flying Knee","Blade Dance"],"picked":"Deadly Poison","floor":8},{"not_picked":["Endless Agony","Noxious Fumes"],"picked":"Quick Slash","floor":13},{"not_picked":["Acrobatics","Infinite Blades"],"picked":"Distraction","floor":14},{"not_picked":["Storm of Steel","Phantasmal Killer"],"picked":"Die Die Die","floor":16},{"not_picked":["Underhanded Strike","Sucker Punch"],"picked":"Cloak And Dagger","floor":18},{"not_picked":["Backstab","Setup","Quick Slash"],"picked":"SKIP","floor":21}],"player_experience":460979,"relics_obtained":[{"floor":6,"key":"Boot"},{"floor":8,"key":"Eternal Feather"},{"floor":9,"key":"Torii"},{"floor":13,"key":"Tingsha"}],"event_choices":[{"damage_healed":0,"gold_gain":0,"player_choice":"Ignored","damage_taken":0,"max_hp_gain":0,"max_hp_loss":0,"event_name":"Shining Light","floor":10,"gold_loss":0},{"damage_healed":25,"gold_gain":0,"player_choice":"Banana","damage_taken":0,"max_hp_gain":0,"max_hp_loss":0,"event_name":"Big Fish","floor":12,"gold_loss":0},{"damage_healed":0,"gold_gain":0,"player_choice":"Searched \u00271\u0027 times","damage_taken":0,"max_hp_gain":0,"max_hp_loss":0,"event_name":"Dead Adventurer","floor":13,"gold_loss":0},{"damage_healed":0,"gold_gain":0,"player_choice":"Inject Mutagens","damage_taken":0,"relics_obtained":["MutagenicStrength"],"max_hp_gain":0,"max_hp_loss":0,"event_name":"Drug Dealer","floor":19,"gold_loss":0},{"damage_healed":0,"gold_gain":0,"player_choice":"Shed Blood","damage_taken":21,"max_hp_gain":5,"max_hp_loss":0,"event_name":"Forgotten Altar","floor":20,"gold_loss":0},{"damage_healed":0,"gold_gain":0,"player_choice":"Damaged","damage_taken":8,"max_hp_gain":0,"max_hp_loss":0,"event_name":"Wheel of Change","floor":22,"gold_loss":0}],"is_beta":false,"boss_relics":[{"not_picked":["WristBlade","Cursed Key"],"picked":"Tiny House"}],"items_purged_floors":[],"is_endless":false,"potions_floor_spawned":[1,5,6,16,21],"ascension_level":11}}