{"host":"i7jfea87xc8lz16p","time":1610453166,"event":{"mods":["AchievementEnabler","BaseMod","Colored Powertips","Minty Spire (QoL Compilation)","Relic Stats"],"gold_per_floor":[115,11,23,38,56,56,91,108,134,134,184,218,218,238,238,316,316,326,339,319,219,46,46,78,78,130,144,160,57,86,106,106,106,106],"floor_reached":33,"playtime":1557,"items_purged":["Strike_G","Strike_G","Strike_G"],"score":594,"play_id":"81ac7799-153d-4bff-8c1f-689ee47465c9","local_time":"20210112130606","is_ascension_mode":true,"campfire_choices":[{"data":"Dagger Spray","floor":6,"key":"SMITH"},{"floor":10,"key":"REST"},{"data":"Poisoned Stab","floor":13,"key":"SMITH"},{"floor":15,"key":"REST"},{"data":"Neutralize","floor":23,"key":"SMITH"},{"data":"All Out Attack","floor":25,"key":"SMITH"},{"floor":32,"key":"REST"}],"circlet_count":0,"master_deck":["AscendersBane","Strike_G","Strike_G","Defend_G","Defend_G","Defend_G","Defend_G","Defend_G","Survivor","Neutralize+1","Quick Slash","Backflip","Poisoned Stab+1","Dagger Spray+1","Terror","Blade Dance","All Out Attack+1","PiercingWail","Calculated Gamble","Acrobatics+1","Deadly Poison","Backflip+1"],"relics":["Ring of the Snake","Orichalcum","Potion Belt","Lantern","Black Star","PreservedInsect","Smiling Mask","Bag of Marbles","Bag of Preparation","Strawberry","Centennial Puzzle"],"acts_visited":["Exordium","TheCity"],"potions_floor_usage":[16,24,30,33,33],"damage_taken":[{"damage":0,"enemies":"2 Louse","floor":1,"turns":5},{"damage":1,"enemies":"Cultist","floor":3,"turns":3},{"damage":0,"enemies":"Small Slimes","floor":4,"turns":4},{"damage":20,"enemies":"Exordium Thugs","floor":5,"turns":4},{"damage":30,"enemies":"Lagavulin","floor":7,"turns":5},{"damage":2,"enemies":"Red Slaver","floor":8,"turns":3},{"damage":11,"enemies":"3 Sentries","floor":12,"turns":6},{"damage":0,"enemies":"Looter","floor":14,"turns":2},{"damage":29,"enemies":"The Guardian","floor":16,"turns":13},{"damage":0,"enemies":"3 Byrds","floor":18,"turns":5},{"damage":19,"enemies":"Shell Parasite","floor":19,"turns":6},{"damage":2,"enemies":"Slavers","floor":24,"turns":5},{"damage":5,"enemies":"Centurion and Healer","floor":27,"turns":5},{"damage":13,"enemies":"Cultist and Chosen","floor":28,"turns":4},{"damage":9,"enemies":"Book of Stabbing","floor":30,"turns":3},{"damage":0,"enemies":"Chosen and Byrds","floor":31,"turns":3},{"damage":106,"enemies":"Automaton","floor":33,"turns":10}],"seed_played":"8895591390699547207","potions_obtained":[{"floor":3,"key":"FearPotion"},{"floor":4,"key":"SpeedPotion"},{"floor":12,"key":"Strength Potion"},{"floor":14,"key":"SteroidPotion"},{"floor":16,"key":"FairyPotion"},{"floor":20,"key":"AttackPotion"},{"floor":28,"key":"PowerPotion"}],"is_trial":false,"path_per_floor":["M","$","M","M","M","R","E","M","T","R","?","E","R","M","R","B",null,"M","M","?","$","$","R","E","R","T","M","M","$","E","M","R","B"],"character_chosen":"THE_SILENT","items_purchased":["Backflip","PreservedInsect","Deadly Poison"],"campfire_rested":3,"item_purchase_floors":[2,22,29],"current_hp_per_floor":[65,65,64,64,44,44,14,12,12,33,33,22,22,22,43,14,58,58,39,39,39,39,39,37,37,37,32,19,19,17,17,40,0,0],"gold":106,"neow_bonus":"TEN_PERCENT_HP_BONUS","is_daily":false,"chose_seed":false,"campfire_upgraded":4,"win_rate":0.0,"timestamp":1610453166,"path_taken":["M","$","M","M","M","R","E","M","T","R","?","E","R","M","R","BOSS","M","?","?","?","$","R","E","R","T","M","M","$","E","?","R","BOSS"],"items_purchased_type":["Card","Relic","Card"],"build_version":"2020-12-22","purchased_purges":3,"victory":false,"max_hp_per_floor":[72,72,72,72,72,72,72,72,72,72,72,72,72,72,72,72,72,72,72,72,72,72,72,72,72,72,72,72,72,79,79,79,79,79],"relic_stats":{"Centennial Puzzle":[3],"counters":[17,86],"PreservedInsect":83,"Black Star":2,"Bag of Preparation":[10],"Orichalcum":[126],"Smiling Mask":75,"obtain_stats":[{"Potion Belt":9,"Lantern":12,"Centennial Puzzle":30,"Strawberry":30,"PreservedInsect":22,"Black Star":17,"Bag of Marbles":24,"Bag of Preparation":26,"Orichalcum":7,"Smiling Mask":24,"Ring of the Snake":0},{"Potion Belt":6,"Lantern":7,"Centennial Puzzle":15,"Strawberry":15,"PreservedInsect":11,"Black Star":9,"Bag of Marbles":12,"Bag of Preparation":12,"Orichalcum":5,"Smiling Mask":12,"Ring of the Snake":0},{"Potion Belt":24,"Lantern":30,"Centennial Puzzle":73,"Strawberry":73,"PreservedInsect":56,"Black Star":45,"Bag of Marbles":61,"Bag of Preparation":61,"Orichalcum":21,"Smiling Mask":61,"Ring of the Snake":0}],"Ring of the Snake":[34]},"card_choices":[{"not_picked":["Backflip","Underhanded Strike"],"picked":"Quick Slash","floor":1},{"not_picked":["Prepared","Deflect"],"picked":"Poisoned Stab","floor":3},{"not_picked":["Skewer","Distraction"],"picked":"Dagger Spray","floor":4},{"not_picked":["Slice","Blade Dance"],"picked":"Terror","floor":5},{"not_picked":["Adrenaline","Concentrate"],"picked":"Blade Dance","floor":7},{"not_picked":["Poisoned Stab","Flying Knee"],"picked":"All Out Attack","floor":8},{"not_picked":["Underhanded Strike","Sucker Punch","Backflip"],"picked":"SKIP","floor":12},{"not_picked":["Dagger Spray","Reflex","Acrobatics"],"picked":"SKIP","floor":14},{"not_picked":["Poisoned Stab","Prepared"],"picked":"PiercingWail","floor":18},{"not_picked":["Flying Knee","Cloak And Dagger"],"picked":"Calculated Gamble","floor":19},{"not_picked":["Deflect","Sucker Punch+1"],"picked":"Acrobatics+1","floor":24},{"not_picked":["Caltrops","Dodge and Roll","Blade Dance"],"picked":"SKIP","floor":27},{"not_picked":["Deflect","Underhanded Strike","Setup"],"picked":"SKIP","floor":28},{"not_picked":["Flechettes","Sucker Punch","Bane"],"picked":"SKIP","floor":30},{"not_picked":["Poisoned Stab","A Thousand Cuts"],"picked":"Backflip+1","floor":31}],"player_experience":1754455,"relics_obtained":[{"floor":7,"key":"Orichalcum"},{"floor":9,"key":"Potion Belt"},{"floor":12,"key":"Lantern"},{"floor":24,"key":"Smiling Mask"},{"floor":24,"key":"Bag of Marbles"},{"floor":26,"key":"Bag of Preparation"},{"floor":30,"key":"Strawberry"},{"floor":30,"key":"Centennial Puzzle"}],"event_choices":[{"damage_healed":0,"gold_gain":50,"player_choice":"Pray","damage_taken":0,"max_hp_gain":0,"max_hp_loss":0,"event_name":"Golden Shrine","floor":11,"gold_loss":0},{"damage_healed":0,"gold_gain":0,"player_choice":"Bought 1 Potion","damage_taken":0,"max_hp_gain":0,"max_hp_loss":0,"event_name":"The Woman in Blue","floor":20,"gold_loss":0}],"is_beta":false,"boss_relics":[{"not_picked":["Runic Dome","Philosopher\u0027s Stone"],"picked":"Black Star"}],"items_purged_floors":[2,21,29],"is_endless":false,"potions_floor_spawned":[3,4,12,14,16,18,28],"killed_by":"Automaton","ascension_level":20}}