{"host":"pvf7uj918he10jir","time":1610432408,"event":{"mods":["AchievementEnabler","BaseMod","Colored Map","Colored Powertips","Highlight Path","Minty Spire (QoL Compilation)","Relic Stats","Slay the Relics Exporter","everything is the same but u backflip on backflip"],"gold_per_floor":[112,187,187,187,206,239,239,301,376,388,398,398,21,38,38,134,134,152,152,152,251,24,24,56,56,56,6,23,23,36,64,64,177,177,196,246,261,281,281,281,314,314,364,391,409,434,60,97,97,97,97,97,40,69,69],"floor_reached":56,"playtime":4663,"items_purged":["Shame","Strike_P","Strike_P"],"score":1734,"play_id":"2f3342c4-eacf-4d58-a034-66a5ccf2ef9f","local_time":"20210112012008","is_ascension_mode":true,"campfire_choices":[{"data":"SashWhip","floor":7.0,"key":"SMITH"},{"floor":12.0,"key":"REST"},{"floor":15.0,"key":"REST"},{"data":"Ragnarok","floor":23,"key":"SMITH"},{"data":"BattleHymn","floor":25,"key":"SMITH"},{"data":"Fasting2","floor":29,"key":"SMITH"},{"data":"Vigilance","floor":32,"key":"SMITH"},{"data":"CutThroughFate","floor":40,"key":"SMITH"},{"floor":42,"key":"RECALL"},{"data":"Protect","floor":49,"key":"SMITH"},{"data":"Defend_P","floor":52,"key":"SMITH"}],"circlet_count":0,"master_deck":["Strike_P","Strike_P+1","Defend_P+1","Defend_P+1","Defend_P+1","Defend_P+1","Eruption+1","Vigilance+1","CutThroughFate+1","SashWhip+1","Wallop+1","ClearTheMind+1","Ragnarok+1","Fasting2+1","Worship","LessonLearned+1","BattleHymn+1","ThirdEye+1","Protect+1","SpiritShield+1","Worship+1"],"relics":["Velvet Choker","Blood Vial","Damaru","White Beast Statue","Membership Card","HornCleat","Snecko Eye","Bronze Scales","The Courier","CaptainsWheel","CeramicFish","Akabeko","Mercury Hourglass","Pantograph","Busted Crown","Torii","Ice Cream","Toxic Egg 2","CloakClasp","Mango","Dream Catcher","PrismaticShard","Orichalcum","Art of War","OrangePellets","Blue Candle"],"acts_visited":["Exordium","TheCity","TheBeyond","TheEnding"],"potions_floor_usage":[16,16,55,55,55],"damage_taken":[{"damage":0.0,"enemies":"Jaw Worm","floor":1.0,"turns":5.0},{"damage":0.0,"enemies":"2 Louse","floor":5.0,"turns":3.0},{"damage":9.0,"enemies":"Lagavulin","floor":6.0,"turns":5.0},{"damage":35.0,"enemies":"3 Sentries","floor":8.0,"turns":11.0},{"damage":0.0,"enemies":"Small Slimes","floor":10.0,"turns":2.0},{"damage":0.0,"enemies":"Looter","floor":11.0,"turns":2.0},{"damage":1.0,"enemies":"Large Slime","floor":14.0,"turns":4.0},{"damage":41,"enemies":"Slime Boss","floor":16,"turns":8},{"damage":5,"enemies":"3 Byrds","floor":18,"turns":4},{"damage":0,"enemies":"Book of Stabbing","floor":24,"turns":4},{"damage":5,"enemies":"2 Thieves","floor":28,"turns":3},{"damage":0,"enemies":"Snake Plant","floor":30,"turns":1},{"damage":0,"enemies":"Slavers","floor":31,"turns":5},{"damage":2,"enemies":"Collector","floor":33,"turns":4},{"damage":0,"enemies":"Orb Walker","floor":35,"turns":3},{"damage":0,"enemies":"Mind Bloom Boss Battle","floor":36,"turns":3},{"damage":0,"enemies":"3 Shapes","floor":37,"turns":3},{"damage":16,"enemies":"Transient","floor":38,"turns":5},{"damage":0,"enemies":"Giant Head","floor":41,"turns":5},{"damage":0,"enemies":"Reptomancer","floor":44,"turns":6},{"damage":0,"enemies":"Spire Growth","floor":45,"turns":3},{"damage":1,"enemies":"Nemesis","floor":46,"turns":5},{"damage":0,"enemies":"Giant Head","floor":48,"turns":4},{"damage":0,"enemies":"Time Eater","floor":50,"turns":5},{"damage":0,"enemies":"Shield and Spear","floor":54,"turns":3},{"damage":29,"enemies":"The Heart","floor":55,"turns":6}],"seed_played":"-4156881959950051913","potions_obtained":[{"floor":1.0,"key":"FearPotion"},{"floor":5.0,"key":"BlessingOfTheForge"},{"floor":10.0,"key":"Block Potion"},{"floor":16,"key":"Block Potion"},{"floor":18,"key":"LiquidBronze"},{"floor":37,"key":"CultistPotion"},{"floor":54,"key":"CultistPotion"}],"is_trial":false,"path_per_floor":["M","?","?","?","M","E","R","?","T","M","M","R","$","M","R","B",null,"M","?","?","?","$","R","E","R","T","$","M","R","M","E","R","B",null,"M","?","M","M","?","R","E","R","T","E","M","E","$","E","R","B",null,"R","$","E","B",null],"character_chosen":"WATCHER","items_purchased":["Membership Card","Ragnarok","Fasting2","HornCleat","CaptainsWheel","CeramicFish","ThirdEye","Protect","Mango","Dream Catcher","PrismaticShard","Orichalcum","OrangePellets"],"campfire_rested":2,"item_purchase_floors":[13,13,13,13,22,22,22,22,47,47,47,47,53],"current_hp_per_floor":[72,61,61,47,47,38,38,5,5,7,9,30,30,31,52,13,72,67,67,67,67,67,67,69,69,69,69,66,66,68,70,70,70,72,72,72,72,56,56,56,58,58,58,60,62,63,77,79,79,86,86,86,86,86,57],"gold":69,"neow_bonus":"BOSS_RELIC","is_daily":false,"chose_seed":false,"campfire_upgraded":8,"win_rate":0.0,"timestamp":1610432408,"path_taken":["M","?","?","?","M","E","R","?","T","M","M","R","$","M","R","BOSS","M","?","?","?","$","R","E","R","T","?","M","R","?","E","R","BOSS","M","?","M","M","?","R","E","R","T","E","M","E","$","E","R","BOSS","R","$","E","BOSS"],"items_purchased_type":["Relic","Card","Card","Relic","Relic","Relic","Card","Card","Relic","Relic","Relic","Relic","Relic"],"build_version":"2020-12-22","purchased_purges":3,"victory":true,"max_hp_per_floor":[72,72,72,72,72,72,72,72,72,72,72,72,72,72,72,72,72,72,72,72,72,72,72,72,72,72,72,72,72,72,72,72,72,72,72,72,72,72,72,72,72,72,72,72,72,72,86,86,86,86,86,86,86,86,86],"relic_stats":{"Torii":10,"counters":[26,112],"CeramicFish":36,"Blue Candle":[0],"CloakClasp":[69],"Orichalcum":[18],"Mercury Hourglass":[248],"Blood Vial":28,"OrangePellets":[3],"Dream Catcher":0,"Busted Crown":22,"Bronze Scales":[250],"Pantograph":9,"Snecko Eye":[123,108,120,98],"Art of War":[2],"obtain_stats":[{"Ice Cream":41,"Torii":36,"CeramicFish":22,"Mango":47,"CloakClasp":46,"PrismaticShard":47,"Blood Vial":6,"Dream Catcher":47,"HornCleat":13,"Pantograph":31,"Toxic Egg 2":44,"Blue Candle":54,"Velvet Choker":0,"Damaru":8,"The Courier":20,"Orichalcum":47,"White Beast Statue":9,"Akabeko":24,"Mercury Hourglass":26,"OrangePellets":53,"CaptainsWheel":22,"Busted Crown":34,"Bronze Scales":19,"Snecko Eye":17,"Art of War":48,"Membership Card":13,"PureWater":0},{"Ice Cream":19,"Torii":16,"CeramicFish":9,"Mango":22,"CloakClasp":22,"PrismaticShard":22,"Blood Vial":3,"Dream Catcher":22,"HornCleat":6,"Pantograph":13,"Toxic Egg 2":20,"Blue Candle":25,"Velvet Choker":0,"Damaru":4,"The Courier":9,"Orichalcum":22,"White Beast Statue":4,"Akabeko":10,"Mercury Hourglass":10,"OrangePellets":24,"CaptainsWheel":9,"Busted Crown":14,"Bronze Scales":9,"Snecko Eye":8,"Art of War":23,"Membership Card":6,"PureWater":0},{"Ice Cream":80,"Torii":67,"CeramicFish":44,"Mango":94,"CloakClasp":94,"PrismaticShard":94,"Blood Vial":13,"Dream Catcher":94,"HornCleat":28,"Pantograph":57,"Toxic Egg 2":86,"Blue Candle":106,"Velvet Choker":0,"Damaru":24,"The Courier":44,"Orichalcum":94,"White Beast Statue":24,"Akabeko":48,"Mercury Hourglass":48,"OrangePellets":103,"CaptainsWheel":44,"Busted Crown":61,"Bronze Scales":44,"Snecko Eye":40,"Art of War":98,"Membership Card":28,"PureWater":0}]},"card_choices":[{"not_picked":["Meditate","Halt","Vengeance"],"picked":"SKIP","floor":1.0},{"not_picked":["EmptyBody","Evaluate"],"picked":"CutThroughFate","floor":5.0},{"not_picked":["JustLucky","BowlingBash"],"picked":"SashWhip","floor":6.0},{"not_picked":["EmptyFist","PathToVictory"],"picked":"Wallop","floor":10.0},{"not_picked":["EmptyBody","CrushJoints"],"picked":"ClearTheMind","floor":11.0},{"not_picked":["DevaForm","FlyingSleeves"],"picked":"Worship","floor":14.0},{"not_picked":["DeusExMachina","Judgement"],"picked":"LessonLearned","floor":16},{"not_picked":["Consecrate+1","CarveReality"],"picked":"BattleHymn","floor":18},{"not_picked":["Crescendo+1","Tantrum","EmptyBody"],"picked":"SKIP","floor":24},{"not_picked":["ClearTheMind","DeceiveReality","EmptyMind"],"picked":"SKIP","floor":28},{"not_picked":["EmptyFist","Conclude","SashWhip+1"],"picked":"SKIP","floor":30},{"not_picked":["FlyingSleeves","Consecrate+1","Protect+1"],"picked":"SKIP","floor":31},{"not_picked":["Vault","Blasphemy"],"picked":"SpiritShield","floor":33},{"not_picked":["Collect+1"],"picked":"SKIP","floor":35},{"not_picked":["Conclude"],"picked":"SKIP","floor":37},{"not_picked":["ClearTheMind"],"picked":"SKIP","floor":38},{"not_picked":["WindmillStrike"],"picked":"SKIP","floor":41},{"not_picked":["Wireheading"],"picked":"SKIP","floor":44},{"not_picked":["ThirdEye+1"],"picked":"SKIP","floor":45},{"not_picked":["JustLucky+1"],"picked":"SKIP","floor":46},{"not_picked":[],"picked":"Worship+1","floor":48},{"not_picked":["Bane"],"picked":"SKIP","floor":54}],"player_experience":142502,"relics_obtained":[{"floor":6.0,"key":"Blood Vial"},{"floor":8.0,"key":"Damaru"},{"floor":9.0,"key":"White Beast Statue"},{"floor":24,"key":"Akabeko"},{"floor":26,"key":"Mercury Hourglass"},{"floor":31,"key":"Pantograph"},{"floor":36,"key":"Torii"},{"floor":41,"key":"Ice Cream"},{"floor":44,"key":"Toxic Egg 2"},{"floor":46,"key":"CloakClasp"},{"floor":48,"key":"Art of War"},{"floor":54,"key":"Blue Candle"}],"event_choices":[{"damage_healed":0.0,"max_hp_gain":0.0,"max_hp_loss":0.0,"gold_gain":75.0,"event_name":"World of Goop","player_choice":"Gather Gold","floor":2.0,"gold_loss":0.0,"damage_taken":11.0},{"damage_healed":0.0,"max_hp_gain":0.0,"max_hp_loss":0.0,"gold_gain":0.0,"event_name":"Living Wall","player_choice":"Grow","floor":3.0,"gold_loss":0.0,"damage_taken":0.0,"cards_upgraded":["Eruption"]},{"damage_healed":0.0,"max_hp_gain":0.0,"max_hp_loss":0.0,"gold_gain":0.0,"event_name":"Shining Light","player_choice":"Entered Light","floor":4.0,"gold_loss":0.0,"damage_taken":14.0,"cards_upgraded":["Defend_P","Strike_P"]},{"damage_healed":0.0,"max_hp_gain":0.0,"max_hp_loss":0.0,"gold_gain":0.0,"event_name":"Dead Adventurer","player_choice":"Searched \u00272\u0027 times","floor":8.0,"gold_loss":0.0,"damage_taken":0.0},{"damage_healed":0,"gold_gain":0,"player_choice":"Opened","damage_taken":0,"relics_obtained":["Bronze Scales"],"max_hp_gain":0,"max_hp_loss":0,"event_name":"The Mausoleum","floor":19,"gold_loss":0},{"damage_healed":0,"gold_gain":0,"player_choice":"Stole Relic","damage_taken":0,"relics_obtained":["The Courier"],"max_hp_gain":0,"max_hp_loss":0,"event_name":"Addict","floor":20,"gold_loss":0,"cards_obtained":["Shame"]},{"damage_healed":0,"gold_gain":99,"player_choice":"Stole From Cult","damage_taken":0,"max_hp_gain":0,"max_hp_loss":0,"event_name":"Nest","floor":21,"gold_loss":0},{"damage_healed":0,"gold_gain":0,"player_choice":"Fight","damage_taken":0,"max_hp_gain":0,"max_hp_loss":0,"event_name":"MindBloom","floor":36,"gold_loss":0},{"damage_healed":0,"gold_gain":0,"player_choice":"Memory 1","damage_taken":0,"max_hp_gain":0,"max_hp_loss":0,"event_name":"SensoryStone","floor":39,"gold_loss":0}],"is_beta":false,"boss_relics":[{"not_picked":["Tiny House","Pandora\u0027s Box"],"picked":"Snecko Eye"},{"not_picked":["Empty Cage","SacredBark"],"picked":"Busted Crown"}],"items_purged_floors":[22,27,47],"is_endless":false,"potions_floor_spawned":[1,5,10,11,14,16,18,24,28,30,31,33,35,36,37,38,41,44,45,46,48,54],"ascension_level":4}}