{"host":"0ssbae92yp6998o9","time":1610423798,"event":{"mods":["ATMod(°¢èªMod)","BaseMod","Marisa£¨ìFÓê¡¡Ä§ÀíÉ³£©","Minty Spire (QoL Compilation)","READ ME - Guardian Mod","Shop Mod","Spicy Shops","StSLib","Waifu the Spire"],"gold_per_floor":[111,111,111,130,146,146,1,1,1,1,33,33,60,84,84,180,180,197,215,232,244,262,262,282,282,282,282,381,381,407,419,419],"floor_reached":31,"playtime":1513,"items_purged":["Strike_R"],"score":266,"play_id":"73084514-3d5f-4256-8681-949665a66522","local_time":"20210112115638","is_ascension_mode":true,"campfire_choices":[{"data":"Searing Blow","floor":6.0,"key":"SMITH"},{"data":"Searing Blow+1","floor":8.0,"key":"SMITH"},{"data":"Searing Blow+2","floor":12.0,"key":"SMITH"},{"data":"Searing Blow+3","floor":15.0,"key":"SMITH"},{"data":"Searing Blow+4","floor":23.0,"key":"SMITH"},{"data":"Armaments","floor":25.0,"key":"SMITH"},{"data":"Searing Blow+5","floor":27.0,"key":"SMITH"}],"circlet_count":0,"master_deck":["Strike_R","Strike_R","Strike_R","Strike_R","Defend_R","Defend_R","Defend_R","Defend_R","Bash","AT_CelerityRune+1","Rampage","Searing Blow+6","Flame Barrier","AT_GerminateFire","Armaments+1","Body Slam","Offering","AT_BodySlamDance+1","Rupture","Shrug It Off+1","Intimidate","Impervious"],"relics":["Burning Blood","AT_ATBox","NeowsBlessing","PreservedInsect","CaptainsWheel","Ancient Tea Set","Odd Mushroom","Bag of Preparation","SlaversCollar","MawBank"],"acts_visited":["Exordium","TheCity"],"potions_floor_usage":[],"damage_taken":[{"damage":0.0,"enemies":"2 Louse","floor":1.0,"turns":1.0},{"damage":0.0,"enemies":"Small Slimes","floor":4.0,"turns":1.0},{"damage":0.0,"enemies":"Cultist","floor":5.0,"turns":1.0},{"damage":14.0,"enemies":"Gremlin Nob","floor":11.0,"turns":3.0},{"damage":13.0,"enemies":"The Mushroom Lair","floor":13.0,"turns":5.0},{"damage":34.0,"enemies":"The Guardian","floor":16.0,"turns":8.0},{"damage":6.0,"enemies":"Chosen","floor":18.0,"turns":3.0},{"damage":14.0,"enemies":"2 Thieves","floor":19.0,"turns":3.0},{"damage":15.0,"enemies":"Centurion and Healer","floor":20.0,"turns":4.0},{"damage":12.0,"enemies":"Sentry and Sphere","floor":21.0,"turns":5.0},{"damage":21.0,"enemies":"Snake Plant","floor":22.0,"turns":3.0},{"damage":6.0,"enemies":"Chosen and Byrds","floor":24.0,"turns":3.0},{"damage":14,"enemies":"Slavers","floor":30,"turns":3},{"damage":0,"enemies":"Shelled Parasite and Fungi","floor":31,"turns":1}],"seed_played":"5390350147467665254","potions_obtained":[{"floor":1.0,"key":"Explosive Potion"},{"floor":11.0,"key":"Energy Potion"},{"floor":19.0,"key":"EssenceOfSteel"},{"floor":21.0,"key":"LiquidMemories"},{"floor":24.0,"key":"BlessingOfTheForge"},{"floor":29.0,"key":"BloodPotion"},{"floor":29.0,"key":"FearPotion"}],"is_trial":false,"path_per_floor":["M","?","?","M","M","R","$","R","T","$","E","R","?","T","R","B",null,"M","M","M","M","M","R","M","R","T","R","?","?","E","M"],"character_chosen":"IRONCLAD","items_purchased":["AT_GerminateFire"],"campfire_rested":0,"item_purchase_floors":[7],"current_hp_per_floor":[80,80,80,80,80,80,80,80,80,80,72,72,65,65,65,37,80,80,72,63,57,42,42,42,42,42,42,42,42,34,34,34],"gold":419,"neow_bonus":"THREE_ENEMY_KILL","is_daily":false,"chose_seed":false,"campfire_upgraded":7,"win_rate":0.0,"timestamp":1610423798,"path_taken":["M","?","?","?","M","R","$","R","T","?","E","R","?","?","R","BOSS","M","M","?","M","M","R","M","R","T","R","?","?","E","?"],"items_purchased_type":["Card"],"build_version":"2020-12-22","purchased_purges":1,"victory":false,"max_hp_per_floor":[80,80,80,80,80,80,80,80,80,80,80,80,80,80,80,80,80,80,80,80,80,80,80,80,80,80,80,80,80,80,80,80],"card_choices":[{"not_picked":["Ghostly Armor","Havoc"],"picked":"Rampage","floor":1.0},{"not_picked":["Body Slam","AT_IchimonjiDouble"],"picked":"Searing Blow","floor":4.0},{"not_picked":["Rampage","Wild Strike"],"picked":"Flame Barrier","floor":5.0},{"not_picked":["Warcry","Uppercut"],"picked":"Armaments","floor":11.0},{"not_picked":["Rampage","Wild Strike"],"picked":"Body Slam","floor":13.0},{"not_picked":["Reaper","AT_Dispersion"],"picked":"Offering","floor":16.0},{"not_picked":["Warcry","AT_IchimonjiDouble"],"picked":"AT_BodySlamDance+1","floor":18.0},{"not_picked":["Twin Strike","Pommel Strike","Thunderclap"],"picked":"SKIP","floor":19.0},{"not_picked":["Clash","Inflame+1"],"picked":"Rupture","floor":20.0},{"not_picked":["Combust","Uppercut"],"picked":"Shrug It Off+1","floor":21.0},{"not_picked":["AT_CaressingTears","Flex","Wild Strike+1"],"picked":"SKIP","floor":22.0},{"not_picked":["Thunderclap+1","Pummel"],"picked":"Intimidate","floor":24.0},{"not_picked":["Sword Boomerang","Headbutt"],"picked":"Impervious","floor":30}],"player_experience":243937,"relics_obtained":[{"floor":9.0,"key":"CaptainsWheel"},{"floor":11.0,"key":"Ancient Tea Set"},{"floor":13.0,"key":"Odd Mushroom"},{"floor":14.0,"key":"Bag of Preparation"},{"floor":30,"key":"MawBank"}],"event_choices":[{"damage_healed":0.0,"max_hp_gain":0.0,"max_hp_loss":0.0,"gold_gain":0.0,"event_name":"Living Wall","player_choice":"Grow","floor":2.0,"gold_loss":0.0,"damage_taken":0.0,"cards_upgraded":["AT_CelerityRune"]},{"damage_healed":0.0,"max_hp_gain":0.0,"max_hp_loss":0.0,"gold_gain":0.0,"event_name":"WeMeetAgain","player_choice":"Gave Potion","floor":3.0,"gold_loss":0.0,"damage_taken":0.0,"relics_obtained":["PreservedInsect"]},{"damage_healed":0.0,"max_hp_gain":0.0,"max_hp_loss":0.0,"gold_gain":0.0,"event_name":"Mushrooms","player_choice":"Fought Mushrooms","floor":13.0,"gold_loss":0.0,"damage_taken":0.0},{"damage_healed":0.0,"max_hp_gain":0.0,"max_hp_loss":0.0,"gold_gain":99.0,"event_name":"Nest","player_choice":"Stole From Cult","floor":28.0,"gold_loss":0.0,"damage_taken":0.0},{"damage_healed":0.0,"max_hp_gain":0.0,"max_hp_loss":0.0,"gold_gain":0.0,"event_name":"Lab","player_choice":"Got Potions","floor":29.0,"gold_loss":0.0,"damage_taken":0.0}],"is_beta":false,"boss_relics":[{"not_picked":["Velvet Choker","Fusion Hammer"],"picked":"SlaversCollar"}],"items_purged_floors":[7],"is_endless":false,"potions_floor_spawned":[1,11,19,21,24],"killed_by":"Shelled Parasite and Fungi","ascension_level":1}}