{"host":"c2vrdknshfutmcsq","time":1610456754,"event":{"mods":["BaseMod","Minty Spire (QoL Compilation)"],"gold_per_floor":[118,43,93,108,127,153,153,182,182,182,197,197,211,256,256,329,329,348,348,348,73,73,73],"floor_reached":22,"playtime":1237,"items_purged":["Decay"],"score":355,"play_id":"2e113d4c-d693-41e7-bbcd-f709cba2414a","local_time":"20210112140554","is_ascension_mode":true,"campfire_choices":[{"floor":7.0,"key":"REST"},{"data":"Dualcast","floor":10.0,"key":"SMITH"},{"floor":12.0,"key":"REST"},{"data":"Echo Form","floor":15.0,"key":"SMITH"}],"circlet_count":0,"master_deck":["AscendersBane","Strike_B+1","Strike_B+1","Strike_B","Strike_B","Defend_B","Defend_B","Defend_B","Zap","Dualcast+1","Leap","Conserve Battery","Chaos","Core Surge","Echo Form+1","Conserve Battery","Reinforced Body","Multi-Cast","Conserve Battery+1","Defragment"],"relics":["Cracked Core","Tiny Chest","Happy Flower","Darkstone Periapt","Whetstone","Pen Nib","Busted Crown","Boot"],"acts_visited":["Exordium","TheCity"],"potions_floor_usage":[18],"damage_taken":[{"damage":5.0,"enemies":"Small Slimes","floor":1.0,"turns":3.0},{"damage":0.0,"enemies":"Cultist","floor":4.0,"turns":3.0},{"damage":0.0,"enemies":"2 Louse","floor":5.0,"turns":2.0},{"damage":25.0,"enemies":"3 Sentries","floor":6.0,"turns":13.0},{"damage":25.0,"enemies":"Lagavulin","floor":8.0,"turns":7.0},{"damage":1.0,"enemies":"Exordium Wildlife","floor":11.0,"turns":4.0},{"damage":20.0,"enemies":"Large Slime","floor":13.0,"turns":4.0},{"damage":26.0,"enemies":"Slime Boss","floor":16.0,"turns":10.0},{"damage":37,"enemies":"3 Byrds","floor":18,"turns":6},{"damage":0,"enemies":"Spheric Guardian","floor":22,"turns":3}],"seed_played":"1319177591479897161","potions_obtained":[{"floor":4.0,"key":"EssenceOfSteel"},{"floor":5.0,"key":"SpeedPotion"},{"floor":8.0,"key":"AttackPotion"},{"floor":16.0,"key":"SpeedPotion"},{"floor":18,"key":"SkillPotion"}],"is_trial":false,"path_per_floor":["M","?","?","M","M","E","R","E","T","R","M","R","M","T","R","B",null,"M","?","?","$","M"],"character_chosen":"DEFECT","items_purchased":["Boot","Defragment"],"campfire_rested":2,"item_purchase_floors":[21,21],"current_hp_per_floor":[59,59,59,59,59,34,55,30,30,30,29,50,30,30,30,4,54,17,17,23,23,23,23],"gold":73,"neow_bonus":"RANDOM_COMMON_RELIC","is_daily":false,"chose_seed":false,"campfire_upgraded":2,"win_rate":0.0,"timestamp":1610456754,"path_taken":["M","?","?","?","M","E","R","E","T","R","M","R","M","?","R","BOSS","M","?","?","?","M"],"items_purchased_type":["Relic","Card"],"build_version":"2020-12-22","purchased_purges":1,"victory":false,"max_hp_per_floor":[71,71,71,71,71,71,71,71,71,71,71,71,71,71,71,71,71,71,71,77,77,77,77],"card_choices":[{"not_picked":["Streamline","Force Field"],"picked":"Leap","floor":1.0},{"not_picked":["Go for the Eyes","Force Field"],"picked":"Conserve Battery","floor":4.0},{"not_picked":["Double Energy","Rebound"],"picked":"Chaos","floor":5.0},{"not_picked":["Capacitor","Fusion"],"picked":"Core Surge","floor":6.0},{"not_picked":["Coolheaded","Sweeping Beam"],"picked":"Echo Form","floor":8.0},{"not_picked":["Hologram","Sweeping Beam"],"picked":"Conserve Battery","floor":11.0},{"not_picked":["Capacitor","Storm"],"picked":"Reinforced Body","floor":13.0},{"not_picked":["Biased Cognition","Meteor Strike"],"picked":"Multi-Cast","floor":16.0},{"not_picked":[],"picked":"Conserve Battery+1","floor":18}],"player_experience":1247249,"relics_obtained":[{"floor":6.0,"key":"Happy Flower"},{"floor":8.0,"key":"Darkstone Periapt"},{"floor":9.0,"key":"Whetstone"},{"floor":14.0,"key":"Pen Nib"}],"event_choices":[{"cards_removed":["Defend_B"],"damage_healed":0.0,"max_hp_gain":0.0,"max_hp_loss":0.0,"gold_gain":0.0,"event_name":"The Cleric","player_choice":"Card Removal","floor":2.0,"gold_loss":75.0,"damage_taken":0.0},{"damage_healed":0.0,"max_hp_gain":0.0,"max_hp_loss":0.0,"gold_gain":50.0,"event_name":"Golden Shrine","player_choice":"Pray","floor":3.0,"gold_loss":0.0,"damage_taken":0.0},{"damage_healed":0,"gold_gain":0,"player_choice":"Ignored","damage_taken":0,"max_hp_gain":0,"max_hp_loss":0,"event_name":"Vampires","floor":19,"gold_loss":0},{"damage_healed":0,"gold_gain":0,"player_choice":"Smashed Altar","damage_taken":0,"max_hp_gain":0,"max_hp_loss":0,"event_name":"Forgotten Altar","floor":20,"gold_loss":0,"cards_obtained":["Decay"]}],"is_beta":false,"boss_relics":[{"not_picked":["Calling Bell","Snecko Eye"],"picked":"Busted Crown"}],"items_purged_floors":[21],"is_endless":false,"potions_floor_spawned":[4,5,8,16,18],"killed_by":"Spheric Guardian","ascension_level":17}}