{"host":"3xls0xm49ftugio7","time":1610495540,"event":{"mods":["2.2 Compatiblity","AchievementEnabler","Act Like it!","BaseMod","Colored Powertips","Dark Map","GifTheSpireLib","Minty Spire (QoL Compilation)","Quick Restart","Relic Stats","StSLib","The Dragon Tamer"],"gold_per_floor":[19,19,40,40,65,90,104,104,104,23,23,63,63,107,107,237,237,250,250,275,300,10,10,54,54,81,132,144,156,156,156],"floor_reached":29,"language":"ENG","playtime":1594,"items_purged":[],"score":311,"play_id":"31089ec9-8f36-41a2-bb92-65cf7a2f6023","local_time":"20210113015219","is_ascension_mode":true,"metric_token":787,"campfire_choices":[{"data":"DTMod:WarmUp","floor":8,"key":"SMITH"},{"data":"DTMod:Training","floor":11,"key":"SMITH"},{"data":"DTMod:FlameSlash","floor":15,"key":"SMITH"},{"data":"DTMod:SealedStrike","floor":23,"key":"SMITH"},{"data":"DTMod:SealedStrike+1","floor":25,"key":"SMITH"}],"dtmod_dragon_data":[8,50,1,-1,12,0],"circlet_count":0,"master_deck":["DTMod:Strike","DTMod:Strike","DTMod:Strike","DTMod:Strike","DTMod:DoubleHit","DTMod:TargetDefense","DTMod:TargetDefense","DTMod:TargetDefense","DTMod:TargetDefense","DTMod:SwitchingTactic","DTMod:Conduct","DTMod:Training+1","DTMod:WarmUp+1","DTMod:MagiciansMark","DTMod:InvisibleFlame+1","DTMod:FlameSlash+1","DTMod:BreakAttack","DTMod:Haste","DTMod:RunningTactic","DTMod:SealedStrike+2","DTMod:HeatWave","DTMod:Outburst","DTMod:HeatWave","DTMod:TagTeam","DTMod:CrossStep","DTMod:BlueScale","DTMod:Weaken"],"relics":["DTMod:MagicStone","Incense Burner","Golden Idol","Vajra","Shuriken","StrikeDummy","Centennial Puzzle","Kunai","Lizard Tail","MawBank","FossilizedHelix"],"acts_visited":["Exordium","TheCity"],"potions_floor_usage":[18,24,27,28],"damage_taken":[{"damage":0,"enemies":"Small Slimes","floor":1,"turns":3},{"damage":0,"enemies":"Cultist","floor":3,"turns":4},{"damage":0,"enemies":"2 Louse","floor":5,"turns":3},{"damage":3,"enemies":"Red Slaver","floor":6,"turns":5},{"damage":0,"enemies":"Blue Slaver","floor":7,"turns":4},{"damage":0,"enemies":"Gremlin Nob","floor":12,"turns":4},{"damage":9,"enemies":"3 Sentries","floor":14,"turns":5},{"damage":25,"enemies":"Slime Boss","floor":16,"turns":8},{"damage":3,"enemies":"3 Byrds","floor":18,"turns":4},{"damage":0,"enemies":"2 Thieves","floor":20,"turns":3},{"damage":13,"enemies":"3 Cultists","floor":21,"turns":5},{"damage":12,"enemies":"Slavers","floor":24,"turns":6},{"damage":49,"enemies":"Book of Stabbing","floor":27,"turns":6},{"damage":18,"enemies":"Colosseum Slavers","floor":28,"turns":6},{"damage":19,"enemies":"Chosen and Byrds","floor":29,"turns":5}],"seed_played":"6203185136498832047","potions_obtained":[{"floor":3,"key":"SneckoOil"},{"floor":5,"key":"Ancient Potion"},{"floor":14,"key":"PowerPotion"},{"floor":16,"key":"Block Potion"},{"floor":18,"key":"Regen Potion"},{"floor":24,"key":"DuplicationPotion"},{"floor":27,"key":"Energy Potion"}],"is_trial":false,"path_per_floor":["M","?","M","?","M","M","M","R","T","$","R","E","?","E","R","B",null,"M","?","M","M","$","R","E","R","T","E","?","M"],"character_chosen":"THE_DT","items_purchased":["DTMod:FlameSlash","DTMod:BreakAttack","Kunai","DTMod:CrossStep"],"campfire_rested":0,"item_purchase_floors":[10,10,22,22],"current_hp_per_floor":[45,42,42,42,42,39,39,39,39,39,39,39,39,30,30,5,42,39,39,42,29,29,29,24,24,24,3,4,0,0,0],"gold":156,"neow_bonus":"ONE_RARE_RELIC","is_daily":false,"chose_seed":false,"campfire_upgraded":5,"win_rate":0.0,"timestamp":1610495539,"path_taken":["M","?","M","?","M","M","?","R","T","$","R","E","?","E","R","BOSS","M","?","?","M","$","R","E","R","T","E","?","M"],"items_purchased_type":["Card","Card","Relic","Card"],"build_version":"2020-12-22","purchased_purges":0,"victory":false,"max_hp_per_floor":[45,42,42,42,42,42,42,42,42,42,42,42,42,42,42,42,42,42,42,42,42,42,42,42,42,42,42,42,42,42,42],"relic_stats":{"Centennial Puzzle":[21],"Lizard Tail":21,"counters":[15,71],"Golden Idol":90,"Shuriken":[5],"Kunai":[2],"MawBank":36,"obtain_stats":[{"Centennial Puzzle":14,"Lizard Tail":24,"DTMod:PactStone":0,"Golden Idol":2,"Shuriken":9,"Vajra":4,"Incense Burner":0,"Kunai":22,"DTMod:MagicStone":17,"StrikeDummy":12,"MawBank":26,"FossilizedHelix":27},{"Centennial Puzzle":7,"Lizard Tail":12,"DTMod:PactStone":0,"Golden Idol":1,"Shuriken":5,"Vajra":2,"Incense Burner":0,"Kunai":11,"DTMod:MagicStone":8,"StrikeDummy":6,"MawBank":12,"FossilizedHelix":13},{"Centennial Puzzle":28,"Lizard Tail":54,"DTMod:PactStone":0,"Golden Idol":3,"Shuriken":19,"Vajra":7,"Incense Burner":0,"Kunai":48,"DTMod:MagicStone":36,"StrikeDummy":23,"MawBank":54,"FossilizedHelix":60}]},"card_choices":[{"not_picked":["DTMod:Weaken","DTMod:MasterPlan"],"picked":"DTMod:Conduct","floor":1},{"not_picked":["DTMod:BuildUp","DTMod:TagTeam"],"picked":"DTMod:Training","floor":3},{"not_picked":["DTMod:MaximumCharge","DTMod:TagTeam"],"picked":"DTMod:WarmUp","floor":5},{"not_picked":["DTMod:BurningForce","DTMod:Feint"],"picked":"DTMod:MagiciansMark","floor":6},{"not_picked":["DTMod:Conduct","DTMod:BlazingStrike"],"picked":"DTMod:InvisibleFlame","floor":7},{"not_picked":["DTMod:Threaten","DTMod:BuildUp"],"picked":"DTMod:Haste","floor":12},{"not_picked":["DTMod:BuildUp","DTMod:MagicField"],"picked":"DTMod:RunningTactic","floor":14},{"not_picked":["DTMod:OpeningTactic","DTMod:ResonanceForm"],"picked":"DTMod:SealedStrike","floor":16},{"not_picked":["DTMod:Weaken+1","DTMod:Feint"],"picked":"DTMod:HeatWave","floor":18},{"not_picked":["DTMod:CleansingStrike","DTMod:BurningEnergy"],"picked":"DTMod:HeatWave","floor":20},{"not_picked":["DTMod:Training+1","DTMod:MagiciansMark"],"picked":"DTMod:TagTeam","floor":21},{"not_picked":["DTMod:TagTeam+1","DTMod:RunningTactic"],"picked":"DTMod:BlueScale","floor":24},{"not_picked":["DTMod:Dissolve","DTMod:BurningForce"],"picked":"DTMod:Weaken","floor":27}],"player_experience":691356,"relics_obtained":[{"floor":9,"key":"Shuriken"},{"floor":12,"key":"StrikeDummy"},{"floor":14,"key":"Centennial Puzzle"},{"floor":24,"key":"Lizard Tail"},{"floor":26,"key":"MawBank"},{"floor":27,"key":"FossilizedHelix"}],"event_choices":[{"damage_healed":0,"gold_gain":0,"player_choice":"Lose Max HP","damage_taken":0,"relics_obtained":["Golden Idol"],"max_hp_gain":0,"max_hp_loss":3,"event_name":"Golden Idol","floor":2,"gold_loss":0},{"damage_healed":0,"gold_gain":0,"player_choice":"Gave Potion","damage_taken":0,"relics_obtained":["Vajra"],"max_hp_gain":0,"max_hp_loss":0,"event_name":"WeMeetAgain","floor":4,"gold_loss":0},{"damage_healed":0,"gold_gain":0,"player_choice":"Grow","damage_taken":0,"max_hp_gain":0,"max_hp_loss":0,"event_name":"Living Wall","floor":13,"gold_loss":0,"cards_upgraded":["DTMod:InvisibleFlame"]},{"damage_healed":0,"gold_gain":0,"player_choice":"1 cards matched","damage_taken":0,"max_hp_gain":0,"max_hp_loss":0,"event_name":"Match and Keep!","floor":19,"gold_loss":0,"cards_obtained":["DTMod:Outburst"]},{"damage_healed":0,"gold_gain":0,"player_choice":"Fight","damage_taken":0,"max_hp_gain":0,"max_hp_loss":0,"event_name":"Colosseum","floor":28,"gold_loss":0},{"damage_healed":0,"gold_gain":0,"player_choice":"Fled From Nobs","damage_taken":0,"max_hp_gain":0,"max_hp_loss":0,"event_name":"Colosseum","floor":28,"gold_loss":0}],"is_beta":false,"boss_relics":[{"not_picked":["Ectoplasm","SacredBark"],"picked":"DTMod:MagicStone"}],"items_purged_floors":[],"is_endless":false,"potions_floor_spawned":[3,5,14,16,18,24,27,28],"killed_by":"Chosen and Byrds","ascension_level":1}}