{"host":"svwqvw2il1zfkkg0","time":1610427924,"event":{"mods":["AchievementEnabler","BaseMod","BetterRewards","Colored Map","Colored Powertips","Custom Start","Downfall","GifTheSpireLib","Highlight Path","Hubris","Infinite Spire","Minty Spire (QoL Compilation)","Quick Restart","Replay The Spire","Shop Mod","StSLib","SuperFastMode"],"gold_per_floor":[115,128,147,157,157,157,183,183,210,130,130,149,169,183,183,278,278,288,288,301,301,311,331,331,331],"floor_reached":24,"playtime":1036,"items_purged":[],"score":202,"play_id":"703be030-442f-480c-8ced-a61f7c555659","local_time":"20210111210524","is_ascension_mode":false,"campfire_choices":[{"data":"Corpse Explosion","floor":6,"key":"SMITH"},{"floor":8,"key":"REST"},{"data":"Poisoned Stab","floor":11,"key":"SMITH"},{"data":"Backstab","floor":15,"key":"SMITH"}],"circlet_count":0,"master_deck":["Strike_G","Strike_G","Strike_G","Strike_G","Strike_G","Defend_G","Defend_G","Defend_G","Defend_G","Defend_G","Survivor","Neutralize","Corpse Explosion+1","PiercingWail","Poisoned Stab+1","Underhanded Strike","Sucker Punch+1","ReplayTheSpireMod:Necrosis","All Out Attack","Dagger Spray","Leg Sweep","Backstab+1","Adrenaline","Slice","Crippling Poison","Dagger Spray","hubris:Lust","Dagger Spray+1","Backstab"],"relics":["Ring of the Snake","PreservedInsect","Art of War","ChewingGum","Smiling Mask"],"acts_visited":["Exordium","TheCity"],"potions_floor_usage":[16,16,16,20],"damage_taken":[{"damage":0,"enemies":"Jaw Worm","floor":1,"turns":5},{"damage":0,"enemies":"Small Slimes","floor":2,"turns":2},{"damage":0,"enemies":"Cultist","floor":3,"turns":4},{"damage":8,"enemies":"2 Fungi Beasts","floor":4,"turns":3},{"damage":9,"enemies":"3 Sentries","floor":7,"turns":4},{"damage":8,"enemies":"Large Slime","floor":12,"turns":4},{"damage":0,"enemies":"Gremlin Gang","floor":13,"turns":1},{"damage":5,"enemies":"Blue Slaver","floor":14,"turns":4},{"damage":11,"enemies":"Fading Forest","floor":16,"turns":11},{"damage":7,"enemies":"2 Thieves","floor":18,"turns":3},{"damage":10,"enemies":"Shell Parasite","floor":20,"turns":7},{"damage":19,"enemies":"Sentry and Sphere","floor":22,"turns":3},{"damage":24,"enemies":"Snake Plant","floor":23,"turns":4},{"damage":6,"enemies":"3 Cultists","floor":24,"turns":3}],"seed_played":"8753208304244113838","potions_obtained":[{"floor":3,"key":"SkillPotion"},{"floor":7,"key":"champ:CounterPotion"},{"floor":12,"key":"SkillPotion"},{"floor":18,"key":"GhostInAJar"}],"is_trial":false,"path_per_floor":["M","M","M","M","?","R","E","R","T","$","R","M","M","M","R","B",null,"M","?","M","?","M","M","M"],"character_chosen":"THE_SILENT","items_purchased":["All Out Attack"],"campfire_rested":1,"item_purchase_floors":[10],"current_hp_per_floor":[63,63,63,55,55,55,46,63,63,63,63,55,55,50,50,59,63,56,56,46,46,27,3,0,0],"gold":331,"neow_bonus":"THREE_RARE_CARDS","is_daily":false,"chose_seed":false,"campfire_upgraded":3,"win_rate":0.0,"timestamp":1610427924,"path_taken":["M","M","M","M","?","R","E","R","T","$","R","M","M","M","R","BOSS","M","?","M","?","M","?","M"],"items_purchased_type":["Card"],"build_version":"2020-12-22","purchased_purges":0,"victory":false,"max_hp_per_floor":[63,63,63,63,63,63,63,63,63,63,63,63,63,63,63,63,63,63,63,63,63,63,63,63,63],"card_choices":[{"not_picked":["After Image","Poison Darts"],"picked":"Corpse Explosion","floor":0},{"not_picked":["Cloak And Dagger","hubris:Counter"],"picked":"PiercingWail","floor":1},{"not_picked":["Flying Knee","Dagger Spray"],"picked":"Poisoned Stab","floor":2},{"not_picked":["Cloak And Dagger","Hidden Blade"],"picked":"Underhanded Strike","floor":3},{"not_picked":["Backflip","Sneak Up"],"picked":"Sucker Punch","floor":4},{"not_picked":["Sucker Punch","Quick Slash"],"picked":"ReplayTheSpireMod:Necrosis","floor":7},{"not_picked":["Acrobatics","Choke"],"picked":"Dagger Spray","floor":12},{"not_picked":["Leg Sweep","Setup","Sneak Up"],"picked":"SKIP","floor":13},{"not_picked":["Setup","Sneak Up"],"picked":"Leg Sweep","floor":13},{"not_picked":["Cloak And Dagger","Backflip"],"picked":"Backstab","floor":14},{"not_picked":["Grand Finale","Bullet Time"],"picked":"Adrenaline","floor":16},{"not_picked":["Expertise+1","Deflect"],"picked":"Slice","floor":18},{"not_picked":["Dodge and Roll+1","Deflect"],"picked":"Dagger Spray","floor":20},{"not_picked":["Accuracy","PiercingWail"],"picked":"Dagger Spray+1","floor":22},{"not_picked":["Bane+1","Dagger Throw+1"],"picked":"Backstab","floor":23}],"player_experience":475982,"relics_obtained":[{"floor":7,"key":"PreservedInsect"},{"floor":9,"key":"Art of War"}],"event_choices":[{"damage_healed":0,"gold_gain":0,"player_choice":"Read","damage_taken":0,"max_hp_gain":0,"max_hp_loss":0,"event_name":"The Library","floor":19,"gold_loss":0,"cards_obtained":["Crippling Poison"]}],"is_beta":false,"boss_relics":[{"not_picked":["Ring of the Serpent","HoveringKite"],"picked":"ChewingGum"}],"items_purged_floors":[],"is_endless":false,"potions_floor_spawned":[3,7,12,13,18],"killed_by":"3 Cultists","ascension_level":0}}