{"host":"56ghxnzsglgdq727","time":1610477475,"event":{"mods":["AchievementEnabler","BaseMod","Downfall","Duelist Mod","Minty Spire (QoL Compilation)","Rare Cards Sparkle","StSLib","The Bug Knight","The Exalted","The Senshi","The Wild Card"],"gold_per_floor":[137,68,68,86,100,100,100,125,125,125,46,64,64,24,24,124,124,138,63,63,163,175,175,175,175,175,185,185,211,78,78,78,173,173,184,204,214,114,129,129,154,154,180,214,227,242,117,152,152,2],"floor_reached":51,"playtime":2531,"items_purged":["theDuelist:WitchBlackRose+1","theDuelist:VoidExpansion+1","theDuelist:CurseAging"],"score":956,"play_id":"2307828c-a7cd-4d86-bc7a-284f00270f74","local_time":"20210112135115","is_ascension_mode":true,"campfire_choices":[{"data":"theDuelist:MagicalBlast","floor":6,"key":"SMITH"},{"data":"theDuelist:WitchBlackRose","floor":10,"key":"SMITH"},{"data":"theDuelist:Yami","floor":13,"key":"SMITH"},{"data":"theDuelist:ContractExodia","floor":15,"key":"SMITH"},{"data":"theDuelist:GrandSpellbookTower","floor":23,"key":"SMITH"},{"floor":25,"key":"REST"},{"data":"theDuelist:VoidExpansion","floor":28,"key":"SMITH"},{"data":"theDuelist:ExodiaNecross","floor":32,"key":"SMITH"},{"floor":40,"key":"REST"},{"floor":49,"key":"REST"}],"circlet_count":0,"master_deck":["theDuelist:CastleWalls","theDuelist:DarkMagician","theDuelist:MysticalElf","theDuelist:MysticalElf","theDuelist:NeoMagic","theDuelist:NeoMagic","theDuelist:Sparks","theDuelist:Sparks","theDuelist:MagicalBlast+1","theDuelist:MagiciansRod+1","theDuelist:ExodiaRA","theDuelist:Yami+1","theDuelist:ContractExodia+1","theDuelist:ExodiaNecross+1","theDuelist:GrandSpellbookTower+1","theDuelist:MagiciansRod","theDuelist:ExodiaRL+1","theDuelist:SwordsRevealing","theDuelist:ExodiaHead+2"],"relics":["theDuelist:MillenniumPuzzle","theDuelist:CardPoolRelic","theDuelist:CardPoolBasicRelic","theDuelist:BoosterPackPoolRelic","theDuelist:CardPoolAddRelic","theDuelist:CardPoolMinusRelic","theDuelist:CardPoolSaveRelic","theDuelist:CardPoolOptionsRelic","theDuelist:ResummonBranch","theDuelist:SpellMaxHPRelic","Mark of Pain","Enchiridion","theDuelist:DuelistUrn","Bromod:ArcaneTrickery","theDuelist:MillenniumPrayerbook","theDuelist:MillenniumArmor","Inserter","Mango","theDuelist:ArmorPlateA","theDuelist:SolderToken","theSenshi:FeatherClipsRelic","theDuelist:MillenniumPeriapt"],"acts_visited":["Exordium","TheCity","TheBeyond"],"potions_floor_usage":[5,8,12,16,29,29,29,41,45,48,50],"damage_taken":[{"damage":0,"enemies":"Small Slimes","floor":1,"turns":3},{"damage":0,"enemies":"Cultist","floor":4,"turns":4},{"damage":0,"enemies":"Jaw Worm","floor":5,"turns":3},{"damage":2,"enemies":"Gremlin Nob","floor":8,"turns":4},{"damage":20,"enemies":"Gremlin Gang","floor":12,"turns":4},{"damage":41,"enemies":"Hexaghost","floor":16,"turns":8},{"damage":3,"enemies":"Spheric Guardian","floor":18,"turns":4},{"damage":0,"enemies":"Centurion and Healer","floor":22,"turns":11},{"damage":9,"enemies":"Snecko","floor":27,"turns":4},{"damage":1,"enemies":"theDuelist:KaibaA2","floor":29,"turns":3},{"damage":15,"enemies":"Snake Plant","floor":30,"turns":4},{"damage":12,"enemies":"Champ","floor":33,"turns":4},{"damage":23,"enemies":"3 Darklings","floor":35,"turns":5},{"damage":0,"enemies":"Orb Walker","floor":36,"turns":4},{"damage":13,"enemies":"Jaw Worm Horde","floor":37,"turns":3},{"damage":11,"enemies":"4 Shapes","floor":39,"turns":4},{"damage":0,"enemies":"Nemesis","floor":41,"turns":5},{"damage":0,"enemies":"Reptomancer","floor":44,"turns":6},{"damage":35,"enemies":"Sphere and 2 Shapes","floor":45,"turns":6},{"damage":0,"enemies":"Giant Head","floor":48,"turns":5},{"damage":26,"enemies":"Time Eater","floor":50,"turns":9}],"seed_played":"6093717685682924361","potions_obtained":[{"floor":1,"key":"theDuelist:VampireVial"},{"floor":3,"key":"Guardian:BlockOnCardUsePotion"},{"floor":3,"key":"theDuelist:ElectricPotion"},{"floor":4,"key":"theDuelist:BottledKuriboh"},{"floor":14,"key":"LiquidBronze"},{"floor":14,"key":"SteroidPotion"},{"floor":14,"key":"DuplicationPotion"},{"floor":27,"key":"theDuelist:FireBottle"},{"floor":29,"key":"theDuelist:DestructPotionPotB"},{"floor":37,"key":"Weak Potion"},{"floor":45,"key":"Ancient Potion"},{"floor":48,"key":"theDuelist:FlamingBottle"}],"is_trial":false,"path_per_floor":["M","$","?","M","M","R","?","E","T","R","$","M","R","?","R","B",null,"M","$","?","?","M","R","?","R","T","M","R","E","M","?","R","B",null,"M","M","M","$","M","R","E","?","T","E","M","?","$","E","R","B",null],"character_chosen":"THE_DUELIST","items_purchased":["theDuelist:ExodiaRA","theDuelist:Yami"],"campfire_rested":3,"item_purchase_floors":[2,11],"current_hp_per_floor":[80,80,80,80,80,80,80,78,78,78,79,60,60,60,60,19,82,80,80,64,64,65,65,59,84,84,75,75,75,64,64,64,52,85,64,67,54,54,43,68,82,82,82,82,57,57,57,67,97,77],"gold":2,"neow_bonus":"THREE_CARDS","is_daily":false,"chose_seed":false,"campfire_upgraded":7,"win_rate":0.0,"timestamp":1610477475,"path_taken":["M","$","?","M","?","R","?","E","T","R","$","?","R","?","R","BOSS","M","$","?","?","?","R","?","R","T","M","R","E","M","?","R","BOSS","M","M","M","$","M","R","E","?","T","E","M","?","?","E","R","BOSS"],"items_purchased_type":["Card","Card"],"build_version":"2020-12-22","purchased_purges":3,"victory":true,"max_hp_per_floor":[80,80,80,80,80,80,80,80,80,80,81,82,82,82,82,82,82,83,83,83,83,84,84,84,84,84,84,84,85,85,85,85,85,85,85,86,86,86,86,86,100,100,100,100,100,100,100,100,100,100],"card_choices":[{"not_picked":["theDuelist:DarkHorizon","theDuelist:CallAtlanteans"],"picked":"theDuelist:MagicalBlast","floor":0},{"not_picked":["theDuelist:WhiteHowling+1","theDuelist:MagiciansRobe+1","theDuelist:TimeWizard+1","theDuelist:WonderWand+1"],"picked":"theDuelist:MagiciansRod+1","floor":1},{"not_picked":["theDuelist:BlockGolem","theDuelist:DummyGolem","theDuelist:GolemSentry","theDuelist:RainbowOverdragon","theDuelist:WeepingIdol"],"picked":"SKIP","floor":4},{"not_picked":["theDuelist:ClearKuriboh","theDuelist:WormBarses","theDuelist:BlueBloodedOni","theDuelist:Reload","theDuelist:EarthEffigy"],"picked":"SKIP","floor":5},{"not_picked":["theDuelist:FrontierWiseman","theDuelist:BattleOx","theDuelist:BlackPendant","theDuelist:PreventRat","theDuelist:GilfordLegend"],"picked":"SKIP","floor":8},{"not_picked":["theDuelist:LegendaryExodia","theDuelist:ExodiaRA","theDuelist:ExodiaLL","theDuelist:ExodiaLA"],"picked":"theDuelist:ContractExodia","floor":12},{"not_picked":["theDuelist:Wildfire","theDuelist:RainbowDarkDragon","theDuelist:IceQueen","theDuelist:SwordsBurning"],"picked":"theDuelist:ExodiaNecross","floor":16},{"not_picked":["theDuelist:RainbowDarkDragon","theDuelist:IrisEarthMother","theDuelist:VoidVanishment","theDuelist:DarkPaladin"],"picked":"theDuelist:GrandSpellbookTower","floor":18},{"not_picked":["theDuelist:InariFire","theDuelist:TimeWizard","theDuelist:BadReaction"],"picked":"theDuelist:VoidExpansion","floor":22},{"not_picked":["theDuelist:NeoMagic","theDuelist:DarkMagician","theDuelist:WhiteMagicalHat","theDuelist:Illusionist","theDuelist:MindAir"],"picked":"SKIP","floor":27},{"not_picked":["theDuelist:MagicalBlast","theDuelist:FrontierWiseman","theDuelist:CrystalWingDragon","theDuelist:Wildfire"],"picked":"theDuelist:MagiciansRod","floor":29},{"not_picked":["theDuelist:WhiteHowling","theDuelist:IcyCrevasse","theDuelist:Graverobber","theDuelist:StatueAnguishPattern","theDuelist:BadReaction+1"],"picked":"SKIP","floor":30},{"not_picked":["theDuelist:InjectionFairy+1","theDuelist:FairyBox","theDuelist:Mudballman+1","theDuelist:MagicalBlast+1"],"picked":"theDuelist:ExodiaRL+1","floor":35},{"not_picked":["theDuelist:RainbowMagician","theDuelist:WitchBlackRose+1","theDuelist:CosmicHorrorGangiel","theDuelist:DarkPaladin","theDuelist:SwordsRevealing"],"picked":"SKIP","floor":36},{"not_picked":["theDuelist:RainbowMagician","theDuelist:WitchBlackRose+1","theDuelist:CosmicHorrorGangiel","theDuelist:DarkPaladin"],"picked":"theDuelist:SwordsRevealing","floor":36},{"not_picked":["theDuelist:SangaThunder+1","theDuelist:Mudballman+1","theDuelist:MysticalElf","theDuelist:SpellShatteringArrow+1","theDuelist:FairyBox"],"picked":"SKIP","floor":37},{"not_picked":["theDuelist:SilentDoom+2","theDuelist:InfernoFireBlast+1","theDuelist:PowerKaishin+1","theDuelist:BookSecret","theDuelist:Yami"],"picked":"SKIP","floor":39},{"not_picked":["theDuelist:ApprenticeIllusionMagician","theDuelist:MythicalBeast+1","theDuelist:FogKing+1"],"picked":"SKIP","floor":41},{"not_picked":["theDuelist:FogKing+1","theDuelist:GrandSpellbookTower","theDuelist:CosmicHorrorGangiel+1","theDuelist:VoidVanishment+1"],"picked":"theDuelist:ExodiaHead+2","floor":44},{"not_picked":["theDuelist:SandOrbCard","theDuelist:AlienOrbCard","theDuelist:StormOrbCard","theDuelist:ShadowOrbCard","theDuelist:DarkOrbCard"],"picked":"SKIP","floor":45},{"not_picked":["theDuelist:CrystalWingDragon+1","theDuelist:RainbowDarkDragon+1","theDuelist:RainbowMagician","theDuelist:QueenDragunDjinn","theDuelist:IrisEarthMother"],"picked":"SKIP","floor":48}],"player_experience":237069,"relics_obtained":[{"floor":8,"key":"theDuelist:ResummonBranch"},{"floor":9,"key":"theDuelist:SpellMaxHPRelic"},{"floor":20,"key":"Enchiridion"},{"floor":26,"key":"Bromod:ArcaneTrickery"},{"floor":29,"key":"theDuelist:MillenniumPrayerbook"},{"floor":41,"key":"Mango"},{"floor":43,"key":"theDuelist:ArmorPlateA"},{"floor":44,"key":"theDuelist:SolderToken"},{"floor":48,"key":"theDuelist:MillenniumPeriapt"}],"event_choices":[{"damage_healed":0,"gold_gain":0,"player_choice":"Got Potions","damage_taken":0,"max_hp_gain":0,"max_hp_loss":0,"event_name":"Lab","floor":3,"gold_loss":0},{"damage_healed":0,"gold_gain":0,"cards_transformed":["theDuelist:Sparks"],"player_choice":"Transformed","damage_taken":0,"max_hp_gain":0,"max_hp_loss":0,"event_name":"Transmorgrifier","floor":7,"gold_loss":0,"cards_obtained":["theDuelist:WitchBlackRose"]},{"damage_healed":0,"gold_gain":0,"player_choice":"Bought 3 Potions","damage_taken":0,"max_hp_gain":0,"max_hp_loss":0,"event_name":"The Woman in Blue","floor":14,"gold_loss":0},{"damage_healed":0,"gold_gain":0,"player_choice":"Obtained Book","damage_taken":16,"max_hp_gain":0,"max_hp_loss":0,"event_name":"Cursed Tome","floor":20,"gold_loss":0},{"damage_healed":0,"gold_gain":100,"player_choice":"Pray","damage_taken":0,"max_hp_gain":0,"max_hp_loss":0,"event_name":"Golden Shrine","floor":21,"gold_loss":0},{"damage_healed":0,"gold_gain":0,"player_choice":"Dig - random Duelist relic","duelist":true,"damage_taken":0,"max_hp_gain":0,"max_hp_loss":0,"event_name":"Aknamkanon\u0027s Tomb","floor":24,"gold_loss":0},{"damage_healed":0,"gold_gain":0,"player_choice":"Took item - Received: Millennium Armor","duelist":true,"damage_taken":0,"max_hp_gain":0,"max_hp_loss":0,"event_name":"Millennium Items","floor":31,"gold_loss":0},{"damage_healed":0,"gold_gain":0,"player_choice":"Leave","duelist":true,"damage_taken":0,"max_hp_gain":0,"max_hp_loss":0,"event_name":"Egyptian Village","floor":42,"gold_loss":0},{"damage_healed":0,"gold_gain":0,"player_choice":"Sold Castle Walls for 15 Gold.","duelist":true,"damage_taken":0,"max_hp_gain":0,"max_hp_loss":0,"event_name":"Card Trader","floor":46,"gold_loss":0}],"is_beta":false,"boss_relics":[{"not_picked":["Bromod:ArcaneGrace","theDuelist:HauntedRelic"],"picked":"Mark of Pain"},{"not_picked":["Black Star","Runic Dome"],"picked":"Inserter"}],"items_purged_floors":[19,38,47],"is_endless":false,"potions_floor_spawned":[1,4,27,29,37,45,48],"ascension_level":2}}