{"host":"52jmisti11ysmja4","time":1610417033,"event":{"mods":["Aspiration","BaseMod","Better Third Choice","Minty Spire (QoL Compilation)","Remove Card Discount Mod","StSLib"],"gold_per_floor":[118,193,6,20,32,63,63,98,98,98,115,115,126,152,152,224,224,234,253,253,80,95,130,130,162,162,191,202,252,252,25,25,100,100,113,126,126,137,184,216,216,248,248,41,55,55,83,83,83,83],"floor_reached":51,"playtime":7994,"items_purged":["Defend_G","Defend_G","Defend_G","Defend_G","Defend_G","Strike_G","Strike_G","Strike_G","Strike_G","Strike_G"],"score":1865,"play_id":"c51b3a08-cce6-496b-aabf-b51006305c6d","local_time":"20210111180353","is_ascension_mode":true,"campfire_choices":[{"data":"Cloak And Dagger","floor":7,"key":"SMITH"},{"data":"Neutralize","floor":15,"key":"SMITH"},{"data":"Prepared","floor":24,"key":"SMITH"},{"data":"Envenom","floor":32,"key":"SMITH"},{"data":"Accuracy","floor":46,"key":"SMITH"},{"data":"Finisher","floor":49,"key":"SMITH"}],"circlet_count":0,"master_deck":["AscendersBane","Survivor","Neutralize+1","Cloak And Dagger+1","Backflip","Prepared+1","Blade Dance+1","Quick Slash","Backflip","Slice","Quick Slash","Grand Finale","Quick Slash","Endless Agony","Well Laid Plans","Blade Dance+1","Envenom+1","Finisher+1","Glass Knife","Escape Plan+1","Accuracy+1","Glass Knife"],"relics":["Ring of the Snake","aspiration:Nostalgia","Burning Blood","Vajra","Blood Vial","aspiration:Lifesprig","Anchor","Nunchaku","Busted Crown","aspiration:RitualStick","TwistedFunnel","TungstenRod","Smiling Mask","InkBottle","Lantern","SlaversCollar","Ninja Scroll","Tough Bandages","Gambling Chip","Centennial Puzzle","Pear","Snake Skull","Akabeko"],"acts_visited":["Exordium","TheCity","TheBeyond"],"potions_floor_usage":[16,27],"damage_taken":[{"damage":7,"enemies":"Jaw Worm","floor":1,"turns":4},{"damage":0,"enemies":"2 Louse","floor":4,"turns":2},{"damage":0,"enemies":"Cultist","floor":5,"turns":3},{"damage":14,"enemies":"3 Sentries","floor":6,"turns":9},{"damage":16,"enemies":"Gremlin Nob","floor":8,"turns":4},{"damage":0,"enemies":"Large Slime","floor":11,"turns":3},{"damage":0,"enemies":"Looter","floor":13,"turns":2},{"damage":0,"enemies":"3 Sentries","floor":14,"turns":5},{"damage":5,"enemies":"Hexaghost","floor":16,"turns":6},{"damage":1,"enemies":"2 Thieves","floor":18,"turns":2},{"damage":0,"enemies":"3 Byrds","floor":19,"turns":3},{"damage":0,"enemies":"3 Cultists","floor":22,"turns":3},{"damage":5,"enemies":"Gremlin Leader","floor":23,"turns":3},{"damage":0,"enemies":"Slavers","floor":25,"turns":1},{"damage":3,"enemies":"Book of Stabbing","floor":27,"turns":3},{"damage":0,"enemies":"Snake Plant","floor":28,"turns":2},{"damage":0,"enemies":"Collector","floor":33,"turns":2},{"damage":0,"enemies":"Orb Walker","floor":35,"turns":2},{"damage":9,"enemies":"3 Shapes","floor":36,"turns":2},{"damage":0,"enemies":"3 Darklings","floor":38,"turns":2},{"damage":0,"enemies":"2 Orb Walkers","floor":39,"turns":1},{"damage":0,"enemies":"Reptomancer","floor":40,"turns":2},{"damage":0,"enemies":"Nemesis","floor":42,"turns":1},{"damage":0,"enemies":"Transient","floor":45,"turns":4},{"damage":0,"enemies":"Reptomancer","floor":47,"turns":1},{"damage":0,"enemies":"Donu and Deca","floor":50,"turns":2}],"seed_played":"-6370367401982404282","potions_obtained":[{"floor":4,"key":"Energy Potion"},{"floor":5,"key":"Dexterity Potion"},{"floor":12,"key":"FairyPotion"},{"floor":14,"key":"ColorlessPotion"},{"floor":22,"key":"ColorlessPotion"},{"floor":25,"key":"Fire Potion"},{"floor":27,"key":"PowerPotion"}],"is_trial":false,"path_per_floor":["M","?","$","M","M","E","R","E","T","?","M","?","M","E","R","B",null,"M","M","?","$","M","E","R","E","T","E","M","?","?","$","R","B",null,"M","M","T","M","?","E","?","E","T","$","M","R","E","$","R","B",null],"character_chosen":"THE_SILENT","items_purchased":["Vajra","TwistedFunnel","Envenom","Finisher","Blade Dance","Accuracy","Snake Skull"],"campfire_rested":0,"item_purchase_floors":[3,21,31,31,31,44,44],"current_hp_per_floor":[58,47,47,53,59,51,51,43,43,43,51,51,59,66,66,66,66,66,66,49,49,57,60,60,66,66,66,66,66,66,66,66,66,66,66,63,63,66,66,66,66,66,76,76,76,76,76,76,76,76],"gold":83,"neow_bonus":"NOSTALGIA","is_daily":false,"chose_seed":false,"campfire_upgraded":6,"win_rate":0.0,"timestamp":1610417033,"path_taken":["M","?","$","M","M","E","R","E","T","?","M","?","M","E","R","BOSS","M","M","?","$","M","E","R","E","T","E","M","?","?","$","R","BOSS","M","M","?","M","?","E","?","E","T","$","M","R","E","$","R","BOSS"],"items_purchased_type":["Relic","Relic","Card","Card","Card","Card","Relic"],"build_version":"2020-12-22","purchased_purges":10,"victory":true,"max_hp_per_floor":[66,66,66,66,66,66,66,66,66,66,66,66,66,66,66,66,66,66,66,66,66,66,66,66,66,66,66,66,66,66,66,66,66,66,66,66,66,66,66,66,66,66,76,76,76,76,76,76,76,76],"card_choices":[{"not_picked":["Dodge and Roll","Sucker Punch"],"picked":"Cloak And Dagger","floor":1},{"not_picked":["Acrobatics","Outmaneuver"],"picked":"Backflip","floor":4},{"not_picked":["Deadly Poison","Leg Sweep"],"picked":"Prepared","floor":5},{"not_picked":["Glass Knife","Blur"],"picked":"Blade Dance","floor":6},{"not_picked":["Predator","Heel Hook"],"picked":"Quick Slash","floor":8},{"not_picked":["Distraction","Deadly Poison"],"picked":"Backflip","floor":11},{"not_picked":["Acrobatics","Dash"],"picked":"Slice","floor":13},{"not_picked":["Backflip","All Out Attack"],"picked":"Quick Slash","floor":14},{"not_picked":["Bullet Time","Malaise"],"picked":"Grand Finale","floor":16},{"not_picked":[],"picked":"Quick Slash","floor":18},{"not_picked":["Outmaneuver"],"picked":"SKIP","floor":19},{"not_picked":[],"picked":"Endless Agony","floor":22},{"not_picked":["Dodge and Roll"],"picked":"SKIP","floor":23},{"not_picked":[],"picked":"Well Laid Plans","floor":25},{"not_picked":["Deadly Poison"],"picked":"SKIP","floor":27},{"not_picked":["Well Laid Plans"],"picked":"SKIP","floor":28},{"not_picked":[],"picked":"Glass Knife","floor":33},{"not_picked":[],"picked":"Escape Plan+1","floor":35},{"not_picked":["Leg Sweep"],"picked":"SKIP","floor":36},{"not_picked":["Riddle With Holes+1"],"picked":"SKIP","floor":38},{"not_picked":["Dodge and Roll"],"picked":"SKIP","floor":40},{"not_picked":["Tactician"],"picked":"SKIP","floor":42},{"not_picked":["Catalyst"],"picked":"SKIP","floor":45},{"not_picked":[],"picked":"Glass Knife","floor":47}],"player_experience":478871,"relics_obtained":[{"floor":6,"key":"Blood Vial"},{"floor":8,"key":"aspiration:Lifesprig"},{"floor":9,"key":"Anchor"},{"floor":14,"key":"Nunchaku"},{"floor":23,"key":"TungstenRod"},{"floor":25,"key":"Smiling Mask"},{"floor":26,"key":"InkBottle"},{"floor":27,"key":"Lantern"},{"floor":37,"key":"Ninja Scroll"},{"floor":39,"key":"Tough Bandages"},{"floor":40,"key":"Gambling Chip"},{"floor":42,"key":"Centennial Puzzle"},{"floor":43,"key":"Pear"},{"floor":47,"key":"Akabeko"}],"event_choices":[{"damage_healed":0,"gold_gain":75,"player_choice":"Gold","damage_taken":11,"max_hp_gain":0,"max_hp_loss":0,"event_name":"betterThird:BetterGoop","floor":2,"gold_loss":0},{"damage_healed":0,"gold_gain":0,"player_choice":"Grow","damage_taken":0,"max_hp_gain":0,"max_hp_loss":0,"event_name":"Living Wall","floor":10,"gold_loss":0,"cards_upgraded":["Blade Dance"]},{"damage_healed":0,"gold_gain":0,"player_choice":"Got Potions","damage_taken":0,"max_hp_gain":0,"max_hp_loss":0,"event_name":"Lab","floor":12,"gold_loss":0},{"damage_healed":0,"gold_gain":50,"player_choice":"Steal","damage_taken":0,"max_hp_gain":0,"max_hp_loss":0,"event_name":"betterThird:BetterNest","floor":29,"gold_loss":0},{"damage_healed":0,"gold_gain":0,"player_choice":"Copied","damage_taken":0,"max_hp_gain":0,"max_hp_loss":0,"event_name":"Duplicator","floor":30,"gold_loss":0,"cards_obtained":["Blade Dance"]},{"damage_healed":0,"gold_gain":0,"player_choice":"Fight","damage_taken":0,"max_hp_gain":0,"max_hp_loss":0,"event_name":"Mysterious Sphere","floor":39,"gold_loss":0},{"cards_removed":["Blade Dance"],"damage_healed":0,"gold_gain":0,"player_choice":"Removed Skill","damage_taken":0,"max_hp_gain":0,"max_hp_loss":0,"event_name":"Falling","floor":41,"gold_loss":0}],"is_beta":false,"boss_relics":[{"not_picked":["Philosopher\u0027s Stone","Fusion Hammer"],"picked":"Busted Crown"},{"not_picked":["Astrolabe","SacredBark"],"picked":"SlaversCollar"}],"items_purged_floors":[3,3,3,3,3,3,3,3,21,21],"is_endless":false,"potions_floor_spawned":[4,5,14,22,25,27,28,36,39,42,45],"ascension_level":16}}