{"host":"gg","time":1610434032,"event":{"mods":["BaseMod","Colored Map","Googly Eyes","Minty Spire (QoL Compilation)","Permanent Neow","Relic Stats","The IronCluck"],"gold_per_floor":[112,112,125,125,125,125,152,162,162,176,176,10,35,68,68,146,146,165,80,80,91,108,148,148,182,217,281,349,407,481,540,552,589,589],"floor_reached":33,"playtime":3265,"items_purged":[],"score":949,"play_id":"ff04dd77-6ab3-43ed-83a9-74d63008bb11","local_time":"20210111224712","is_ascension_mode":true,"campfire_choices":[{"data":"Eruption","floor":6,"key":"SMITH"},{"floor":11,"key":"REST"},{"data":"CutThroughFate","floor":15,"key":"SMITH"},{"data":"Scrawl","floor":24,"key":"SMITH"},{"data":"Adaptation","floor":32,"key":"SMITH"}],"circlet_count":0,"master_deck":["AscendersBane","Strike_P","Strike_P+1","Strike_P+1","Strike_P","Defend_P","Defend_P+1","Defend_P+1","Eruption+1","Vigilance","Wallop","Tantrum","InnerPeace+1","FlurryOfBlows+1","Wallop","CutThroughFate+1","Scrawl+1","Meditate+1","Wish","CutThroughFate","WaveOfTheHand","Adaptation+1","EmptyMind"],"relics":["Black Star","CloakClasp","TeardropLocket","White Beast Statue","Toolbox","Anchor","Lantern","VioletLotus","StrikeDummy","Turnip","CeramicFish","MawBank","War Paint","Regal Pillow","Whetstone","Bag of Marbles","Pear"],"acts_visited":["Exordium","TheCity"],"potions_floor_usage":[16,27,31,33,33],"damage_taken":[{"damage":0,"enemies":"Jaw Worm","floor":1,"turns":5},{"damage":0,"enemies":"2 Louse","floor":3,"turns":3},{"damage":24,"enemies":"Lagavulin","floor":7,"turns":7},{"damage":0,"enemies":"Small Slimes","floor":8,"turns":2},{"damage":0,"enemies":"Looter","floor":10,"turns":2},{"damage":0,"enemies":"3 Sentries","floor":13,"turns":3},{"damage":0,"enemies":"Large Slime","floor":14,"turns":1},{"damage":17,"enemies":"Hexaghost","floor":16,"turns":9},{"damage":0,"enemies":"Spheric Guardian","floor":18,"turns":1},{"damage":0,"enemies":"Chosen","floor":21,"turns":3},{"damage":0,"enemies":"Centurion and Healer","floor":22,"turns":4},{"damage":0,"enemies":"Slavers","floor":23,"turns":2},{"damage":0,"enemies":"Book of Stabbing","floor":25,"turns":3},{"damage":0,"enemies":"Slavers","floor":27,"turns":3},{"damage":0,"enemies":"Cultist and Chosen","floor":28,"turns":3},{"damage":0,"enemies":"3 Cultists","floor":29,"turns":3},{"damage":0,"enemies":"Gremlin Leader","floor":30,"turns":3},{"damage":10,"enemies":"Snecko","floor":31,"turns":5},{"damage":48,"enemies":"Automaton","floor":33,"turns":6}],"seed_played":"-6369157320446492076","potions_obtained":[{"floor":7,"key":"Fire Potion"},{"floor":10,"key":"PowerPotion"},{"floor":14,"key":"Fruit Juice"},{"floor":16,"key":"Swift Potion"},{"floor":18,"key":"Explosive Potion"},{"floor":22,"key":"DuplicationPotion"},{"floor":27,"key":"PowerPotion"},{"floor":31,"key":"DistilledChaos"}],"is_trial":false,"path_per_floor":["M","?","M","?","?","R","E","M","T","M","R","$","E","M","R","B",null,"M","?","?","M","M","E","R","E","T","E","M","M","E","M","R","B"],"character_chosen":"WATCHER","items_purchased":["Toolbox"],"campfire_rested":1,"item_purchase_floors":[12],"current_hp_per_floor":[61,41,41,34,39,39,15,15,15,15,36,36,36,36,36,24,65,65,65,43,43,43,43,43,43,43,43,43,43,53,43,43,0,0],"gold":589,"neow_bonus":"BOSS_RELIC","is_daily":false,"chose_seed":false,"campfire_upgraded":4,"win_rate":0.0,"timestamp":1610434032,"path_taken":["M","?","M","?","?","R","E","M","T","M","R","$","E","M","R","BOSS","M","?","?","M","M","E","R","E","T","E","M","M","E","M","R","BOSS"],"items_purchased_type":["Relic"],"build_version":"2020-12-18","purchased_purges":0,"victory":false,"max_hp_per_floor":[68,68,68,68,73,73,73,73,73,73,73,73,73,73,73,78,78,78,78,83,83,83,83,83,83,83,83,83,83,93,93,93,93,93],"relic_stats":{"Regal Pillow":0,"counters":[19,68],"CeramicFish":54,"VioletLotus":[23],"Turnip":[0],"Black Star":6,"CloakClasp":[142],"Whetstone":["FlurryOfBlows","Strike_P"],"War Paint":["Defend_P","InnerPeace"],"MawBank":96,"obtain_stats":[{"Lantern":13,"Regal Pillow":27,"Pear":30,"CeramicFish":23,"CloakClasp":7,"TeardropLocket":7,"Whetstone":27,"War Paint":25,"MawBank":25,"White Beast Statue":9,"Anchor":13,"Toolbox":12,"VioletLotus":17,"Turnip":23,"Black Star":0,"Bag of Marbles":30,"PureWater":0,"StrikeDummy":19},{"Lantern":6,"Regal Pillow":14,"Pear":17,"CeramicFish":12,"CloakClasp":3,"TeardropLocket":3,"Whetstone":14,"War Paint":13,"MawBank":13,"White Beast Statue":4,"Anchor":6,"Toolbox":5,"VioletLotus":8,"Turnip":12,"Black Star":0,"Bag of Marbles":17,"PureWater":0,"StrikeDummy":9},{"Lantern":22,"Regal Pillow":48,"Pear":57,"CeramicFish":42,"CloakClasp":15,"TeardropLocket":15,"Whetstone":48,"War Paint":45,"MawBank":45,"White Beast Statue":17,"Anchor":22,"Toolbox":19,"VioletLotus":32,"Turnip":42,"Black Star":0,"Bag of Marbles":57,"PureWater":0,"StrikeDummy":33}]},"card_choices":[{"not_picked":["JustLucky","InnerPeace"],"picked":"Wallop","floor":1},{"not_picked":["CrushJoints","JustLucky"],"picked":"Tantrum","floor":3},{"not_picked":["ClearTheMind","JustLucky","ThirdEye"],"picked":"SKIP","floor":7},{"not_picked":["PathToVictory","EmptyBody"],"picked":"InnerPeace","floor":8},{"not_picked":["Collect","Prostrate"],"picked":"FlurryOfBlows","floor":10},{"not_picked":["ForeignInfluence","Alpha"],"picked":"Wallop","floor":13},{"not_picked":["Swivel","Evaluate"],"picked":"CutThroughFate","floor":14},{"not_picked":["SpiritShield","DeusExMachina"],"picked":"Scrawl","floor":16},{"not_picked":["JustLucky","ReachHeaven","SandsOfTime"],"picked":"SKIP","floor":18},{"not_picked":["WreathOfFlame","Evaluate","ClearTheMind"],"picked":"SKIP","floor":21},{"not_picked":["Halt","Pray+1","EmptyBody"],"picked":"SKIP","floor":22},{"not_picked":["Crescendo","Wireheading"],"picked":"Meditate+1","floor":23},{"not_picked":["Crescendo","EmptyBody"],"picked":"Wish","floor":25},{"not_picked":["Perseverance+1","BattleHymn+1","ClearTheMind"],"picked":"SKIP","floor":27},{"not_picked":["Wireheading","Wallop"],"picked":"CutThroughFate","floor":28},{"not_picked":["Tantrum","Worship"],"picked":"WaveOfTheHand","floor":29},{"not_picked":["Worship","LikeWater"],"picked":"Adaptation","floor":30},{"not_picked":["WaveOfTheHand","Nirvana"],"picked":"EmptyMind","floor":31}],"player_experience":1181264,"relics_obtained":[{"floor":7,"key":"CloakClasp"},{"floor":7,"key":"TeardropLocket"},{"floor":9,"key":"White Beast Statue"},{"floor":13,"key":"Anchor"},{"floor":13,"key":"Lantern"},{"floor":23,"key":"Turnip"},{"floor":23,"key":"CeramicFish"},{"floor":25,"key":"MawBank"},{"floor":25,"key":"War Paint"},{"floor":27,"key":"Regal Pillow"},{"floor":27,"key":"Whetstone"},{"floor":30,"key":"Bag of Marbles"},{"floor":30,"key":"Pear"}],"event_choices":[{"damage_healed":0,"gold_gain":0,"player_choice":"Entered Light","damage_taken":20,"max_hp_gain":0,"max_hp_loss":0,"event_name":"Shining Light","floor":2,"gold_loss":0,"cards_upgraded":["Defend_P","Strike_P"]},{"cards_removed":["Defend_P"],"damage_healed":0,"gold_gain":0,"player_choice":"Card Removal","damage_taken":7,"max_hp_gain":0,"max_hp_loss":0,"event_name":"Golden Wing","floor":4,"gold_loss":0},{"damage_healed":0,"gold_gain":0,"player_choice":"Donut","damage_taken":0,"max_hp_gain":5,"max_hp_loss":0,"event_name":"Big Fish","floor":5,"gold_loss":0},{"damage_healed":0,"gold_gain":0,"player_choice":"Obtained Relic","damage_taken":0,"relics_obtained":["StrikeDummy"],"max_hp_gain":0,"max_hp_loss":0,"event_name":"Addict","floor":19,"gold_loss":85},{"damage_healed":0,"gold_gain":0,"player_choice":"Shed Blood","damage_taken":27,"max_hp_gain":5,"max_hp_loss":0,"event_name":"Forgotten Altar","floor":20,"gold_loss":0}],"is_beta":true,"boss_relics":[{"not_picked":["Astrolabe","SlaversCollar"],"picked":"VioletLotus"}],"items_purged_floors":[],"is_endless":false,"potions_floor_spawned":[7,10,13,14,16,18,21,22,23,25,27,28,29,30,31],"killed_by":"Automaton","ascension_level":20}}