{"host":"Connor","time":1610482996,"event":{"mods":["Aspiration","BaseMod","Downfall","Hubris","Marisa????????","Minty Spire (QoL Compilation)","Replay The Spire","StSLib","The Cursed","The Jungle","The Servant 0.9.4"],"gold_per_floor":[114,132,132,132,73,73,93,103,129,129,129,129,24,44,44,122,122,135,35,49,49,59,59,59,59],"floor_reached":24,"language":"ENG","playtime":651,"items_purged":["hubris:Sniper","Strike_R"],"score":363,"play_id":"acf6f60e-7430-4e77-9313-c67bdbcc4824","local_time":"20210112122316","is_ascension_mode":true,"campfire_choices":[{"floor":6,"key":"RECALL"},{"data":"Eclipse","floor":12,"key":"SMITH"},{"floor":15,"key":"DIG"},{"data":"Barricade","floor":23,"key":"SMITH"}],"circlet_count":0,"master_deck":["AscendersBane","Strike_R","Defend_R","Defend_R","Defend_R","Bash","Eclipse+1","Intimidate","Shrug It Off","Wild Strike","Iron Wave","ReplayTheSpireMod:Strike From Hell","Endless Agony","Skewer","Bloodletting","Iron Wave","Barricade+1","Ghostly Armor","Shockwave"],"relics":["Burning Blood","Another Sword","Blue Doll","Ring of Misfortune","Anchor","Velvet Choker","hubris:Towel"],"acts_visited":["Exordium","TheCity"],"potions_floor_usage":[16,24],"damage_taken":[{"damage":0,"enemies":"Cultist","floor":1,"turns":4},{"damage":2,"enemies":"Small Slimes","floor":2,"turns":3},{"damage":2,"enemies":"Jaw Worm","floor":7,"turns":3},{"damage":28,"enemies":"Large Slime","floor":8,"turns":5},{"damage":0,"enemies":"Blue Slaver","floor":14,"turns":2},{"damage":23,"enemies":"Hexaghost","floor":16,"turns":9},{"damage":12,"enemies":"2 Thieves","floor":18,"turns":3},{"damage":5,"enemies":"Shell Parasite","floor":20,"turns":2},{"damage":26,"enemies":"Sentry and Sphere","floor":22,"turns":7},{"damage":80,"enemies":"Gremlin Leader","floor":24,"turns":5}],"seed_played":"6724515810476512455","potions_obtained":[{"floor":2,"key":"Fire Potion"},{"floor":8,"key":"PowerPotion"},{"floor":16,"key":"AttackPotion"},{"floor":20,"key":"FairyPotion"}],"is_trial":false,"path_per_floor":["M","M","T","?","$","R","M","M","T","?","?","R","$","M","R","B",null,"M","$","M","?","M","R","E"],"character_chosen":"IRONCLAD","items_purchased":["Wild Strike","Bloodletting"],"campfire_rested":0,"item_purchase_floors":[5,13],"current_hp_per_floor":[74,75,75,68,68,68,72,50,50,50,50,50,50,56,56,44,67,61,61,62,62,42,42,0,0],"gold":59,"neow_bonus":"ONE_RANDOM_RARE_CARD","is_daily":false,"chose_seed":false,"campfire_upgraded":2,"win_rate":0.0,"timestamp":1610482996,"path_taken":["M","M","?","?","$","R","M","M","T","?","?","R","$","M","R","BOSS","M","$","M","?","M","R","E"],"items_purchased_type":["Card","Card"],"build_version":"2020-12-18","purchased_purges":2,"victory":false,"max_hp_per_floor":[75,75,75,75,75,75,75,75,75,75,75,75,75,75,75,75,75,75,75,75,75,75,75,75,75],"card_choices":[{"not_picked":["Flex","Sword Boomerang"],"picked":"Intimidate","floor":1},{"not_picked":["Cleave","Rupture"],"picked":"Shrug It Off","floor":2},{"not_picked":["Anger","Shockwave"],"picked":"Iron Wave","floor":7},{"not_picked":["ReplayTheSpireMod:Corrosion Curse","Clash"],"picked":"ReplayTheSpireMod:Strike From Hell","floor":8},{"not_picked":["Shrug It Off","Uppercut"],"picked":"Iron Wave","floor":14},{"not_picked":["Exhume","Feed"],"picked":"Barricade","floor":16},{"not_picked":["Wild Strike+1","Warcry+1"],"picked":"Ghostly Armor","floor":18},{"not_picked":["Sever Soul","Thunderclap"],"picked":"Shockwave","floor":20},{"not_picked":["Perfected Strike","Combust","Anger+1"],"picked":"SKIP","floor":22}],"player_experience":614512,"relics_obtained":[{"floor":3,"key":"Another Sword"},{"floor":9,"key":"Blue Doll"},{"floor":10,"key":"Ring of Misfortune"},{"floor":15,"key":"Anchor"}],"event_choices":[{"cards_removed":["Strike_R"],"damage_healed":0,"gold_gain":0,"player_choice":"Card Removal","damage_taken":7,"max_hp_gain":0,"max_hp_loss":0,"event_name":"Golden Wing","floor":4,"gold_loss":0}],"is_beta":true,"boss_relics":[{"not_picked":["ReplayTheSpireMod:DimensionalGlitch","Black Blood"],"picked":"Velvet Choker"}],"items_purged_floors":[13,19],"is_endless":false,"potions_floor_spawned":[2,8,16,20],"killed_by":"Gremlin Leader","ascension_level":19}}