{"host":"8i4doyxqctgl5qb0","time":1610432375,"event":{"mods":["AchievementEnabler","BaseMod","Block Reminder","Colored Powertips","Downfall","Hermit","Minty Spire (QoL Compilation)","Permanent Neow","Potion Indicator Mod","Rare Cards Sparkle","StSLib","SuperFastMode","The Jungle"],"gold_per_floor":[116,131,131,147,163,163,15,30,53,71,71,89,89,108,108,205,205,222,222,238,45,45,45],"floor_reached":22,"playtime":532,"items_purged":[],"score":243,"play_id":"545355c3-9867-483e-b207-3768d3951e61","local_time":"20210112141935","is_ascension_mode":true,"campfire_choices":[{"data":"Juggernaut","floor":6.0,"key":"SMITH"},{"data":"Armaments","floor":11,"key":"SMITH"},{"data":"Cleave","floor":13,"key":"SMITH"},{"floor":15,"key":"REST"}],"circlet_count":0,"master_deck":["Bash","Warcry","Cleave+1","Juggernaut+1","Armaments+1","Metallicize","Feed","Battle Trance","Rupture","Cleave","Rampage","Cleave","Double Tap","Bludgeon","Rampage","Rampage","Decay","Second Wind","Shrug It Off"],"relics":["Burning Blood","Regal Pillow","PreservedInsect","Pandora\u0027s Box","Blood Vial"],"acts_visited":["Exordium","TheCity"],"potions_floor_usage":[16],"damage_taken":[{"damage":10.0,"enemies":"Small Slimes","floor":1.0,"turns":4.0},{"damage":1.0,"enemies":"Cultist","floor":2.0,"turns":3.0},{"damage":5.0,"enemies":"2 Louse","floor":4.0,"turns":4.0},{"damage":29.0,"enemies":"Exordium Thugs","floor":5.0,"turns":6.0},{"damage":10.0,"enemies":"Lots of Slimes","floor":8.0,"turns":3.0},{"damage":7.0,"enemies":"Looter","floor":10.0,"turns":4.0},{"damage":7,"enemies":"Large Slime","floor":12,"turns":6},{"damage":25,"enemies":"Exordium Wildlife","floor":14,"turns":5},{"damage":39,"enemies":"Slime Boss","floor":16,"turns":9},{"damage":33,"enemies":"2 Thieves","floor":18,"turns":3},{"damage":51,"enemies":"Shell Parasite","floor":20,"turns":6},{"damage":14,"enemies":"Centurion and Healer","floor":22,"turns":3}],"seed_played":"-6492524911610785691","potions_obtained":[{"floor":3.0,"key":"SpeedPotion"},{"floor":3.0,"key":"SpeedPotion"},{"floor":3.0,"key":"Energy Potion"},{"floor":4.0,"key":"Dexterity Potion"},{"floor":5.0,"key":"LiquidMemories"}],"is_trial":false,"path_per_floor":["M","M","?","M","M","R","$","M","T","M","R","M","R","M","R","B",null,"M","?","M","$","M"],"character_chosen":"IRONCLAD","items_purchased":["Regal Pillow","Blood Vial","Shrug It Off"],"campfire_rested":1,"item_purchase_floors":[7,21,21],"current_hp_per_floor":[76,81,81,82,59,59,59,55,55,54,54,53,53,34,75,42,77,53,53,8,8,0,0],"gold":45,"neow_bonus":"TEN_PERCENT_HP_BONUS","is_daily":false,"chose_seed":false,"campfire_upgraded":3,"win_rate":0.0,"timestamp":1610432375,"path_taken":["M","M","?","?","?","R","$","M","T","M","R","M","R","M","R","BOSS","M","?","M","$","M"],"items_purchased_type":["Relic","Relic","Card"],"build_version":"2020-12-22","purchased_purges":0,"victory":false,"max_hp_per_floor":[88,88,88,88,88,88,88,88,88,88,88,88,88,88,88,88,88,91,91,91,91,91,91],"card_choices":[{"not_picked":["Anger","Hemokinesis"],"picked":"Warcry","floor":1.0},{"not_picked":["True Grit","Thunderclap","Iron Wave"],"picked":"SKIP","floor":2.0},{"not_picked":["Warcry","Anger"],"picked":"Cleave","floor":4.0},{"not_picked":["Twin Strike","Thunderclap"],"picked":"Juggernaut","floor":5.0},{"not_picked":["True Grit","Headbutt"],"picked":"Armaments","floor":8.0},{"not_picked":["Pommel Strike","Thunderclap","Uppercut"],"picked":"SKIP","floor":10},{"not_picked":["Heavy Blade","Sword Boomerang","Fire Breathing"],"picked":"SKIP","floor":12},{"not_picked":["Evolve","Shrug It Off"],"picked":"Metallicize","floor":14},{"not_picked":["Double Tap","Reaper"],"picked":"Feed","floor":16},{"not_picked":["Thunderclap","Rupture+1","Pummel"],"picked":"SKIP","floor":18},{"not_picked":["Wild Strike","Thunderclap"],"picked":"Second Wind","floor":20}],"player_experience":164825,"relics_obtained":[{"floor":9.0,"key":"PreservedInsect"}],"event_choices":[{"damage_healed":0.0,"max_hp_gain":0.0,"max_hp_loss":0.0,"gold_gain":0.0,"event_name":"Lab","player_choice":"Got Potions","floor":3.0,"gold_loss":0.0,"damage_taken":0.0},{"damage_healed":0,"gold_gain":0,"player_choice":"Cursed","damage_taken":0,"max_hp_gain":0,"max_hp_loss":0,"event_name":"Wheel of Change","floor":19,"gold_loss":0,"cards_obtained":["Decay"]}],"is_beta":false,"boss_relics":[{"not_picked":["Astrolabe","Velvet Choker"],"picked":"Pandora\u0027s Box"}],"items_purged_floors":[],"is_endless":false,"potions_floor_spawned":[4,5,8,14],"killed_by":"Centurion and Healer","ascension_level":7}}