{"host":"ggy1mjjy92c62u6a","time":1610466182,"event":{"mods":["10 clothes from DAL","Act Like it!","BaseMod","Colored Powertips","GifTheSpireLib","Library of Ruina","Library of Ruina Extra","Minty Spire (QoL Compilation)","Quick Restart","Relic Stats","RumiaBox-露米娅的神秘盒子","Shop Mod","Spicy Shops","StSLib","【功能Mod】混沌之环修复补丁","【遗物卡牌】REMEMod"],"gold_per_floor":[120,70,89,89,107,136,136,61,61,78,89,89,89,109,109,206,206,219,119,131,149,165,165,194,194,194,194,220,70,169,169,169,264,264,276,295,295,295,148,173,173,206,231,114,189,201,253,278,278,278,278],"floor_reached":52,"playtime":2047,"items_purged":["LightAttack","Decapitation","Decapitation"],"score":981,"play_id":"e85619f4-fe05-45ca-935f-f2e2af9d976d","local_time":"20210112234302","is_ascension_mode":true,"campfire_choices":[{"data":"Suppress","floor":12,"key":"SMITH"},{"floor":15,"key":"REST"},{"data":"GuidanceOfTheGears","floor":23,"key":"SMITH"},{"data":"BlazingStrike","floor":25,"key":"SMITH"},{"data":"CrackOfDawn","floor":27,"key":"SMITH"},{"data":"AGoldenOpportunity","floor":32,"key":"SMITH"},{"data":"UnforgettableMelody","floor":41,"key":"SMITH"},{"data":"GuidanceOfTheGears","floor":49,"key":"SMITH"}],"circlet_count":0,"master_deck":["GuidanceOfTheGears+1","DefenseOrder","AGoldenOpportunity+1","RepressedFlesh+1","Decapitation+1","Suppress+1","DaringDecision","BlazingStrike+1","Deflect_lor","CrackOfDawn+1","Unlock1+1","Unlock1+1","Guardian_lor+1","GuidanceOfTheGears+1","Impatience","UnforgettableMelody+1","SharpenedBlade","Eject+1","Rewind+1"],"relics":["PageOfLibrarian","REME_ComplimentaryCards","NeowsBlessing","Ccalipers","DALC_WAN","SumBook","Molten Egg 2","PageOfBlackSwan","Meat on the Bone","InkBottle","PageOfScarecrow","SoulBox","Baka2","PageOfPorccubus","PageOfUniverseFragment","Vajra","Bag of Preparation","PageOfTheKnightOfDespair","Lizard Tail"],"acts_visited":["Exordium","TheCity","TheBeyond"],"potions_floor_usage":[33,33,33,40,42,42,42,42,45,50],"damage_taken":[{"damage":0.0,"enemies":"Jaw Worm","floor":1.0,"turns":1.0},{"damage":0.0,"enemies":"Small Slimes","floor":3.0,"turns":1.0},{"damage":0.0,"enemies":"2 Louse","floor":5.0,"turns":1.0},{"damage":14.0,"enemies":"Gremlin Nob","floor":6.0,"turns":4.0},{"damage":9,"enemies":"Gremlin Gang","floor":10,"turns":2},{"damage":11,"enemies":"Looter","floor":11,"turns":2},{"damage":0,"enemies":"Lots of Slimes","floor":14,"turns":2},{"damage":5,"enemies":"The Guardian","floor":16,"turns":8},{"damage":0,"enemies":"Spheric Guardian","floor":18,"turns":2},{"damage":0,"enemies":"Shell Parasite","floor":20,"turns":4},{"damage":0,"enemies":"Snecko","floor":21,"turns":3},{"damage":17,"enemies":"Centurion and Healer","floor":22,"turns":4},{"damage":14,"enemies":"Slavers","floor":24,"turns":3},{"damage":53,"enemies":"Book of Stabbing","floor":28,"turns":4},{"damage":50,"enemies":"KingOfGreed","floor":33,"turns":6},{"damage":0,"enemies":"Orb Walker","floor":35,"turns":3},{"damage":14,"enemies":"3 Shapes","floor":36,"turns":3},{"damage":0,"enemies":"Nemesis","floor":40,"turns":7},{"damage":37,"enemies":"Giant Head","floor":42,"turns":6},{"damage":19,"enemies":"Mind Bloom Boss Battle","floor":45,"turns":5},{"damage":0,"enemies":"Jaw Worm Horde","floor":46,"turns":2},{"damage":0,"enemies":"2 Orb Walkers","floor":47,"turns":3},{"damage":6,"enemies":"Sphere and 2 Shapes","floor":48,"turns":1},{"damage":16,"enemies":"Donu and Deca","floor":50,"turns":6},{"damage":90,"enemies":"Donu and Deca","floor":51,"turns":6}],"seed_played":"-7951497878990976797","potions_obtained":[{"floor":5.0,"key":"SkillPotion"},{"floor":11,"key":"Strength Potion"},{"floor":14,"key":"BlessingOfTheForge"},{"floor":18,"key":"Swift Potion"},{"floor":35,"key":"CultistPotion"},{"floor":36,"key":"LiquidMemories"},{"floor":42,"key":"Block Potion"},{"floor":48,"key":"DuplicationPotion"}],"is_trial":false,"path_per_floor":["M","?","M","T","M","E","?","$","T","M","M","R","?","M","R","B",null,"M","$","M","M","M","R","E","R","T","R","E","$","?","?","R","B",null,"M","M","?","?","$","E","R","E","T","$","?","M","?","M","R","B",null,null],"character_chosen":"Librarian","items_purchased":["Unlock1+1","PageOfPorccubus","SharpenedBlade"],"campfire_rested":1,"item_purchase_floors":[29,39,44],"current_hp_per_floor":[60,60,60,60,60,46,27,27,27,18,7,7,7,7,34,29,93,93,93,93,93,90,90,94,94,94,94,83,83,83,83,83,74,106,109,98,98,98,98,109,109,74,74,74,59,71,71,67,67,67,65],"gold":278,"neow_bonus":"THREE_ENEMY_KILL","is_daily":false,"chose_seed":false,"campfire_upgraded":7,"win_rate":0.0,"timestamp":1610466182,"path_taken":["M","?","M","?","M","E","?","?","T","M","?","R","?","?","R","BOSS","M","?","M","M","M","R","E","R","T","R","E","$","?","?","R","BOSS","M","M","?","?","$","E","R","E","T","$","?","?","?","M","R","BOSS"],"items_purchased_type":["Card","Relic","Card"],"build_version":"2020-12-22","purchased_purges":3,"victory":true,"max_hp_per_floor":[63,63,93,93,93,93,93,93,93,93,93,93,93,93,93,93,93,93,93,93,106,106,106,106,106,106,106,106,106,106,106,106,106,106,109,109,109,109,109,117,117,117,117,117,118,118,118,118,118,118,118],"relic_stats":{"Lizard Tail":59,"counters":[25,89],"Bag of Preparation":[11],"obtain_stats":[{"NeowsBlessing":0,"Vajra":42,"DALC_WAN":6,"SoulBox":34,"Baka":1,"Bag of Preparation":43,"PageOfLibrarian":0,"PageOfScarecrow":28,"Baka2":36,"Lizard Tail":47,"PageOfBlackSwan":17,"Ccalipers":4,"PageOfTheKnightOfDespair":45,"Molten Egg 2":13,"PageOfPorccubus":39,"InkBottle":26,"REME_ComplimentaryCards":0,"SumBook":9,"Meat on the Bone":24,"PageOfUniverseFragment":40},{"NeowsBlessing":0,"Vajra":19,"DALC_WAN":4,"SoulBox":15,"Baka":1,"Bag of Preparation":19,"PageOfLibrarian":0,"PageOfScarecrow":14,"Baka2":17,"Lizard Tail":22,"PageOfBlackSwan":8,"Ccalipers":2,"PageOfTheKnightOfDespair":20,"Molten Egg 2":6,"PageOfPorccubus":17,"InkBottle":13,"REME_ComplimentaryCards":0,"SumBook":4,"Meat on the Bone":13,"PageOfUniverseFragment":18},{"NeowsBlessing":0,"Vajra":66,"DALC_WAN":7,"SoulBox":47,"Baka":1,"Bag of Preparation":66,"PageOfLibrarian":0,"PageOfScarecrow":41,"Baka2":53,"Lizard Tail":76,"PageOfBlackSwan":21,"Ccalipers":2,"PageOfTheKnightOfDespair":71,"Molten Egg 2":11,"PageOfPorccubus":53,"InkBottle":37,"REME_ComplimentaryCards":0,"SumBook":7,"Meat on the Bone":37,"PageOfUniverseFragment":60}],"InkBottle":[19],"Meat on the Bone":36},"card_choices":[{"not_picked":["Eject","PuppetBlockade","YourShield"],"picked":"SmokingPipe","floor":1.0},{"not_picked":["Multislash","SunsetBlade","SpearedSweep","SilentNight"],"picked":"SKIP","floor":3.0},{"not_picked":["SpearedSweep","BackAttack","EnergyShield"],"picked":"GuidanceOfTheGears","floor":5.0},{"not_picked":["Multislash","Standoff","Diversion"],"picked":"DefenseOrder","floor":5.0},{"not_picked":["FierceCharge","BindingChains","BladeWhirl"],"picked":"AGoldenOpportunity","floor":5.0},{"not_picked":["Ripple","Leap_lor","SunsetBlade","Outburst"],"picked":"SKIP","floor":5.0},{"not_picked":["SparkingSpear","Retaliate","HiddenBlade","FlashOfSunup"],"picked":"SKIP","floor":6.0},{"not_picked":["HighSpeedStabbing","EnergyShield","FierceCharge","HiddenBlade"],"picked":"SKIP","floor":10},{"not_picked":["Multislash","EnergyShield","Diversion","SmokingPipe"],"picked":"SKIP","floor":11},{"not_picked":["Outburst+1","SunsetBlade","SharpSwipe+1","SmokingPipe"],"picked":"SKIP","floor":14},{"not_picked":["SparkingSpear+1","EnergyBeam+1","ShrineToMusic","Leap_lor+1"],"picked":"SKIP","floor":18},{"not_picked":["LawAndOrder+1","TasteMyFlamingBat+1","HiddenBlade+1","SpearedSweep+1"],"picked":"SKIP","floor":20},{"not_picked":["DevastatingThrash+1","Eject+1","Bvapour+1","Diversion+1"],"picked":"SKIP","floor":21},{"not_picked":["SharpenedBlade","ForcefulGesture+1","EnergyShield"],"picked":"Unlock1+1","floor":22},{"not_picked":["HiddenBlade+1","UncannyStrike+1","FleetFootsteps","Deflect_lor"],"picked":"SKIP","floor":24},{"not_picked":["Outburst+1","HiddenBlade+1","SpearedSweep+1","HighSpeedStabbing+1"],"picked":"SKIP","floor":28},{"not_picked":["SetFire+1","BackAttack","SilentMist"],"picked":"Guardian_lor+1","floor":35},{"not_picked":["SunsetBlade","Deflect_lor","ViolentFlame+1"],"picked":"GuidanceOfTheGears","floor":36},{"not_picked":["ThunderHit+1","PanicButton","Bandage Up"],"picked":"Impatience","floor":37},{"not_picked":["SearingSword+1","RepressedFlesh+1","ViolentFlame"],"picked":"UnforgettableMelody","floor":40},{"not_picked":["DarkCloud+1","Eliminate+1","SetFire+1","Creak+1"],"picked":"SKIP","floor":42},{"not_picked":["DarkCloud+1","Eliminate+1","SetFire+1","Creak+1"],"picked":"SKIP","floor":42},{"not_picked":["DimensionalRift+1","Slice_lor+1","EnergyCycle+1"],"picked":"Eject+1","floor":45},{"not_picked":["YourShield+1","Leap_lor+1","Rewind","EnergyShield+1"],"picked":"SKIP","floor":46},{"not_picked":["MindPrepared+1","DefenseOrder","LossOfSenses+1"],"picked":"Rewind+1","floor":47},{"not_picked":["LossOfSenses+1","SmokingPipe+1","InhaleSmoke","Riposte+1"],"picked":"SKIP","floor":48}],"player_experience":50658,"relics_obtained":[{"floor":1.0,"key":"Baka"},{"floor":4.0,"key":"Ccalipers"},{"floor":6.0,"key":"DALC_WAN"},{"floor":9,"key":"SumBook"},{"floor":24,"key":"Meat on the Bone"},{"floor":26,"key":"InkBottle"},{"floor":28,"key":"PageOfScarecrow"},{"floor":36,"key":"Baka2"},{"floor":40,"key":"PageOfUniverseFragment"},{"floor":42,"key":"Vajra"},{"floor":43,"key":"Bag of Preparation"},{"floor":45,"key":"PageOfTheKnightOfDespair"},{"floor":47,"key":"Lizard Tail"}],"event_choices":[{"damage_healed":0.0,"max_hp_gain":0.0,"max_hp_loss":0.0,"gold_gain":0.0,"event_name":"Shining Light","player_choice":"Entered Light","floor":7.0,"gold_loss":0.0,"damage_taken":19.0,"cards_upgraded":["LightDefense","LightDefense"]},{"cards_removed":["SmokingPipe"],"damage_healed":0,"gold_gain":0,"player_choice":"Gave Card","damage_taken":0,"relics_obtained":["Molten Egg 2"],"max_hp_gain":0,"max_hp_loss":0,"event_name":"WeMeetAgain","floor":13,"gold_loss":0},{"damage_healed":0,"gold_gain":99,"player_choice":"Stole From Cult","damage_taken":0,"max_hp_gain":0,"max_hp_loss":0,"event_name":"Nest","floor":30,"gold_loss":0},{"cards_removed":["Eradication"],"damage_healed":0,"gold_gain":0,"player_choice":"Elegance","damage_taken":0,"max_hp_gain":0,"max_hp_loss":0,"event_name":"Back to Basics","floor":31,"gold_loss":0},{"damage_healed":0,"gold_gain":0,"player_choice":"Memory 1","damage_taken":0,"max_hp_gain":0,"max_hp_loss":0,"event_name":"SensoryStone","floor":37,"gold_loss":0},{"damage_healed":0,"gold_gain":0,"player_choice":"Ignored","damage_taken":0,"max_hp_gain":0,"max_hp_loss":0,"event_name":"Tomb of Lord Red Mask","floor":38,"gold_loss":0},{"damage_healed":0,"gold_gain":0,"player_choice":"Fight","damage_taken":0,"max_hp_gain":0,"max_hp_loss":0,"event_name":"MindBloom","floor":45,"gold_loss":0},{"damage_healed":0,"gold_gain":0,"player_choice":"Fight","damage_taken":0,"max_hp_gain":0,"max_hp_loss":0,"event_name":"Mysterious Sphere","floor":47,"gold_loss":0}],"is_beta":false,"boss_relics":[{"not_picked":["Runic Dome","SacredBark"],"picked":"PageOfBlackSwan"},{"not_picked":["Fusion Hammer","Snecko Eye"],"picked":"SoulBox"}],"items_purged_floors":[8,19,29],"is_endless":false,"potions_floor_spawned":[5,11,14,18,20,28,35,36,42,48],"ascension_level":3}}