{"host":"msa0wxqjs3jv1k3j","time":1610438128,"event":{"mods":["AchievementEnabler","BaseMod","BetterRewards","Colored Map","Highlight Path","KOR Keyword Fix","Keyboard Shortcuts","Minty Spire (QoL Compilation)","Quick Restart","SuperFastMode","everything is the same but u backflip on backflip"],"gold_per_floor":[111,111,130,55,55,89,105,105,128,128,184,215,227,314,326,439,451,475,512,524,524],"floor_reached":20,"playtime":1223,"items_purged":["Strike_R"],"score":170,"play_id":"a8296cfa-985e-473f-b9ef-e04b83663964","local_time":"20210112165528","is_ascension_mode":false,"campfire_choices":[{"data":"Body Slam","floor":8.0,"key":"SMITH"},{"data":"Corruption","floor":10.0,"key":"SMITH"},{"floor":15.0,"key":"REST"}],"circlet_count":0,"master_deck":["Strike_R","Strike_R","Strike_R","Defend_R","Defend_R","Bloodletting+1","Intimidate+1","Body Slam+1","True Grit+1","Pommel Strike","Burning Pact+1","Defend_P+1","Corruption+1","Bloodletting+1","Evolve","Juggernaut","Cleave+1","Infernal Blade+1","Cleave+1","Flex+1","Perfected Strike"],"relics":["Burning Blood","Toxic Egg 2","Pocketwatch","Lantern","Orrery","Regal Pillow","Juzu Bracelet","MawBank","Astrolabe","Red Mask"],"acts_visited":["Exordium","TheCity"],"potions_floor_usage":[],"damage_taken":[{"damage":9.0,"enemies":"2 Louse","floor":1.0,"turns":2.0},{"damage":6.0,"enemies":"Cultist","floor":3.0,"turns":3.0},{"damage":24.0,"enemies":"3 Sentries","floor":6.0,"turns":10.0},{"damage":0.0,"enemies":"Jaw Worm","floor":7.0,"turns":4.0},{"damage":50.0,"enemies":"Lagavulin Event","floor":11.0,"turns":7.0},{"damage":9.0,"enemies":"Large Slime","floor":12.0,"turns":5.0},{"damage":54.0,"enemies":"Hexaghost","floor":16.0,"turns":15.0},{"damage":20.0,"enemies":"3 Byrds","floor":18.0,"turns":5.0},{"damage":59.0,"enemies":"Masked Bandits","floor":19.0,"turns":6.0},{"damage":13,"enemies":"Shell Parasite","floor":20,"turns":3}],"seed_played":"439631422784584022","potions_obtained":[{"floor":7.0,"key":"EntropicBrew"},{"floor":11.0,"key":"FairyPotion"},{"floor":12.0,"key":"PowerPotion"},{"floor":13.0,"key":"ElixirPotion"}],"is_trial":false,"path_per_floor":["M","?","M","$","?","E","M","R","T","R","?","M","?","?","R","B",null,"M","?","M"],"character_chosen":"IRONCLAD","items_purchased":["Toxic Egg 2","Lantern","Bloodletting+1","Orrery","Burning Pact+1"],"campfire_rested":1,"item_purchase_floors":[0,0,0,0,0],"current_hp_per_floor":[77,77,77,77,77,59,65,65,65,65,21,18,18,7,46,30,80,66,13,0,0],"gold":524,"neow_bonus":"","is_daily":false,"chose_seed":false,"campfire_upgraded":2,"win_rate":0.0,"timestamp":1610438128,"path_taken":["M","?","?","$","?","E","?","R","T","R","?","M","?","?","R","BOSS","M","?","M"],"items_purchased_type":["Relic","Relic","Card","Relic","Card"],"build_version":"2020-12-22","purchased_purges":1,"victory":false,"max_hp_per_floor":[80,80,80,80,80,80,80,80,80,80,80,80,80,80,80,80,80,80,80,80,80],"card_choices":[{"not_picked":["Disarm+1","True Grit+1"],"picked":"Intimidate+1","floor":0.0},{"not_picked":["True Grit+1","Pummel"],"picked":"Body Slam","floor":0.0},{"not_picked":["Wild Strike","Anger"],"picked":"True Grit+1","floor":0.0},{"not_picked":["Clash","Iron Wave"],"picked":"Pommel Strike","floor":0.0},{"not_picked":["Headbutt","Rampage","Heavy Blade"],"picked":"SKIP","floor":1.0},{"not_picked":["Sword Boomerang","Headbutt","Cleave"],"picked":"SKIP","floor":3.0},{"not_picked":["Cleave","Armaments+1"],"picked":"Corruption","floor":6.0},{"not_picked":["Burning Pact+1","Thunderclap"],"picked":"Bloodletting+1","floor":7.0},{"not_picked":["Cleave","Dual Wield+1"],"picked":"Evolve","floor":11.0},{"not_picked":["Body Slam","Warcry+1","Flex+1"],"picked":"SKIP","floor":12.0},{"not_picked":["Bludgeon","Demon Form"],"picked":"Juggernaut","floor":16.0},{"not_picked":["Iron Wave","Cleave+1"],"picked":"Flex+1","floor":18.0},{"not_picked":["Dual Wield+1","Cleave"],"picked":"Perfected Strike","floor":19.0}],"player_experience":86552,"relics_obtained":[{"floor":6.0,"key":"Regal Pillow"},{"floor":9.0,"key":"Juzu Bracelet"},{"floor":11.0,"key":"MawBank"},{"floor":19.0,"key":"Red Mask"}],"event_choices":[{"cards_removed":["Bash"],"damage_healed":0.0,"max_hp_gain":0.0,"max_hp_loss":0.0,"gold_gain":0.0,"event_name":"NoteForYourself","player_choice":"Took Card","floor":2.0,"gold_loss":0.0,"damage_taken":0.0,"cards_obtained":["Defend_P"]},{"damage_healed":0.0,"max_hp_gain":0.0,"max_hp_loss":0.0,"gold_gain":0.0,"event_name":"The Woman in Blue","player_choice":"Bought 0 Potions","floor":5.0,"gold_loss":0.0,"damage_taken":0.0},{"damage_healed":0.0,"max_hp_gain":0.0,"max_hp_loss":0.0,"gold_gain":30.0,"event_name":"Dead Adventurer","player_choice":"Searched \u00273\u0027 times","floor":11.0,"gold_loss":0.0,"damage_taken":0.0},{"damage_healed":0.0,"max_hp_gain":0.0,"max_hp_loss":0.0,"gold_gain":0.0,"event_name":"Lab","player_choice":"Got Potions","floor":13.0,"gold_loss":0.0,"damage_taken":0.0},{"damage_healed":0.0,"max_hp_gain":0.0,"max_hp_loss":0.0,"gold_gain":75.0,"event_name":"World of Goop","player_choice":"Gather Gold","floor":14.0,"gold_loss":0.0,"damage_taken":11.0},{"damage_healed":0.0,"max_hp_gain":0.0,"max_hp_loss":0.0,"gold_gain":0.0,"event_name":"Masked Bandits","player_choice":"Fought Bandits","floor":19.0,"gold_loss":0.0,"damage_taken":0.0}],"is_beta":false,"boss_relics":[{"not_picked":["Ectoplasm","Tiny House"],"picked":"Astrolabe"}],"items_purged_floors":[4],"is_endless":false,"potions_floor_spawned":[7,11,12],"killed_by":"Shell Parasite","ascension_level":0}}