{"host":"vohenq18pmg6jboc","time":1610432380,"event":{"mods":["Arknights The Spire","Bard","BaseMod","Chen","Downfall","Gremlin Mod","GungeonMod","Hermit","Koishi","Marisa¡]Ãú«B¡@Å]²z¨F¡^","Minty Spire (QoL Compilation)","Relic Stats","Remilia¡]Á¢¦Ì²ú?¡^","StSLib","The Administrix","The Bug Knight","The Cursed","The Hierophant","The IronCluck","The Runesmith","The Servant 0.9.4","WarShipGirlsR/??¤Ö¤kR mod","Yakumo Yukari mod","Youmu¡]»î¾z§¯?¡^","Yuyuko"],"gold_per_floor":[114,130,192,203,203,203,219,219,288,74,74,89,102,121,121,241,241,260,273,56,56,6,6,30,30,30,71,84,35,51,51,51,51,51],"floor_reached":33,"playtime":1741,"items_purged":[],"score":259,"play_id":"3e68a48c-dd7d-4e1a-8be0-bdda970f6c28","local_time":"20210112141940","is_ascension_mode":false,"campfire_choices":[{"data":"rmod:chargemoney","floor":6,"key":"SMITH"},{"data":"rmod:robin","floor":8,"key":"SMITH"},{"data":"rmod:ammunitionsupply","floor":11,"key":"SMITH"},{"floor":15,"key":"REST"},{"floor":23,"key":"REST"},{"data":"rmod:diamondstrike","floor":25,"key":"SMITH"},{"floor":32,"key":"REST"}],"circlet_count":0,"master_deck":["rmod:strick","rmod:strick","rmod:strick","rmod:strick","rmod:defend","rmod:defend","rmod:defend","rmod:basicallowance","rmod:maingunfire","rmod:tearstotiara","rmod:chargemoney+1","rmod:supportescort","rmod:robin+1","rmod:ammunitionsupply+1","rmod:diamondstrike+1","rmod:launchingtorpedo","rmod:gendarmerie","rmod:luckystar","rmod:tearstotiara","rmod:openingtorpedo","rmod:windflower","rmod:aviationdawn","rmod:aviationdawn+1","rmod:diamondstrike","rmod:highspeedmaneuver","rmod:tearstotiara","rmod:fletcherpendant","rmod:openingtorpedo","rmod:gendarmerie+1","rmod:intelligenceanalysis+1","rmod:ammunitionsupply","rmod:supportescort+1"],"relics":["rmod:firstchargereward","Golden Idol","DemoMod:MeltedRock","Empty Cage","DemoMod:Antibody","DemoMod:MonsterBlood","Bag of Preparation"],"acts_visited":["Exordium","TheCity"],"potions_floor_usage":[16,16,16,27,33],"damage_taken":[{"damage":0,"enemies":"2 Louse","floor":1,"turns":2},{"damage":0,"enemies":"Small Slimes","floor":2,"turns":3},{"damage":0,"enemies":"Cultist","floor":4,"turns":3},{"damage":0,"enemies":"Looter","floor":7,"turns":2},{"damage":2,"enemies":"Exordium Wildlife","floor":12,"turns":4},{"damage":12,"enemies":"3 Louse","floor":13,"turns":2},{"damage":9,"enemies":"Blue Slaver","floor":14,"turns":3},{"damage":26,"enemies":"Hexaghost","floor":16,"turns":5},{"damage":9,"enemies":"2 Thieves","floor":18,"turns":4},{"damage":19,"enemies":"Shell Parasite","floor":19,"turns":4},{"damage":19,"enemies":"Shelled Parasite and Fungi","floor":24,"turns":6},{"damage":31,"enemies":"Slavers","floor":27,"turns":3},{"damage":14,"enemies":"Centurion and Healer","floor":28,"turns":4},{"damage":25,"enemies":"Chosen and Byrds","floor":30,"turns":5},{"damage":53,"enemies":"Collector","floor":33,"turns":7}],"seed_played":"9077578724390124814","potions_obtained":[{"floor":1,"key":"AttackPotion"},{"floor":2,"key":"LiquidBronze"},{"floor":4,"key":"ColorlessPotion"},{"floor":18,"key":"ColorlessPotion"},{"floor":19,"key":"Ancient Potion"},{"floor":27,"key":"Dexterity Potion"}],"is_trial":false,"path_per_floor":["M","M","?","M","?","R","M","R","T","$","R","M","M","M","R","B",null,"M","M","$","?","$","R","M","R","T","E","M","$","M","?","R","B"],"character_chosen":"PRAEFECT","items_purchased":["rmod:ammunitionsupply","rmod:diamondstrike","rmod:launchingtorpedo","rmod:gendarmerie","rmod:diamondstrike","rmod:highspeedmaneuver","rmod:tearstotiara","rmod:fletcherpendant","rmod:ammunitionsupply"],"campfire_rested":3,"item_purchase_floors":[10,10,10,10,20,20,20,22,29],"current_hp_per_floor":[82,82,82,82,82,82,82,82,82,82,82,80,68,59,82,56,82,73,54,54,54,54,82,63,63,77,46,32,32,7,7,33,0,0],"gold":51,"neow_bonus":"TEN_PERCENT_HP_BONUS","is_daily":false,"chose_seed":false,"campfire_upgraded":4,"win_rate":0.0,"timestamp":1610432380,"path_taken":["M","M","?","M","?","R","M","R","T","$","R","M","M","M","R","BOSS","M","M","$","?","?","R","M","R","T","E","M","$","M","?","R","BOSS"],"items_purchased_type":["Card","Card","Card","Card","Card","Card","Card","Card","Card"],"build_version":"2020-12-22","purchased_purges":0,"victory":false,"max_hp_per_floor":[82,82,82,82,82,82,82,82,82,82,82,82,82,82,82,82,82,82,82,82,82,82,82,82,82,89,89,89,89,89,89,89,89,89],"relic_stats":{"counters":[15,57],"Golden Idol":63,"Bag of Preparation":[0],"obtain_stats":[{"Golden Idol":5,"DemoMod:MonsterBlood":26,"DemoMod:Antibody":21,"DemoMod:WeirdEgg":27,"DemoMod:MeltedRock":9,"DemoMod:GlassGuonStoneRelic":1,"rmod:firstchargereward":0,"Bag of Preparation":33,"Empty Cage":17},{"Golden Idol":3,"DemoMod:MonsterBlood":11,"DemoMod:Antibody":10,"DemoMod:WeirdEgg":12,"DemoMod:MeltedRock":4,"DemoMod:GlassGuonStoneRelic":1,"rmod:firstchargereward":0,"Bag of Preparation":15,"Empty Cage":8},{"Golden Idol":8,"DemoMod:MonsterBlood":38,"DemoMod:Antibody":32,"DemoMod:WeirdEgg":41,"DemoMod:MeltedRock":10,"DemoMod:GlassGuonStoneRelic":2,"rmod:firstchargereward":0,"Bag of Preparation":50,"Empty Cage":24}]},"card_choices":[{"not_picked":["rmod:diaomin","rmod:intelligenceanalysis"],"picked":"rmod:tearstotiara","floor":1},{"not_picked":["rmod:steelsupply","rmod:gendarmerie"],"picked":"rmod:chargemoney","floor":2},{"not_picked":["rmod:capitalist","rmod:ring"],"picked":"rmod:supportescort","floor":4},{"not_picked":["rmod:fuelsupply","rmod:aviationdawn"],"picked":"rmod:robin","floor":7},{"not_picked":["rmod:unsinkable","rmod:fuelsupply"],"picked":"rmod:luckystar","floor":12},{"not_picked":["rmod:slowdown","rmod:generalist"],"picked":"rmod:tearstotiara","floor":13},{"not_picked":["rmod:seals","rmod:unsinkable"],"picked":"rmod:openingtorpedo","floor":14},{"not_picked":["rmod:highspeedmaneuver","rmod:timeschanged"],"picked":"rmod:windflower","floor":16},{"not_picked":["rmod:chargemoney","rmod:aluminumsupply"],"picked":"rmod:aviationdawn","floor":18},{"not_picked":["rmod:tearstotiara","rmod:aluminumsupply"],"picked":"rmod:aviationdawn+1","floor":19},{"not_picked":["rmod:circuitoustactics","rmod:diaomin"],"picked":"rmod:openingtorpedo","floor":24},{"not_picked":["rmod:expeditionaryescort","rmod:ring"],"picked":"rmod:gendarmerie+1","floor":27},{"not_picked":["rmod:mineteam","rmod:victimresponsibility"],"picked":"rmod:intelligenceanalysis+1","floor":28},{"not_picked":["rmod:tearstotiara","rmod:diamondstrike"],"picked":"rmod:supportescort+1","floor":30}],"player_experience":66932,"relics_obtained":[{"floor":9,"key":"DemoMod:MeltedRock"},{"floor":26,"key":"DemoMod:MonsterBlood"},{"floor":27,"key":"DemoMod:WeirdEgg"}],"event_choices":[{"damage_healed":0,"gold_gain":62,"player_choice":"Gained Gold","damage_taken":0,"max_hp_gain":0,"max_hp_loss":0,"event_name":"Golden Wing","floor":3,"gold_loss":0},{"damage_healed":0,"gold_gain":0,"player_choice":"Take Wound","damage_taken":0,"relics_obtained":["Golden Idol"],"max_hp_gain":0,"max_hp_loss":0,"event_name":"Golden Idol","floor":5,"gold_loss":0,"cards_obtained":["Injury"]},{"damage_healed":0,"gold_gain":0,"player_choice":"Gave Potion","damage_taken":0,"relics_obtained":["DemoMod:Antibody"],"max_hp_gain":0,"max_hp_loss":0,"event_name":"WeMeetAgain","floor":21,"gold_loss":0},{"damage_healed":0,"gold_gain":0,"player_choice":"Ignored","damage_taken":0,"max_hp_gain":0,"max_hp_loss":0,"event_name":"Cursed Tome","floor":31,"gold_loss":0}],"is_beta":false,"boss_relics":[{"not_picked":["Ectoplasm","Cursed Key"],"picked":"Empty Cage"}],"items_purged_floors":[],"is_endless":false,"potions_floor_spawned":[1,2,4,18,19,27],"killed_by":"Collector","ascension_level":0}}