{"host":"0ueeacaatm8t6jyh","time":1610461540,"event":{"mods":["AchievementEnabler","BaseMod","Colored Powertips","Minty Spire (QoL Compilation)","Quick Restart","Rare Cards Sparkle","StSLib"],"gold_per_floor":[213,213,84,94,94,120,120,147,447,461,481,238,238,250,250,250,250],"floor_reached":16,"playtime":438,"items_purged":["Strike_R"],"score":209,"play_id":"7eaaa19a-3fd4-41fc-95dc-1ae62430e359","local_time":"20210112222540","is_ascension_mode":true,"campfire_choices":[{"floor":7.0,"key":"REST"},{"data":"Whirlwind","floor":15.0,"key":"SMITH"}],"circlet_count":0,"master_deck":["AscendersBane","Strike_R+1","Strike_R","Strike_R","Defend_R","Defend_R","Defend_R","Defend_R","Bash","Sword Boomerang+1","Dark Embrace","Shrug It Off","Battle Trance","Whirlwind+1"],"relics":["Burning Blood","Lizard Tail","Blood Vial","Old Coin","Vajra"],"acts_visited":["Exordium"],"potions_floor_usage":[16],"damage_taken":[{"damage":7.0,"enemies":"Small Slimes","floor":1.0,"turns":3.0},{"damage":11.0,"enemies":"2 Louse","floor":4.0,"turns":5.0},{"damage":36.0,"enemies":"Gremlin Nob","floor":6.0,"turns":4.0},{"damage":55.0,"enemies":"3 Sentries","floor":8.0,"turns":5.0},{"damage":0.0,"enemies":"Cultist","floor":10.0,"turns":3.0},{"damage":14.0,"enemies":"Exordium Thugs","floor":11.0,"turns":3.0},{"damage":11.0,"enemies":"Looter","floor":14.0,"turns":2.0},{"damage":56,"enemies":"Slime Boss","floor":16,"turns":6}],"seed_played":"2834565181369095331","potions_obtained":[{"floor":4.0,"key":"Regen Potion"},{"floor":8.0,"key":"Fruit Juice"},{"floor":10.0,"key":"Explosive Potion"},{"floor":14.0,"key":"Swift Potion"}],"is_trial":false,"path_per_floor":["M","?","$","M","?","E","R","E","T","M","M","$","?","M","R","B"],"character_chosen":"IRONCLAD","items_purchased":["Dark Embrace","Shrug It Off","Vajra"],"campfire_rested":1,"item_purchase_floors":[3,3,12],"current_hp_per_floor":[67,60,60,55,32,14,36,38,38,46,40,40,40,37,37,0,0],"gold":250,"neow_bonus":"HUNDRED_GOLD","is_daily":false,"chose_seed":false,"campfire_upgraded":1,"win_rate":0.0,"timestamp":1610461540,"path_taken":["M","?","$","M","?","E","R","E","T","M","M","$","?","M","R","BOSS"],"items_purchased_type":["Card","Card","Relic"],"build_version":"2020-12-22","purchased_purges":1,"victory":false,"max_hp_per_floor":[75,75,75,75,75,75,75,80,80,80,80,80,80,80,80,80,80],"card_choices":[{"not_picked":["Headbutt","Havoc"],"picked":"Sword Boomerang","floor":1.0},{"not_picked":["Barricade","Cleave"],"picked":"Battle Trance","floor":4.0},{"not_picked":["Headbutt","Seeing Red"],"picked":"Whirlwind","floor":6.0},{"not_picked":["Twin Strike","Fire Breathing","True Grit"],"picked":"SKIP","floor":8.0},{"not_picked":["Thunderclap","Ghostly Armor","Havoc"],"picked":"SKIP","floor":10.0},{"not_picked":["Sword Boomerang","Sever Soul","Dual Wield"],"picked":"SKIP","floor":11.0},{"not_picked":["Havoc","Clothesline","Headbutt"],"picked":"SKIP","floor":14.0}],"player_experience":358090,"relics_obtained":[{"floor":6.0,"key":"Lizard Tail"},{"floor":8.0,"key":"Blood Vial"},{"floor":9.0,"key":"Old Coin"}],"event_choices":[{"cards_removed":["Strike_R"],"damage_healed":0.0,"max_hp_gain":0.0,"max_hp_loss":0.0,"gold_gain":0.0,"event_name":"Golden Wing","player_choice":"Card Removal","floor":2.0,"gold_loss":0.0,"damage_taken":7.0},{"damage_healed":0.0,"max_hp_gain":0.0,"max_hp_loss":0.0,"gold_gain":0.0,"event_name":"Shining Light","player_choice":"Entered Light","floor":5.0,"gold_loss":0.0,"damage_taken":23.0,"cards_upgraded":["Strike_R","Sword Boomerang"]},{"damage_healed":0.0,"max_hp_gain":0.0,"max_hp_loss":0.0,"gold_gain":0.0,"event_name":"WeMeetAgain","player_choice":"Ignored","floor":13.0,"gold_loss":0.0,"damage_taken":0.0}],"is_beta":false,"boss_relics":[],"items_purged_floors":[12],"is_endless":false,"potions_floor_spawned":[4,8,10,14],"killed_by":"Slime Boss","ascension_level":18}}