{"host":"cjhtzh7tp54jdfyv","time":1610432724,"event":{"mods":["AchievementEnabler","BaseMod","Colored Map","Colored Powertips","Curses Come First","DeckTracker","Filter the Spire","Minty Spire (QoL Compilation)","RNG Fix","Relic Sorter","Relic Stats","StSLib","UnlockEverythingMod","ojb\u0027s Better Paths Mod","ojb\u0027s Info Mod"],"gold_per_floor":[111,123,136,147,158,158,191,191,191,191,202,62,62,62,62],"floor_reached":14,"playtime":711,"items_purged":["Defend_P"],"score":184,"play_id":"3e7634c0-489e-4b71-b39a-22e173e2949b","local_time":"20210112012524","is_ascension_mode":true,"campfire_choices":[{"data":"Eruption","floor":6.0,"key":"SMITH"},{"floor":13.0,"key":"REST"}],"circlet_count":0,"master_deck":["AscendersBane","Strike_P","Strike_P","Strike_P","Strike_P","Defend_P","Defend_P","Eruption+1","Vigilance","TalkToTheHand","BowlingBash","JustLucky","EmptyMind","CutThroughFate","InnerPeace","Adaptation"],"relics":["VioletLotus","Smiling Mask","Girya"],"acts_visited":["Exordium"],"potions_floor_usage":[14],"damage_taken":[{"damage":0.0,"enemies":"Cultist","floor":1.0,"turns":4.0},{"damage":12.0,"enemies":"Small Slimes","floor":2.0,"turns":4.0},{"damage":3.0,"enemies":"Jaw Worm","floor":3.0,"turns":4.0},{"damage":0.0,"enemies":"Exordium Wildlife","floor":4.0,"turns":3.0},{"damage":17.0,"enemies":"Large Slime","floor":5.0,"turns":5.0},{"damage":19.0,"enemies":"Lagavulin","floor":7.0,"turns":6.0},{"damage":0.0,"enemies":"Red Slaver","floor":11.0,"turns":3.0},{"damage":50,"enemies":"Gremlin Nob","floor":14,"turns":3}],"seed_played":"-241200213774896303","potions_obtained":[{"floor":3.0,"key":"SkillPotion"},{"floor":4.0,"key":"Block Potion"},{"floor":11.0,"key":"GamblersBrew"}],"is_trial":false,"path_per_floor":["M","M","M","M","M","R","E","?","T","?","M","$","R","E"],"character_chosen":"WATCHER","items_purchased":["Adaptation"],"campfire_rested":1,"item_purchase_floors":[12],"current_hp_per_floor":[61,49,46,46,29,29,10,10,10,3,3,3,23,0,0],"gold":62,"neow_bonus":"BOSS_RELIC","is_daily":false,"chose_seed":false,"campfire_upgraded":1,"win_rate":0.0,"timestamp":1610432724,"path_taken":["M","M","M","M","M","R","E","?","T","?","M","$","R","E"],"items_purchased_type":["Card"],"build_version":"2020-12-22","purchased_purges":1,"victory":false,"max_hp_per_floor":[68,68,68,68,68,68,68,68,68,68,68,68,68,68,68],"relic_stats":{"counters":[8,32],"VioletLotus":[7],"Smiling Mask":25,"obtain_stats":[{"Girya":9,"VioletLotus":0,"PureWater":0,"Smiling Mask":7},{"Girya":6,"VioletLotus":0,"PureWater":0,"Smiling Mask":6},{"Girya":26,"VioletLotus":0,"PureWater":0,"Smiling Mask":26}]},"card_choices":[{"not_picked":["FollowUp","Swivel"],"picked":"TalkToTheHand","floor":1.0},{"not_picked":["ClearTheMind","FollowUp"],"picked":"BowlingBash","floor":2.0},{"not_picked":["Study","ReachHeaven"],"picked":"JustLucky","floor":3.0},{"not_picked":["MentalFortress","FlyingSleeves"],"picked":"EmptyMind","floor":4.0},{"not_picked":["FollowUp","Halt","MasterReality"],"picked":"SKIP","floor":5.0},{"not_picked":["Vengeance","Alpha"],"picked":"CutThroughFate","floor":7.0},{"not_picked":["CrushJoints","FlurryOfBlows"],"picked":"InnerPeace","floor":11.0}],"player_experience":4471130,"relics_obtained":[{"floor":7.0,"key":"Smiling Mask"},{"floor":9.0,"key":"Girya"}],"event_choices":[{"damage_healed":0.0,"max_hp_gain":0.0,"max_hp_loss":0.0,"gold_gain":0.0,"event_name":"Liars Game","player_choice":"Ignored","floor":8.0,"gold_loss":0.0,"damage_taken":0.0},{"cards_removed":["Defend_P"],"damage_healed":0.0,"max_hp_gain":0.0,"max_hp_loss":0.0,"gold_gain":0.0,"event_name":"Golden Wing","player_choice":"Card Removal","floor":10.0,"gold_loss":0.0,"damage_taken":7.0}],"is_beta":false,"boss_relics":[],"items_purged_floors":[12],"is_endless":false,"potions_floor_spawned":[3,4,11],"killed_by":"Gremlin Nob","ascension_level":20}}