{"host":"vddkjx04kiwje1tk","time":1610435718,"event":{"mods":["AchievementEnabler","BaseMod","Colored Map","Minty Spire (QoL Compilation)","Quick Restart","SuperFastMode"],"gold_per_floor":[412,412,259,334,357,357,400,400,453,453,453,477,477,477,477,477,477],"floor_reached":16,"playtime":237,"items_purged":["Strike_R"],"score":134,"play_id":"7688c0db-fed9-4cb3-b5b0-56470861f2a0","local_time":"20210112161518","is_ascension_mode":true,"campfire_choices":[{"data":"Searing Blow","floor":6,"key":"SMITH"},{"data":"Searing Blow+1","floor":8,"key":"SMITH"},{"floor":10,"key":"REST"},{"data":"Searing Blow+2","floor":15,"key":"SMITH"}],"circlet_count":0,"master_deck":["Strike_R","Strike_R","Strike_R","Strike_R","Defend_R","Defend_R","Defend_R","Defend_R","Bash","Searing Blow+3","Fire Breathing","Parasite"],"relics":["Burning Blood","Old Coin","Golden Idol","Kunai","Red Skull","CaptainsWheel","Self Forming Clay"],"acts_visited":["Exordium"],"potions_floor_usage":[16],"damage_taken":[{"damage":15,"enemies":"Small Slimes","floor":1,"turns":4},{"damage":4,"enemies":"Jaw Worm","floor":5,"turns":4},{"damage":20,"enemies":"3 Sentries","floor":7,"turns":5},{"damage":8,"enemies":"2 Louse","floor":12,"turns":3},{"damage":50,"enemies":"Hexaghost","floor":16,"turns":8}],"seed_played":"5945348709052917039","potions_obtained":[{"floor":7,"key":"EssenceOfSteel"}],"is_trial":false,"path_per_floor":["M","?","$","?","M","R","E","R","T","R","?","M","?","T","R","B"],"character_chosen":"IRONCLAD","items_purchased":["Fire Breathing"],"campfire_rested":1,"item_purchase_floors":[3],"current_hp_per_floor":[42,42,42,31,33,33,19,19,19,41,59,57,50,50,50,0,0],"gold":477,"neow_bonus":"ONE_RARE_RELIC","is_daily":false,"chose_seed":false,"campfire_upgraded":3,"win_rate":0.0,"timestamp":1610435718,"path_taken":["M","?","$","?","M","R","E","R","T","R","?","M","?","?","R","BOSS"],"items_purchased_type":["Card"],"build_version":"2020-12-22","purchased_purges":1,"victory":false,"max_hp_per_floor":[80,74,74,74,74,74,74,74,74,74,74,74,74,74,74,74,74],"card_choices":[{"not_picked":["True Grit","Sword Boomerang"],"picked":"Searing Blow","floor":1},{"not_picked":["Warcry","Flex","Heavy Blade"],"picked":"SKIP","floor":5},{"not_picked":["Dropkick","Anger","Whirlwind"],"picked":"SKIP","floor":7},{"not_picked":["Pommel Strike","Dark Embrace","Rage"],"picked":"SKIP","floor":12}],"player_experience":257741,"relics_obtained":[{"floor":7,"key":"Kunai"},{"floor":9,"key":"Red Skull"},{"floor":14,"key":"Self Forming Clay"}],"event_choices":[{"damage_healed":0,"gold_gain":0,"player_choice":"Lose Max HP","damage_taken":0,"relics_obtained":["Golden Idol"],"max_hp_gain":0,"max_hp_loss":6,"event_name":"Golden Idol","floor":2,"gold_loss":0},{"damage_healed":0,"gold_gain":75,"player_choice":"Gather Gold","damage_taken":11,"max_hp_gain":0,"max_hp_loss":0,"event_name":"World of Goop","floor":4,"gold_loss":0},{"damage_healed":18,"gold_gain":0,"player_choice":"Healed and dodged fight","damage_taken":0,"max_hp_gain":0,"max_hp_loss":0,"event_name":"Mushrooms","floor":11,"gold_loss":0,"cards_obtained":["Parasite"]},{"damage_healed":0,"gold_gain":0,"player_choice":"Success","damage_taken":7,"relics_obtained":["CaptainsWheel"],"max_hp_gain":0,"max_hp_loss":0,"event_name":"Scrap Ooze","floor":13,"gold_loss":0}],"is_beta":false,"boss_relics":[],"items_purged_floors":[3],"is_endless":false,"potions_floor_spawned":[7],"killed_by":"Hexaghost","ascension_level":8}}