{"host":"ibfpjm2kz059o009","time":1610418826,"event":{"mods":["AchievementEnabler","BaseMod","Block Reminder","Colored Powertips","DeckTracker","Googly Eyes","Key Reminder","Minty Spire (QoL Compilation)","Shop Mod","Unceasing Turn Reminder"],"gold_per_floor":[114,41,56,56,71,86,101,101,101,131,146,146,161,176,176,276,276,291,241,271,21,21,21,51,66,91,106,136,151,181,196,196,296,296,311,311,326,326,341,356,356,56,56,86,116,143,170,197,209,221],"floor_reached":51,"playtime":1948,"items_purged":[],"score":1195,"play_id":"2ffaaa01-e07c-41eb-ae78-d33f99235fe0","local_time":"20210111213346","daily_mods":["Cursed Run","Hoarder","DeadlyEvents"],"is_ascension_mode":false,"campfire_choices":[{"data":"TalkToTheHand","floor":8,"key":"SMITH"},{"floor":15,"key":"REST"},{"data":"Alpha","floor":23,"key":"SMITH"},{"floor":32,"key":"REST"},{"data":"Judgement","floor":41,"key":"SMITH"},{"data":"BowlingBash","floor":49,"key":"SMITH"}],"circlet_count":0,"master_deck":["Strike_P","Strike_P","Strike_P","Strike_P","Defend_P","Defend_P","Defend_P+1","Defend_P","Eruption","Vigilance","TalkToTheHand","TalkToTheHand","TalkToTheHand+1","Swivel","Swivel","Swivel","FlurryOfBlows+1","FlurryOfBlows","FlurryOfBlows","PathToVictory","PathToVictory","PathToVictory","Conclude","Conclude","Conclude","Consecrate","Consecrate","Consecrate","Injury","Injury","Injury","FlurryOfBlows","FlurryOfBlows","FlurryOfBlows","BowlingBash+1","BowlingBash","BowlingBash","Adaptation+1","Adaptation+1","Adaptation+1","Clumsy","Clumsy","Clumsy","Alpha","Alpha+1","Alpha+1","Consecrate+1","Consecrate+1","Consecrate+1","Weave","Weave","Weave","PathToVictory","PathToVictory","PathToVictory","EmptyMind","EmptyMind","EmptyMind","Injury","Injury","Injury","Nirvana+1","Nirvana+1","Nirvana+1","WreathOfFlame","WreathOfFlame","WreathOfFlame","Crescendo+1","Crescendo+1","Crescendo+1","FollowUp","FollowUp","FollowUp","BattleHymn+1","BattleHymn+1","BattleHymn+1","Decay","Decay","Decay","Judgement","Judgement+1","Judgement","CurseOfTheBell","CurseOfTheBell","CurseOfTheBell","Madness","Madness","Madness","Madness","Madness","Madness","FlurryOfBlows+1","FlurryOfBlows+1","FlurryOfBlows+1","Clumsy","Clumsy","Clumsy","CutThroughFate+1","CutThroughFate+1","CutThroughFate+1","MasterReality+1","MasterReality+1","MasterReality+1","FearNoEvil+1","FearNoEvil+1","FearNoEvil+1","Perseverance+1","Perseverance+1","Perseverance+1","Parasite","Parasite","Parasite"],"relics":["Cursed Key","Darkstone Periapt","Du-Vu Doll","Orichalcum","Frozen Egg 2","Sozu","GoldenEye","Eternal Feather","GremlinMask","Calipers","Pen Nib","Akabeko","Ornamental Fan","Calling Bell","War Paint","Pear","Lizard Tail","Boot","Frozen Eye","Vajra","Centennial Puzzle","MawBank"],"acts_visited":["Exordium","TheCity","TheBeyond"],"potions_floor_usage":[10,13,16,24],"damage_taken":[{"damage":0,"enemies":"Cultist","floor":1,"turns":2},{"damage":0,"enemies":"2 Louse","floor":3,"turns":2},{"damage":0,"enemies":"Jaw Worm","floor":5,"turns":5},{"damage":0,"enemies":"Looter","floor":6,"turns":2},{"damage":14,"enemies":"Gremlin Gang","floor":7,"turns":3},{"damage":15,"enemies":"Lagavulin","floor":10,"turns":3},{"damage":10,"enemies":"Large Slime","floor":11,"turns":2},{"damage":7,"enemies":"Red Slaver","floor":13,"turns":2},{"damage":0,"enemies":"Looter","floor":14,"turns":2},{"damage":26,"enemies":"Hexaghost","floor":16,"turns":8},{"damage":0,"enemies":"2 Thieves","floor":18,"turns":2},{"damage":0,"enemies":"Gremlin Leader","floor":20,"turns":4},{"damage":17,"enemies":"Book of Stabbing","floor":24,"turns":4},{"damage":4,"enemies":"Chosen","floor":25,"turns":3},{"damage":0,"enemies":"3 Cultists","floor":27,"turns":3},{"damage":30,"enemies":"Slavers","floor":28,"turns":3},{"damage":8,"enemies":"Cultist and Chosen","floor":29,"turns":3},{"damage":16,"enemies":"Gremlin Leader","floor":30,"turns":3},{"damage":4,"enemies":"Sentry and Sphere","floor":31,"turns":3},{"damage":39,"enemies":"Champ","floor":33,"turns":4},{"damage":11,"enemies":"3 Darklings","floor":35,"turns":3},{"damage":9,"enemies":"3 Shapes","floor":37,"turns":2},{"damage":4,"enemies":"Jaw Worm Horde","floor":39,"turns":2},{"damage":23,"enemies":"4 Shapes","floor":40,"turns":2},{"damage":12,"enemies":"Giant Head","floor":44,"turns":4},{"damage":12,"enemies":"Reptomancer","floor":45,"turns":2},{"damage":3,"enemies":"3 Darklings","floor":46,"turns":2},{"damage":0,"enemies":"Sphere and 2 Shapes","floor":47,"turns":3},{"damage":9,"enemies":"Writhing Mass","floor":48,"turns":2},{"damage":80,"enemies":"Time Eater","floor":50,"turns":5}],"seed_played":"-5514344210177769252","potions_obtained":[{"floor":1,"key":"GamblersBrew"},{"floor":5,"key":"Weak Potion"},{"floor":10,"key":"BlessingOfTheForge"},{"floor":13,"key":"EssenceOfSteel"}],"is_trial":false,"path_per_floor":["M","$","M","?","M","M","M","R","T","E","M","$","M","M","R","B",null,"M","?","E","$","?","R","E","M","T","M","E","M","E","M","R","B",null,"M","?","M","?","M","M","R","$","T","E","E","M","M","M","R","B",null],"character_chosen":"WATCHER","items_purchased":["Swivel","Eternal Feather","Boot","Frozen Eye"],"campfire_rested":2,"item_purchase_floors":[2,21,42,42],"current_hp_per_floor":[72,72,72,72,72,72,58,58,76,61,51,51,44,44,71,63,108,108,108,108,108,108,108,91,87,105,105,75,67,51,47,126,105,172,161,139,130,130,126,103,157,157,175,163,151,148,148,139,190,128],"gold":233,"neow_bonus":"","is_daily":true,"chose_seed":false,"campfire_upgraded":4,"win_rate":0.0,"timestamp":1610418826,"path_taken":["M","$","?","?","M","M","M","R","T","?","M","$","M","M","R","BOSS","M","?","?","$","?","R","?","M","T","?","?","M","E","M","R","BOSS","M","?","M","?","?","M","R","?","T","E","?","?","M","M","R","BOSS"],"items_purchased_type":["Card","Relic","Relic","Relic"],"build_version":"2020-12-22","purchased_purges":0,"victory":true,"max_hp_per_floor":[72,72,72,72,72,72,72,72,90,90,90,90,90,90,90,108,108,108,108,108,108,108,108,108,108,126,126,126,126,126,126,126,144,172,172,172,172,172,172,172,172,172,190,190,190,190,190,190,190,208],"card_choices":[{"not_picked":["Evaluate","DeceiveReality"],"picked":"TalkToTheHand","floor":1},{"not_picked":["PathToVictory","CutThroughFate"],"picked":"FlurryOfBlows","floor":3},{"not_picked":["FlyingSleeves","SashWhip"],"picked":"PathToVictory","floor":5},{"not_picked":["Worship","Swivel"],"picked":"Conclude","floor":6},{"not_picked":["FollowUp","SignatureMove"],"picked":"Consecrate","floor":7},{"not_picked":["Nirvana+1","ThirdEye"],"picked":"FlurryOfBlows","floor":10},{"not_picked":["Prostrate","JustLucky"],"picked":"BowlingBash","floor":11},{"not_picked":["ThirdEye","FlurryOfBlows"],"picked":"Adaptation+1","floor":13},{"not_picked":["SashWhip","Vengeance","Scrawl"],"picked":"SKIP","floor":14},{"not_picked":["Devotion+1","ConjureBlade"],"picked":"Alpha","floor":16},{"not_picked":["CutThroughFate","Prostrate"],"picked":"Consecrate+1","floor":18},{"not_picked":["Conclude","EmptyBody"],"picked":"Weave","floor":20},{"not_picked":["Indignation+1","Halt"],"picked":"PathToVictory","floor":24},{"not_picked":["Fasting2+1","ClearTheMind+1"],"picked":"EmptyMind","floor":25},{"not_picked":["PathToVictory","CrushJoints"],"picked":"Nirvana+1","floor":27},{"not_picked":["ForeignInfluence","JustLucky"],"picked":"WreathOfFlame","floor":28},{"not_picked":["ThirdEye","Omniscience"],"picked":"Crescendo+1","floor":29},{"not_picked":["LikeWater+1","Protect"],"picked":"FollowUp","floor":30},{"not_picked":["Meditate+1","CrushJoints"],"picked":"BattleHymn+1","floor":31},{"not_picked":["ConjureBlade","DevaForm+1"],"picked":"Judgement","floor":33},{"not_picked":["ClearTheMind+1","WheelKick+1","BattleHymn+1"],"picked":"SKIP","floor":35},{"not_picked":["Evaluate","BattleHymn+1","Adaptation+1"],"picked":"SKIP","floor":37},{"not_picked":["Evaluate","CutThroughFate+1"],"picked":"FlurryOfBlows+1","floor":39},{"not_picked":["Collect","Conclude+1","EmptyFist"],"picked":"SKIP","floor":40},{"not_picked":["ClearTheMind","Crescendo"],"picked":"CutThroughFate+1","floor":44},{"not_picked":["Nirvana+1","Prostrate"],"picked":"MasterReality+1","floor":45},{"not_picked":["Protect+1","LikeWater+1"],"picked":"FearNoEvil+1","floor":46},{"not_picked":["Evaluate+1","FlurryOfBlows+1","BowlingBash"],"picked":"SKIP","floor":47},{"not_picked":["CutThroughFate","Consecrate+1"],"picked":"Perseverance+1","floor":48}],"player_experience":610447,"relics_obtained":[{"floor":9,"key":"Orichalcum"},{"floor":10,"key":"Frozen Egg 2"},{"floor":20,"key":"GoldenEye"},{"floor":24,"key":"Calipers"},{"floor":26,"key":"Pen Nib"},{"floor":28,"key":"Akabeko"},{"floor":30,"key":"Ornamental Fan"},{"floor":34,"key":"War Paint"},{"floor":34,"key":"Pear"},{"floor":34,"key":"Lizard Tail"},{"floor":43,"key":"Vajra"},{"floor":44,"key":"Centennial Puzzle"},{"floor":45,"key":"MawBank"}],"event_choices":[{"damage_healed":0,"gold_gain":0,"player_choice":"Grow","damage_taken":0,"max_hp_gain":0,"max_hp_loss":0,"event_name":"Living Wall","floor":4,"gold_loss":0,"cards_upgraded":["FlurryOfBlows"]},{"damage_healed":0,"gold_gain":0,"player_choice":"Bet on Murderer","damage_taken":0,"max_hp_gain":0,"max_hp_loss":0,"event_name":"The Joust","floor":19,"gold_loss":50},{"damage_healed":0,"gold_gain":0,"player_choice":"Trade","damage_taken":0,"relics_obtained":["GremlinMask"],"max_hp_gain":0,"max_hp_loss":0,"event_name":"FaceTrader","floor":22,"gold_loss":0},{"damage_healed":0,"gold_gain":0,"player_choice":"Embrace Madness","damage_taken":22,"max_hp_gain":0,"max_hp_loss":0,"event_name":"Winding Halls","floor":36,"gold_loss":0,"cards_obtained":["Madness","Madness"]},{"damage_healed":0,"gold_gain":0,"player_choice":"Ignored","damage_taken":0,"max_hp_gain":0,"max_hp_loss":0,"event_name":"Tomb of Lord Red Mask","floor":38,"gold_loss":0}],"is_beta":false,"boss_relics":[{"not_picked":["Tiny House","Black Star"],"picked":"Sozu"},{"not_picked":["SacredBark","Pandora\u0027s Box"],"picked":"Calling Bell"}],"items_purged_floors":[],"is_endless":false,"potions_floor_spawned":[1,5,10,13,20,24,27,29,31,35,39,44,47,48],"ascension_level":0}}