{"host":"ha6p5pdchuduffeg","time":1610429460,"event":{"mods":["Act Like it!","BaseMod","Gensokyo","KinomotoSakuraMod(ƒæ÷Æ±æ”£)","Koishi","Marisa£®ÏF”Í°°ƒß¿Ì…≥£©","Minty Spire (QoL Compilation)","Reimu£®≤©¿ˆ¡È√Œ£©","Remilia£®¿Ÿ√◊¿Ú—«£©","Replay The Spire","StSLib","The Servant 0.9.4","Youmu£®ªÍ∆«—˝√Œ£©"],"gold_per_floor":[114,114,189,189,68,68,83,142,142,95,95,155,155,210,210,309,309,320,320,320,334,353,353,369,379,379,379,379],"floor_reached":27,"playtime":978,"items_purged":["Amnesia"],"score":226,"play_id":"fef25e18-d1b2-4d44-9158-3a436f74b67b","local_time":"20210112133100","is_ascension_mode":true,"campfire_choices":[{"data":"MysteriousBeam","floor":6.0,"key":"SMITH"},{"data":"SprinkleStarSeal","floor":15.0,"key":"SMITH"},{"floor":23,"key":"REST"}],"circlet_count":0,"master_deck":["Strike_MRS","Strike_MRS","Strike_MRS","Strike_MRS","Defend_MRS","Defend_MRS","Defend_MRS","Defend_MRS","MasterSpark","UpSweep","NB:ReiMu","Defend_MRS","MysteriousBeam+1","LuminesStrike","EscapeVelocity+1","PowerUp","SprinkleStarSeal+1","FinalSpark","PropBag","GrandCross","DC+1","GrandCross+1"],"relics":["MiniHakkero","Ginger","ReplayTheSpireMod:Ring of Challenge","ReplayTheSpireMod:Ring of Addiction","Toy Ornithopter","Potion Belt","Letter Opener","HandmadeGrimoire"],"acts_visited":["Exordium","TheCity"],"potions_floor_usage":[21],"damage_taken":[{"damage":1.0,"enemies":"Cultist","floor":1.0,"turns":3.0},{"damage":2.0,"enemies":"Jaw Worm","floor":7.0,"turns":2.0},{"damage":0.0,"enemies":"Small Slimes","floor":8.0,"turns":3.0},{"damage":8.0,"enemies":"Blue Slaver","floor":12.0,"turns":3.0},{"damage":5.0,"enemies":"Exordium Wildlife","floor":14.0,"turns":3.0},{"damage":52.0,"enemies":"The Guardian","floor":16.0,"turns":7.0},{"damage":0.0,"enemies":"Chosen","floor":18.0,"turns":3.0},{"damage":0,"enemies":"Spheric Guardian","floor":21,"turns":1},{"damage":35,"enemies":"Centurion and Healer","floor":22,"turns":4},{"damage":50,"enemies":"3 Cultists","floor":24,"turns":6},{"damage":28,"enemies":"Sentry and Sphere","floor":25,"turns":4},{"damage":0,"enemies":"Cultist and Chosen","floor":27,"turns":1}],"seed_played":"5364031074833207462","potions_obtained":[{"floor":1.0,"key":"LiquidBronze"},{"floor":4.0,"key":"Fire Potion"},{"floor":4.0,"key":"SteroidPotion"},{"floor":4.0,"key":"Death Potion"},{"floor":12.0,"key":"LifebloodPotion"},{"floor":25,"key":"FairyPotion"}],"is_trial":false,"path_per_floor":["M","T","?","?","$","R","M","M","T","$","?","M","?","M","R","B",null,"M","$","?","M","M","R","M","M","T","M"],"character_chosen":"MARISA","items_purchased":["MysteriousBeam","NonDirectionalLaser"],"campfire_rested":1,"item_purchase_floors":[5,10],"current_hp_per_floor":[88,88,77,77,77,77,75,75,75,75,75,67,67,62,62,25,83,83,83,83,83,48,72,34,6,6,6,6],"gold":379,"neow_bonus":"TWENTY_PERCENT_HP_BONUS","is_daily":false,"chose_seed":false,"campfire_upgraded":2,"win_rate":0.0,"timestamp":1610429460,"path_taken":["M","?","?","?","?","R","M","?","T","$","?","M","?","?","R","BOSS","M","$","?","M","?","R","M","M","T","M"],"items_purchased_type":["Card","Card"],"build_version":"2020-12-22","purchased_purges":1,"victory":false,"max_hp_per_floor":[89,89,89,89,89,89,89,87,87,87,85,85,85,83,83,83,83,83,83,83,83,83,83,83,81,81,81,81],"card_choices":[{"not_picked":["ManaConvection","ShootingEcho","6A"],"picked":"SKIP","floor":1.0},{"not_picked":["FairyDestructionRay","PulseMagic"],"picked":"LuminesStrike","floor":7.0},{"not_picked":["ChargeUpSpray","MilkyWay","AsteroidBelt"],"picked":"SKIP","floor":8.0},{"not_picked":["DoubleSpark","GravityBeat"],"picked":"PowerUp","floor":12.0},{"not_picked":["DC","DeepEcoloBomb"],"picked":"SprinkleStarSeal","floor":14.0},{"not_picked":["MaximisePower","StarDustReverie"],"picked":"FinalSpark","floor":16.0},{"not_picked":["FairyDestructionRay","DragonMeteor"],"picked":"PropBag","floor":18.0},{"not_picked":["WitchOfGreed","LuminesStrike"],"picked":"GrandCross","floor":21},{"not_picked":["UnstableBomb","StarDustReverie","SprinkleStarSeal"],"picked":"SKIP","floor":22},{"not_picked":["PowerUp","Robbery+1"],"picked":"DC+1","floor":24},{"not_picked":["RefractionSpark+1","ShootingEcho"],"picked":"GrandCross+1","floor":25}],"player_experience":65606,"relics_obtained":[{"floor":2.0,"key":"Ginger"},{"floor":4.0,"key":"ReplayTheSpireMod:Ring of Challenge"},{"floor":4.0,"key":"ReplayTheSpireMod:Ring of Addiction"},{"floor":4.0,"key":"Toy Ornithopter"},{"floor":4.0,"key":"Potion Belt"},{"floor":9.0,"key":"Letter Opener"},{"floor":26,"key":"HandmadeGrimoire"}],"event_choices":[{"damage_healed":0.0,"max_hp_gain":0.0,"max_hp_loss":0.0,"gold_gain":75.0,"event_name":"World of Goop","player_choice":"Gather Gold","floor":3.0,"gold_loss":0.0,"damage_taken":11.0},{"damage_healed":0.0,"max_hp_gain":0.0,"max_hp_loss":0.0,"gold_gain":0.0,"event_name":"The Woman in Blue","player_choice":"Bought 0 Potions","floor":13.0,"gold_loss":0.0,"damage_taken":0.0},{"damage_healed":0.0,"max_hp_gain":0.0,"max_hp_loss":0.0,"gold_gain":0.0,"event_name":"FaceTrader","player_choice":"Leave","floor":20.0,"gold_loss":0.0,"damage_taken":0.0}],"is_beta":false,"boss_relics":[{"not_picked":["Snecko Eye","Busted Crown","Ectoplasm"]}],"items_purged_floors":[5],"is_endless":false,"potions_floor_spawned":[1,12,25],"killed_by":"Cultist and Chosen","ascension_level":2}}