{"host":"4cz9gr89nglr7k8k","time":1610468909,"event":{"mods":["BaseMod","Minty Spire (QoL Compilation)","Relic Stats","Slay-I"],"gold_per_floor":[216,291,42,192,209,209,234,234,261,261,261,292,292,308,308,308,308],"floor_reached":16,"playtime":367,"items_purged":[],"score":212,"play_id":"f6989564-ba1b-4c05-ad57-7d2a570b0658","local_time":"20210112172829","is_ascension_mode":true,"campfire_choices":[{"floor":6,"key":"REST"},{"data":"Whirlwind","floor":8,"key":"SMITH"},{"floor":10,"key":"REST"},{"data":"Infernal Blade","floor":13,"key":"SMITH"},{"data":"Bash","floor":15,"key":"SMITH"}],"circlet_count":0,"master_deck":["AscendersBane","Strike_R","Strike_R","Strike_R","Strike_R","Strike_R","Defend_R","Defend_R","Defend_R","Defend_R","Bash+1","Infernal Blade+1","Whirlwind+1","Doubt","Anger","Sever Soul","Anger","Shrug It Off"],"relics":["Burning Blood","Sling","Blue Candle","Blood Vial","Sundial","Gambling Chip"],"acts_visited":["Exordium"],"potions_floor_usage":[16,16],"damage_taken":[{"damage":15,"enemies":"Small Slimes","floor":1,"turns":5},{"damage":0,"enemies":"2 Louse","floor":5,"turns":1},{"damage":30,"enemies":"Lagavulin","floor":7,"turns":5},{"damage":20,"enemies":"3 Sentries","floor":12,"turns":4},{"damage":7,"enemies":"Jaw Worm","floor":14,"turns":2},{"damage":68,"enemies":"Hexaghost","floor":16,"turns":9}],"seed_played":"2587348850864410088","potions_obtained":[{"floor":5,"key":"Weak Potion"},{"floor":12,"key":"Fire Potion"}],"is_trial":false,"path_per_floor":["M","?","$","?","M","R","E","R","T","R","T","E","R","M","R","B"],"character_chosen":"IRONCLAD","items_purchased":["Sling","Whirlwind"],"campfire_rested":2,"item_purchase_floors":[3,3],"current_hp_per_floor":[59,48,48,48,54,75,51,51,51,73,73,61,61,62,62,0,0],"gold":308,"neow_bonus":"HUNDRED_GOLD","is_daily":false,"chose_seed":false,"campfire_upgraded":3,"win_rate":0.0,"timestamp":1610468909,"path_taken":["M","?","$","?","M","R","E","R","T","R","?","E","R","M","R","BOSS"],"items_purchased_type":["Relic","Card"],"build_version":"2020-12-22","purchased_purges":0,"victory":false,"max_hp_per_floor":[75,75,75,75,75,75,75,75,75,75,75,75,75,75,75,75,75],"relic_stats":{"Blood Vial":6,"counters":[6,26],"Sundial":[2],"Blue Candle":[0],"Gambling Chip":[6],"obtain_stats":[{"Blood Vial":9,"Sundial":11,"Blue Candle":7,"Gambling Chip":12,"Sling":3,"Burning Blood":0},{"Blood Vial":3,"Sundial":3,"Blue Candle":3,"Gambling Chip":4,"Sling":1,"Burning Blood":0},{"Blood Vial":11,"Sundial":11,"Blue Candle":11,"Gambling Chip":15,"Sling":5,"Burning Blood":0}],"Burning Blood":30},"card_choices":[{"not_picked":["Iron Wave","Bloodletting"],"picked":"Infernal Blade","floor":1},{"not_picked":["Wild Strike","Dual Wield"],"picked":"Anger","floor":5},{"not_picked":["Body Slam","Entrench"],"picked":"Sever Soul","floor":7},{"not_picked":["Infernal Blade","Hemokinesis"],"picked":"Anger","floor":12},{"not_picked":["Headbutt","Evolve"],"picked":"Shrug It Off","floor":14}],"player_experience":1490234,"relics_obtained":[{"floor":7,"key":"Blue Candle"},{"floor":9,"key":"Blood Vial"},{"floor":11,"key":"Sundial"},{"floor":12,"key":"Gambling Chip"}],"event_choices":[{"damage_healed":0,"gold_gain":75,"player_choice":"Gather Gold","damage_taken":11,"max_hp_gain":0,"max_hp_loss":0,"event_name":"World of Goop","floor":2,"gold_loss":0},{"damage_healed":0,"gold_gain":150,"player_choice":"AGREE","damage_taken":0,"max_hp_gain":0,"max_hp_loss":0,"event_name":"Liars Game","floor":4,"gold_loss":0,"cards_obtained":["Doubt"]}],"is_beta":false,"boss_relics":[],"items_purged_floors":[],"is_endless":false,"potions_floor_spawned":[5,12,14],"killed_by":"Hexaghost","ascension_level":20}}