{"host":"08sn1703g14rasc1","time":1610423146,"event":{"mods":["AchievementEnabler","BaseMod","Colored Map","Colored Powertips","Hermit","Minty Spire (QoL Compilation)","StSLib"],"gold_per_floor":[119,136,150,167,182,182,182,200,200,200,200,230,249,275,275,370,370,382,20,37,37,51,51,51,51],"floor_reached":24,"playtime":735,"items_purged":["Defend_R"],"score":294,"play_id":"b142a9c1-5242-436c-b279-f873483ad3e2","local_time":"20210111194546","is_ascension_mode":true,"campfire_choices":[{"floor":6,"key":"REST"},{"data":"Combust","floor":11,"key":"SMITH"},{"floor":15,"key":"REST"},{"floor":23,"key":"REST"}],"circlet_count":0,"master_deck":["Strike_R","Strike_R","Strike_R","Defend_R+1","Defend_R","Defend_R","Bash","Seeing Red+1","Hemokinesis","Pummel","Combust+1","Metallicize","Cleave","Offering","Shrug It Off","Iron Wave","Berserk","Flex","Intimidate","Clothesline","Fiend Fire","Fiend Fire"],"relics":["Burning Blood","MealTicket","GremlinMask","InkBottle","Art of War","Bottled Flame","Cursed Key","War Paint","Sling"],"acts_visited":["Exordium","TheCity"],"potions_floor_usage":[4,8,12,14,16,22],"damage_taken":[{"damage":5,"enemies":"Cultist","floor":1,"turns":4},{"damage":4,"enemies":"Small Slimes","floor":2,"turns":4},{"damage":4,"enemies":"2 Louse","floor":3,"turns":4},{"damage":14,"enemies":"Lots of Slimes","floor":4,"turns":3},{"damage":20,"enemies":"3 Louse","floor":5,"turns":3},{"damage":2,"enemies":"2 Fungi Beasts","floor":8,"turns":2},{"damage":27,"enemies":"Lagavulin","floor":12,"turns":7},{"damage":21,"enemies":"Large Slime","floor":13,"turns":5},{"damage":21,"enemies":"3 Sentries","floor":14,"turns":4},{"damage":44,"enemies":"Hexaghost","floor":16,"turns":8},{"damage":18,"enemies":"Chosen","floor":18,"turns":4},{"damage":31,"enemies":"2 Thieves","floor":20,"turns":4},{"damage":30,"enemies":"Sentry and Sphere","floor":22,"turns":4},{"damage":46,"enemies":"Gremlin Leader","floor":24,"turns":4}],"seed_played":"6277102087200592342","potions_obtained":[{"floor":2,"key":"SteroidPotion"},{"floor":3,"key":"PowerPotion"},{"floor":5,"key":"SkillPotion"},{"floor":10,"key":"ColorlessPotion"},{"floor":10,"key":"BloodPotion"},{"floor":13,"key":"Swift Potion"},{"floor":14,"key":"ElixirPotion"},{"floor":16,"key":"ElixirPotion"}],"is_trial":false,"path_per_floor":["M","M","M","M","M","R","?","M","T","?","R","E","M","E","R","B",null,"M","$","M","?","M","R","E"],"character_chosen":"IRONCLAD","items_purchased":["War Paint","Sling"],"campfire_rested":3,"item_purchase_floors":[19,19],"current_hp_per_floor":[73,75,77,69,55,79,79,80,80,80,80,75,60,45,69,31,68,56,71,46,46,22,46,0,0],"gold":51,"neow_bonus":"RANDOM_COMMON_RELIC","is_daily":false,"chose_seed":false,"campfire_upgraded":1,"win_rate":0.0,"timestamp":1610423146,"path_taken":["M","M","?","M","M","R","?","?","T","?","R","E","?","E","R","BOSS","M","$","M","?","M","R","E"],"items_purchased_type":["Relic","Relic"],"build_version":"2020-12-22","purchased_purges":1,"victory":false,"max_hp_per_floor":[80,80,80,80,80,80,80,80,80,80,80,80,80,80,80,80,80,80,80,80,80,80,80,80,80],"card_choices":[{"not_picked":["Pommel Strike","Sever Soul"],"picked":"Seeing Red","floor":1},{"not_picked":["Inflame","Anger"],"picked":"Hemokinesis","floor":2},{"not_picked":["Armaments","Warcry"],"picked":"Pummel","floor":3},{"not_picked":["Havoc","True Grit"],"picked":"Combust","floor":4},{"not_picked":["Heavy Blade","Iron Wave"],"picked":"Metallicize","floor":5},{"not_picked":["Burning Pact","Shrug It Off"],"picked":"Cleave","floor":8},{"not_picked":["Dark Embrace","Shrug It Off"],"picked":"Offering","floor":12},{"not_picked":["True Grit","Headbutt"],"picked":"Shrug It Off","floor":13},{"not_picked":["Carnage","Headbutt"],"picked":"Iron Wave","floor":14},{"not_picked":["Bludgeon","Exhume"],"picked":"Berserk","floor":16},{"not_picked":["Headbutt","Body Slam"],"picked":"Flex","floor":18},{"not_picked":["True Grit","Pommel Strike+1"],"picked":"Intimidate","floor":20},{"not_picked":["True Grit","Pommel Strike"],"picked":"Fiend Fire","floor":22}],"player_experience":475363,"relics_obtained":[{"floor":9,"key":"InkBottle"},{"floor":12,"key":"Art of War"},{"floor":14,"key":"Bottled Flame"}],"event_choices":[{"damage_healed":0,"gold_gain":0,"player_choice":"Trade","damage_taken":0,"relics_obtained":["GremlinMask"],"max_hp_gain":0,"max_hp_loss":0,"event_name":"FaceTrader","floor":7,"gold_loss":0},{"damage_healed":0,"gold_gain":0,"player_choice":"Got Potions","damage_taken":0,"max_hp_gain":0,"max_hp_loss":0,"event_name":"Lab","floor":10,"gold_loss":0},{"damage_healed":0,"gold_gain":0,"cards_transformed":["Strike_R","Strike_R"],"player_choice":"Became Test Subject","damage_taken":0,"max_hp_gain":0,"max_hp_loss":0,"event_name":"Drug Dealer","floor":21,"gold_loss":0,"cards_obtained":["Clothesline","Fiend Fire"]}],"is_beta":false,"boss_relics":[{"not_picked":["Pandora\u0027s Box","Snecko Eye"],"picked":"Cursed Key"}],"items_purged_floors":[19],"is_endless":false,"potions_floor_spawned":[2,3,5,13,14,16,20],"killed_by":"Gremlin Leader","ascension_level":8}}