{"host":"uv231blk40vjdojr","time":1610485661,"event":{"mods":["AchievementEnabler","BaseMod","Bestiary","Minty Spire (QoL Compilation)","Relic Stats"],"gold_per_floor":[113,129,79,91,103,103,114,134,134,169,169,197,197,122,122,122,122],"floor_reached":16,"language":"ENG","playtime":317,"items_purged":["Defend_G"],"score":112,"play_id":"ce676f6b-fd45-43d8-b35a-345a2ebd1f0f","local_time":"20210112220741","is_ascension_mode":false,"campfire_choices":[{"data":"Neutralize","floor":6.0,"key":"SMITH"},{"data":"Backflip","floor":11.0,"key":"SMITH"},{"floor":13.0,"key":"REST"},{"data":"Survivor","floor":15.0,"key":"SMITH"}],"circlet_count":0,"master_deck":["Strike_G","Strike_G","Strike_G","Strike_G","Strike_G","Defend_G","Defend_G","Defend_G","Survivor+1","Neutralize+1","Backflip+1"],"relics":["Ring of the Snake","NeowsBlessing","Strawberry","Lizard Tail","PreservedInsect"],"acts_visited":["Exordium"],"potions_floor_usage":[],"damage_taken":[{"damage":0.0,"enemies":"Cultist","floor":1.0,"turns":1.0},{"damage":0.0,"enemies":"2 Louse","floor":2.0,"turns":1.0},{"damage":0.0,"enemies":"Jaw Worm","floor":4.0,"turns":1.0},{"damage":16.0,"enemies":"Lots of Slimes","floor":5.0,"turns":6.0},{"damage":1.0,"enemies":"Blue Slaver","floor":7.0,"turns":4.0},{"damage":4.0,"enemies":"2 Fungi Beasts","floor":8.0,"turns":3.0},{"damage":28.0,"enemies":"Lagavulin","floor":10.0,"turns":8.0},{"damage":6.0,"enemies":"Gremlin Nob","floor":12.0,"turns":5.0},{"damage":0,"enemies":"Hexaghost","floor":16,"turns":1}],"seed_played":"7809034410522145033","potions_obtained":[{"floor":1.0,"key":"EntropicBrew"},{"floor":10.0,"key":"BlessingOfTheForge"},{"floor":12.0,"key":"SkillPotion"}],"is_trial":false,"path_per_floor":["M","M","?","M","M","R","M","M","T","E","R","E","R","$","R","B"],"character_chosen":"THE_SILENT","items_purchased":[],"campfire_rested":1,"item_purchase_floors":[],"current_hp_per_floor":[70,70,70,70,54,54,53,49,56,28,28,22,45,45,45,45,45],"gold":122,"neow_bonus":"THREE_ENEMY_KILL","is_daily":false,"chose_seed":false,"campfire_upgraded":3,"win_rate":0.0,"timestamp":1610485661,"path_taken":["M","M","?","M","M","R","M","M","T","E","R","E","R","$","R","BOSS"],"items_purchased_type":[],"build_version":"2020-12-22","purchased_purges":1,"victory":false,"max_hp_per_floor":[70,70,70,70,70,70,70,70,77,77,77,77,77,77,77,77,77],"relic_stats":{"Lizard Tail":0,"counters":[9,30],"PreservedInsect":0,"obtain_stats":[{"Lizard Tail":10,"NeowsBlessing":0,"Strawberry":9,"PreservedInsect":12,"Ring of the Snake":0},{"Lizard Tail":7,"NeowsBlessing":0,"Strawberry":6,"PreservedInsect":8,"Ring of the Snake":0},{"Lizard Tail":24,"NeowsBlessing":0,"Strawberry":16,"PreservedInsect":29,"Ring of the Snake":0}],"Ring of the Snake":[18]},"card_choices":[{"not_picked":["Caltrops","Bouncing Flask","Predator"],"picked":"SKIP","floor":1.0},{"not_picked":["Sucker Punch","Distraction","Underhanded Strike"],"picked":"SKIP","floor":2.0},{"not_picked":["Bane","Dodge and Roll","Dagger Throw"],"picked":"SKIP","floor":4.0},{"not_picked":["Bane","Malaise","All Out Attack"],"picked":"SKIP","floor":5.0},{"not_picked":["Cloak And Dagger","Setup","Masterful Stab"],"picked":"SKIP","floor":7.0},{"not_picked":["Outmaneuver","Dagger Spray","Poisoned Stab"],"picked":"SKIP","floor":8.0},{"not_picked":["Riddle With Holes","Corpse Explosion"],"picked":"Backflip","floor":10.0},{"not_picked":["Bouncing Flask","PiercingWail","Tactician"],"picked":"SKIP","floor":12.0}],"player_experience":676164,"relics_obtained":[{"floor":9.0,"key":"Strawberry"},{"floor":10.0,"key":"Lizard Tail"},{"floor":12.0,"key":"PreservedInsect"}],"event_choices":[{"cards_removed":["Defend_G"],"damage_healed":0.0,"max_hp_gain":0.0,"max_hp_loss":0.0,"gold_gain":0.0,"event_name":"The Cleric","player_choice":"Card Removal","floor":3.0,"gold_loss":50.0,"damage_taken":0.0}],"is_beta":false,"boss_relics":[],"items_purged_floors":[14],"is_endless":false,"potions_floor_spawned":[1,7,10,12],"killed_by":"Hexaghost","ascension_level":0}}