{"host":"5dzuyvrjb30uqvwu","time":1610485830,"event":{"mods":["AchievementEnabler","BaseMod","Colored Powertips","Lobotomy","Minty Spire (QoL Compilation)","Quick Restart","slay the spire mod where everything is the same but ironclad has a cowboy hat"],"gold_per_floor":[119,135,146,163,163,196,215,231,282,298,326,346,346,365,365,520,520,520,520],"floor_reached":18,"playtime":1428,"items_purged":[],"score":187,"play_id":"a7a6bdfb-37ad-4366-89b6-0405186cbac1","local_time":"20210112131030","is_ascension_mode":true,"campfire_choices":[{"data":"Offering","floor":13,"key":"SMITH"},{"data":"Reaper","floor":15,"key":"SMITH"}],"circlet_count":0,"master_deck":["Strike_R","Strike_R","Strike_R","Strike_R","Strike_R","Defend_R","Defend_R","Defend_R","Defend_R","Bash","Wellcheers","Mercenary","BeautyBeast","Reaper+1","MeatLantern","Anger","MHz","CrumblingArmor","Uppercut","PunishingBird","FieryBird","UniverseFragment","Offering+1","Scarecrow","Reaper","NakedNest","Bloodletting","HeroicMonk","Fiend Fire"],"relics":["Burning Blood","CogitoBucket","RabbitCall","Smiling Mask","Potion Belt","HellTrain","Blood Vial","Bottled Flame","ChangeAnything","SlaversCollar"],"acts_visited":["Exordium","TheCity"],"potions_floor_usage":[4,12,14,14,14],"damage_taken":[{"damage":6,"enemies":"Cultist","floor":1,"turns":3},{"damage":10,"enemies":"Small Slimes","floor":2,"turns":6},{"damage":6,"enemies":"Jaw Worm","floor":3,"turns":4},{"damage":25,"enemies":"Gremlin Gang","floor":4,"turns":4},{"damage":23,"enemies":"3 Sentries","floor":6,"turns":12},{"damage":20,"enemies":"Large Slime","floor":7,"turns":7},{"damage":9,"enemies":"3 Louse","floor":8,"turns":5},{"damage":1,"enemies":"Looter","floor":10,"turns":3},{"damage":32,"enemies":"Lagavulin","floor":11,"turns":4},{"damage":7,"enemies":"Lots of Slimes","floor":12,"turns":2},{"damage":119,"enemies":"Gremlin Gang","floor":14,"turns":8},{"damage":72,"enemies":"Hexaghost","floor":16,"turns":6}],"seed_played":"-8065155376110840620","potions_obtained":[{"floor":1,"key":"ElixirPotion"},{"floor":2,"key":"Explosive Potion"},{"floor":4,"key":"Block Potion"},{"floor":8,"key":"Swift Potion"},{"floor":11,"key":"Strength Potion"},{"floor":12,"key":"SpeedPotion"}],"is_trial":false,"path_per_floor":["M","M","M","M","?","E","M","M","T","M","E","M","R","M","R","B",null,"M"],"character_chosen":"IRONCLAD","items_purchased":[],"campfire_rested":0,"item_purchase_floors":[],"current_hp_per_floor":[80,79,79,67,64,62,60,65,65,72,55,79,79,66,66,23,80,0,0],"gold":520,"neow_bonus":"","is_daily":false,"chose_seed":false,"campfire_upgraded":2,"win_rate":0.0,"timestamp":1610485830,"path_taken":["M","M","M","?","?","E","M","?","T","M","E","M","R","M","R","BOSS","M"],"items_purchased_type":[],"build_version":"2020-12-22","purchased_purges":0,"victory":false,"max_hp_per_floor":[80,80,80,80,80,80,80,80,80,80,80,80,80,80,80,80,80,80,80],"card_choices":[{"not_picked":["HappyTeddy","UniverseFragment"],"picked":"Wellcheers","floor":1},{"not_picked":["Body Slam","Evolve","Anger"],"picked":"SKIP","floor":1},{"not_picked":["Body Slam","Evolve","Anger"],"picked":"SKIP","floor":1},{"not_picked":["MeatLantern","BeautyBeast"],"picked":"Mercenary","floor":2},{"not_picked":["Infernal Blade","Iron Wave","True Grit"],"picked":"SKIP","floor":2},{"not_picked":["UniverseFragment","Alriune"],"picked":"BeautyBeast","floor":3},{"not_picked":["Hemokinesis","Dual Wield"],"picked":"Reaper","floor":3},{"not_picked":["WallGazer","Murderer"],"picked":"MeatLantern","floor":4},{"not_picked":["Seeing Red","Reckless Charge"],"picked":"Anger","floor":4},{"not_picked":["WallGazer","LittlePrince"],"picked":"MHz","floor":6},{"not_picked":["Warcry","Cleave","Sword Boomerang"],"picked":"SKIP","floor":6},{"not_picked":["Warcry","Cleave","Sword Boomerang"],"picked":"SKIP","floor":6},{"not_picked":["FairyFestival","PunishingBird"],"picked":"CrumblingArmor","floor":7},{"not_picked":["Iron Wave","Feel No Pain"],"picked":"Uppercut","floor":7},{"not_picked":["SpiderBud","ShyLook","RedShoes"],"picked":"Singing Bowl","floor":8},{"not_picked":["SpiderBud","ShyLook"],"picked":"PunishingBird","floor":8},{"not_picked":["Thunderclap","True Grit","Hemokinesis"],"picked":"SKIP","floor":8},{"not_picked":["LittlePrince","CherryBlossoms"],"picked":"FieryBird","floor":10},{"not_picked":["Disarm","Armaments","Spot Weakness"],"picked":"SKIP","floor":10},{"not_picked":["Bloodbath","Murderer","RedShoes"],"picked":"Singing Bowl","floor":11},{"not_picked":["CherryBlossoms","OSAHOGD"],"picked":"UniverseFragment","floor":11},{"not_picked":["Rupture","Blood for Blood"],"picked":"Offering","floor":11},{"not_picked":["NothingThere","Bloodbath"],"picked":"Scarecrow","floor":12},{"not_picked":["Intimidate","Second Wind"],"picked":"Reaper","floor":12},{"not_picked":["SpiderBud","OldLady"],"picked":"NakedNest","floor":14},{"not_picked":["Fire Breathing","Warcry"],"picked":"Bloodletting","floor":14},{"not_picked":["OldLady","Bloodbath"],"picked":"HeroicMonk","floor":16},{"not_picked":["Immolate","Feed"],"picked":"Fiend Fire","floor":16}],"player_experience":329287,"relics_obtained":[{"floor":6,"key":"Potion Belt"},{"floor":9,"key":"Blood Vial"},{"floor":11,"key":"Bottled Flame"}],"event_choices":[{"damage_healed":0,"gold_gain":0,"player_choice":"Success","damage_taken":3,"relics_obtained":["Smiling Mask"],"max_hp_gain":0,"max_hp_loss":0,"event_name":"Scrap Ooze","floor":5,"gold_loss":0}],"is_beta":false,"boss_relics":[{"not_picked":["Runic Dome","Runic Cube"],"picked":"SlaversCollar"}],"items_purged_floors":[],"is_endless":false,"potions_floor_spawned":[1,2,4,8,11,12],"killed_by":"3 Byrds","ascension_level":1}}