{"host":"uonldg9uriwfhjjx","time":1610435105,"event":{"mods":["AchievementEnabler","BaseMod","Minty Spire (QoL Compilation)","Relic Stats"],"gold_per_floor":[110,185,197,214,214,214,61,89,89,99,99,99,160,180,180,255,255,275,293,8,21,21,21],"floor_reached":22,"playtime":621,"items_purged":["Strike_B"],"score":316,"play_id":"f0961b7d-a1f0-4b95-8121-923e0ebfa642","local_time":"20210112020505","is_ascension_mode":true,"campfire_choices":[{"data":"Dualcast","floor":6,"key":"SMITH"},{"floor":11,"key":"REST"},{"floor":15,"key":"REST"}],"circlet_count":0,"master_deck":["AscendersBane","Strike_B","Strike_B","Defend_B","Defend_B","Defend_B+1","Zap+1","Dualcast+1","Storm","Chill+1","Static Discharge","Heatsinks","Loop","Fission","Heatsinks","Conserve Battery","Self Repair","Ball Lightning","Capacitor+1"],"relics":["Black Star","HornCleat","Mercury Hourglass","War Paint","Shuriken","StrikeDummy","Empty Cage","Strawberry"],"acts_visited":["Exordium","TheCity"],"potions_floor_usage":[8,16,22],"damage_taken":[{"damage":11,"enemies":"2 Louse","floor":1,"turns":3},{"damage":6,"enemies":"Cultist","floor":3,"turns":4},{"damage":2,"enemies":"Jaw Worm","floor":4,"turns":5},{"damage":34,"enemies":"3 Sentries","floor":8,"turns":7},{"damage":3,"enemies":"Blue Slaver","floor":10,"turns":3},{"damage":10,"enemies":"3 Sentries","floor":13,"turns":7},{"damage":4,"enemies":"Large Slime","floor":14,"turns":4},{"damage":18,"enemies":"Hexaghost","floor":16,"turns":9},{"damage":13,"enemies":"2 Thieves","floor":18,"turns":5},{"damage":38,"enemies":"Chosen","floor":19,"turns":6},{"damage":9,"enemies":"Snake Plant","floor":21,"turns":5},{"damage":10,"enemies":"Sentry and Sphere","floor":22,"turns":5}],"seed_played":"-2062182663829755419","potions_obtained":[{"floor":4,"key":"EntropicBrew"},{"floor":16,"key":"Block Potion"}],"is_trial":false,"path_per_floor":["M","?","M","M","?","R","$","E","T","M","R","T","?","M","R","B",null,"M","M","$","M","M"],"character_chosen":"DEFECT","items_purchased":["Static Discharge","Self Repair","Strawberry","Ball Lightning"],"campfire_rested":2,"item_purchase_floors":[7,20,20,20],"current_hp_per_floor":[53,46,40,38,38,38,38,4,4,1,22,22,12,8,29,11,56,43,5,12,10,0,0],"gold":21,"neow_bonus":"BOSS_RELIC","is_daily":false,"chose_seed":false,"campfire_upgraded":1,"win_rate":0.0,"timestamp":1610435105,"path_taken":["M","?","?","M","?","R","$","E","T","M","R","?","?","M","R","BOSS","M","M","$","M","M"],"items_purchased_type":["Card","Card","Relic","Card"],"build_version":"2020-12-22","purchased_purges":1,"victory":false,"max_hp_per_floor":[71,71,71,71,71,71,71,71,71,71,71,71,71,71,71,71,71,71,71,78,78,78,78],"relic_stats":{"counters":[12,62],"Shuriken":[0],"Black Star":1,"War Paint":["Chill","Defend_B"],"obtain_stats":[{"HornCleat":8,"Shuriken":12,"Strawberry":20,"Black Star":0,"War Paint":9,"Cracked Core":0,"StrikeDummy":13,"Empty Cage":17,"Mercury Hourglass":8},{"HornCleat":4,"Shuriken":5,"Strawberry":10,"Black Star":0,"War Paint":4,"Cracked Core":0,"StrikeDummy":6,"Empty Cage":8,"Mercury Hourglass":4},{"HornCleat":19,"Shuriken":22,"Strawberry":52,"Black Star":0,"War Paint":19,"Cracked Core":0,"StrikeDummy":29,"Empty Cage":42,"Mercury Hourglass":19}],"Mercury Hourglass":[168]},"card_choices":[{"not_picked":["Cold Snap","Steam"],"picked":"Storm","floor":1},{"not_picked":["Compile Driver","Leap"],"picked":"Chill","floor":3},{"not_picked":["Beam Cell","Streamline","Go for the Eyes"],"picked":"SKIP","floor":4},{"not_picked":["Sunder","Reprogram","Barrage"],"picked":"SKIP","floor":8},{"not_picked":["Conserve Battery","Barrage"],"picked":"Heatsinks","floor":10},{"not_picked":["Beam Cell","Double Energy"],"picked":"Loop","floor":13},{"not_picked":["Rebound","Fusion","Compile Driver"],"picked":"SKIP","floor":14},{"not_picked":["Multi-Cast","Core Surge"],"picked":"Fission","floor":16},{"not_picked":["Ball Lightning","Cold Snap"],"picked":"Heatsinks","floor":18},{"not_picked":["Compile Driver","Rebound"],"picked":"Conserve Battery","floor":19},{"not_picked":["Conserve Battery","Leap"],"picked":"Capacitor+1","floor":21}],"player_experience":769088,"relics_obtained":[{"floor":8,"key":"HornCleat"},{"floor":8,"key":"Mercury Hourglass"},{"floor":9,"key":"War Paint"},{"floor":12,"key":"Shuriken"},{"floor":13,"key":"StrikeDummy"}],"event_choices":[{"damage_healed":0,"gold_gain":75,"player_choice":"Touch","damage_taken":7,"max_hp_gain":0,"max_hp_loss":0,"event_name":"FaceTrader","floor":2,"gold_loss":0},{"damage_healed":0,"gold_gain":0,"player_choice":"Grow","damage_taken":0,"max_hp_gain":0,"max_hp_loss":0,"event_name":"Living Wall","floor":5,"gold_loss":0,"cards_upgraded":["Zap"]},{"damage_healed":0,"gold_gain":0,"player_choice":"Searched \u00271\u0027 times","damage_taken":0,"max_hp_gain":0,"max_hp_loss":0,"event_name":"Dead Adventurer","floor":13,"gold_loss":0}],"is_beta":false,"boss_relics":[{"not_picked":["Velvet Choker","SacredBark"],"picked":"Empty Cage"}],"items_purged_floors":[7],"is_endless":false,"potions_floor_spawned":[4,13,16],"killed_by":"Sentry and Sphere","ascension_level":14}}