{"host":"5h7tnviy6ct1qpjn","time":1610463021,"event":{"mods":["AchievementEnabler","BaseMod","Minty Spire (QoL Compilation)","Shop Mod","StSLib"],"gold_per_floor":[18,18,30,48,48,48,74,84,84,84,100,100,127,139,139,237,287,307,307,340,340,350,350,376,376,429,429,35,47,82,96,96,194,194,213,213,63,63,63,63,93,112,112,112,138,138,18,30,30,30],"floor_reached":51,"playtime":4046,"items_purged":["Strike_R"],"score":726,"play_id":"5b01964b-06d1-4d36-a8e2-3fd2e22edd6c","local_time":"20210112155021","is_ascension_mode":false,"campfire_choices":[{"data":"Inflame","floor":6,"key":"SMITH"},{"data":"Limit Break","floor":10,"key":"SMITH"},{"data":"Heavy Blade","floor":12,"key":"SMITH"},{"data":"Armaments","floor":15,"key":"SMITH"},{"floor":23,"key":"REST"},{"floor":25,"key":"REST"},{"data":"Rage","floor":27,"key":"SMITH"},{"data":"Flame Barrier","floor":32,"key":"SMITH"},{"floor":40,"key":"REST"},{"floor":44,"key":"REST"},{"floor":46,"key":"REST"},{"floor":49,"key":"REST"}],"circlet_count":0,"master_deck":["Strike_R","Strike_R+1","Strike_R","Defend_R","Defend_R","Defend_R","Defend_R","Bash+1","Flex","Shrug It Off","Heavy Blade+1","Inflame+1","Limit Break+1","Thunderclap","Armaments+1","Shrug It Off","Impervious","Rage+1","Infernal Blade","Shrug It Off","Heavy Blade","Metallicize","Battle Trance","Flame Barrier+1","Double Tap","Dramatic Entrance","Madness","Madness","Bloodletting+1"],"relics":["Burning Blood","WingedGreaves","PreservedInsect","Lantern","Eternal Feather","Tiny House","Red Mask","Gambling Chip","Bag of Preparation","White Beast Statue","Shuriken","Fusion Hammer","Anchor","Bag of Marbles","Bottled Flame","Frozen Egg 2","Red Skull","Calipers"],"acts_visited":["Exordium","TheCity","TheBeyond"],"potions_floor_usage":[11,18,22,30,31,33,33,33,35,45,50,50,50],"damage_taken":[{"damage":8,"enemies":"Jaw Worm","floor":1,"turns":5},{"damage":0,"enemies":"Small Slimes","floor":3,"turns":3},{"damage":6,"enemies":"Cultist","floor":4,"turns":3},{"damage":15,"enemies":"Gremlin Nob","floor":7,"turns":4},{"damage":6,"enemies":"2 Fungi Beasts","floor":8,"turns":4},{"damage":0,"enemies":"Looter","floor":11,"turns":1},{"damage":5,"enemies":"3 Sentries","floor":13,"turns":4},{"damage":4,"enemies":"Exordium Thugs","floor":14,"turns":4},{"damage":5,"enemies":"Slime Boss","floor":16,"turns":8},{"damage":27,"enemies":"3 Byrds","floor":18,"turns":6},{"damage":59,"enemies":"Masked Bandits","floor":20,"turns":6},{"damage":11,"enemies":"Spheric Guardian","floor":22,"turns":5},{"damage":40,"enemies":"Gremlin Leader","floor":24,"turns":6},{"damage":0,"enemies":"Snake Plant","floor":29,"turns":4},{"damage":21,"enemies":"Slavers","floor":30,"turns":7},{"damage":1,"enemies":"Cultist and Chosen","floor":31,"turns":4},{"damage":71,"enemies":"Collector","floor":33,"turns":9},{"damage":28,"enemies":"3 Darklings","floor":35,"turns":7},{"damage":10,"enemies":"Nemesis","floor":41,"turns":3},{"damage":7,"enemies":"3 Shapes","floor":42,"turns":3},{"damage":11,"enemies":"Reptomancer","floor":45,"turns":4},{"damage":29,"enemies":"Writhing Mass","floor":48,"turns":5},{"damage":74,"enemies":"Donu and Deca","floor":50,"turns":8}],"seed_played":"1239904901227083179","potions_obtained":[{"floor":3,"key":"FearPotion"},{"floor":4,"key":"SpeedPotion"},{"floor":11,"key":"Fruit Juice"},{"floor":13,"key":"Ancient Potion"},{"floor":17,"key":"SteroidPotion"},{"floor":20,"key":"Dexterity Potion"},{"floor":29,"key":"DuplicationPotion"},{"floor":30,"key":"LiquidMemories"},{"floor":31,"key":"DistilledChaos"},{"floor":33,"key":"Fire Potion"},{"floor":35,"key":"AttackPotion"},{"floor":41,"key":"BloodPotion"},{"floor":42,"key":"SteroidPotion"},{"floor":45,"key":"FearPotion"}],"is_trial":false,"path_per_floor":["M","?","M","M","?","R","E","M","T","R","M","R","E","M","R","B",null,"M","?","?","?","M","R","E","R","T","R","$","M","E","M","R","B",null,"M","?","$","?","T","R","E","M","T","R","E","R","?","M","R","B",null],"character_chosen":"IRONCLAD","items_purchased":["White Beast Statue","Metallicize","Anchor"],"campfire_rested":6,"item_purchase_floors":[28,28,37],"current_hp_per_floor":[78,78,80,80,80,80,71,71,71,71,82,82,83,85,85,85,90,69,69,16,16,11,50,16,55,55,67,67,73,58,63,75,10,90,68,68,68,57,57,90,86,85,85,90,85,90,90,67,90,40],"gold":30,"neow_bonus":"ONE_RARE_RELIC","is_daily":false,"chose_seed":false,"campfire_upgraded":6,"win_rate":0.0,"timestamp":1610463021,"path_taken":["M","?","M","M","?","R","E","M","T","R","M","R","E","?","R","BOSS","M","?","?","?","M","R","E","R","T","R","$","M","E","M","R","BOSS","M","?","$","?","?","R","E","?","T","R","E","R","?","M","R","BOSS"],"items_purchased_type":["Relic","Card","Relic"],"build_version":"2020-12-22","purchased_purges":1,"victory":true,"max_hp_per_floor":[80,80,80,80,80,80,80,80,80,80,85,85,85,85,85,85,90,90,90,90,90,90,90,90,90,90,90,90,90,90,90,90,90,90,90,90,90,90,90,90,90,90,90,90,90,90,90,90,90,90],"card_choices":[{"not_picked":["Perfected Strike","Disarm"],"picked":"Flex","floor":1},{"not_picked":["Clothesline","Headbutt"],"picked":"Shrug It Off","floor":3},{"not_picked":["Sword Boomerang","Anger"],"picked":"Heavy Blade","floor":4},{"not_picked":["Intimidate","Armaments"],"picked":"Limit Break","floor":7},{"not_picked":["Dual Wield","Cleave"],"picked":"Thunderclap","floor":8},{"not_picked":["Twin Strike","Pommel Strike","Sword Boomerang"],"picked":"SKIP","floor":11},{"not_picked":["Thunderclap","Feed"],"picked":"Armaments","floor":13},{"not_picked":["Hemokinesis","Flame Barrier"],"picked":"Shrug It Off","floor":14},{"not_picked":["Feed","Fiend Fire"],"picked":"Impervious","floor":16},{"not_picked":["Dark Embrace","Hemokinesis+1","Entrench"],"picked":"SKIP","floor":18},{"not_picked":["Anger","True Grit"],"picked":"Infernal Blade","floor":20},{"not_picked":["Perfected Strike","Searing Blow"],"picked":"Shrug It Off","floor":22},{"not_picked":["Thunderclap","Clash"],"picked":"Heavy Blade","floor":24},{"not_picked":["Flex","Shockwave+1","Uppercut"],"picked":"SKIP","floor":29},{"not_picked":["Blood for Blood","Brutality"],"picked":"Battle Trance","floor":30},{"not_picked":["Rage","Carnage"],"picked":"Flame Barrier","floor":31},{"not_picked":["Corruption","Reaper"],"picked":"Double Tap","floor":33},{"not_picked":["Clash+1","Anger+1","Armaments+1"],"picked":"SKIP","floor":35},{"not_picked":["Magnetism","Finesse"],"picked":"Dramatic Entrance","floor":36},{"not_picked":["Disarm+1","Shrug It Off","Warcry"],"picked":"SKIP","floor":41},{"not_picked":["Warcry+1","Feel No Pain"],"picked":"Bloodletting+1","floor":42},{"not_picked":["Carnage","Twin Strike","Bludgeon"],"picked":"SKIP","floor":45},{"not_picked":["Intimidate+1","Rage","Perfected Strike"],"picked":"SKIP","floor":48}],"player_experience":11409,"relics_obtained":[{"floor":7,"key":"PreservedInsect"},{"floor":9,"key":"Lantern"},{"floor":13,"key":"Eternal Feather"},{"floor":20,"key":"Red Mask"},{"floor":24,"key":"Gambling Chip"},{"floor":26,"key":"Bag of Preparation"},{"floor":30,"key":"Shuriken"},{"floor":39,"key":"Bag of Marbles"},{"floor":41,"key":"Bottled Flame"},{"floor":43,"key":"Frozen Egg 2"},{"floor":45,"key":"Red Skull"}],"event_choices":[{"damage_healed":0,"gold_gain":0,"player_choice":"Grow","damage_taken":0,"max_hp_gain":0,"max_hp_loss":0,"event_name":"Living Wall","floor":2,"gold_loss":0,"cards_upgraded":["Bash"]},{"damage_healed":0,"gold_gain":0,"cards_transformed":["Strike_R"],"player_choice":"Transformed","damage_taken":0,"max_hp_gain":0,"max_hp_loss":0,"event_name":"Transmorgrifier","floor":5,"gold_loss":0,"cards_obtained":["Inflame"]},{"damage_healed":0,"gold_gain":0,"player_choice":"Read","damage_taken":0,"max_hp_gain":0,"max_hp_loss":0,"event_name":"The Library","floor":19,"gold_loss":0,"cards_obtained":["Rage"]},{"damage_healed":0,"gold_gain":0,"player_choice":"Fought Bandits","damage_taken":0,"max_hp_gain":0,"max_hp_loss":0,"event_name":"Masked Bandits","floor":20,"gold_loss":0},{"damage_healed":0,"gold_gain":0,"player_choice":"Ignored","damage_taken":0,"max_hp_gain":0,"max_hp_loss":0,"event_name":"Ghosts","floor":21,"gold_loss":0},{"damage_healed":0,"gold_gain":0,"player_choice":"Memory 1","damage_taken":0,"max_hp_gain":0,"max_hp_loss":0,"event_name":"SensoryStone","floor":36,"gold_loss":0},{"damage_healed":0,"gold_gain":0,"player_choice":"Embrace Madness","damage_taken":11,"max_hp_gain":0,"max_hp_loss":0,"event_name":"Winding Halls","floor":38,"gold_loss":0,"cards_obtained":["Madness","Madness"]},{"damage_healed":0,"gold_gain":0,"player_choice":"Paid Gold","damage_taken":0,"relics_obtained":["Calipers"],"max_hp_gain":0,"max_hp_loss":0,"event_name":"WeMeetAgain","floor":47,"gold_loss":120}],"is_beta":false,"boss_relics":[{"not_picked":["Astrolabe","Snecko Eye"],"picked":"Tiny House"},{"not_picked":["Sozu","Cursed Key"],"picked":"Fusion Hammer"}],"items_purged_floors":[28],"is_endless":false,"potions_floor_spawned":[3,4,11,13,20,29,30,31,33,35,41,42,45,48],"ascension_level":0}}