{"host":"vohenq18pmg6jboc","time":1610434590,"event":{"mods":["Arknights The Spire","Bard","BaseMod","Chen","Downfall","Gremlin Mod","GungeonMod","Hermit","Koishi","Marisa¡]Ãú«B¡@Å]²z¨F¡^","Minty Spire (QoL Compilation)","Relic Stats","Remilia¡]Á¢¦Ì²ú?¡^","StSLib","The Administrix","The Bug Knight","The Cursed","The Hierophant","The IronCluck","The Runesmith","The Servant 0.9.4","WarShipGirlsR/??¤Ö¤kR mod","Yakumo Yukari mod","Youmu¡]»î¾z§¯?¡^","Yuyuko"],"gold_per_floor":[112,128,21,96,96,109,128,128,128,128,88,107,107,131,131,254,254,269,285,235,21,40,40,40,40,40,40,60,22,22,40,40,165,165,178,22,45,45,45,45],"floor_reached":39,"playtime":2085,"items_purged":[],"score":398,"play_id":"f4eb62f9-3c1b-40da-bc21-7a53ae79d857","local_time":"20210112145630","is_ascension_mode":false,"campfire_choices":[{"data":"rmod:maintain","floor":10,"key":"SMITH"},{"data":"rmod:ridicule","floor":13,"key":"SMITH"},{"floor":15,"key":"REST"},{"floor":23,"key":"REST"},{"floor":25,"key":"REST"},{"floor":32,"key":"REST"}],"circlet_count":0,"master_deck":["rmod:strick","rmod:strick","rmod:strick","rmod:strick","rmod:defend","rmod:defend","rmod:defend","rmod:defend","rmod:basicallowance","rmod:maingunfire","rmod:rockthrower","rmod:tearstotiara","rmod:luckystar","Enlightenment","rmod:maintain+1","rmod:aluminumsupply","rmod:victimresponsibility","rmod:combined","rmod:supportescort","rmod:fuelsupply","rmod:ridicule+1","rmod:aluminumsupply","rmod:luckystar","rmod:acesubmarine","rmod:punchline","rmod:lonelyqueen","rmod:shuttlebombing","rmod:robin","rmod:firesupport","rmod:diamondstrike+1","rmod:bulid","rmod:launchingtorpedo","rmod:chargemoney","rmod:fletcher","rmod:wife","rmod:aviationdawn"],"relics":["rmod:firstchargereward","NeowsBlessing","Golden Idol","DemoMod:SerJunkan","SacredBark","Bottled Lightning","Darkstone Periapt","rmod:monthlycard","Boot"],"acts_visited":["Exordium","TheCity","TheBeyond"],"potions_floor_usage":[7,16,16,24,33],"damage_taken":[{"damage":0,"enemies":"Jaw Worm","floor":1,"turns":1},{"damage":0,"enemies":"Small Slimes","floor":2,"turns":1},{"damage":0,"enemies":"2 Louse","floor":6,"turns":1},{"damage":12,"enemies":"Gremlin Gang","floor":7,"turns":4},{"damage":3,"enemies":"Looter","floor":12,"turns":4},{"damage":9,"enemies":"Blue Slaver","floor":14,"turns":3},{"damage":42,"enemies":"The Guardian","floor":16,"turns":8},{"damage":20,"enemies":"2 Thieves","floor":18,"turns":5},{"damage":29,"enemies":"3 Byrds","floor":19,"turns":5},{"damage":3,"enemies":"Snecko","floor":22,"turns":5},{"damage":0,"enemies":"Centurion and Healer","floor":24,"turns":2},{"damage":22,"enemies":"Snake Plant","floor":28,"turns":3},{"damage":13,"enemies":"Shelled Parasite and Fungi","floor":31,"turns":5},{"damage":27,"enemies":"Champ","floor":33,"turns":8},{"damage":10,"enemies":"3 Shapes","floor":35,"turns":3},{"damage":18,"enemies":"Orb Walker","floor":37,"turns":3},{"damage":51,"enemies":"Jaw Worm Horde","floor":39,"turns":1}],"seed_played":"-264364780891873994","potions_obtained":[{"floor":2,"key":"Strength Potion"},{"floor":6,"key":"Energy Potion"},{"floor":12,"key":"Energy Potion"},{"floor":19,"key":"SmokeBomb"},{"floor":22,"key":"GamblersBrew"},{"floor":28,"key":"FearPotion"},{"floor":31,"key":"Swift Potion"}],"is_trial":false,"path_per_floor":["M","M","$","?","?","M","M","?","T","R","?","M","R","M","R","B",null,"M","M","?","$","M","R","M","R","T","$","M","$","?","M","R","B",null,"M","$","M","?","M"],"character_chosen":"PRAEFECT","items_purchased":["rmod:luckystar","Enlightenment","rmod:shuttlebombing","rmod:robin","rmod:firesupport","DemoMod:LeadSkinPotion","rmod:launchingtorpedo","Boot"],"campfire_rested":4,"item_purchase_floors":[3,3,21,21,21,21,29,36],"current_hp_per_floor":[75,75,75,64,64,64,52,52,52,52,52,49,49,40,62,20,75,55,26,26,26,23,45,45,67,67,67,45,45,45,32,54,27,75,65,65,47,47,0,0],"gold":45,"neow_bonus":"THREE_ENEMY_KILL","is_daily":false,"chose_seed":false,"campfire_upgraded":2,"win_rate":0.0,"timestamp":1610434590,"path_taken":["M","M","$","?","?","M","M","?","T","R","?","M","R","M","R","BOSS","M","M","?","$","M","R","M","R","T","$","M","?","?","M","R","BOSS","M","$","M","?","M"],"items_purchased_type":["Card","Card","Card","Card","Card","Undefined","Card","Relic"],"build_version":"2020-12-22","purchased_purges":0,"victory":false,"max_hp_per_floor":[75,75,75,75,75,75,75,75,75,75,75,75,75,75,75,75,75,75,75,75,75,75,75,75,75,75,75,75,75,75,75,75,75,75,75,75,75,75,75,75],"relic_stats":{"Darkstone Periapt":0,"counters":[17,62],"Golden Idol":97,"Boot":[3],"obtain_stats":[{"Darkstone Periapt":30,"NeowsBlessing":0,"Golden Idol":5,"SacredBark":17,"DemoMod:GlassGuonStoneRelic":2,"DemoMod:SerJunkan":9,"rmod:firstchargereward":0,"Bottled Lightning":26,"Boot":36,"rmod:monthlycard":34},{"Darkstone Periapt":12,"NeowsBlessing":0,"Golden Idol":2,"SacredBark":7,"DemoMod:GlassGuonStoneRelic":2,"DemoMod:SerJunkan":4,"rmod:firstchargereward":0,"Bottled Lightning":11,"Boot":15,"rmod:monthlycard":14},{"Darkstone Periapt":42,"NeowsBlessing":0,"Golden Idol":2,"SacredBark":22,"DemoMod:GlassGuonStoneRelic":2,"DemoMod:SerJunkan":7,"rmod:firstchargereward":0,"Bottled Lightning":39,"Boot":58,"rmod:monthlycard":55}]},"card_choices":[{"not_picked":["rmod:combined","rmod:steelsupply"],"picked":"rmod:rockthrower","floor":1},{"not_picked":["rmod:smokecover","rmod:victimresponsibility"],"picked":"rmod:tearstotiara","floor":2},{"not_picked":["rmod:lonelyqueen","rmod:luckystar"],"picked":"rmod:maintain","floor":6},{"not_picked":["rmod:shuttlebombing","rmod:goodfighter"],"picked":"rmod:aluminumsupply","floor":7},{"not_picked":[],"picked":"rmod:victimresponsibility","floor":11},{"not_picked":[],"picked":"rmod:combined","floor":11},{"not_picked":[],"picked":"rmod:supportescort","floor":11},{"not_picked":[],"picked":"rmod:fuelsupply","floor":11},{"not_picked":[],"picked":"rmod:ridicule","floor":11},{"not_picked":["rmod:tearstotiara","rmod:steelsupply"],"picked":"rmod:aluminumsupply","floor":12},{"not_picked":["rmod:ring","rmod:diaomin"],"picked":"rmod:luckystar","floor":14},{"not_picked":["rmod:windflower","rmod:abidefaith"],"picked":"rmod:acesubmarine","floor":16},{"not_picked":["rmod:spoils+1","rmod:luckystar"],"picked":"rmod:punchline","floor":18},{"not_picked":["rmod:expeditionaryescort","rmod:ammunitionsupply"],"picked":"rmod:lonelyqueen","floor":19},{"not_picked":["rmod:circuitoustactics+1","rmod:tearstotiara"],"picked":"rmod:diamondstrike+1","floor":22},{"not_picked":["rmod:sl","rmod:capitalist"],"picked":"rmod:bulid","floor":28},{"not_picked":["rmod:steelsupply","rmod:firesupport"],"picked":"rmod:chargemoney","floor":31},{"not_picked":["rmod:abidefaith","rmod:desperatesituation"],"picked":"rmod:fletcher","floor":33},{"not_picked":["rmod:advancebysurprise","rmod:aggressivemary+1"],"picked":"rmod:wife","floor":35},{"not_picked":["rmod:circuitoustactics+1","rmod:punchline"],"picked":"rmod:aviationdawn","floor":37}],"player_experience":68673,"relics_obtained":[{"floor":9,"key":"DemoMod:SerJunkan"},{"floor":26,"key":"Bottled Lightning"}],"event_choices":[{"damage_healed":0,"gold_gain":75,"player_choice":"Gather Gold","damage_taken":11,"max_hp_gain":0,"max_hp_loss":0,"event_name":"World of Goop","floor":4,"gold_loss":0},{"damage_healed":0,"gold_gain":0,"player_choice":"Take Wound","damage_taken":0,"relics_obtained":["Golden Idol"],"max_hp_gain":0,"max_hp_loss":0,"event_name":"Golden Idol","floor":5,"gold_loss":0,"cards_obtained":["Injury"]},{"cards_removed":["Injury"],"damage_healed":0,"gold_gain":0,"player_choice":"Forget","damage_taken":0,"max_hp_gain":0,"max_hp_loss":0,"event_name":"Living Wall","floor":8,"gold_loss":0},{"damage_healed":0,"gold_gain":0,"player_choice":"Bet on Owner","damage_taken":0,"max_hp_gain":0,"max_hp_loss":0,"event_name":"The Joust","floor":20,"gold_loss":50},{"damage_healed":0,"gold_gain":0,"player_choice":"Gave Potion","damage_taken":0,"relics_obtained":["Darkstone Periapt"],"max_hp_gain":0,"max_hp_loss":0,"event_name":"WeMeetAgain","floor":30,"gold_loss":0}],"is_beta":false,"boss_relics":[{"not_picked":["Sozu","Cursed Key"],"picked":"SacredBark"},{"not_picked":["Philosopher\u0027s Stone","SlaversCollar"],"picked":"rmod:monthlycard"}],"items_purged_floors":[],"is_endless":false,"potions_floor_spawned":[2,6,12,19,22,28,31],"killed_by":"Jaw Worm Horde","ascension_level":0}}