{"host":"eqvoimh73njwfgdh","time":1610473345,"event":{"mods":["AchievementEnabler","BaseMod","Better Altar","Better Match","Better Note","Better Sensory Stone","Better Skull","Better Third Choice","BetterRewards","Colored Powertips","Conspire","Downfall","Energized Spire","Halation","Hubris","Infinite Spire","Minty Spire (QoL Compilation)","Permanent Neow","Rare Cards Sparkle","Relic Stats","Replay The Spire","Spicy Shops","StSLib","The Animator","The Blue Laboratory","vexMod"],"gold_per_floor":[116,145,158,188,201,242,242,270,318,318,147,147,162,217,217,317,317,333,333,333,333,333],"floor_reached":21,"playtime":986,"items_purged":[],"score":236,"play_id":"0b88c82f-4f18-4ed1-aade-fbe6245ffd22","local_time":"20210112184225","is_ascension_mode":true,"campfire_choices":[{"floor":7,"key":"REST"},{"floor":10,"key":"REST"},{"floor":15,"key":"REST"}],"circlet_count":0,"master_deck":["animator:Strike_GoblinSlayer","animator:Defend_GoblinSlayer","animator:Strike","animator:Strike","animator:Strike","animator:Defend","animator:Defend","animator:Defend","animator:LizardPriest","animator:DwarfShaman","animator:UneriGinkaku","animator:Shinoa","animator:ElricAlphonse","animator:UneriGinkaku","animator:Priestess","animator:Tatsumaki","animator:Saitama","animator:ElricAlphonse","animator:CowGirl","ReplayTheSpireMod:Splinters","animator:Shichika","animator:Biyorigo","animator:Shinoa+1"],"relics":["animator:LivingPicture","animator:TheMissingPiece","conspire:DeflatedDodgeball","animator:WornHelmet","Replay:Rubber Ducky","halation:PromiseList","CultistMask","vexMod:BerryBomb","animator:CursedBlade","halation:PinkSoulGem"],"acts_visited":["Exordium","TheCity"],"potions_floor_usage":[6,8,16,16],"damage_taken":[{"damage":0,"enemies":"Cultist","floor":1,"turns":3},{"damage":4,"enemies":"Small Slimes","floor":2,"turns":2},{"damage":16,"enemies":"Jaw Worm","floor":3,"turns":4},{"damage":11,"enemies":"Exordium Thugs","floor":4,"turns":4},{"damage":5,"enemies":"Looter","floor":5,"turns":3},{"damage":10,"enemies":"3 Sentries","floor":6,"turns":10},{"damage":22,"enemies":"Replay:BlueRogue","floor":8,"turns":5},{"damage":1,"enemies":"conspire:2 RoseBushes","floor":13,"turns":4},{"damage":46,"enemies":"The Guardian","floor":16,"turns":10},{"damage":0,"enemies":"Chosen","floor":18,"turns":4}],"seed_played":"2501450365656434042","potions_obtained":[{"floor":3,"key":"Dexterity Potion"},{"floor":4,"key":"SkillPotion"},{"floor":5,"key":"ColorlessPotion"},{"floor":13,"key":"Elixir"},{"floor":14,"key":"Block Potion"},{"floor":18,"key":"blueLaboratory:BottleOfVodka"}],"is_trial":false,"path_per_floor":["M","M","M","M","M","E","R","E","T","R","$","?","M","?","R","B",null,"M","?","?","$"],"character_chosen":"THE_ANIMATOR","items_purchased":["halation:PromiseList","animator:ElricAlphonse"],"campfire_rested":3,"item_purchase_floors":[11,11],"current_hp_per_floor":[66,62,46,35,30,20,39,18,18,38,38,38,38,44,66,20,61,61,16,16,16,16],"gold":333,"neow_bonus":"THREE_CARDS","is_daily":false,"chose_seed":false,"campfire_upgraded":0,"win_rate":0.0,"timestamp":1610473345,"path_taken":["M","M","?","M","M","E","R","E","T","R","$","?","?","?","R","BOSS","M","?","?","?"],"items_purchased_type":["Relic","Card"],"build_version":"2020-12-22","purchased_purges":0,"victory":false,"max_hp_per_floor":[66,66,66,66,66,66,66,67,67,67,67,67,68,74,74,74,74,74,74,74,74,74],"relic_stats":{"counters":[10,49],"obtain_stats":[{"animator:CursedBlade":17,"animator:TheMissingPiece":0,"vexMod:BerryBomb":14,"animator:LivingPicture":0,"CultistMask":12,"halation:PromiseList":11,"conspire:DeflatedDodgeball":6,"animator:WornHelmet":8,"halation:PinkSoulGem":20,"Replay:Rubber Ducky":9},{"animator:CursedBlade":9,"animator:TheMissingPiece":0,"vexMod:BerryBomb":8,"animator:LivingPicture":0,"CultistMask":7,"halation:PromiseList":7,"conspire:DeflatedDodgeball":6,"animator:WornHelmet":7,"halation:PinkSoulGem":10,"Replay:Rubber Ducky":7},{"animator:CursedBlade":45,"animator:TheMissingPiece":0,"vexMod:BerryBomb":35,"animator:LivingPicture":0,"CultistMask":31,"halation:PromiseList":31,"conspire:DeflatedDodgeball":26,"animator:WornHelmet":31,"halation:PinkSoulGem":49,"Replay:Rubber Ducky":31}]},"card_choices":[{"not_picked":["animator:Hitei","animator:Genos"],"picked":"animator:UneriGinkaku","floor":0},{"not_picked":["animator:HighElfArcher","animator:Shigure"],"picked":"animator:Shinoa","floor":1},{"not_picked":["animator:DwarfShaman","animator:SilverFang"],"picked":"animator:ElricAlphonse","floor":2},{"not_picked":["animator:MaesHughes","animator:Witch"],"picked":"animator:UneriGinkaku","floor":3},{"not_picked":["animator:Spearman","animator:CowGirl"],"picked":"animator:Priestess","floor":4},{"not_picked":["animator:Alexander","animator:Illya","animator:Geryuganshoop"],"picked":"SKIP","floor":5},{"not_picked":["animator:Alexander","animator:Genos"],"picked":"animator:Tatsumaki","floor":6},{"not_picked":["animator:GazelDwargon","animator:Souei"],"picked":"animator:Saitama","floor":8},{"not_picked":["animator:GuildGirl","animator:LizardPriest"],"picked":"animator:CowGirl","floor":13},{"not_picked":["animator:CrowleyEusford","animator:Mitsuba"],"picked":"animator:Shichika","floor":14},{"not_picked":["animator:Father","animator:Saber"],"picked":"animator:Biyorigo","floor":16},{"not_picked":["animator:ElricEdward","animator:Hitei"],"picked":"animator:Shinoa+1","floor":18}],"player_experience":143773,"relics_obtained":[{"floor":6,"key":"conspire:DeflatedDodgeball"},{"floor":8,"key":"animator:WornHelmet"},{"floor":9,"key":"Replay:Rubber Ducky"},{"floor":14,"key":"vexMod:BerryBomb"}],"event_choices":[{"damage_healed":0,"gold_gain":0,"player_choice":"Trade","damage_taken":0,"relics_obtained":["CultistMask"],"max_hp_gain":0,"max_hp_loss":0,"event_name":"FaceTrader","floor":12,"gold_loss":0}],"is_beta":false,"boss_relics":[{"not_picked":["Velvet Choker","Sozu"],"picked":"animator:CursedBlade"}],"items_purged_floors":[],"is_endless":false,"potions_floor_spawned":[3,4,5,13,18],"ascension_level":5}}