{"host":"1ql62c9o0mvto073","time":1610427553,"event":{"mods":["BaseMod","Minty Spire (QoL Compilation)","Replay The Spire","StSLib"],"gold_per_floor":[118,130,147,97,21,21,50,125,148,160,201,213,255,267,279,389,401,427,457,469,492,519,531,574,586,586],"floor_reached":25,"playtime":1700,"items_purged":[],"score":277,"play_id":"2003401c-256f-4741-9f6f-f8c23f8d00f7","local_time":"20210111235913","is_ascension_mode":true,"campfire_choices":[{"data":"Dash","floor":6,"key":"SMITH"},{"floor":10,"key":"REST"},{"floor":12,"key":"RECALL"},{"data":"Storm of Steel","floor":15,"key":"SMITH"},{"floor":23,"key":"REST"}],"circlet_count":0,"master_deck":["Strike_G","Strike_G","Strike_G","Strike_G","Defend_G","Defend_G","Defend_G","Defend_G","Survivor","Neutralize","Backflip","Dash+1","Acrobatics","Quick Slash","Storm of Steel+1","Hidden Blade","Phantasmal Killer","Dagger Spray+1","Infinite Blades","Footwork","Backstab","Blade Dance+1"],"relics":["Ring of the Snake","Omamori","MawBank","Smiling Mask","Toy Ornithopter","Black Star","Turnip","Oddly Smooth Stone"],"acts_visited":["Exordium","TheCity"],"potions_floor_usage":[11,16,16,18,21],"damage_taken":[{"damage":4,"enemies":"Small Slimes","floor":1,"turns":6},{"damage":0,"enemies":"2 Louse","floor":2,"turns":3},{"damage":0,"enemies":"Cultist","floor":3,"turns":4},{"damage":9,"enemies":"Replay:BlueRogue","floor":7,"turns":8},{"damage":0,"enemies":"Lagavulin","floor":11,"turns":10},{"damage":11,"enemies":"Gremlin Nob","floor":13,"turns":4},{"damage":36,"enemies":"Fading Forest","floor":16,"turns":11},{"damage":5,"enemies":"Spheric Guardian","floor":18,"turns":3},{"damage":17,"enemies":"2 Thieves","floor":19,"turns":4},{"damage":22,"enemies":"Shelled Parasite and Fungi","floor":21,"turns":7},{"damage":27,"enemies":"Snecko","floor":22,"turns":7},{"damage":50,"enemies":"Book of Stabbing","floor":24,"turns":6},{"damage":6,"enemies":"Centurion and Healer","floor":25,"turns":4}],"seed_played":"4805798105955655932","potions_obtained":[{"floor":1,"key":"Explosive Potion"},{"floor":3,"key":"Swift Potion"},{"floor":7,"key":"Dexterity Potion"},{"floor":16,"key":"CunningPotion"},{"floor":19,"key":"Regen Potion"}],"is_trial":false,"path_per_floor":["M","M","M","?","$","R","E","?","T","R","E","R","E","?","R","B",null,"M","M","$","M","M","R","E","M"],"character_chosen":"THE_SILENT","items_purchased":["Acrobatics","Quick Slash"],"campfire_rested":2,"item_purchase_floors":[5,5],"current_hp_per_floor":[66,66,66,66,66,66,57,46,46,67,67,67,56,61,61,45,75,75,58,58,56,29,51,1,0,0],"gold":586,"neow_bonus":"RANDOM_EVENT","is_daily":false,"chose_seed":false,"campfire_upgraded":2,"win_rate":0.0,"timestamp":1610427553,"path_taken":["M","M","M","?","$","R","E","?","T","R","E","R","E","?","R","BOSS","M","M","$","M","M","R","E","M"],"items_purchased_type":["Card","Card"],"build_version":"2020-12-22","purchased_purges":0,"victory":false,"max_hp_per_floor":[70,70,70,70,70,70,70,70,70,70,70,70,70,75,75,75,75,75,75,75,75,75,75,75,75,75],"card_choices":[{"not_picked":["Sneak Up","Caltrops"],"picked":"Backflip","floor":1},{"not_picked":["Crippling Poison","Sucker Punch"],"picked":"Dash","floor":2},{"not_picked":["Dash","Flechettes","Replay:Poison Smokescreen"],"picked":"SKIP","floor":3},{"not_picked":["Masterful Stab","Eviscerate","Toxin Wave"],"picked":"SKIP","floor":7},{"not_picked":["ReplayTheSpireMod:Tripwire","Tactician"],"picked":"Storm of Steel","floor":11},{"not_picked":["Slice","Flying Knee"],"picked":"Hidden Blade","floor":13},{"not_picked":["Night Terror","Wraith Form v2"],"picked":"Phantasmal Killer","floor":16},{"not_picked":["Sneak Up+1","Draining Mist"],"picked":"Dagger Spray+1","floor":18},{"not_picked":["Hidden Blade+1","Outmaneuver"],"picked":"Infinite Blades","floor":19},{"not_picked":["Deadly Poison","Bane"],"picked":"Footwork","floor":21},{"not_picked":["Blur","Underhanded Strike"],"picked":"Backstab","floor":22},{"not_picked":["Dash","Underhanded Strike+1"],"picked":"Blade Dance+1","floor":24}],"player_experience":416555,"relics_obtained":[{"floor":7,"key":"Omamori"},{"floor":9,"key":"MawBank"},{"floor":11,"key":"Smiling Mask"},{"floor":13,"key":"Toy Ornithopter"},{"floor":24,"key":"Turnip"},{"floor":24,"key":"Oddly Smooth Stone"}],"event_choices":[{"cards_removed":["Strike_G"],"damage_healed":0,"gold_gain":0,"player_choice":"Forget","damage_taken":0,"max_hp_gain":0,"max_hp_loss":0,"event_name":"Living Wall","floor":0,"gold_loss":0},{"cards_removed":["Defend_G"],"damage_healed":0,"gold_gain":0,"player_choice":"Card Removal","damage_taken":0,"max_hp_gain":0,"max_hp_loss":0,"event_name":"The Cleric","floor":4,"gold_loss":50},{"damage_healed":0,"gold_gain":75,"player_choice":"Gather Gold","damage_taken":11,"max_hp_gain":0,"max_hp_loss":0,"event_name":"World of Goop","floor":8,"gold_loss":0},{"damage_healed":0,"gold_gain":0,"player_choice":"Donut","damage_taken":0,"max_hp_gain":5,"max_hp_loss":0,"event_name":"Big Fish","floor":14,"gold_loss":0}],"is_beta":false,"boss_relics":[{"not_picked":["Snecko Eye","Replay:Ancient Bell"],"picked":"Black Star"}],"items_purged_floors":[],"is_endless":false,"potions_floor_spawned":[1,3,7,16,19],"killed_by":"Centurion and Healer","ascension_level":1}}