{"host":"ci7cmvrwpmzqnw7e","time":1610416725,"event":{"mods":["BaseMod","BetterRewards","Colored Map","Downfall","GungeonMod","Highlight Path","Hubris","Infinite Spire","Minty Spire (QoL Compilation)","Random Character Button","Rare Cards Sparkle","Replay The Spire","Shop Mod","StSLib","The Disciple","The Forsaken","The Necromancer"],"gold_per_floor":[99,99,99,99,199,199,199,27,43,54,64,64,214,129,139,236,236,236,249,262,274,374,374,374,374,393,424,34,54,39,55,65,161,161,161,161,178,190,29,43,43,43,53,53,70,87,72,141,160,160],"floor_reached":51,"playtime":2966,"items_purged":["Guardian:Strike_Guardian"],"score":713,"play_id":"c383d72f-02e7-4e18-bcf5-7d1141b69a03","local_time":"20210111185845","is_ascension_mode":false,"campfire_choices":[{"floor":1,"key":"DIG"},{"data":"Guardian:PiercingHide","floor":6,"key":"SMITH"},{"data":"Limit Break","floor":18,"key":"SMITH"},{"data":"Heavy Blade","floor":35,"key":"SMITH"},{"data":"Guardian:ArmoredProtocol","floor":42,"key":"SMITH"},{"data":"Pot Of Greed","floor":44,"key":"SMITH"}],"circlet_count":0,"master_deck":["Guardian:Strike_Guardian","Guardian:Strike_Guardian+1","Guardian:Strike_Guardian+1","Guardian:Defend_Guardian","Guardian:Defend_Guardian","Guardian:Defend_Guardian","Guardian:Defend_Guardian","Guardian:CurlUp","Guardian:TwinSlam","Guardian:ShieldSpikes","Guardian:PiercingHide+1","Guardian:TemporalShield","Jack Of All Trades","Inflame","Guardian:BronzeArmor","Flex","Slimebound:Icky","Heavy Blade+1","Flex","Limit Break+1","Guardian:PiercingHide+1","Guardian:ArmoredProtocol","infinitespire:Starlight","Guardian:GuardianWhirl","Pot Of Greed+1","Pot Of Greed","Pot Of Greed","Guardian:WalkerClaw","Guardian:StasisStrike","Guardian:Gem_Cyan","Guardian:EvasiveProtocol","Guardian:RevengeProtocol","Guardian:Gem_Red","Replay:SS_fish_3","Guardian:Orbwalk","Pot Of Greed","Guardian:ArmoredProtocol+1","Guardian:WalkerClaw+1","Guardian:ArmoredProtocol","Guardian:Gem_Purple"],"relics":["downfall:GremlinSack","hubris:CrystalStatue","hexamod:RecyclingMachine","m_GuardianBlood","HornCleat","infinitespire:Chaos","hubris:Towel","Black Star","theForsaken:Lifeblossom","infinitespire:Beetle Shell","Grinning Jar","Anchor","Guardian:StasisSlotReductionRelic","Guardian:BottledStasis","Toxic Egg 2","Garlic"],"acts_visited":["Exordium","TheCity","TheBeyond"],"potions_floor_usage":[16,16,27,33,46,49,50,50],"damage_taken":[{"damage":0,"enemies":"Jaw Worm","floor":2,"turns":1},{"damage":0,"enemies":"Cultist","floor":3,"turns":1},{"damage":0,"enemies":"Small Slimes","floor":4,"turns":1},{"damage":0,"enemies":"downfall:FleeingMerchant","floor":8,"turns":4},{"damage":6,"enemies":"3 Louse","floor":9,"turns":4},{"damage":0,"enemies":"Blue Slaver","floor":10,"turns":4},{"damage":0,"enemies":"Lots of Slimes","floor":11,"turns":5},{"damage":0,"enemies":"Red Slaver","floor":14,"turns":3},{"damage":0,"enemies":"Gremlin Gang","floor":15,"turns":6},{"damage":3,"enemies":"downfall:Ironclad","floor":16,"turns":7},{"damage":16,"enemies":"3 Byrds","floor":19,"turns":4},{"damage":33,"enemies":"Shelled Parasite and Fungi","floor":20,"turns":7},{"damage":22,"enemies":"3 Cultists","floor":21,"turns":6},{"damage":21,"enemies":"Snake Plant","floor":26,"turns":8},{"damage":37,"enemies":"Book of Stabbing","floor":27,"turns":8},{"damage":0,"enemies":"downfall:FleeingMerchant","floor":28,"turns":4},{"damage":2,"enemies":"Sentry and Sphere","floor":29,"turns":6},{"damage":6,"enemies":"downfall:FleeingMerchant","floor":30,"turns":4},{"damage":26,"enemies":"3 Cultists","floor":31,"turns":5},{"damage":9,"enemies":"Centurion and Healer","floor":32,"turns":10},{"damage":73,"enemies":"downfall:Watcher","floor":33,"turns":12},{"damage":40,"enemies":"3 Shapes","floor":37,"turns":5},{"damage":36,"enemies":"Orb Walker","floor":38,"turns":6},{"damage":0,"enemies":"downfall:FleeingMerchant","floor":39,"turns":4},{"damage":9,"enemies":"4 Shapes","floor":40,"turns":6},{"damage":31,"enemies":"Transient","floor":43,"turns":5},{"damage":14,"enemies":"Jaw Worm Horde","floor":45,"turns":6},{"damage":5,"enemies":"Maw","floor":46,"turns":8},{"damage":0,"enemies":"downfall:FleeingMerchant","floor":47,"turns":4},{"damage":17,"enemies":"3 Darklings","floor":49,"turns":7},{"damage":42,"enemies":"downfall:Defect","floor":50,"turns":8}],"seed_played":"-6499483807866159001","potions_obtained":[{"floor":9,"key":"Dexterity Potion"},{"floor":11,"key":"FairyPotion"},{"floor":14,"key":"Strength Potion"},{"floor":15,"key":"Fire Potion"},{"floor":16,"key":"SpeedPotion"},{"floor":19,"key":"Explosive Potion"},{"floor":26,"key":"Guardian:DefensiveModePotion"},{"floor":29,"key":"Explosive Potion"},{"floor":31,"key":"PowerPotion"},{"floor":32,"key":"SteroidPotion"},{"floor":33,"key":"Energy Potion"},{"floor":38,"key":"infinitespire:BlackPotion"},{"floor":40,"key":"AttackPotion"},{"floor":48,"key":"LiquidMemories"},{"floor":49,"key":"SteroidPotion"}],"is_trial":false,"path_per_floor":["R_BF","M","M","M","?","R","T","$","M","M","M","?","?","M","M","B",null,"R","M","M","M","?","AVR","T","?","M","E","$","M","$","M","M","B",null,"R","?","M","M","$","M","T","R","M","R","M","M","$","?","M","B",null],"character_chosen":"GUARDIAN","items_purchased":["infinitespire:Chaos","Guardian:StasisStrike","Anchor","Guardian:BottledStasis"],"campfire_rested":0,"item_purchase_floors":[8,28,28,39],"current_hp_per_floor":[80,80,80,80,80,80,80,80,80,80,80,80,80,80,80,80,80,80,70,43,27,27,27,27,27,28,13,35,55,61,57,70,15,80,80,80,49,35,57,70,70,70,61,61,69,80,80,48,53,33],"gold":160,"neow_bonus":"THREE_ENEMY_KILL","is_daily":false,"chose_seed":false,"campfire_upgraded":5,"win_rate":0.0,"timestamp":1610416725,"path_taken":["R_BF","M","M","M","?","R","T","$","M","M","?","?","?","M","M","BOSS","R","M","M","M","?","AVR","T","?","M","E","$","M","$","M","M","BOSS","R","?","M","?","?","M","T","R","M","R","M","?","$","?","M","BOSS"],"items_purchased_type":["Relic","Card","Relic","Relic"],"build_version":"2020-12-22","purchased_purges":1,"victory":true,"max_hp_per_floor":[80,80,80,80,80,80,80,80,80,80,80,80,80,80,80,80,80,80,80,80,80,80,80,80,80,80,80,80,80,80,80,80,80,80,80,80,80,80,80,80,80,80,80,80,80,80,80,80,80,80],"card_choices":[{"not_picked":["Guardian:SentryBeam","Guardian:Gem_Blue"],"picked":"Guardian:Gem_Cyan","floor":2},{"not_picked":["Guardian:Reroute","Guardian:Gem_Cyan"],"picked":"Guardian:ShieldSpikes","floor":3},{"not_picked":["Guardian:Gem_Green","Guardian:GuardianWhirl"],"picked":"Guardian:PiercingHide","floor":4},{"not_picked":["Guardian:PrismaticBeam","Guardian:PrimingBeam","Guardian:GemFire"],"picked":"SKIP","floor":8},{"not_picked":["Guardian:TimeCapacitor","Guardian:BronzeOrb"],"picked":"Inflame","floor":9},{"not_picked":["Guardian:Gem_Cyan","Spot Weakness"],"picked":"Guardian:BronzeArmor","floor":10},{"not_picked":["Guardian:VentSteam","Guardian:TemporalShield"],"picked":"Flex","floor":11},{"not_picked":["Guardian:Incinerate","Guardian:Preprogram"],"picked":"Heavy Blade","floor":14},{"not_picked":["Massacre","Guardian:ArmoredProtocol"],"picked":"Flex","floor":15},{"not_picked":["Guardian:BaubleBeam","Guardian:FastForward"],"picked":"Limit Break","floor":16},{"not_picked":["Guardian:Planning+1","Guardian:Gem_Fragmented"],"picked":"Guardian:PiercingHide+1","floor":19},{"not_picked":["Guardian:TemporalShield","Guardian:MultiBeam"],"picked":"Guardian:ArmoredProtocol","floor":20},{"not_picked":["Guardian:TimeBomb","Guardian:Gem_Lightblue","Guardian:TemporalShield"],"picked":"SKIP","floor":21},{"not_picked":["Guardian:PrismaticBarrier","Guardian:ChargeCore+1"],"picked":"Guardian:GuardianWhirl","floor":26},{"not_picked":["Guardian:Emergency","Guardian:Recover"],"picked":"Guardian:WalkerClaw","floor":27},{"not_picked":["Guardian:CrystalBeam","Guardian:TemporalShield","Guardian:PrismaticBarrier"],"picked":"SKIP","floor":28},{"not_picked":["Guardian:PrismaticBarrier+1","Guardian:GuardianWhirl"],"picked":"Guardian:Gem_Cyan","floor":29},{"not_picked":["Guardian:StasisStrike","Guardian:Reroute"],"picked":"Guardian:Gem_Red","floor":30},{"not_picked":["Guardian:StasisStrike","Guardian:Gem_White"],"picked":"Guardian:Gem_Yellow","floor":31},{"not_picked":["Guardian:ShieldCharger+1","Guardian:WalkerClaw"],"picked":"Guardian:EvasiveProtocol","floor":32},{"not_picked":["Guardian:SphericShield","Guardian:BaubleBeam"],"picked":"Guardian:RevengeProtocol","floor":33},{"not_picked":["Guardian:SentryBeam","Guardian:TemporalShield"],"picked":"Guardian:Gem_Blue","floor":37},{"not_picked":["Guardian:Gem_White","Guardian:Gem_Crimson"],"picked":"Guardian:ArmoredProtocol","floor":38},{"not_picked":["Guardian:ShieldCharger+1","Guardian:Gem_White"],"picked":"Guardian:WalkerClaw+1","floor":39},{"not_picked":["Guardian:FloatingOrbs","Guardian:Clone+1","Guardian:PiercingHide+1"],"picked":"SKIP","floor":40},{"not_picked":["Guardian:Recover+1","Guardian:Planning+1","Guardian:Reroute"],"picked":"SKIP","floor":43},{"not_picked":["Guardian:ConstructionForm","Guardian:PrismaticBeam+1","Guardian:PolyBeam+1"],"picked":"SKIP","floor":45},{"not_picked":["Guardian:VentSteam+1","Guardian:PiercingHide+1"],"picked":"Guardian:ArmoredProtocol","floor":46},{"not_picked":["Guardian:ShieldCharger+1","Guardian:Gem_Blue"],"picked":"Guardian:Gem_Purple","floor":47},{"not_picked":["Guardian:WalkerClaw+1","Guardian:ChargeCore+1","Guardian:PiercingHide+1"],"picked":"SKIP","floor":49}],"player_experience":60231,"relics_obtained":[{"floor":1,"key":"Whetstone"},{"floor":7,"key":"ReplayTheSpireMod:Shallot"},{"floor":24,"key":"theForsaken:Lifeblossom"},{"floor":27,"key":"infinitespire:Beetle Shell"},{"floor":27,"key":"Grinning Jar"},{"floor":41,"key":"Toxic Egg 2"},{"floor":48,"key":"Garlic"}],"event_choices":[{"damage_healed":0,"gold_gain":100,"player_choice":"Gold","damage_taken":0,"max_hp_gain":0,"max_hp_loss":0,"event_name":"Wheel of Change","floor":5,"gold_loss":0}],"is_beta":false,"boss_relics":[{"not_picked":["Fusion Hammer","Tiny House"],"picked":"Black Star"},{"not_picked":["Calling Bell","SacredBark"],"picked":"Guardian:StasisSlotReductionRelic"}],"items_purged_floors":[28],"is_endless":false,"potions_floor_spawned":[9,11,14,15,16,19,26,29,31,32,33,38,40,43,49],"ascension_level":0}}