{"host":"mai03x2ekbjy4059","time":1610479781,"event":{"mods":["2.2 Compatiblity","BaseMod","DeckTracker","Highlight Path","Keyboard Shortcuts","Minty Spire (QoL Compilation)","Permanent Neow","Quick Restart","SuperFastMode","everything is the same but u backflip on backflip"],"gold_per_floor":[116,116,116,191,216,216,257,29,79,110,110,130,130,171,171,270,270,284,33,49,49,70,103,119,119,119],"floor_reached":25,"language":"KOR","playtime":823,"items_purged":["Strike_P","Strike_P"],"score":394,"play_id":"ef192e21-9458-4f95-bd66-78ba42ec3052","local_time":"20210113042941","is_ascension_mode":true,"campfire_choices":[{"data":"Eruption","floor":6.0,"key":"SMITH"},{"floor":11.0,"key":"REST"},{"floor":15.0,"key":"REST"}],"circlet_count":0,"master_deck":["AscendersBane","Strike_P","Strike_P","Defend_P","Defend_P+1","Defend_P","Eruption+1","Vigilance+1","CarveReality","Halt","BattleHymn","FlurryOfBlows","MentalFortress","Halt+1"],"relics":["PureWater","Vajra","Golden Idol","Eternal Feather","HandDrill","Centennial Puzzle","Dream Catcher","WingedGreaves","Sozu","Medical Kit","Lantern"],"acts_visited":["Exordium","TheCity"],"potions_floor_usage":[25],"damage_taken":[{"damage":4.0,"enemies":"2 Louse","floor":1.0,"turns":3.0},{"damage":0.0,"enemies":"Small Slimes","floor":5.0,"turns":3.0},{"damage":6.0,"enemies":"Gremlin Nob","floor":7.0,"turns":3.0},{"damage":5.0,"enemies":"Lagavulin","floor":10.0,"turns":5.0},{"damage":0.0,"enemies":"Jaw Worm","floor":12.0,"turns":3.0},{"damage":10.0,"enemies":"Gremlin Nob","floor":14.0,"turns":3.0},{"damage":3.0,"enemies":"The Guardian","floor":16.0,"turns":6.0},{"damage":5.0,"enemies":"Spheric Guardian","floor":18.0,"turns":3.0},{"damage":21.0,"enemies":"2 Thieves","floor":20.0,"turns":4.0},{"damage":1.0,"enemies":"Snecko","floor":22.0,"turns":4.0},{"damage":21.0,"enemies":"Slavers","floor":23.0,"turns":4.0},{"damage":0.0,"enemies":"Sentry and Sphere","floor":24.0,"turns":5.0},{"damage":31,"enemies":"Book of Stabbing","floor":25,"turns":3}],"seed_played":"-8043896862545908994","potions_obtained":[{"floor":5.0,"key":"StancePotion"},{"floor":7.0,"key":"StancePotion"},{"floor":16.0,"key":"LiquidBronze"}],"is_trial":false,"path_per_floor":["M","?","?","?","M","R","E","$","T","E","R","M","?","E","R","B",null,"M","$","M","?","M","E","M","E"],"character_chosen":"WATCHER","items_purchased":["HandDrill","Medical Kit"],"campfire_rested":2,"item_purchase_floors":[8,19],"current_hp_per_floor":[61,43,29,18,18,18,12,12,12,7,34,34,34,24,51,48,66,61,61,40,40,39,18,18,0,0],"gold":119,"neow_bonus":"RANDOM_COMMON_RELIC","is_daily":false,"chose_seed":false,"campfire_upgraded":1,"win_rate":0.0,"timestamp":1610479781,"path_taken":["M","?","?","?","M","R","E","?","T","E","R","?","?","E","R","BOSS","M","$","M","?","M","E","M","E"],"items_purchased_type":["Relic","Relic"],"build_version":"2020-12-22","purchased_purges":2,"victory":false,"max_hp_per_floor":[72,72,72,72,72,72,72,72,72,72,72,72,72,72,72,72,72,72,72,72,72,72,72,72,72,72],"card_choices":[{"not_picked":["BowlingBash","FlyingSleeves","EmptyMind"],"picked":"SKIP","floor":1.0},{"not_picked":["ClearTheMind","CutThroughFate"],"picked":"CarveReality","floor":5.0},{"not_picked":["FlyingSleeves","Judgement","Prostrate"],"picked":"SKIP","floor":7.0},{"not_picked":["Swivel","ConjureBlade","Brilliance"],"picked":"SKIP","floor":10.0},{"not_picked":["FlyingSleeves","WreathOfFlame"],"picked":"Halt","floor":11.0},{"not_picked":["Collect","Wallop","EmptyBody"],"picked":"SKIP","floor":12.0},{"not_picked":["CrushJoints","CarveReality"],"picked":"BattleHymn","floor":14.0},{"not_picked":["Fasting2+1","ClearTheMind","Wallop"],"picked":"SKIP","floor":18.0},{"not_picked":["SashWhip","CutThroughFate"],"picked":"FlurryOfBlows","floor":20.0},{"not_picked":["SignatureMove+1","ReachHeaven","Consecrate"],"picked":"SKIP","floor":22.0},{"not_picked":["Sanctity","Crescendo"],"picked":"Halt+1","floor":23.0},{"not_picked":["PathToVictory","Nirvana","Vengeance"],"picked":"SKIP","floor":24}],"player_experience":1056634,"relics_obtained":[{"floor":7.0,"key":"Eternal Feather"},{"floor":9.0,"key":"Centennial Puzzle"},{"floor":10.0,"key":"Dream Catcher"},{"floor":14.0,"key":"WingedGreaves"},{"floor":23.0,"key":"Lantern"}],"event_choices":[{"damage_healed":0.0,"max_hp_gain":0.0,"max_hp_loss":0.0,"gold_gain":0.0,"event_name":"Golden Idol","player_choice":"Take Damage","floor":2.0,"gold_loss":0.0,"damage_taken":18.0,"relics_obtained":["Golden Idol"]},{"damage_healed":0.0,"max_hp_gain":0.0,"max_hp_loss":0.0,"gold_gain":0.0,"event_name":"Shining Light","player_choice":"Entered Light","floor":3.0,"gold_loss":0.0,"damage_taken":14.0,"cards_upgraded":["Defend_P","Vigilance"]},{"damage_healed":0.0,"max_hp_gain":0.0,"max_hp_loss":0.0,"gold_gain":75.0,"event_name":"World of Goop","player_choice":"Gather Gold","floor":4.0,"gold_loss":0.0,"damage_taken":11.0},{"cards_removed":["Defend_P"],"damage_healed":0.0,"max_hp_gain":0.0,"max_hp_loss":0.0,"gold_gain":0.0,"event_name":"Bonfire Elementals","player_choice":"Offered Basic","floor":13.0,"gold_loss":0.0,"damage_taken":0.0},{"damage_healed":0.0,"max_hp_gain":0.0,"max_hp_loss":0.0,"gold_gain":0.0,"event_name":"The Library","player_choice":"Read","floor":21.0,"gold_loss":0.0,"damage_taken":0.0,"cards_obtained":["MentalFortress"]}],"is_beta":false,"boss_relics":[{"not_picked":["HolyWater","Runic Pyramid"],"picked":"Sozu"}],"items_purged_floors":[8,19],"is_endless":false,"potions_floor_spawned":[5,7,16,23,24],"killed_by":"Book of Stabbing","ascension_level":13}}