{"host":"6lk96jvvnndj23n5","time":1610481798,"event":{"mods":["BaseMod","Hermit","Minty Spire (QoL Compilation)","StSLib"],"gold_per_floor":[111,111,121,138,138,138,152,152,152,187,198,198,273,273,273,369,369,388,132,132,132,146,181,181,181,208,226,245,245,271,196,196,297,297,308,335,149,149,5,5,5,30,30,30,63,63,63,80,80,80],"floor_reached":51,"language":"ENG","playtime":2338,"items_purged":["hermit:FinalCanter"],"score":736,"play_id":"4b554a19-8414-460c-9b67-ad12f88a8f61","local_time":"20210112200318","is_ascension_mode":false,"campfire_choices":[{"data":"hermit:Quickdraw","floor":6,"key":"SMITH"},{"data":"hermit:Covet","floor":8,"key":"SMITH"},{"floor":15,"key":"REST"},{"data":"hermit:Grudge","floor":25,"key":"SMITH"},{"floor":29,"key":"REST"},{"floor":32,"key":"REST"},{"data":"hermit:EyeOfTheStorm","floor":40,"key":"SMITH"},{"data":"hermit:WideOpen","floor":46,"key":"SMITH"},{"data":"hermit:DeadOrAlive","floor":49,"key":"SMITH"}],"circlet_count":0,"master_deck":["hermit:Strike_Hermit","hermit:Strike_Hermit","hermit:Strike_Hermit","hermit:Defend_Hermit","hermit:Defend_Hermit+1","hermit:Defend_Hermit","hermit:Defend_Hermit","hermit:Snapshot","hermit:Covet+1","hermit:Enervate","hermit:Quickdraw+1","hermit:Grudge","hermit:Brawl+1","hermit:EyeOfTheStorm+1","hermit:BigShot+1","hermit:Headshot","hermit:Enervate","Writhe","hermit:Grudge+1","hermit:Misfire","hermit:DeadOrAlive+1","hermit:Enervate","hermit:Dive+1","hermit:Grudge","hermit:BigShot","Writhe","hermit:WideOpen+1","Pain","hermit:DeadMansHand+1","hermit:Gestalt+1"],"relics":["hermit:ClaspedLocket","Mercury Hourglass","Mummified Hand","Ornamental Fan","Shuriken","White Beast Statue","Bottled Lightning","Art of War","Eternal Feather","Coffee Dripper","Lee\u0027s Waffle","HornCleat","Blue Candle","WarpedTongs"],"acts_visited":["Exordium","TheCity","TheBeyond"],"potions_floor_usage":[22,23,23,33,35,35,42,42,45,48,50,50],"damage_taken":[{"damage":3,"enemies":"Jaw Worm","floor":1,"turns":3},{"damage":1,"enemies":"Cultist","floor":3,"turns":3},{"damage":1,"enemies":"2 Louse","floor":4,"turns":2},{"damage":4,"enemies":"Red Slaver","floor":7,"turns":4},{"damage":26,"enemies":"Gremlin Nob","floor":10,"turns":4},{"damage":9,"enemies":"2 Fungi Beasts","floor":11,"turns":3},{"damage":25,"enemies":"Slime Boss","floor":16,"turns":8},{"damage":4,"enemies":"Shell Parasite","floor":18,"turns":4},{"damage":1,"enemies":"3 Byrds","floor":22,"turns":3},{"damage":14,"enemies":"Gremlin Leader","floor":23,"turns":3},{"damage":4,"enemies":"3 Cultists","floor":27,"turns":4},{"damage":13,"enemies":"Snecko","floor":28,"turns":4},{"damage":36,"enemies":"Slavers","floor":30,"turns":3},{"damage":80,"enemies":"Automaton","floor":33,"turns":7},{"damage":6,"enemies":"Orb Walker","floor":35,"turns":3},{"damage":19,"enemies":"3 Shapes","floor":36,"turns":3},{"damage":16,"enemies":"Reptomancer","floor":42,"turns":4},{"damage":32,"enemies":"Spire Growth","floor":45,"turns":4},{"damage":6,"enemies":"Sphere and 2 Shapes","floor":48,"turns":3},{"damage":55,"enemies":"Donu and Deca","floor":50,"turns":7}],"seed_played":"-3473482104052899367","potions_obtained":[{"floor":3,"key":"LiquidBronze"},{"floor":16,"key":"DuplicationPotion"},{"floor":18,"key":"FearPotion"},{"floor":22,"key":"Energy Potion"},{"floor":23,"key":"hermit:BlackBile"},{"floor":27,"key":"Strength Potion"},{"floor":28,"key":"FairyPotion"},{"floor":33,"key":"hermit:BlackBile"},{"floor":35,"key":"BlessingOfTheForge"},{"floor":36,"key":"Swift Potion"},{"floor":38,"key":"hermit:BlackBile"},{"floor":38,"key":"SteroidPotion"},{"floor":42,"key":"Explosive Potion"},{"floor":45,"key":"Fire Potion"},{"floor":48,"key":"Ancient Potion"}],"is_trial":false,"path_per_floor":["M","?","M","M","?","R","M","R","T","E","M","?","?","T","R","B",null,"M","$","?","?","M","E","?","R","T","M","M","R","E","?","R","B",null,"M","M","$","?","$","R","?","E","T","?","M","R","?","M","R","B",null],"character_chosen":"HERMIT","items_purchased":["Shuriken","hermit:Grudge","hermit:BigShot","Lee\u0027s Waffle"],"campfire_rested":3,"item_purchase_floors":[19,37,37,39],"current_hp_per_floor":[72,75,74,73,73,73,69,69,69,43,34,19,8,8,30,5,75,71,71,71,71,70,56,56,56,56,52,39,61,25,25,59,22,75,69,50,50,50,82,82,82,66,66,66,34,52,52,46,64,9],"gold":80,"neow_bonus":"THREE_CARDS","is_daily":false,"chose_seed":false,"campfire_upgraded":6,"win_rate":0.0,"timestamp":1610481798,"path_taken":["M","?","M","?","?","R","?","R","T","E","M","?","?","?","R","BOSS","M","$","?","?","M","E","?","R","T","M","?","R","E","?","R","BOSS","M","M","$","?","?","R","?","E","T","?","?","R","?","M","R","BOSS"],"items_purchased_type":["Relic","Card","Card","Relic"],"build_version":"2020-12-22","purchased_purges":1,"victory":true,"max_hp_per_floor":[75,75,75,75,75,75,75,75,75,75,75,75,75,75,75,75,75,75,75,75,75,75,75,75,75,75,75,75,75,75,75,75,75,75,75,75,75,75,82,82,82,82,82,82,82,82,82,82,82,82],"card_choices":[{"not_picked":["hermit:TrackingShot","hermit:Snipe"],"picked":"hermit:Enervate","floor":0},{"not_picked":["hermit:Feint","hermit:HighCaliber"],"picked":"hermit:Quickdraw","floor":1},{"not_picked":["hermit:Snipe","hermit:WideOpen"],"picked":"hermit:Grudge","floor":3},{"not_picked":["hermit:Manifest","hermit:Headshot"],"picked":"hermit:Brawl","floor":4},{"not_picked":["hermit:TakeAim","hermit:Shortfuse"],"picked":"hermit:EyeOfTheStorm","floor":7},{"not_picked":["hermit:HighCaliber","hermit:Brawl","hermit:CursedWeapon"],"picked":"SKIP","floor":10},{"not_picked":["hermit:Feint","hermit:ItchyTrigger"],"picked":"hermit:BigShot","floor":11},{"not_picked":["hermit:Reprieve","hermit:HighNoon"],"picked":"hermit:FinalCanter","floor":16},{"not_picked":["hermit:NoHoldsBarred+1","hermit:Coalescence"],"picked":"hermit:Headshot","floor":18},{"not_picked":["hermit:HighCaliber","hermit:Coalescence"],"picked":"hermit:Grudge","floor":22},{"not_picked":["hermit:Ricochet","hermit:Glare+1"],"picked":"hermit:Misfire","floor":23},{"not_picked":["hermit:Manifest","hermit:HoleUp"],"picked":"hermit:Spite","floor":27},{"not_picked":["hermit:Feint+1","hermit:PistolWhip"],"picked":"hermit:Determination","floor":28},{"not_picked":["hermit:Showdown+1","hermit:BodyArmor","hermit:Maintenance"],"picked":"SKIP","floor":30},{"not_picked":["hermit:Adapt","hermit:BlackWind"],"picked":"hermit:DeadOrAlive","floor":33},{"not_picked":["hermit:BodyArmor+1","hermit:Misfire"],"picked":"hermit:Enervate","floor":35},{"not_picked":["hermit:Manifest","hermit:TakeAim"],"picked":"hermit:Dive+1","floor":36},{"not_picked":["hermit:Feint+1","hermit:DeadOrAlive"],"picked":"hermit:WideOpen","floor":42},{"not_picked":["hermit:FullyLoaded","hermit:HighCaliber+1"],"picked":"hermit:DeadMansHand+1","floor":45},{"not_picked":["hermit:Desperado+1","hermit:FullyLoaded+1"],"picked":"hermit:Gestalt+1","floor":48}],"player_experience":162149,"relics_obtained":[{"floor":9,"key":"Mercury Hourglass"},{"floor":10,"key":"Mummified Hand"},{"floor":14,"key":"Ornamental Fan"},{"floor":23,"key":"Bottled Lightning"},{"floor":26,"key":"Art of War"},{"floor":30,"key":"Eternal Feather"},{"floor":42,"key":"HornCleat"},{"floor":43,"key":"Blue Candle"}],"event_choices":[{"damage_healed":3,"gold_gain":0,"player_choice":"Full Heal","damage_taken":0,"max_hp_gain":0,"max_hp_loss":0,"event_name":"Wheel of Change","floor":2,"gold_loss":0},{"cards_removed":["hermit:Strike_Hermit"],"damage_healed":0,"gold_gain":0,"player_choice":"Purged","damage_taken":0,"max_hp_gain":0,"max_hp_loss":0,"event_name":"Purifier","floor":5,"gold_loss":0},{"damage_healed":0,"gold_gain":0,"player_choice":"Entered Light","damage_taken":15,"max_hp_gain":0,"max_hp_loss":0,"event_name":"Shining Light","floor":12,"gold_loss":0,"cards_upgraded":["hermit:Brawl","hermit:Defend_Hermit"]},{"damage_healed":0,"gold_gain":75,"player_choice":"Gather Gold","damage_taken":11,"max_hp_gain":0,"max_hp_loss":0,"event_name":"World of Goop","floor":13,"gold_loss":0},{"damage_healed":0,"gold_gain":0,"player_choice":"Read","damage_taken":0,"max_hp_gain":0,"max_hp_loss":0,"event_name":"The Library","floor":20,"gold_loss":0,"cards_obtained":["hermit:Enervate"]},{"damage_healed":0,"gold_gain":0,"player_choice":"Opened","damage_taken":0,"relics_obtained":["White Beast Statue"],"max_hp_gain":0,"max_hp_loss":0,"event_name":"The Mausoleum","floor":21,"gold_loss":0,"cards_obtained":["Writhe"]},{"damage_healed":0,"gold_gain":0,"player_choice":"Upgraded","damage_taken":0,"max_hp_gain":0,"max_hp_loss":0,"event_name":"Upgrade Shrine","floor":24,"gold_loss":0,"cards_upgraded":["hermit:BigShot"]},{"cards_removed":["hermit:Spite"],"damage_healed":0,"gold_gain":0,"player_choice":"Gave Gold","damage_taken":0,"max_hp_gain":0,"max_hp_loss":0,"event_name":"Beggar","floor":31,"gold_loss":75},{"damage_healed":0,"gold_gain":0,"player_choice":"Got Potions","damage_taken":0,"max_hp_gain":0,"max_hp_loss":0,"event_name":"Lab","floor":38,"gold_loss":0},{"damage_healed":21,"gold_gain":0,"player_choice":"Writhe","damage_taken":0,"max_hp_gain":0,"max_hp_loss":0,"event_name":"Winding Halls","floor":41,"gold_loss":0,"cards_obtained":["Writhe"]},{"damage_healed":0,"gold_gain":0,"player_choice":"Rummage","damage_taken":0,"relics_obtained":["WarpedTongs"],"max_hp_gain":0,"max_hp_loss":0,"event_name":"Accursed Blacksmith","floor":44,"gold_loss":0,"cards_obtained":["Pain"]},{"cards_removed":["hermit:Determination"],"damage_healed":0,"gold_gain":0,"player_choice":"Removed Power","damage_taken":0,"max_hp_gain":0,"max_hp_loss":0,"event_name":"Falling","floor":47,"gold_loss":0}],"is_beta":false,"boss_relics":[{"not_picked":["Pandora\u0027s Box","Busted Crown"],"picked":"hermit:ClaspedLocket"},{"not_picked":["Snecko Eye","Sozu"],"picked":"Coffee Dripper"}],"items_purged_floors":[37],"is_endless":false,"potions_floor_spawned":[3,16,18,22,23,27,28,30,33,35,36,42,45,48],"ascension_level":0}}