{"host":"8fuipfsvjht9cgcs","time":1610490591,"event":{"mods":["AchievementEnabler","BaseMod","Colored Map","Colored Powertips","DeckTracker","Minty Spire (QoL Compilation)","Replay The Spire","StSLib","SuperFastMode","The Gatherer"],"gold_per_floor":[115,115,132,145,156,156,168,198,198,51,51,70,70,70,70,168,168,186,111,111],"floor_reached":19,"language":"KOR","playtime":822,"items_purged":["Defend_G"],"score":245,"play_id":"0b4c5a6f-c1f9-441e-bc42-70406933951d","local_time":"20210113112951","is_ascension_mode":true,"campfire_choices":[{"data":"Dagger Spray","floor":6,"key":"SMITH"},{"floor":13,"key":"REST"},{"floor":15,"key":"DIG"}],"circlet_count":0,"master_deck":["Strike_G","Strike_G","Strike_G","Defend_G","Defend_G","Defend_G","Survivor","Neutralize","Dagger Spray+1","Backflip","Terror","Expertise","Tools of the Trade","Reflex","Die Die Die","Underhanded Strike"],"relics":["Ring of the Snake","Potion Belt","InkBottle","Tiny Chest","Ring of Chaos"],"acts_visited":["Exordium","TheCity"],"potions_floor_usage":[],"damage_taken":[{"damage":4.0,"enemies":"Jaw Worm","floor":1.0,"turns":5.0},{"damage":0.0,"enemies":"Cultist","floor":3.0,"turns":3.0},{"damage":2.0,"enemies":"2 Louse","floor":4.0,"turns":2.0},{"damage":22,"enemies":"Lots of Slimes","floor":5,"turns":6},{"damage":1,"enemies":"Looter","floor":7,"turns":3},{"damage":19,"enemies":"3 Sentries","floor":8,"turns":8},{"damage":2,"enemies":"3 Louse","floor":12,"turns":2},{"damage":61,"enemies":"Fading Forest","floor":16,"turns":11},{"damage":23,"enemies":"Shell Parasite","floor":18,"turns":6},{"damage":26,"enemies":"2 Thieves","floor":19,"turns":3}],"seed_played":"3822126062875715689","potions_obtained":[{"floor":1.0,"key":"SmokeBomb"},{"floor":3.0,"key":"Poison Potion"},{"floor":8,"key":"Weak Potion"},{"floor":12,"key":"SkillPotion"}],"is_trial":false,"path_per_floor":["M","?","M","M","M","R","M","E","T","$","?","M","R","?","R_BF","B",null,"M","M"],"character_chosen":"THE_SILENT","items_purchased":["Reflex"],"campfire_rested":1,"item_purchase_floors":[10],"current_hp_per_floor":[59,59,59,57,35,35,34,15,15,15,8,6,24,63,63,2,48,25,0,0],"gold":111,"neow_bonus":"REMOVE_TWO","is_daily":false,"chose_seed":false,"campfire_upgraded":1,"win_rate":0.0,"timestamp":1610490591,"path_taken":["M","?","M","M","M","R","?","E","T","$","?","M","R","?","R_BF","BOSS","M","?"],"items_purchased_type":["Card"],"build_version":"2020-12-22","purchased_purges":1,"victory":false,"max_hp_per_floor":[63,63,63,63,63,63,63,63,63,63,63,63,63,63,63,63,63,63,63,63],"card_choices":[{"not_picked":["Concentrate","Setup"],"picked":"Dagger Spray","floor":1.0},{"not_picked":["Quick Slash","Expertise"],"picked":"Backflip","floor":3.0},{"not_picked":["ReplayTheSpireMod:Exploit Weakness","Outmaneuver"],"picked":"Terror","floor":4.0},{"not_picked":["Quick Slash","Deflect","Backflip"],"picked":"SKIP","floor":5},{"not_picked":["Flechettes","ReplayTheSpireMod:Speed Training"],"picked":"Expertise","floor":7},{"not_picked":["Predator","Cloak And Dagger"],"picked":"Tools of the Trade","floor":8},{"not_picked":["Hidden Blade","Sneak Up","Dagger Spray"],"picked":"SKIP","floor":12},{"not_picked":["Unload","ReplayTheSpireMod:Necrosis"],"picked":"Die Die Die","floor":16},{"not_picked":["Blade Dance+1","Dagger Spray"],"picked":"Underhanded Strike","floor":18}],"player_experience":374012,"relics_obtained":[{"floor":8,"key":"Potion Belt"},{"floor":9,"key":"InkBottle"},{"floor":15,"key":"Tiny Chest"}],"event_choices":[{"damage_healed":0.0,"max_hp_gain":0.0,"max_hp_loss":0.0,"gold_gain":0.0,"event_name":"The Woman in Blue","player_choice":"Bought 0 Potions","floor":2.0,"gold_loss":0.0,"damage_taken":0.0},{"cards_removed":["Strike_G"],"damage_healed":0,"gold_gain":0,"player_choice":"Card Removal","damage_taken":7,"max_hp_gain":0,"max_hp_loss":0,"event_name":"Golden Wing","floor":11,"gold_loss":0},{"damage_healed":39,"gold_gain":0,"player_choice":"Full Heal","damage_taken":0,"max_hp_gain":0,"max_hp_loss":0,"event_name":"Wheel of Change","floor":14,"gold_loss":0}],"is_beta":false,"boss_relics":[{"not_picked":["Coffee Dripper","Replay:Bronze Core"],"picked":"Ring of Chaos"}],"items_purged_floors":[10],"is_endless":false,"potions_floor_spawned":[1,3,8,12],"killed_by":"2 Thieves","ascension_level":9}}