{"host":"9l1knhxfturzliqa","time":1610448622,"event":{"mods":["BaseMod","Colored Map","Colored Powertips","DeckTracker","Highlight Path","Keyboard Shortcuts","Minty Spire (QoL Compilation)","Random Character Button"],"gold_per_floor":[110,128,12,25,37,37,53,63,63,75,87,148,166,181,181,253,253,272,290,307,307,50,50,76,91,116,128,128,145,145,156,156,232,232,245,264,109,109,109,109,142,142,142],"floor_reached":42,"playtime":2838,"items_purged":["Strike_G","Defend_G"],"score":787,"play_id":"59ccc15f-3afb-465d-b480-0537169bee23","local_time":"20210112195022","is_ascension_mode":true,"campfire_choices":[{"data":"Deadly Poison","floor":6.0,"key":"SMITH"},{"data":"Distraction","floor":15.0,"key":"SMITH"},{"floor":23.0,"key":"REST"},{"floor":28.0,"key":"REST"},{"data":"Noxious Fumes","floor":30.0,"key":"SMITH"},{"data":"Well Laid Plans","floor":32.0,"key":"SMITH"},{"floor":40.0,"key":"REST"}],"circlet_count":0,"master_deck":["AscendersBane","Strike_G","Strike_G","Strike_G","Defend_G","Defend_G","Defend_G","Survivor","Neutralize","Deadly Poison+1","Reflex","Dagger Spray","Cloak And Dagger","Leg Sweep","Bouncing Flask","Flechettes","Dagger Throw","Distraction+1","Prepared","Bane","PiercingWail","Finisher","Corpse Explosion","Blade Dance+1","Calculated Gamble","Prepared+1","Well Laid Plans+1","Noxious Fumes+1","Accuracy","Adrenaline","Outmaneuver+1","PiercingWail","Madness","Madness","Dark Shackles","Mayhem","PiercingWail"],"relics":["Ring of the Snake","Mercury Hourglass","PreservedInsect","SlaversCollar","Happy Flower","Lizard Tail","Potion Belt","Sozu","Oddly Smooth Stone","Molten Egg 2"],"acts_visited":["Exordium","TheCity","TheBeyond"],"potions_floor_usage":[],"damage_taken":[{"damage":0.0,"enemies":"Cultist","floor":1.0,"turns":4.0},{"damage":0.0,"enemies":"Small Slimes","floor":2.0,"turns":3.0},{"damage":2.0,"enemies":"2 Louse","floor":4.0,"turns":3.0},{"damage":0.0,"enemies":"2 Fungi Beasts","floor":5.0,"turns":4.0},{"damage":0.0,"enemies":"Gremlin Gang","floor":7.0,"turns":4.0},{"damage":0.0,"enemies":"3 Louse","floor":8.0,"turns":2.0},{"damage":0.0,"enemies":"Large Slime","floor":10.0,"turns":4.0},{"damage":0.0,"enemies":"Looter","floor":11.0,"turns":1.0},{"damage":8.0,"enemies":"Lagavulin Event","floor":12.0,"turns":5.0},{"damage":0.0,"enemies":"2 Fungi Beasts","floor":13.0,"turns":2.0},{"damage":1.0,"enemies":"Exordium Thugs","floor":14.0,"turns":3.0},{"damage":17.0,"enemies":"Hexaghost","floor":16.0,"turns":10.0},{"damage":19.0,"enemies":"Spheric Guardian","floor":18.0,"turns":4.0},{"damage":0.0,"enemies":"Chosen","floor":19.0,"turns":4.0},{"damage":32.0,"enemies":"Sentry and Sphere","floor":20.0,"turns":5.0},{"damage":11.0,"enemies":"Slavers","floor":24.0,"turns":2.0},{"damage":2.0,"enemies":"Cultist and Chosen","floor":25.0,"turns":4.0},{"damage":1.0,"enemies":"Centurion and Healer","floor":27.0,"turns":4.0},{"damage":12.0,"enemies":"Chosen and Byrds","floor":29.0,"turns":5.0},{"damage":0.0,"enemies":"3 Cultists","floor":31.0,"turns":3.0},{"damage":57.0,"enemies":"Champ","floor":33.0,"turns":11.0},{"damage":5.0,"enemies":"Orb Walker","floor":35.0,"turns":4.0},{"damage":11.0,"enemies":"3 Shapes","floor":36.0,"turns":3.0},{"damage":38.0,"enemies":"Reptomancer","floor":41.0,"turns":6.0},{"damage":25,"enemies":"Maw","floor":42,"turns":2}],"seed_played":"-4378606737694930552","potions_obtained":[{"floor":5.0,"key":"SteroidPotion"},{"floor":7.0,"key":"BlessingOfTheForge"},{"floor":8.0,"key":"Strength Potion"},{"floor":10.0,"key":"DuplicationPotion"},{"floor":11.0,"key":"BlessingOfTheForge"},{"floor":14.0,"key":"SpeedPotion"},{"floor":16.0,"key":"Energy Potion"},{"floor":20.0,"key":"Ancient Potion"},{"floor":24.0,"key":"Block Potion"},{"floor":29.0,"key":"CunningPotion"}],"is_trial":false,"path_per_floor":["M","M","$","M","M","R","M","M","T","M","M","?","M","M","R","B",null,"M","M","M","?","$","R","E","M","T","M","R","M","R","M","R","B",null,"M","M","$","?","?","R","E","M"],"character_chosen":"THE_SILENT","items_purchased":["Leg Sweep","Happy Flower","Oddly Smooth Stone"],"campfire_rested":3,"item_purchase_floors":[3,22,37],"current_hp_per_floor":[44,44,44,42,42,42,42,42,42,42,42,34,34,33,33,16,54,35,35,3,3,3,22,11,9,9,8,27,15,15,15,15,3,50,45,34,34,26,21,40,2,0,0],"gold":142,"neow_bonus":"TRANSFORM_TWO_CARDS","is_daily":false,"chose_seed":false,"campfire_upgraded":4,"win_rate":0.0,"timestamp":1610448622,"path_taken":["M","M","?","M","M","R","M","M","T","M","M","?","M","M","R","BOSS","M","M","M","?","$","R","E","M","T","M","R","M","R","M","R","BOSS","M","M","$","?","?","R","E","M"],"items_purchased_type":["Card","Relic","Relic"],"build_version":"2020-12-22","purchased_purges":2,"victory":false,"max_hp_per_floor":[66,66,66,66,66,66,66,66,66,66,66,66,66,66,66,66,66,66,66,66,66,66,66,66,66,66,66,66,66,66,66,66,66,66,66,66,66,66,66,66,66,66,66],"card_choices":[{"not_picked":["Bane","Prepared"],"picked":"Dagger Spray","floor":1.0},{"not_picked":["Flying Knee","Reflex"],"picked":"Cloak And Dagger","floor":2.0},{"not_picked":["Outmaneuver","Distraction"],"picked":"Bouncing Flask","floor":4.0},{"not_picked":["Acrobatics","Choke"],"picked":"Flechettes","floor":5.0},{"not_picked":["Heel Hook","Cloak And Dagger"],"picked":"Dagger Throw","floor":7.0},{"not_picked":["Deadly Poison","Dagger Spray"],"picked":"Distraction","floor":8.0},{"not_picked":["Dagger Spray","Dash","Outmaneuver"],"picked":"SKIP","floor":10.0},{"not_picked":["Underhanded Strike","Quick Slash"],"picked":"Prepared","floor":11.0},{"not_picked":["Deflect","Slice"],"picked":"Bane","floor":12.0},{"not_picked":["Predator","Skewer"],"picked":"PiercingWail","floor":13.0},{"not_picked":["Reflex","Dash"],"picked":"Finisher","floor":14.0},{"not_picked":["Die Die Die","A Thousand Cuts"],"picked":"Corpse Explosion","floor":16.0},{"not_picked":["Skewer","Dodge and Roll"],"picked":"Blade Dance+1","floor":18.0},{"not_picked":["Slice","Backstab"],"picked":"Calculated Gamble","floor":19.0},{"not_picked":["Caltrops","Sucker Punch"],"picked":"Prepared+1","floor":20.0},{"not_picked":["Bane","Endless Agony"],"picked":"Well Laid Plans","floor":24.0},{"not_picked":["Prepared","Deadly Poison"],"picked":"Noxious Fumes","floor":25.0},{"not_picked":["Deadly Poison","Deflect","Sucker Punch"],"picked":"SKIP","floor":27.0},{"not_picked":["Slice","Concentrate","Backflip"],"picked":"SKIP","floor":29.0},{"not_picked":["Sucker Punch","Terror"],"picked":"Accuracy","floor":31.0},{"not_picked":["Glass Knife","Venomology"],"picked":"Adrenaline","floor":33.0},{"not_picked":["Expertise","Flying Knee"],"picked":"Outmaneuver+1","floor":35.0},{"not_picked":["Blade Dance","Acrobatics"],"picked":"PiercingWail","floor":36.0},{"not_picked":["Flash of Steel","Panacea"],"picked":"Dark Shackles","floor":39.0},{"not_picked":["Madness","The Bomb"],"picked":"Mayhem","floor":39.0},{"not_picked":["Poisoned Stab+1","Dagger Spray+1"],"picked":"PiercingWail","floor":41.0}],"player_experience":412786,"relics_obtained":[{"floor":9.0,"key":"Mercury Hourglass"},{"floor":12.0,"key":"PreservedInsect"},{"floor":24.0,"key":"Lizard Tail"},{"floor":26.0,"key":"Potion Belt"},{"floor":41.0,"key":"Molten Egg 2"}],"event_choices":[{"damage_healed":0.0,"max_hp_gain":0.0,"max_hp_loss":0.0,"gold_gain":0.0,"event_name":"Dead Adventurer","player_choice":"Searched \u00271\u0027 times","floor":12.0,"gold_loss":0.0,"damage_taken":0.0},{"damage_healed":0.0,"max_hp_gain":0.0,"max_hp_loss":0.0,"gold_gain":0.0,"event_name":"Vampires","player_choice":"Ignored","floor":21.0,"gold_loss":0.0,"damage_taken":0.0},{"damage_healed":0.0,"max_hp_gain":0.0,"max_hp_loss":0.0,"gold_gain":0.0,"event_name":"Winding Halls","player_choice":"Embrace Madness","floor":38.0,"gold_loss":0.0,"damage_taken":8.0,"cards_obtained":["Madness","Madness"]},{"damage_healed":0.0,"max_hp_gain":0.0,"max_hp_loss":0.0,"gold_gain":0.0,"event_name":"SensoryStone","player_choice":"Memory 2","floor":39.0,"gold_loss":0.0,"damage_taken":5.0}],"is_beta":false,"boss_relics":[{"not_picked":["Runic Pyramid","Cursed Key"],"picked":"SlaversCollar"},{"not_picked":["Snecko Eye","Philosopher\u0027s Stone"],"picked":"Sozu"}],"items_purged_floors":[3,22],"is_endless":false,"potions_floor_spawned":[5,7,8,10,11,14,16,20,24,29,36],"killed_by":"Maw","ascension_level":14}}