{"host":"ai2zab3l3qrfb1vu","time":1610459437,"event":{"mods":["2.2 Compatiblity","Act Like it!","BaseMod","Better Third Choice","BetterRewards","Friendly Minions","Gensokyo","GifTheSpireLib","Highlight Path","Hubris","Infinite Spire","Mimic Mod","Minty Spire (QoL Compilation)","Relic Filter","Replay The Spire","Shop Mod","StSLib","The Marked","Wandering Minibosses"],"gold_per_floor":[119,12,12,112,112,112,2,29,69,304,320,320,340,340,340,440,440,453,121,121,133,2,33,33,533,533],"floor_reached":25,"playtime":1676,"items_purged":["Clumsy"],"score":259,"play_id":"3f9bb578-e158-48c7-8cfc-0d4dac5d0b0d","local_time":"20210112065037","is_ascension_mode":true,"campfire_choices":[{"data":"ReplayTheSpireMod:Faulty Equipment","floor":6,"key":"SMITH"},{"data":"theMarked:SoldierOfQuellstein","floor":12,"key":"SMITH"},{"data":"theMarked:ParalyzingBlade","floor":15,"key":"SMITH"},{"data":"theMarked:EternalStudent","floor":24,"key":"SMITH"}],"circlet_count":0,"master_deck":["theMarked:Strike","theMarked:Strike","theMarked:Defend","theMarked:SoldierOfQuellstein+1","theMarked:EmpowerWeapon","theMarked:ParalyzingBlade+1","theMarked:EternalStudent+1","Gensokyo:BlemishedSteel","Gensokyo:MysteriousEgg"],"relics":["Kintsugi","Membership Card","ReplayTheSpireMod:TigerMarble","PreservedInsect","infinitespire:Beetle Shell","hubris:Spice","SlaversCollar","theMarked:Winder","ReplayFunnel","Singing Bowl","hubris:SlimyHat"],"acts_visited":["Gensokyo:Gensokyo","Gensokyo:Gensokyoer"],"potions_floor_usage":[9,16,18,21,21,25],"damage_taken":[{"damage":1,"enemies":"Gensokyo:Python","floor":1,"turns":3},{"damage":8,"enemies":"Gensokyo:3_Fairies","floor":3,"turns":5},{"damage":22,"enemies":"Gensokyo:Aya","floor":8,"turns":6},{"damage":6,"enemies":"Gensokyo:Gryphon","floor":9,"turns":5},{"damage":18,"enemies":"Gensokyo:Mamizou","floor":10,"turns":6},{"damage":11,"enemies":"Gensokyo:Gryphon","floor":11,"turns":3},{"damage":0,"enemies":"Gensokyo:LivingMonolith","floor":13,"turns":2},{"damage":3,"enemies":"Gensokyo:Reimu","floor":16,"turns":5},{"damage":0,"enemies":"Gensokyo:2_Gloops","floor":18,"turns":3},{"damage":2,"enemies":"Gensokyo:CosmicMonolith","floor":21,"turns":3},{"damage":48,"enemies":"Gensokyo:Tenshi","floor":23,"turns":4},{"damage":28,"enemies":"Gensokyo:Reisen","floor":25,"turns":3}],"seed_played":"-4852673589260195541","potions_obtained":[{"floor":8,"key":"Block Potion"},{"floor":10,"key":"FearPotion"},{"floor":11,"key":"Fire Potion"},{"floor":13,"key":"EssenceOfSteel"},{"floor":16,"key":"Block Potion"},{"floor":23,"key":"ColorlessPotion"}],"is_trial":false,"path_per_floor":["M","$","M","?","?","R","COS","E","MIM","E","M","R","M","?","R","B",null,"M","COS","?","M","$","E","R","E"],"character_chosen":"THE_DEFAULT","items_purchased":["Membership Card","theMarked:EmpowerWeapon","Singing Bowl"],"campfire_rested":0,"item_purchase_floors":[2,2,22],"current_hp_per_floor":[69,69,61,61,61,61,61,39,33,15,12,12,12,12,12,9,78,78,78,72,70,70,24,24,0,0],"gold":533,"neow_bonus":"BOSS_RELIC","is_daily":false,"chose_seed":false,"campfire_upgraded":4,"win_rate":0.0,"timestamp":1610459437,"path_taken":["M","$","M","?","?","R","COS","E","MIM","E","M","R","?","?","R","BOSS","M","COS","?","M","$","E","R","E"],"items_purchased_type":["Relic","Card","Relic"],"build_version":"2020-12-22","purchased_purges":1,"victory":false,"max_hp_per_floor":[70,70,70,70,70,70,70,70,70,70,78,78,78,78,78,78,78,78,78,72,72,72,74,74,74,74],"card_choices":[{"not_picked":["theMarked:RepellingDischarge","theMarked:Overthink","theMarked:SwordAndMagic"],"picked":"SKIP","floor":1},{"not_picked":["theMarked:WastefulDefense","theMarked:TakeCover","theMarked:RepellingDischarge"],"picked":"SKIP","floor":3},{"not_picked":["theMarked:Overthink","theMarked:BanishingStrike","theMarked:ElectricStrings"],"picked":"SKIP","floor":8},{"not_picked":["theMarked:WardOff","theMarked:ElectricStrings","theMarked:SwordAndMagic"],"picked":"SKIP","floor":10},{"not_picked":["theMarked:ComboAttacks","theMarked:Frustration","theMarked:HeightenedSenses"],"picked":"SKIP","floor":11},{"not_picked":["theMarked:Aftermath","theMarked:BanishingStrike"],"picked":"theMarked:ParalyzingBlade","floor":13},{"not_picked":["theMarked:UnarmedFury","theMarked:SuspiciousRaven"],"picked":"theMarked:EternalStudent","floor":16},{"not_picked":["theMarked:Static","theMarked:WastefulAttack+1","theMarked:Frustration+1"],"picked":"SKIP","floor":18},{"not_picked":["theMarked:PowerFlow","theMarked:HeightenedSenses","theMarked:ChainLightning"],"picked":"SKIP","floor":21},{"not_picked":["theMarked:PowerFlow","theMarked:HeightenedSenses","theMarked:ChainLightning"],"picked":"SKIP","floor":21},{"not_picked":["theMarked:Electrify+1","theMarked:Parkour+1","theMarked:HeritageOfTheMarked"],"picked":"Singing Bowl","floor":23}],"player_experience":513992,"relics_obtained":[{"floor":8,"key":"ReplayTheSpireMod:TigerMarble"},{"floor":9,"key":"PreservedInsect"},{"floor":10,"key":"infinitespire:Beetle Shell"},{"floor":23,"key":"hubris:SlimyHat"}],"event_choices":[],"is_beta":false,"boss_relics":[{"not_picked":["hubris:Spice","Sozu"],"picked":"SlaversCollar"}],"items_purged_floors":[2],"is_endless":false,"potions_floor_spawned":[8,10,11,13,16,23],"killed_by":"Gensokyo:Reisen","ascension_level":1}}