{"host":"j4g6ia6asvpyu2b0","time":1610460508,"event":{"mods":["BaseMod","Colored Map","Minty Spire (QoL Compilation)","Permanent Neow","Quick Restart","Relic Stats","StSLib","Unceasing Turn Reminder"],"gold_per_floor":[110,127,202,215,215,242,242,277,302,332,332,65,138,193,193,323,323,363,423,423,278,203,244,244,338,361,394,407,470,495,63,63,209,209,248,248,297,320,320,320,363,363,386,425,425,443,443,477,477,477,477,477,154,185,185],"floor_reached":56,"playtime":1934,"items_purged":["Strike_R","Iron Wave"],"score":2165,"play_id":"2c651de4-1daf-4e47-83e6-50251e408f2d","local_time":"20210112070828","is_ascension_mode":true,"campfire_choices":[{"data":"Bash","floor":7.0,"key":"SMITH"},{"data":"HandOfGreed","floor":15.0,"key":"SMITH"},{"data":"Impervious","floor":24.0,"key":"SMITH"},{"data":"Heavy Blade","floor":32.0,"key":"SMITH"},{"floor":40.0,"key":"RECALL"},{"data":"Heavy Blade","floor":42.0,"key":"SMITH"},{"data":"Pummel","floor":45.0,"key":"SMITH"},{"data":"Limit Break","floor":47.0,"key":"SMITH"},{"data":"Impervious","floor":49.0,"key":"SMITH"},{"data":"Spot Weakness","floor":52.0,"key":"SMITH"}],"circlet_count":0,"master_deck":["AscendersBane","Bash+1","Spot Weakness+1","Heavy Blade+1","Flame Barrier+1","Corruption","HandOfGreed+1","Heavy Blade+1","Bludgeon","Barricade","Reaper","Feed","Twin Strike","Pummel+1","Impervious+1","Spot Weakness+1","Dark Embrace","Shrug It Off+1","Pummel+1","Heavy Blade+1","Flame Barrier","Impervious+1","Headbutt+1","Body Slam+1","Limit Break+1","Body Slam+1","Apotheosis","Dual Wield"],"relics":["Snecko Eye","Potion Belt","PreservedInsect","Whetstone","Letter Opener","Golden Idol","Mummified Hand","Pandora\u0027s Box","Red Mask","Happy Flower","Molten Egg 2","Frozen Egg 2","Bag of Preparation","Blood Vial","Bottled Lightning","Gambling Chip","Mark of Pain","Lantern","Juzu Bracelet","War Paint","Strange Spoon","Bronze Scales"],"acts_visited":["Exordium","TheCity","TheBeyond","TheEnding"],"potions_floor_usage":[55,55],"damage_taken":[{"damage":0.0,"enemies":"Cultist","floor":1.0,"turns":3.0},{"damage":0.0,"enemies":"2 Louse","floor":2.0,"turns":3.0},{"damage":2.0,"enemies":"Small Slimes","floor":4.0,"turns":4.0},{"damage":18.0,"enemies":"Gremlin Nob","floor":6.0,"turns":3.0},{"damage":5.0,"enemies":"3 Sentries","floor":8.0,"turns":6.0},{"damage":0.0,"enemies":"Gremlin Nob","floor":10.0,"turns":3.0},{"damage":1.0,"enemies":"3 Louse","floor":13.0,"turns":5.0},{"damage":3.0,"enemies":"Lagavulin","floor":14.0,"turns":4.0},{"damage":0.0,"enemies":"Slime Boss","floor":16.0,"turns":4.0},{"damage":0.0,"enemies":"Shell Parasite","floor":18.0,"turns":4.0},{"damage":0.0,"enemies":"Masked Bandits","floor":19.0,"turns":2.0},{"damage":19.0,"enemies":"Book of Stabbing","floor":23.0,"turns":3.0},{"damage":5.0,"enemies":"Slavers","floor":25.0,"turns":3.0},{"damage":10.0,"enemies":"Book of Stabbing","floor":27.0,"turns":2.0},{"damage":0.0,"enemies":"Spheric Guardian","floor":28.0,"turns":1.0},{"damage":0.0,"enemies":"Gremlin Leader","floor":29.0,"turns":3.0},{"damage":0.0,"enemies":"Snake Plant","floor":30.0,"turns":2.0},{"damage":33.0,"enemies":"Champ","floor":33.0,"turns":6.0},{"damage":0.0,"enemies":"Orb Walker","floor":35.0,"turns":1.0},{"damage":0.0,"enemies":"3 Darklings","floor":37.0,"turns":5.0},{"damage":0.0,"enemies":"Writhing Mass","floor":38.0,"turns":3.0},{"damage":0.0,"enemies":"Nemesis","floor":41.0,"turns":3.0},{"damage":13.0,"enemies":"Giant Head","floor":44.0,"turns":4.0},{"damage":0.0,"enemies":"Spire Growth","floor":46.0,"turns":3.0},{"damage":0.0,"enemies":"Nemesis","floor":48.0,"turns":3.0},{"damage":34.0,"enemies":"Time Eater","floor":50.0,"turns":3.0},{"damage":10,"enemies":"Shield and Spear","floor":54,"turns":3},{"damage":33,"enemies":"The Heart","floor":55,"turns":5}],"seed_played":"-57329752912207383","potions_obtained":[{"floor":4.0,"key":"Ancient Potion"},{"floor":8.0,"key":"Block Potion"},{"floor":10.0,"key":"AttackPotion"},{"floor":13.0,"key":"SpeedPotion"},{"floor":25.0,"key":"Energy Potion"},{"floor":28.0,"key":"LiquidMemories"},{"floor":30.0,"key":"Strength Potion"},{"floor":54,"key":"LiquidBronze"}],"is_trial":false,"path_per_floor":["M","M","?","M","?","E","R","E","T","E","?","$","M","E","R","B",null,"M","?","?","$","?","E","R","E","T","E","M","E","M","$","R","B",null,"M","$","M","M","?","R","E","R","T","E","R","M","R","E","R","B",null,"R","$","E","B",null],"character_chosen":"IRONCLAD","items_purchased":["HandOfGreed","Happy Flower","Flame Barrier","Gambling Chip","Strange Spoon","Apotheosis"],"campfire_rested":0,"item_purchase_floors":[12,21,31,31,53,53],"current_hp_per_floor":[72,72,61,59,64,46,46,41,41,41,41,41,40,37,37,37,69,76,82,66,66,66,47,47,45,45,35,40,42,44,44,44,13,71,83,83,90,90,85,85,85,85,85,83,83,86,86,88,88,54,80,80,80,76,45],"gold":185,"neow_bonus":"BOSS_RELIC","is_daily":false,"chose_seed":false,"campfire_upgraded":9,"win_rate":0.0,"timestamp":1610460508,"path_taken":["M","?","?","M","?","E","R","E","T","E","?","$","?","E","R","BOSS","M","?","?","$","?","E","R","E","T","E","M","E","M","?","R","BOSS","M","$","?","M","?","R","E","R","T","E","R","M","R","E","R","BOSS","R","$","E","BOSS"],"items_purchased_type":["Card","Relic","Card","Relic","Relic","Card"],"build_version":"2020-12-22","purchased_purges":2,"victory":true,"max_hp_per_floor":[80,80,80,80,85,85,85,85,85,85,79,79,79,79,79,79,79,79,82,87,87,87,87,87,90,90,90,90,90,90,90,90,90,90,90,90,90,90,85,85,85,85,85,88,88,88,88,88,88,88,88,88,88,92,92],"relic_stats":{"Happy Flower":[17],"counters":[28,94],"Golden Idol":206,"PreservedInsect":530,"Bag of Preparation":[30],"Juzu Bracelet":0,"Whetstone":["Strike_R","Strike_R"],"Letter Opener":[78],"War Paint":["Spot Weakness","Flame Barrier"],"Blood Vial":20,"Strange Spoon":[10],"Mummified Hand":[86],"Gambling Chip":[55],"Bronze Scales":[66],"Snecko Eye":[170,187,182,198],"Pandora\u0027s Box":["Reaper","Iron Wave","Feed","Twin Strike","Barricade","Pummel","Impervious","Spot Weakness"],"obtain_stats":[{"Potion Belt":6,"Lantern":41,"Happy Flower":21,"Golden Idol":11,"PreservedInsect":8,"Bag of Preparation":26,"Juzu Bracelet":44,"Whetstone":9,"Letter Opener":10,"Frozen Egg 2":25,"War Paint":48,"Burning Blood":0,"Blood Vial":27,"Strange Spoon":53,"Mummified Hand":14,"Gambling Chip":31,"Bronze Scales":54,"Snecko Eye":0,"Pandora\u0027s Box":17,"Molten Egg 2":23,"Mark of Pain":34,"Red Mask":19,"Bottled Lightning":29},{"Potion Belt":4,"Lantern":22,"Happy Flower":11,"Golden Idol":6,"PreservedInsect":5,"Bag of Preparation":13,"Juzu Bracelet":23,"Whetstone":5,"Letter Opener":6,"Frozen Egg 2":13,"War Paint":25,"Burning Blood":0,"Blood Vial":14,"Strange Spoon":26,"Mummified Hand":8,"Gambling Chip":17,"Bronze Scales":27,"Snecko Eye":0,"Pandora\u0027s Box":9,"Molten Egg 2":12,"Mark of Pain":18,"Red Mask":11,"Bottled Lightning":16},{"Potion Belt":13,"Lantern":73,"Happy Flower":41,"Golden Idol":22,"PreservedInsect":19,"Bag of Preparation":47,"Juzu Bracelet":77,"Whetstone":19,"Letter Opener":22,"Frozen Egg 2":47,"War Paint":83,"Burning Blood":0,"Blood Vial":49,"Strange Spoon":86,"Mummified Hand":31,"Gambling Chip":55,"Bronze Scales":89,"Snecko Eye":0,"Pandora\u0027s Box":35,"Molten Egg 2":44,"Mark of Pain":61,"Red Mask":41,"Bottled Lightning":53}]},"card_choices":[{"not_picked":["Armaments","Dropkick","True Grit"],"picked":"SKIP","floor":1.0},{"not_picked":["Anger","Dual Wield"],"picked":"Spot Weakness","floor":2.0},{"not_picked":["Spot Weakness","True Grit"],"picked":"Heavy Blade","floor":4.0},{"not_picked":["Wild Strike","Headbutt"],"picked":"Flame Barrier","floor":6.0},{"not_picked":["Sword Boomerang","Twin Strike"],"picked":"Corruption","floor":8.0},{"not_picked":["Reckless Charge","Cleave","Armaments"],"picked":"SKIP","floor":10.0},{"not_picked":["Anger","Entrench"],"picked":"Heavy Blade","floor":13.0},{"not_picked":["Body Slam","Flame Barrier"],"picked":"Bludgeon","floor":14.0},{"not_picked":["Reaper","Berserk"],"picked":"Barricade","floor":16.0},{"not_picked":["Flex","Cleave"],"picked":"Dark Embrace","floor":18.0},{"not_picked":["True Grit+1","Flex+1","Wild Strike+1"],"picked":"SKIP","floor":23.0},{"not_picked":["Combust+1","Cleave+1","Seeing Red"],"picked":"SKIP","floor":25.0},{"not_picked":["True Grit","Entrench"],"picked":"Shrug It Off+1","floor":27.0},{"not_picked":["Searing Blow+1","Second Wind","Dropkick+1"],"picked":"SKIP","floor":28.0},{"not_picked":["Infernal Blade","Iron Wave+1"],"picked":"Pummel+1","floor":29.0},{"not_picked":["Clash+1","Burning Pact+1"],"picked":"Heavy Blade+1","floor":30.0},{"not_picked":["Corruption+1","Berserk+1"],"picked":"Impervious","floor":33.0},{"not_picked":["True Grit+1","Iron Wave+1","Havoc"],"picked":"SKIP","floor":35.0},{"not_picked":["Dark Embrace+1","Sentinel"],"picked":"Headbutt+1","floor":37.0},{"not_picked":["Sever Soul+1","Perfected Strike+1","Searing Blow+1"],"picked":"SKIP","floor":38.0},{"not_picked":["Dropkick+1","Headbutt+1"],"picked":"Body Slam+1","floor":41.0},{"not_picked":["Sword Boomerang+1","Armaments+1","Warcry+1"],"picked":"SKIP","floor":44.0},{"not_picked":["Bloodletting+1","Second Wind"],"picked":"Limit Break","floor":46.0},{"not_picked":["Anger+1","Blood for Blood+1"],"picked":"Body Slam+1","floor":48.0},{"not_picked":["Berserk+1","Armaments+1"],"picked":"Dual Wield","floor":54}],"player_experience":817455,"relics_obtained":[{"floor":6.0,"key":"Potion Belt"},{"floor":8.0,"key":"PreservedInsect"},{"floor":9.0,"key":"Whetstone"},{"floor":10.0,"key":"Letter Opener"},{"floor":14.0,"key":"Mummified Hand"},{"floor":19.0,"key":"Red Mask"},{"floor":23.0,"key":"Molten Egg 2"},{"floor":25.0,"key":"Frozen Egg 2"},{"floor":26.0,"key":"Bag of Preparation"},{"floor":27.0,"key":"Blood Vial"},{"floor":29.0,"key":"Bottled Lightning"},{"floor":41.0,"key":"Lantern"},{"floor":44.0,"key":"Juzu Bracelet"},{"floor":48.0,"key":"War Paint"},{"floor":54,"key":"Bronze Scales"}],"event_choices":[{"damage_healed":0.0,"max_hp_gain":0.0,"max_hp_loss":0.0,"gold_gain":75.0,"event_name":"World of Goop","player_choice":"Gather Gold","floor":3.0,"gold_loss":0.0,"damage_taken":11.0},{"damage_healed":0.0,"max_hp_gain":5.0,"max_hp_loss":0.0,"gold_gain":0.0,"event_name":"Big Fish","player_choice":"Donut","floor":5.0,"gold_loss":0.0,"damage_taken":0.0},{"damage_healed":0.0,"max_hp_gain":0.0,"max_hp_loss":6.0,"gold_gain":0.0,"event_name":"Golden Idol","player_choice":"Lose Max HP","floor":11.0,"gold_loss":0.0,"damage_taken":0.0,"relics_obtained":["Golden Idol"]},{"damage_healed":0.0,"max_hp_gain":0.0,"max_hp_loss":0.0,"gold_gain":0.0,"event_name":"Masked Bandits","player_choice":"Fought Bandits","floor":19.0,"gold_loss":0.0,"damage_taken":0.0},{"damage_healed":0.0,"max_hp_gain":5.0,"max_hp_loss":0.0,"gold_gain":0.0,"event_name":"Forgotten Altar","player_choice":"Shed Blood","floor":20.0,"gold_loss":0.0,"damage_taken":21.0},{"cards_removed":["Barricade"],"damage_healed":0.0,"max_hp_gain":0.0,"max_hp_loss":0.0,"gold_gain":0.0,"event_name":"Beggar","player_choice":"Gave Gold","floor":22.0,"gold_loss":75.0,"damage_taken":0.0},{"damage_healed":0.0,"max_hp_gain":0.0,"max_hp_loss":5.0,"gold_gain":0.0,"event_name":"Winding Halls","player_choice":"Max HP","floor":39.0,"gold_loss":0.0,"damage_taken":0.0}],"is_beta":false,"boss_relics":[{"not_picked":["Astrolabe","Runic Pyramid"],"picked":"Pandora\u0027s Box"},{"not_picked":["Empty Cage","Velvet Choker"],"picked":"Mark of Pain"}],"items_purged_floors":[12,31],"is_endless":false,"potions_floor_spawned":[4,8,10,13,25,28,29,30,35,44,54],"ascension_level":11}}