{"host":"7l2t4psy44vpcd9q","time":1610478100,"event":{"mods":["AchievementEnabler","BaseMod","DeckTracker","Minty Spire (QoL Compilation)","SuperFastMode"],"gold_per_floor":[110,125,187,203,114,114,143,143,197,227,240,80,80,99,99,174,174,184,27,27,327,327,327,360,410,410,428,428,458,73,85,85,162,162,181,181,181,200,216,216,216],"floor_reached":40,"playtime":1719,"items_purged":[],"score":964,"play_id":"b8e3387d-efcc-4a5e-8617-e5f53597609e","local_time":"20210113040140","is_ascension_mode":true,"campfire_choices":[{"data":"Armaments","floor":6.0,"key":"SMITH"},{"data":"Fire Breathing","floor":8.0,"key":"SMITH"},{"floor":15.0,"key":"REST"},{"data":"Immolate","floor":23.0,"key":"SMITH"},{"floor":28.0,"key":"REST"},{"floor":32.0,"key":"REST"}],"circlet_count":0,"master_deck":["AscendersBane","Strike_R","Strike_R","Strike_R","Defend_R","Defend_R","Bash","Dual Wield+1","Intimidate+1","Uppercut+1","Feel No Pain","Reckless Charge","Armaments+1","Fire Breathing+1","Sever Soul","Hemokinesis","Feel No Pain","Immolate+1","Evolve","Decay","True Grit","Shrug It Off+1","Offering","Hemokinesis","Flame Barrier"],"relics":["Astrolabe","Tiny Chest","Red Skull","Happy Flower","DollysMirror","Velvet Choker","Potion Belt","Old Coin","Bag of Marbles","Singing Bowl","Centennial Puzzle","ClockworkSouvenir","Fusion Hammer","Darkstone Periapt"],"acts_visited":["Exordium","TheCity","TheBeyond"],"potions_floor_usage":[40],"damage_taken":[{"damage":4.0,"enemies":"Jaw Worm","floor":1.0,"turns":4.0},{"damage":0.0,"enemies":"2 Louse","floor":2.0,"turns":3.0},{"damage":2.0,"enemies":"Cultist","floor":4.0,"turns":4.0},{"damage":19.0,"enemies":"3 Sentries","floor":7.0,"turns":6.0},{"damage":26.0,"enemies":"Gremlin Nob","floor":10.0,"turns":4.0},{"damage":9.0,"enemies":"2 Fungi Beasts","floor":11.0,"turns":3.0},{"damage":2.0,"enemies":"Large Slime","floor":14.0,"turns":3.0},{"damage":2.0,"enemies":"Slime Boss","floor":16.0,"turns":7.0},{"damage":14.0,"enemies":"Spheric Guardian","floor":18.0,"turns":5.0},{"damage":40.0,"enemies":"Slavers","floor":24.0,"turns":5.0},{"damage":6.0,"enemies":"2 Thieves","floor":27.0,"turns":2.0},{"damage":16.0,"enemies":"Book of Stabbing","floor":29.0,"turns":4.0},{"damage":14.0,"enemies":"Snecko","floor":31.0,"turns":4.0},{"damage":12.0,"enemies":"Automaton","floor":33.0,"turns":11.0},{"damage":20.0,"enemies":"3 Shapes","floor":35.0,"turns":6.0},{"damage":0.0,"enemies":"3 Darklings","floor":38.0,"turns":2.0},{"damage":52.0,"enemies":"Jaw Worm Horde","floor":39.0,"turns":4.0},{"damage":29,"enemies":"Nemesis","floor":40,"turns":4}],"seed_played":"179729532088322395","potions_obtained":[{"floor":4.0,"key":"FearPotion"},{"floor":11.0,"key":"Dexterity Potion"},{"floor":13.0,"key":"Fruit Juice"},{"floor":13.0,"key":"SteroidPotion"},{"floor":14.0,"key":"SteroidPotion"},{"floor":16.0,"key":"AttackPotion"},{"floor":18.0,"key":"LiquidBronze"},{"floor":27.0,"key":"SteroidPotion"},{"floor":29.0,"key":"Fruit Juice"},{"floor":31.0,"key":"SpeedPotion"},{"floor":38.0,"key":"BloodPotion"},{"floor":39.0,"key":"DuplicationPotion"}],"is_trial":false,"path_per_floor":["M","M","?","M","$","R","E","R","T","E","M","$","?","M","R","B",null,"M","$","?","T","?","R","E","?","T","M","R","E","$","M","R","B",null,"M","T","?","M","M","E"],"character_chosen":"IRONCLAD","items_purchased":["Fire Breathing","DollysMirror","Potion Belt","Energy Potion","DuplicationPotion","LiquidBronze","ClockworkSouvenir"],"campfire_rested":3,"item_purchase_floors":[5,12,19,30,30,30,30],"current_hp_per_floor":[64,64,64,62,62,62,43,43,43,17,8,8,13,11,35,33,68,54,54,54,54,54,54,14,14,14,10,34,20,20,11,37,25,73,55,55,55,55,23,0,0],"gold":216,"neow_bonus":"BOSS_RELIC","is_daily":false,"chose_seed":false,"campfire_upgraded":3,"win_rate":0.0,"timestamp":1610478100,"path_taken":["M","M","?","M","$","R","E","R","T","E","M","$","?","?","R","BOSS","M","$","?","?","?","R","E","?","T","M","R","E","?","M","R","BOSS","M","?","?","M","?","E"],"items_purchased_type":["Card","Relic","Relic","Potion","Potion","Potion","Relic"],"build_version":"2020-12-22","purchased_purges":0,"victory":false,"max_hp_per_floor":[75,75,75,75,75,75,75,75,75,75,75,75,80,80,80,80,80,80,80,80,80,80,80,80,80,80,82,82,84,84,89,89,89,89,91,91,91,91,93,93,93],"card_choices":[{"not_picked":["Anger","True Grit"],"picked":"Feel No Pain","floor":1.0},{"not_picked":["Perfected Strike","Cleave"],"picked":"Reckless Charge","floor":2.0},{"not_picked":["Rampage","Wild Strike"],"picked":"Armaments","floor":4.0},{"not_picked":["Brutality","Pummel"],"picked":"Sever Soul","floor":7.0},{"not_picked":["Fiend Fire","Pummel"],"picked":"Hemokinesis","floor":10.0},{"not_picked":["Shockwave","Body Slam","True Grit"],"picked":"SKIP","floor":11.0},{"not_picked":["Clash","Clothesline","Dual Wield"],"picked":"SKIP","floor":14.0},{"not_picked":["Impervious","Barricade"],"picked":"Immolate","floor":16.0},{"not_picked":["Thunderclap","Clash+1"],"picked":"Evolve","floor":18.0},{"not_picked":["Feel No Pain","Wild Strike"],"picked":"True Grit","floor":24.0},{"not_picked":["Pommel Strike","Infernal Blade","Searing Blow+1"],"picked":"Singing Bowl","floor":27.0},{"not_picked":["Fire Breathing","Armaments","Rupture"],"picked":"Singing Bowl","floor":29.0},{"not_picked":["Headbutt","Wild Strike"],"picked":"Shrug It Off+1","floor":31.0},{"not_picked":["Juggernaut","Berserk"],"picked":"Offering","floor":33.0},{"not_picked":["Dropkick","Thunderclap","Havoc"],"picked":"Singing Bowl","floor":35.0},{"not_picked":["Evolve","Uppercut"],"picked":"Flame Barrier","floor":38.0},{"not_picked":["Warcry","Clash","Whirlwind"],"picked":"Singing Bowl","floor":39.0}],"player_experience":1227011,"relics_obtained":[{"floor":7.0,"key":"Tiny Chest"},{"floor":9.0,"key":"Red Skull"},{"floor":10.0,"key":"Happy Flower"},{"floor":21.0,"key":"Old Coin"},{"floor":24.0,"key":"Bag of Marbles"},{"floor":26.0,"key":"Singing Bowl"},{"floor":29.0,"key":"Centennial Puzzle"},{"floor":36.0,"key":"Darkstone Periapt"}],"event_choices":[{"damage_healed":0.0,"max_hp_gain":0.0,"max_hp_loss":0.0,"gold_gain":62.0,"event_name":"Golden Wing","player_choice":"Gained Gold","floor":3.0,"gold_loss":0.0,"damage_taken":0.0},{"damage_healed":0.0,"max_hp_gain":0.0,"max_hp_loss":0.0,"gold_gain":0.0,"event_name":"Lab","player_choice":"Got Potions","floor":13.0,"gold_loss":0.0,"damage_taken":0.0},{"damage_healed":0.0,"max_hp_gain":0.0,"max_hp_loss":0.0,"gold_gain":0.0,"event_name":"The Mausoleum","player_choice":"Ignored","floor":20.0,"gold_loss":0.0,"damage_taken":0.0},{"damage_healed":0.0,"max_hp_gain":0.0,"max_hp_loss":0.0,"gold_gain":0.0,"event_name":"Forgotten Altar","player_choice":"Smashed Altar","floor":22.0,"gold_loss":0.0,"damage_taken":0.0,"cards_obtained":["Decay"]},{"damage_healed":0.0,"max_hp_gain":0.0,"max_hp_loss":0.0,"gold_gain":50.0,"event_name":"Nest","player_choice":"Stole From Cult","floor":25.0,"gold_loss":0.0,"damage_taken":0.0},{"damage_healed":0.0,"max_hp_gain":0.0,"max_hp_loss":0.0,"gold_gain":0.0,"cards_transformed":["Defend_R"],"event_name":"Transmorgrifier","player_choice":"Transformed","floor":37.0,"gold_loss":0.0,"damage_taken":0.0,"cards_obtained":["Hemokinesis"]}],"is_beta":false,"boss_relics":[{"not_picked":["Black Star","Busted Crown"],"picked":"Velvet Choker"},{"not_picked":["Sozu","Coffee Dripper"],"picked":"Fusion Hammer"}],"items_purged_floors":[],"is_endless":false,"potions_floor_spawned":[4,11,14,16,18,27,29,31,38,39],"killed_by":"Nemesis","ascension_level":20}}