{"host":"tom9euzqew4po1rs","time":1610476228,"event":{"mods":["BaseMod","Curses Come First","Downfall","Minty Spire (QoL Compilation)","Quick Restart","Rare Cards Sparkle","Replay The Spire","StSLib","The Cursed"],"gold_per_floor":[99,118,136,136,149,32,58,78,97,114,132,147,147,24,43,147,147,147,167,179,179,190,210,210,225,225,225,225],"floor_reached":26,"playtime":1848,"items_purged":[],"score":233,"play_id":"9b5daec7-7a69-44b1-8aa0-8556029f07dc","local_time":"20210112133028","is_ascension_mode":false,"campfire_choices":[{"floor":1,"key":"RECALL"},{"data":"Slimebound:SelfFormingGoo","floor":13,"key":"SMITH"},{"floor":18,"key":"DIG"}],"circlet_count":0,"master_deck":["Slimebound:Strike_Slimebound","Slimebound:Strike_Slimebound","Slimebound:Strike_Slimebound","Slimebound:Tackle","Slimebound:Defend_Slimebound","Slimebound:Defend_Slimebound","Slimebound:Defend_Slimebound","Slimebound:Split","Slimebound:CorrosiveSpit","Slimebound:MassFeed","Slimebound:AcidTongue","Slimebound:Equalize","Slimebound:LeechingTouch","Slimebound:FinishingTackle","Slimebound:SelfFormingGoo+1","Slimebound:SpikyOuterGoop","Slimebound:GrowthPunch","Slimebound:SamplingLick","Slimebound:SplitLeeching","Slimebound:SplitBruiser","Slimebound:Equalize","Slimebound:Schlurp","Slimebound:GrowthPunch","Slimebound:SlimeTap","Slimebound:SlimeTap","Slimebound:RollThrough","Slimebound:RollThrough","Slimebound:Overexert","Slimebound:RejuvenatingLick","Slimebound:SplitAcid+1","Slimebound:SelfFormingGoo","Slimebound:LeechEnergy"],"relics":["Slimebound:AbsorbEndCombat","Strawberry","Replay:Grab Bag","Fusion Hammer","Painkiller Herb","Black Star","Lantern"],"acts_visited":["Exordium","TheCity"],"potions_floor_usage":[6,9,11,12],"damage_taken":[{"damage":4,"enemies":"2 Louse","floor":2,"turns":3},{"damage":8,"enemies":"Cultist","floor":3,"turns":3},{"damage":4,"enemies":"Small Slimes","floor":5,"turns":2},{"damage":17,"enemies":"downfall:FleeingMerchant","floor":6,"turns":4},{"damage":12,"enemies":"3 Louse","floor":8,"turns":3},{"damage":24,"enemies":"Large Slime","floor":9,"turns":6},{"damage":27,"enemies":"Exordium Wildlife","floor":10,"turns":4},{"damage":13,"enemies":"2 Fungi Beasts","floor":11,"turns":2},{"damage":21,"enemies":"Gremlin Gang","floor":12,"turns":4},{"damage":22,"enemies":"downfall:FleeingMerchant","floor":14,"turns":4},{"damage":23,"enemies":"Exordium Thugs","floor":15,"turns":3},{"damage":100,"enemies":"downfall:Silent","floor":16,"turns":15},{"damage":9,"enemies":"Chosen","floor":19,"turns":4},{"damage":27,"enemies":"3 Byrds","floor":20,"turns":3},{"damage":37,"enemies":"Centurion and Healer","floor":22,"turns":5},{"damage":46,"enemies":"Snake Plant","floor":23,"turns":4},{"damage":35,"enemies":"Cultist and Chosen","floor":25,"turns":6},{"damage":43,"enemies":"3 Cultists","floor":26,"turns":3}],"seed_played":"-580313390736845204","potions_obtained":[{"floor":5,"key":"champ:CounterPotion"},{"floor":8,"key":"EssenceOfSteel"},{"floor":10,"key":"Explosive Potion"},{"floor":11,"key":"Reflective Coating"},{"floor":23,"key":"sneckomod:MuddlingPotion"}],"is_trial":false,"path_per_floor":["R","M","M","?","M","$","T","M","M","M","M","M","R","$","M","B",null,"T","?","?","?","?","?","T","?","?"],"character_chosen":"SLIMEBOUND","items_purchased":["Slimebound:SpikyOuterGoop","Slimebound:GrowthPunch","Slimebound:SlimeTap","Slimebound:RollThrough"],"campfire_rested":0,"item_purchase_floors":[6,6,14,14],"current_hp_per_floor":[60,60,60,60,63,58,65,56,64,64,67,70,70,62,67,13,76,76,79,70,55,52,27,27,26,0,0,0],"gold":225,"neow_bonus":"ONE_RANDOM_RARE_CARD","is_daily":false,"chose_seed":false,"campfire_upgraded":1,"win_rate":0.0,"timestamp":1610476228,"path_taken":["R","M","M","?","M","$","T","M","M","?","?","M","R","?","M","BOSS","T","?","?","?","?","?","T","?","?"],"items_purchased_type":["Card","Card","Card","Card"],"build_version":"2020-12-22","purchased_purges":0,"victory":false,"max_hp_per_floor":[60,60,60,60,63,63,70,73,73,76,76,76,76,76,76,76,76,76,79,79,84,84,87,87,87,87,87,87],"card_choices":[{"not_picked":["Slimebound:SplitMire","Slimebound:DisruptingSlam"],"picked":"Slimebound:AcidTongue","floor":2},{"not_picked":["Slimebound:Grow","Slimebound:GrowthPunch"],"picked":"Slimebound:Equalize","floor":3},{"not_picked":["Slimebound:GoopTackle","Slimebound:GoopSpray"],"picked":"Slimebound:FinishingTackle","floor":5},{"not_picked":["Slimebound:Schlurp","Slimebound:Equalize"],"picked":"Slimebound:SelfFormingGoo","floor":6},{"not_picked":["Slimebound:SlimeSpikes","Slimebound:LeadByExample"],"picked":"Slimebound:SamplingLick","floor":8},{"not_picked":["Slimebound:SplitMire","Slimebound:FinishingTackle"],"picked":"Slimebound:SplitLeeching","floor":9},{"not_picked":["Slimebound:LeechingTouch","Slimebound:ComboTackle"],"picked":"Slimebound:SplitBruiser","floor":10},{"not_picked":["Slimebound:SamplingLick","Slimebound:LeechingTouch"],"picked":"Slimebound:Equalize","floor":11},{"not_picked":["Slimebound:PressTheAttack","Slimebound:GoopSpray"],"picked":"Slimebound:Schlurp","floor":12},{"not_picked":["Slimebound:SlimeBarrage","Slimebound:PressTheAttack"],"picked":"Slimebound:GrowthPunch","floor":14},{"not_picked":["Slimebound:Chomp","Slimebound:Dissolve"],"picked":"Slimebound:RollThrough","floor":15},{"not_picked":["Slimebound:OozeBath","Slimebound:LeechLife"],"picked":"Slimebound:Overexert","floor":16},{"not_picked":["Slimebound:FinishingTackle+1","Slimebound:Schlurp"],"picked":"Slimebound:RejuvenatingLick","floor":19},{"not_picked":["Slimebound:SlimeSpikes+1","Slimebound:LeadByExample"],"picked":"Slimebound:SplitAcid+1","floor":20},{"not_picked":["Slimebound:ComboTackle+1","Slimebound:Replication"],"picked":"Slimebound:SelfFormingGoo","floor":22},{"not_picked":["Slimebound:RollThrough","Slimebound:FinishingTackle","Slimebound:ForwardTackle"],"picked":"SKIP","floor":23},{"not_picked":["Slimebound:FormOfPuddle+1","Slimebound:SplitBruiser+1"],"picked":"Slimebound:LeechEnergy","floor":25}],"player_experience":104245,"relics_obtained":[{"floor":7,"key":"Strawberry"},{"floor":18,"key":"Lantern"}],"event_choices":[{"damage_healed":0,"gold_gain":0,"cards_transformed":["Slimebound:Defend_Slimebound"],"player_choice":"Transformed","damage_taken":0,"max_hp_gain":0,"max_hp_loss":0,"event_name":"Transmorgrifier","floor":4,"gold_loss":0,"cards_obtained":["Slimebound:LeechingTouch"]}],"is_beta":false,"boss_relics":[{"not_picked":["ChewingGum","Replay:Drink Me"],"picked":"Replay:Grab Bag"},{"not_picked":["Runic Dome","ReplayTheSpireMod:Onyx Gauntlets"],"picked":"Fusion Hammer"},{"not_picked":["Sozu","Cursed Key"],"picked":"Painkiller Herb"},{"not_picked":["Empty Cage","Astrolabe"],"picked":"Black Star"}],"items_purged_floors":[],"is_endless":false,"potions_floor_spawned":[5,8,10,11,23],"killed_by":"3 Cultists","ascension_level":0}}