{"host":"Connor","time":1610420722,"event":{"mods":["Aspiration","BaseMod","Downfall","Hubris","Marisa????????","Minty Spire (QoL Compilation)","Replay The Spire","StSLib","The Cursed","The Jungle","The Servant 0.9.4"],"gold_per_floor":[118,118,136,136,311,311,324,10,10,85,97,107,107,119,119,218,218,234,434,470,28,39,39,39,39,39],"floor_reached":25,"playtime":762,"items_purged":[],"score":251,"play_id":"72ae9806-2fcf-465d-b60f-8d25dc3a4616","local_time":"20210111190522","is_ascension_mode":true,"campfire_choices":[{"data":"Perseverance","floor":6,"key":"SMITH"},{"data":"Study","floor":13,"key":"SMITH"},{"data":"Prostrate","floor":15,"key":"SMITH"},{"floor":23,"key":"REST"}],"circlet_count":0,"master_deck":["Strike_P","Strike_P","Strike_P","Defend_P","Defend_P","Defend_P","Eruption+1","Vigilance","SignatureMove","Dramatic Entrance","Perseverance+1","Doubt","Study+1","Prostrate+1","Wish","SuperPerseids","EmptyBody"],"relics":["PureWater","hubris:64BitClover","aspiration:MarisaSkillbook","hubris:CuriousFeather","aspiration:Nostalgia","m_SpellCore","hubris:Zylophone"],"acts_visited":["Exordium","TheCity"],"potions_floor_usage":[18,25,25,25],"damage_taken":[{"damage":1,"enemies":"2 Louse","floor":1,"turns":3},{"damage":0,"enemies":"Cultist","floor":3,"turns":2},{"damage":0,"enemies":"Small Slimes","floor":7,"turns":1},{"damage":0,"enemies":"Looter","floor":11,"turns":3},{"damage":0,"enemies":"3 Louse","floor":12,"turns":1},{"damage":6,"enemies":"Red Slaver","floor":14,"turns":2},{"damage":15,"enemies":"Hexaghost","floor":16,"turns":7},{"damage":4,"enemies":"Spheric Guardian","floor":18,"turns":4},{"damage":16,"enemies":"Chosen","floor":20,"turns":6},{"damage":29,"enemies":"Snake Plant","floor":22,"turns":5},{"damage":40,"enemies":"Gremlin Leader","floor":25,"turns":4}],"seed_played":"-1836037587226414691","potions_obtained":[{"floor":3,"key":"Swift Potion"},{"floor":7,"key":"Explosive Potion"},{"floor":16,"key":"Fire Potion"},{"floor":22,"key":"DuplicationPotion"}],"is_trial":false,"path_per_floor":["M","?","M","?","?","R","M","$","T","?","M","M","R","M","R","B",null,"M","?","M","$","M","R","?","E"],"character_chosen":"WATCHER","items_purchased":["hubris:64BitClover","hubris:CuriousFeather","aspiration:Nostalgia"],"campfire_rested":1,"item_purchase_floors":[8,21,21],"current_hp_per_floor":[64,64,64,64,64,64,64,64,64,53,53,53,53,47,47,32,57,53,53,37,37,8,27,27,0,0],"gold":39,"neow_bonus":"REMOVE_TWO","is_daily":false,"chose_seed":false,"campfire_upgraded":3,"win_rate":0.0,"timestamp":1610420722,"path_taken":["M","?","?","?","?","R","M","$","T","?","M","M","R","M","R","BOSS","M","?","M","$","?","R","?","E"],"items_purchased_type":["Relic","Relic","Relic"],"build_version":"2020-12-18","purchased_purges":0,"victory":false,"max_hp_per_floor":[65,65,65,65,65,65,65,65,65,65,65,65,65,65,65,65,65,65,65,65,65,65,65,65,65,65],"card_choices":[{"not_picked":["EmptyBody","SashWhip"],"picked":"SignatureMove","floor":1},{"not_picked":["SandsOfTime","SignatureMove"],"picked":"Perseverance","floor":3},{"not_picked":["ReachHeaven","CutThroughFate","WindmillStrike"],"picked":"SKIP","floor":7},{"not_picked":["FlyingSleeves","Vengeance","ForeignInfluence"],"picked":"SKIP","floor":11},{"not_picked":["BowlingBash","SandsOfTime"],"picked":"Study","floor":12},{"not_picked":["EmptyMind","Study"],"picked":"Prostrate","floor":14},{"not_picked":["LessonLearned","ConjureBlade"],"picked":"Wish","floor":16},{"not_picked":["Sanctity+1","IllusionStar","Meditate+1"],"picked":"SuperPerseids","floor":18},{"not_picked":["StarlightTyphoon","Replay:BluntJabs","Fasting2"],"picked":"EmptyBody","floor":20},{"not_picked":["Study","BowlingBash","SignatureMove","EmptyFist+1"],"picked":"SKIP","floor":22}],"player_experience":606838,"relics_obtained":[{"floor":22,"key":"hubris:Zylophone"}],"event_choices":[{"damage_healed":0,"gold_gain":0,"player_choice":"1 cards matched","damage_taken":0,"max_hp_gain":0,"max_hp_loss":0,"event_name":"Match and Keep!","floor":2,"gold_loss":0,"cards_obtained":["Dramatic Entrance"]},{"damage_healed":0,"gold_gain":175,"player_choice":"AGREE","damage_taken":0,"max_hp_gain":0,"max_hp_loss":0,"event_name":"Liars Game","floor":5,"gold_loss":0,"cards_obtained":["Doubt"]},{"damage_healed":0,"gold_gain":75,"player_choice":"Gather Gold","damage_taken":11,"max_hp_gain":0,"max_hp_loss":0,"event_name":"World of Goop","floor":10,"gold_loss":0},{"damage_healed":0,"gold_gain":250,"player_choice":"Bet on Owner","damage_taken":0,"max_hp_gain":0,"max_hp_loss":0,"event_name":"The Joust","floor":19,"gold_loss":50}],"is_beta":true,"boss_relics":[{"not_picked":["Empty Cage","Replay:Bronze Core"],"picked":"aspiration:MarisaSkillbook"}],"items_purged_floors":[],"is_endless":false,"potions_floor_spawned":[3,7,16,22],"killed_by":"Gremlin Leader","ascension_level":6}}