{"host":"csp9nt53rootlkah","time":1610456459,"event":{"mods":["Act Like it!","BaseMod","Colored Powertips","Downfall","Friendly Minions","Gensokyo","Highlight Path","Minty Spire (QoL Compilation)","Quick Restart","Replay The Spire","StSLib","TestMod","The Factory","The Jungle","¡¾ÒÅÎï¿¨ÅÆ¡¿REMEMod"],"gold_per_floor":[99,99,99,99,115,144,144,144,69,96,96,114,114,142,157,253,253,103,115,133,43,43,43,43],"floor_reached":22,"playtime":1479,"items_purged":["hexamod:Strike"],"score":210,"play_id":"02b0a088-f39a-4b66-a58c-f512ee311c44","local_time":"20210112210059","is_ascension_mode":true,"campfire_choices":[{"floor":1.0,"key":"DIG"},{"data":"testmod-EternalityOfKhronos","floor":9,"key":"SMITH"},{"floor":11,"key":"RECALL"},{"data":"hexamod:GhostShield","floor":18,"key":"SMITH"}],"circlet_count":0,"master_deck":["hexamod:Strike","hexamod:Strike","hexamod:Defend","hexamod:Defend","hexamod:Defend","hexamod:Defend","hexamod:Sear","hexamod:Float","testmod-EternalityOfKhronos+1","hexamod:GhostShield+1","hexamod:NightmareGuise","hexamod:NightmareStrike","hexamod:Hexaguard+1","hexamod:GhostLash","hexamod:BurningTouch+1","hexamod:GhostflameInferno+1"],"relics":["hexamod:SpiritBrand","testmod-TestBox","REME_ComplimentaryCards","testmod-CardMagician","downfall:HeartsMalice","MealTicket","Lantern","downfall:HeartBlessingBlue","Toxic Egg 2","Juzu Bracelet","testmod-Temperance","downfall:HeartBlessingRed","downfall:HeartBlessingGreen"],"acts_visited":["Exordium","TheCity"],"potions_floor_usage":[],"damage_taken":[{"damage":0.0,"enemies":"Jaw Worm","floor":2.0,"turns":1.0},{"damage":0.0,"enemies":"2 Louse","floor":3.0,"turns":1.0},{"damage":0.0,"enemies":"Small Slimes","floor":4.0,"turns":1.0},{"damage":0.0,"enemies":"2 Fungi Beasts","floor":5.0,"turns":3.0},{"damage":16.0,"enemies":"3 Sentries","floor":6.0,"turns":9.0},{"damage":3,"enemies":"Gremlin Nob","floor":10,"turns":6},{"damage":1,"enemies":"Exordium Wildlife","floor":12,"turns":7},{"damage":11,"enemies":"3 Sentries","floor":14,"turns":10},{"damage":0,"enemies":"Blue Slaver","floor":15,"turns":3},{"damage":30,"enemies":"downfall:Defect","floor":16,"turns":12},{"damage":0,"enemies":"Shell Parasite","floor":19,"turns":7},{"damage":0,"enemies":"Chosen","floor":20,"turns":7},{"damage":0,"enemies":"downfall:FleeingMerchant","floor":21,"turns":8},{"damage":0,"enemies":"3 Cultists","floor":22,"turns":1}],"seed_played":"-3724487094357469970","potions_obtained":[{"floor":10,"key":"Fire Potion"},{"floor":12,"key":"testmod-TestPotion"},{"floor":15,"key":"Fire Potion"},{"floor":16,"key":"FairyPotion"}],"is_trial":false,"path_per_floor":["R","M","M","M","M","E","T","?","R","E","R","M","?","E","M","B",null,"R","M","M","$","M"],"character_chosen":"THE_SPIRIT","items_purchased":[],"campfire_rested":0,"item_purchase_floors":[],"current_hp_per_floor":[70,70,70,70,70,54,54,54,64,61,61,60,60,49,49,19,80,80,80,80,80,80,80,80],"gold":43,"neow_bonus":"THREE_ENEMY_KILL","is_daily":false,"chose_seed":false,"campfire_upgraded":2,"win_rate":0.0,"timestamp":1610456459,"path_taken":["R","M","M","M","M","E","T","?","R","E","R","M","?","E","M","BOSS","R","M","M","$","M"],"items_purchased_type":[],"build_version":"2020-12-22","purchased_purges":1,"victory":false,"max_hp_per_floor":[70,70,70,70,70,70,70,70,80,80,80,80,80,80,80,80,80,80,80,80,80,80,80,80],"card_choices":[{"not_picked":["hexamod:InspiringFlames","hexamod:SpectralAdrenaline","hexamod:ChargedBarrage"],"picked":"SKIP","floor":2.0},{"not_picked":["hexamod:SoulSteal","hexamod:BacktrackSmack","hexamod:FastForward"],"picked":"SKIP","floor":3.0},{"not_picked":["hexamod:GhostOfSpireFuture","hexamod:CatchUp","hexamod:RainOfEmbers"],"picked":"SKIP","floor":4.0},{"not_picked":["hexamod:AdvancingGuard","hexamod:HeatShield"],"picked":"hexamod:GhostShield","floor":5.0},{"not_picked":["hexamod:Incineration","hexamod:DynamicBlow"],"picked":"hexamod:NightmareGuise","floor":6.0},{"not_picked":["hexamod:WildfireWeapon","hexamod:InspiringFlames+1"],"picked":"hexamod:NightmareStrike","floor":10},{"not_picked":["hexamod:SwordOfDarkness","hexamod:Firestarter"],"picked":"hexamod:Hexaguard+1","floor":12},{"not_picked":["hexamod:HauntingEcho","hexamod:GhostShield+1"],"picked":"hexamod:GhostLash","floor":14},{"not_picked":["hexamod:HeatShield+1","hexamod:ShieldOfDarkness+1"],"picked":"hexamod:BurningTouch+1","floor":15},{"not_picked":["hexamod:CrushingStance","hexamod:WildfireWeapon"],"picked":"hexamod:GhostflameInferno+1","floor":16},{"not_picked":["hexamod:Firestarter","hexamod:NightmareStrike","hexamod:SkipABeat+1"],"picked":"SKIP","floor":19},{"not_picked":["hexamod:ShieldOfDarkness+1","hexamod:SwordOfDarkness","hexamod:BacktrackSmack"],"picked":"SKIP","floor":20},{"not_picked":["hexamod:HexaLevel","hexamod:NecessarySacrifice+1","hexamod:SecondSeal"],"picked":"SKIP","floor":21}],"player_experience":123934,"relics_obtained":[{"floor":1.0,"key":"MealTicket"},{"floor":6.0,"key":"Lantern"},{"floor":10,"key":"Toxic Egg 2"},{"floor":14,"key":"Juzu Bracelet"}],"event_choices":[{"cards_removed":["hexamod:Strike"],"damage_healed":0,"gold_gain":0,"player_choice":"Card Removal","damage_taken":0,"max_hp_gain":0,"max_hp_loss":0,"event_name":"The Cleric","floor":13,"gold_loss":0}],"is_beta":false,"boss_relics":[{"not_picked":["REME_ChargedStone","Replay:Drink Me"],"picked":"testmod-Temperance"}],"items_purged_floors":[21],"is_endless":false,"potions_floor_spawned":[10,12,15,16,19,20],"killed_by":"3 Cultists","ascension_level":1}}