{"host":"qihv10mixs26xc23","time":1610487818,"event":{"mods":["AchievementEnabler","BaseMod","BetterRewards","Downfall","Googly Eyes","Hermit","Minty Spire (QoL Compilation)","Replay The Spire","Shop Mod","StSLib","The Marked"],"gold_per_floor":[109,146,180,190,222,222,239,239,239,274,304,323,357,12,12,113,113,148,186,198,238,325,325,240,285,360,390,390,390,33,33,33,132,132,147,161,161,1160,1173,1173,1192,1192,1261,1261,1277,1277,1277,559,559,559],"floor_reached":51,"language":"ENG","playtime":2574,"items_purged":["Defend_B","Strike_B","Strike_B"],"score":1215,"play_id":"285ad833-022a-46ae-b9e3-b0b321532a39","local_time":"20210112164338","is_ascension_mode":false,"campfire_choices":[{"floor":6,"key":"REST"},{"floor":8,"key":"REST"},{"data":"HandOfGreed","floor":15,"key":"SMITH"},{"floor":23,"key":"REST"},{"floor":28,"key":"REST"},{"floor":32,"key":"REST"},{"data":"Electrodynamics","floor":40,"key":"SMITH"},{"floor":42,"key":"REST"},{"data":"Biased Cognition","floor":44,"key":"SMITH"},{"floor":49,"key":"REST"}],"circlet_count":0,"master_deck":["Strike_B+1","Strike_B+1","Defend_B+1","Defend_B","Defend_B+1","Dualcast","HandOfGreed+1","FTL","Glacier+1","Steam Power","Ball Lightning","Panic Button","Rebound+1","FTL","Ball Lightning","Ball Lightning","Turbo","Ball Lightning","Conserve Battery","Turbo","Skim","Conserve Battery","Rebound","Core Surge+1","Redo+1","Panic Button+1","Biased Cognition+1","Ball Lightning+1","Reinforced Body","Ball Lightning+1","Conserve Battery+1","Redo","Electrodynamics+1","Steam Power","Sweeping Beam+1","Ball Lightning+1","Normality","Normality","Undo+1","Biased Cognition+1","Sweeping Beam+1","Beam Cell+1","Stack","Apotheosis","BootSequence","ReplaySolidLightProjector"],"relics":["Cracked Core","Prayer Wheel","Simple Rune","Matryoshka","Sozu","Replay:WaspNest","Divine Protection","Geode","Gremlin Food","Bottled Tornado","Shuriken","Anchor","Guide Book","Philosopher\u0027s Stone","Eternal Feather","Blood Vial","ClockworkSouvenir","ReplayFunnel"],"acts_visited":["Exordium","TheCity","TheBeyond"],"potions_floor_usage":[16,39],"damage_taken":[{"damage":0,"enemies":"Cultist","floor":1,"turns":2},{"damage":5,"enemies":"Small Slimes","floor":2,"turns":2},{"damage":6,"enemies":"2 Louse","floor":3,"turns":2},{"damage":0,"enemies":"Looter","floor":4,"turns":2},{"damage":7,"enemies":"3 Louse","floor":5,"turns":2},{"damage":7,"enemies":"Blue Slaver","floor":7,"turns":2},{"damage":0,"enemies":"Large Slime","floor":10,"turns":3},{"damage":0,"enemies":"Exordium Wildlife","floor":11,"turns":1},{"damage":7,"enemies":"Blue Slaver","floor":12,"turns":2},{"damage":0,"enemies":"Large Slime","floor":13,"turns":2},{"damage":46,"enemies":"The Guardian","floor":16,"turns":8},{"damage":10,"enemies":"2 Thieves","floor":18,"turns":3},{"damage":0,"enemies":"3 Byrds","floor":19,"turns":3},{"damage":2,"enemies":"Sentry and Sphere","floor":20,"turns":4},{"damage":24,"enemies":"Centurion and Healer","floor":21,"turns":4},{"damage":0,"enemies":"Cultist and Chosen","floor":25,"turns":3},{"damage":17,"enemies":"Book of Stabbing","floor":27,"turns":3},{"damage":41,"enemies":"Pondfish","floor":33,"turns":6},{"damage":0,"enemies":"Orb Walker","floor":35,"turns":2},{"damage":0,"enemies":"3 Shapes","floor":36,"turns":2},{"damage":5,"enemies":"Transient","floor":39,"turns":5},{"damage":15,"enemies":"4 Shapes","floor":41,"turns":4},{"damage":52,"enemies":"Maw","floor":45,"turns":6},{"damage":8,"enemies":"Donu and Deca","floor":50,"turns":8}],"seed_played":"8807827715846269605","potions_obtained":[{"floor":2,"key":"DistilledChaos"},{"floor":4,"key":"FairyPotion"},{"floor":5,"key":"DuplicationPotion"}],"is_trial":false,"path_per_floor":["M","M","M","M","M","R","M","R","T","M","M","M","M","$","R","B",null,"M","M","M","M","?","R","?","M","T","E","R","?","$","$","R","B",null,"M","M","?","?","M","R","M","R","T","R","M","?","?","$","R","B",null],"character_chosen":"DEFECT","items_purchased":["HandOfGreed","FTL","Matryoshka","Anchor","Guide Book","Redo","Blood Vial","BootSequence","ClockworkSouvenir","ReplayFunnel","ReplaySolidLightProjector"],"campfire_rested":7,"item_purchase_floors":[0,0,14,30,30,30,48,48,48,48,48],"current_hp_per_floor":[46,41,35,35,28,50,43,65,65,65,65,58,58,58,58,12,75,65,65,63,39,9,31,31,31,31,14,36,36,36,36,58,17,75,75,75,75,75,70,70,55,75,75,75,23,23,23,23,72,66],"gold":559,"neow_bonus":"","is_daily":false,"chose_seed":false,"campfire_upgraded":3,"win_rate":0.0,"timestamp":1610487818,"path_taken":["M","M","M","?","M","R","M","R","T","?","M","M","M","$","R","BOSS","M","M","M","M","?","R","?","M","T","E","R","?","?","$","R","BOSS","M","M","?","?","M","R","?","R","T","R","M","?","?","$","R","BOSS"],"items_purchased_type":["Card","Card","Relic","Relic","Relic","Card","Relic","Card","Relic","Relic","Card"],"build_version":"2020-12-22","purchased_purges":3,"victory":true,"max_hp_per_floor":[75,75,75,75,75,75,75,75,75,75,75,75,75,75,75,75,75,75,75,75,75,75,75,75,75,75,75,75,75,75,75,75,75,75,75,75,75,75,75,75,75,75,75,75,75,75,75,75,75,75],"card_choices":[{"not_picked":["FTL","Sweeping Beam"],"picked":"Steam Power","floor":1},{"not_picked":["Cold Snap","BasicCrystalCard","Chaos"],"picked":"SKIP","floor":1},{"not_picked":["Panic Button","ReplayTheSpireMod:GoodbyeWorld"],"picked":"Ball Lightning","floor":2},{"not_picked":["Compile Driver","Stack"],"picked":"Panic Button","floor":2},{"not_picked":["Echo Form","Steam"],"picked":"Rebound","floor":3},{"not_picked":["Heatsinks","BasicCrystalCard"],"picked":"FTL","floor":3},{"not_picked":["Leap","BasicCrystalCard","Static Discharge"],"picked":"SKIP","floor":4},{"not_picked":["Chaos","Meteor Strike","Capacitor"],"picked":"SKIP","floor":4},{"not_picked":["Compile Driver","ReplayGash"],"picked":"Ball Lightning","floor":5},{"not_picked":["Barrage","Panic Button","Steam"],"picked":"SKIP","floor":5},{"not_picked":["Auto Shields","Barrage"],"picked":"Ball Lightning","floor":7},{"not_picked":["Double Energy","Streamline"],"picked":"Turbo","floor":7},{"not_picked":["Auto Shields","Rebound"],"picked":"Ball Lightning","floor":10},{"not_picked":["Fission","Cold Snap"],"picked":"Conserve Battery","floor":10},{"not_picked":["Rip and Tear","Barrage"],"picked":"Turbo","floor":11},{"not_picked":["ReplaySolidLightProjector","Gash"],"picked":"Skim","floor":11},{"not_picked":["Fusion","Force Field"],"picked":"Conserve Battery","floor":12},{"not_picked":["Cold Snap","Undo","Chaos"],"picked":"SKIP","floor":12},{"not_picked":["Capacitor","Leap"],"picked":"Rebound","floor":13},{"not_picked":["Recycle","Double Energy","Gash"],"picked":"SKIP","floor":13},{"not_picked":["ReplayTheSpireMod:Fabricate Wheel","Multi-Cast"],"picked":"Core Surge","floor":16},{"not_picked":["Turbo","Reprogram+1"],"picked":"Redo+1","floor":18},{"not_picked":["Go for the Eyes+1","FIFO Queue","Leap"],"picked":"SKIP","floor":18},{"not_picked":["Steam","Coolheaded"],"picked":"Panic Button+1","floor":19},{"not_picked":["Conserve Battery+1","BasicCrystalCard"],"picked":"Biased Cognition","floor":19},{"not_picked":["Conserve Battery","Redo"],"picked":"Ball Lightning+1","floor":20},{"not_picked":["FIFO Queue","Compile Driver","Rebound"],"picked":"SKIP","floor":20},{"not_picked":["Streamline","Conserve Battery"],"picked":"Reinforced Body","floor":21},{"not_picked":["Crystallizer","Conserve Battery","Panic Button+1"],"picked":"SKIP","floor":21},{"not_picked":["Recycle+1","Conserve Battery"],"picked":"Ball Lightning+1","floor":25},{"not_picked":["Chaos","Chill","BasicCrystalCard+1"],"picked":"SKIP","floor":25},{"not_picked":["ReplayTheSpireMod:Reroute Power","Fission"],"picked":"Conserve Battery+1","floor":27},{"not_picked":["Amplify","Thunder Strike"],"picked":"Electrodynamics","floor":33},{"not_picked":["Sunder+1","Time Bomb"],"picked":"Steam Power","floor":35},{"not_picked":["Streamline","Barrage","Go for the Eyes"],"picked":"SKIP","floor":35},{"not_picked":["Compile Driver","Doom and Gloom+1"],"picked":"Sweeping Beam+1","floor":36},{"not_picked":["Stack","Auto Shields+1"],"picked":"Ball Lightning+1","floor":36},{"not_picked":["Skim","Cold Snap+1"],"picked":"Undo+1","floor":39},{"not_picked":["Cold Snap","Glacier","Rebound"],"picked":"SKIP","floor":39},{"not_picked":["Streamline","Undo+1"],"picked":"Biased Cognition","floor":41},{"not_picked":["Hello World+1","Coolheaded"],"picked":"Sweeping Beam+1","floor":41},{"not_picked":["Ball Lightning","Hologram+1"],"picked":"Beam Cell+1","floor":45},{"not_picked":["Cold Snap+1","Reinforced Body+1"],"picked":"Stack","floor":45},{"not_picked":["ReplayTheSpireMod:Uncanny Aura","Replay:SS_hec_1"],"picked":"Apotheosis","floor":46}],"player_experience":84739,"relics_obtained":[{"floor":9,"key":"Simple Rune"},{"floor":22,"key":"Replay:WaspNest"},{"floor":22,"key":"Divine Protection"},{"floor":26,"key":"Gremlin Food"},{"floor":26,"key":"Bottled Tornado"},{"floor":27,"key":"Shuriken"},{"floor":43,"key":"Eternal Feather"}],"event_choices":[{"damage_healed":0,"gold_gain":0,"player_choice":"Obtained Relic","damage_taken":0,"relics_obtained":["Geode"],"max_hp_gain":0,"max_hp_loss":0,"event_name":"Addict","floor":24,"gold_loss":85},{"damage_healed":0,"gold_gain":0,"player_choice":"Ignored","damage_taken":0,"max_hp_gain":0,"max_hp_loss":0,"event_name":"Mysterious Sphere","floor":37,"gold_loss":0},{"damage_healed":0,"gold_gain":999,"player_choice":"Gold","damage_taken":0,"max_hp_gain":0,"max_hp_loss":0,"event_name":"MindBloom","floor":38,"gold_loss":0,"cards_obtained":["Normality","Normality"]},{"damage_healed":0,"gold_gain":0,"player_choice":"Memory 1","damage_taken":0,"max_hp_gain":0,"max_hp_loss":0,"event_name":"SensoryStone","floor":46,"gold_loss":0},{"damage_healed":0,"gold_gain":0,"player_choice":"Ignored","damage_taken":0,"max_hp_gain":0,"max_hp_loss":0,"event_name":"Tomb of Lord Red Mask","floor":47,"gold_loss":0}],"is_beta":false,"boss_relics":[{"not_picked":["Runic Dome","Pandora\u0027s Box"],"picked":"Sozu"},{"not_picked":["Snecko Eye","ChewingGum"],"picked":"Philosopher\u0027s Stone"}],"items_purged_floors":[0,14,48],"is_endless":false,"potions_floor_spawned":[2,4,5,10,12,13,18,25,27,41,45],"ascension_level":0}}