{"host":"cdsckls8bq3ibwt8","time":1610436308,"event":{"mods":["AchievementEnabler","Aspiration","BaseMod","Better Third Choice","Downfall","Hermit","Minty Spire (QoL Compilation)","Rare Cards Sparkle","Relic Stats","Replay The Spire","StSLib","The Cursed","The Disciple","The Jungle"],"gold_per_floor":[109,128,142,163,163,163,188,188,238,106,141,156,166,199,199,303,303,318,318,593,608,625,653,666,666,666,94,94,128,128,128,128,224,224,234,282,282,300,44,370,370,405,405,405,415,415,448,460,460,460,460,460,5,36,36],"floor_reached":56,"playtime":3450,"items_purged":["Burn","TheCursedMod:Strike_TheCursed","TheCursedMod:Strike_TheCursed"],"score":1624,"play_id":"d6437a97-0441-414b-b5e4-53c7d784dd43","local_time":"20210111232508","is_ascension_mode":true,"campfire_choices":[{"data":"TheCursedMod:CursedWand","floor":6,"key":"SMITH"},{"floor":8,"key":"REST"},{"floor":25,"key":"REST"},{"floor":28,"key":"REST"},{"floor":30,"key":"RECALL"},{"floor":32,"key":"REST"},{"floor":44,"key":"REST"},{"floor":46,"key":"REST"},{"floor":49,"key":"REST"}],"circlet_count":0,"master_deck":["TheCursedMod:Strike_TheCursed","TheCursedMod:Defend_TheCursed+1","TheCursedMod:Defend_TheCursed","TheCursedMod:Defend_TheCursed","TheCursedMod:Defend_TheCursed","TheCursedMod:CursedWand+1","TheCursedMod:CleanUpWorkshop","TheCursedMod:Dregs","TheCursedMod:RapidMovement","TheCursedMod:AbyssShockwave+1","TheCursedMod:SpreadPlague+1","TheCursedMod:FleshFromBone+1","TheCursedMod:CircleOfBlood+1","TheCursedMod:CursedRelics","TheCursedMod:TacticalStrike","TheCursedMod:AbyssShockwave","TheCursedMod:Obscuration","TheCursedMod:StunningStrike","Regret","TheCursedMod:BlessingInDisguise+1","TheCursedMod:StunningStrike+1","TheCursedMod:AbyssShockwave+1","TheCursedMod:SoulReap+1","Replay:Sssssssssshield+1","TheCursedMod:CursedBoomerang","TheCursedMod:SpitefulPlan","TheCursedMod:WearCloak","TheCursedMod:CursedMace+1","TheCursedMod:CursedAmulet+1","TheCursedMod:CircleOfAbyss","TheCursedMod:DemonSword+1","TheCursedMod:SpitefulPlan+1","TheCursedMod:LuckyCharm","TheCursedMod:CursedRelics+1","TheCursedMod:OutForBlood","TheCursedMod:HellfireBreathing"],"relics":["TheCursedMod:OminousMark","aspiration:AnachronicSnailShell","Happy Flower","Gremlin Food","Lantern","Blue Doll","Replay:Grab Bag","Fusion Hammer","Velvet Choker","Black Star","Dream Catcher","Strawberry","Thread and Needle","Onion Ring","Oddly Smooth Stone","Bird Faced Urn","Snecko Eye","TheCursedMod:CrystalBall","Kunai","Toolbox","Chameleon Ring","Old Coin","White Beast Statue","Counterbalance","Mango","Omamori","aspiration:FetidBarrel","TheCursedMod:MagicCandle","StrikeDummy"],"acts_visited":["Exordium","Exordium","TheBeyond","TheEnding"],"potions_floor_usage":[11,23,45,47,47,47,50,55,55,55],"damage_taken":[{"damage":6,"enemies":"Jaw Worm","floor":1,"turns":4},{"damage":4,"enemies":"2 Louse","floor":2,"turns":3},{"damage":0,"enemies":"Small Slimes","floor":3,"turns":2},{"damage":20,"enemies":"3 Sentries","floor":7,"turns":6},{"damage":15,"enemies":"Lagavulin","floor":11,"turns":6},{"damage":0,"enemies":"Red Slaver","floor":12,"turns":3},{"damage":4,"enemies":"Blue Slaver","floor":13,"turns":3},{"damage":9,"enemies":"3 Sentries","floor":14,"turns":6},{"damage":29,"enemies":"Hexaghost","floor":16,"turns":9},{"damage":8,"enemies":"theJungle:Flameango_and_Byrd","floor":18,"turns":4},{"damage":4,"enemies":"theJungle:5_Spyders","floor":21,"turns":7},{"damage":9,"enemies":"theJungle:JungleHuntersEncounter","floor":22,"turns":6},{"damage":52,"enemies":"theJungle:2_Phrogs","floor":23,"turns":9},{"damage":5,"enemies":"theJungle:2_Snecko_Cultists","floor":24,"turns":3},{"damage":10,"enemies":"theJungle:Cassacara","floor":29,"turns":4},{"damage":0,"enemies":"theJungle:QueenSpyder","floor":33,"turns":9},{"damage":14,"enemies":"3 Shapes","floor":35,"turns":3},{"damage":12,"enemies":"2 Orb Walkers","floor":36,"turns":3},{"damage":3,"enemies":"3 Darklings","floor":38,"turns":2},{"damage":12,"enemies":"Nemesis","floor":40,"turns":3},{"damage":2,"enemies":"R_Hoarder","floor":42,"turns":4},{"damage":1,"enemies":"Sphere and 2 Shapes","floor":45,"turns":3},{"damage":0,"enemies":"Giant Head","floor":47,"turns":6},{"damage":0,"enemies":"Maw","floor":48,"turns":4},{"damage":6,"enemies":"Awakened One","floor":50,"turns":7},{"damage":0,"enemies":"Shield and Spear","floor":54,"turns":4},{"damage":34,"enemies":"The Heart","floor":55,"turns":8}],"seed_played":"-3318488692167590946","potions_obtained":[{"floor":1,"key":"Strength Potion"},{"floor":3,"key":"Dexterity Potion"},{"floor":29,"key":"Explosive Potion"},{"floor":33,"key":"ColorlessPotion"},{"floor":38,"key":"Energy Potion"},{"floor":41,"key":"BlessingOfTheForge"},{"floor":41,"key":"Adrenaline Potion"},{"floor":45,"key":"hexamod:EctoCoolerPotion"},{"floor":48,"key":"PowerPotion"},{"floor":52,"key":"AttackPotion"}],"is_trial":false,"path_per_floor":["M","M","M","?","?","R","E","R","T","$","E","M","M","E","R","B",null,"M","?","?","M","M","E","M","R","T","$","R","E","R","?","R","B",null,"M","?","?","M","$","E","R","E","T","R","M","R","E","M","R","B",null,"R","$","E","B",null],"character_chosen":"THE_CURSED","items_purchased":["TheCursedMod:CircleOfBlood+1","Replay:Sssssssssshield+1","TheCursedMod:CursedBoomerang","TheCursedMod:SpitefulPlan","Onion Ring","TheCursedMod:WearCloak","TheCursedMod:CursedRelics+1","Toolbox","aspiration:FetidBarrel","Reflective Coating"],"campfire_rested":7,"item_purchase_floors":[10,27,27,27,27,27,39,39,53,53],"current_hp_per_floor":[69,65,65,47,47,47,27,49,49,49,38,46,50,49,49,32,75,67,75,75,71,66,25,20,44,44,44,68,72,72,72,82,82,82,68,70,70,82,82,70,70,82,82,82,81,82,96,96,96,96,96,96,96,96,72],"gold":36,"neow_bonus":"BOSS_RELIC","is_daily":false,"chose_seed":false,"campfire_upgraded":1,"win_rate":0.0,"timestamp":1610436308,"path_taken":["M","M","M","?","?","R","E","R","T","$","E","M","M","E","R","BOSS","M","?","?","M","?","E","M","R","T","$","R","E","R","?","R","BOSS","M","?","?","M","$","E","R","E","T","R","?","R","E","M","R","BOSS","R","$","E","BOSS"],"items_purchased_type":["Card","Card","Card","Card","Relic","Card","Card","Relic","Relic","Potion"],"build_version":"2020-12-22","purchased_purges":3,"victory":true,"max_hp_per_floor":[75,75,75,75,75,75,75,75,75,75,75,75,75,75,75,75,75,75,75,75,75,75,82,82,82,82,82,82,82,82,82,82,82,82,82,82,82,82,82,82,82,82,82,82,82,82,96,96,96,96,96,96,96,96,96],"relic_stats":{"Dream Catcher":6,"Happy Flower":[38],"counters":[27,131],"Bird Faced Urn":[12],"Snecko Eye":[85,93,87,66],"Black Star":6,"Kunai":[14],"obtain_stats":[{"Lantern":11,"Blue Doll":14,"Mango":47,"Old Coin":40,"Dream Catcher":23,"Chameleon Ring":40,"aspiration:AnachronicSnailShell":4,"Strawberry":23,"Toolbox":39,"TheCursedMod:CrystalBall":36,"Fusion Hammer":17,"Kunai":37,"Gremlin Food":9,"TheCursedMod:BlackMagic101":0,"Happy Flower":7,"aspiration:FetidBarrel":53,"Replay:Grab Bag":17,"Counterbalance":42,"Velvet Choker":17,"Oddly Smooth Stone":29,"Thread and Needle":26,"Omamori":47,"TheCursedMod:MagicCandle":54,"White Beast Statue":42,"TheCursedMod:OminousMark":0,"Bird Faced Urn":29,"Snecko Eye":34,"Onion Ring":27,"Black Star":17,"StrikeDummy":54},{"Lantern":5,"Blue Doll":8,"Mango":23,"Old Coin":20,"Dream Catcher":13,"Chameleon Ring":20,"aspiration:AnachronicSnailShell":3,"Strawberry":13,"Toolbox":19,"TheCursedMod:CrystalBall":18,"Fusion Hammer":9,"Kunai":18,"Gremlin Food":4,"TheCursedMod:BlackMagic101":0,"Happy Flower":4,"aspiration:FetidBarrel":25,"Replay:Grab Bag":9,"Counterbalance":21,"Velvet Choker":9,"Oddly Smooth Stone":15,"Thread and Needle":14,"Omamori":23,"TheCursedMod:MagicCandle":26,"White Beast Statue":21,"TheCursedMod:OminousMark":0,"Bird Faced Urn":15,"Snecko Eye":16,"Onion Ring":14,"Black Star":9,"StrikeDummy":26},{"Lantern":21,"Blue Doll":33,"Mango":108,"Old Coin":95,"Dream Catcher":68,"Chameleon Ring":95,"aspiration:AnachronicSnailShell":9,"Strawberry":68,"Toolbox":92,"TheCursedMod:CrystalBall":90,"Fusion Hammer":42,"Kunai":90,"Gremlin Food":15,"TheCursedMod:BlackMagic101":0,"Happy Flower":15,"aspiration:FetidBarrel":119,"Replay:Grab Bag":42,"Counterbalance":99,"Velvet Choker":42,"Oddly Smooth Stone":75,"Thread and Needle":71,"Omamori":108,"TheCursedMod:MagicCandle":123,"White Beast Statue":99,"TheCursedMod:OminousMark":0,"Bird Faced Urn":75,"Snecko Eye":84,"Onion Ring":71,"Black Star":42,"StrikeDummy":123}]},"card_choices":[{"not_picked":["TheCursedMod:SmokeScreen","TheCursedMod:Wield"],"picked":"TheCursedMod:RapidMovement","floor":1},{"not_picked":["TheCursedMod:TacticalStrike","TheCursedMod:CursedBlade"],"picked":"TheCursedMod:AbyssShockwave","floor":2},{"not_picked":["TheCursedMod:CursedAmulet","TheCursedMod:VitalStrike"],"picked":"TheCursedMod:SpreadPlague","floor":3},{"not_picked":["TheCursedMod:Wield","TheCursedMod:CursedBlade"],"picked":"TheCursedMod:FleshFromBone","floor":4},{"not_picked":["TheCursedMod:EmpowerCircles","TheCursedMod:OutForBlood","TheCursedMod:ParallelWorld"],"picked":"SKIP","floor":7},{"not_picked":["TheCursedMod:SpitefulStrike","TheCursedMod:BloodBarrier"],"picked":"TheCursedMod:CursedRelics","floor":11},{"not_picked":["TheCursedMod:CursedAmulet","TheCursedMod:CursedMace"],"picked":"TheCursedMod:TacticalStrike","floor":12},{"not_picked":["TheCursedMod:CursedMace","TheCursedMod:SpitefulStrike"],"picked":"TheCursedMod:AbyssShockwave","floor":13},{"not_picked":["TheCursedMod:Stigma","TheCursedMod:Mangle","TheCursedMod:Obscuration"],"picked":"SKIP","floor":14},{"not_picked":["TheCursedMod:ShockAndAwe","TheCursedMod:ParallelWorld"],"picked":"TheCursedMod:StunningStrike","floor":16},{"not_picked":["TheCursedMod:Stretching","TheCursedMod:CursedShiv","TheCursedMod:CircleOfFocus"],"picked":"SKIP","floor":18},{"not_picked":["TheCursedMod:FuryStrike+1","TheCursedMod:SurpriseAttack+1"],"picked":"TheCursedMod:BlessingInDisguise+1","floor":21},{"not_picked":["TheCursedMod:CursedBlade","TheCursedMod:SurpriseAttack"],"picked":"TheCursedMod:StunningStrike","floor":22},{"not_picked":["TheCursedMod:DarkBarrier","TheCursedMod:SurpriseAttack"],"picked":"TheCursedMod:AbyssShockwave+1","floor":23},{"not_picked":["TheCursedMod:CircleOfFlame","TheCursedMod:Hemoplague","TheCursedMod:Stretching"],"picked":"SKIP","floor":24},{"not_picked":["TheCursedMod:Grudge","TheCursedMod:TacticalStrike"],"picked":"TheCursedMod:SoulReap+1","floor":25},{"not_picked":["TheCursedMod:CircleOfAmplification","TheCursedMod:TacticalStrike+1"],"picked":"TheCursedMod:CursedMace+1","floor":28},{"not_picked":["TheCursedMod:CircleOfFocus+1","TheCursedMod:EmpowerCircles+1"],"picked":"TheCursedMod:CursedAmulet+1","floor":29},{"not_picked":["TheCursedMod:Obscuration+1","TheCursedMod:CircleOfWindfury"],"picked":"TheCursedMod:CircleOfAbyss","floor":32},{"not_picked":["TheCursedMod:CircleOfAbyss","TheCursedMod:DarkBarrier"],"picked":"TheCursedMod:DemonSword","floor":33},{"not_picked":["TheCursedMod:CursedMace","TheCursedMod:CircleOfBlood+1","TheCursedMod:SurpriseAttack"],"picked":"SKIP","floor":35},{"not_picked":["TheCursedMod:Stretching+1","TheCursedMod:HellsGateOpen+1"],"picked":"TheCursedMod:SpitefulPlan+1","floor":36},{"not_picked":["TheCursedMod:ReleasedKnowledge","TheCursedMod:WearCloak+1"],"picked":"TheCursedMod:LuckyCharm","floor":38},{"not_picked":["TheCursedMod:Obscuration+1","TheCursedMod:ReleasedStrength","TheCursedMod:Wield+1"],"picked":"SKIP","floor":40},{"not_picked":["TheCursedMod:Torture+1","TheCursedMod:CursedAmulet"],"picked":"TheCursedMod:OutForBlood","floor":42},{"not_picked":["TheCursedMod:Torture+1","TheCursedMod:Wield"],"picked":"TheCursedMod:HellfireBreathing","floor":45},{"not_picked":["TheCursedMod:ShockAndAwe","TheCursedMod:ReleasedKnowledge+1","TheCursedMod:CircleOfWindfury"],"picked":"SKIP","floor":47},{"not_picked":["TheCursedMod:Mangle+1","TheCursedMod:CircleOfFlame+1","TheCursedMod:TacticalStrike"],"picked":"SKIP","floor":48},{"not_picked":["TheCursedMod:TacticalStrike+1","TheCursedMod:CircleOfCorruption","TheCursedMod:BloodBarrier"],"picked":"SKIP","floor":54}],"player_experience":411552,"relics_obtained":[{"floor":4,"key":"aspiration:AnachronicSnailShell"},{"floor":7,"key":"Happy Flower"},{"floor":9,"key":"Gremlin Food"},{"floor":11,"key":"Lantern"},{"floor":14,"key":"Blue Doll"},{"floor":23,"key":"Dream Catcher"},{"floor":23,"key":"Strawberry"},{"floor":26,"key":"Thread and Needle"},{"floor":29,"key":"Oddly Smooth Stone"},{"floor":29,"key":"Bird Faced Urn"},{"floor":36,"key":"TheCursedMod:CrystalBall"},{"floor":40,"key":"Chameleon Ring"},{"floor":40,"key":"Old Coin"},{"floor":42,"key":"White Beast Statue"},{"floor":42,"key":"Counterbalance"},{"floor":47,"key":"Mango"},{"floor":47,"key":"Omamori"},{"floor":54,"key":"TheCursedMod:MagicCandle"},{"floor":54,"key":"StrikeDummy"}],"event_choices":[{"damage_healed":47,"gold_gain":0,"player_choice":"Embrace Burn","damage_taken":0,"max_hp_gain":0,"max_hp_loss":75,"event_name":"betterThird:BetterShining","floor":5,"gold_loss":0},{"damage_healed":0,"gold_gain":275,"player_choice":"Desecrate","damage_taken":0,"max_hp_gain":0,"max_hp_loss":0,"event_name":"Golden Shrine","floor":20,"gold_loss":0,"cards_obtained":["Regret"]},{"damage_healed":0,"gold_gain":0,"player_choice":"Fight","damage_taken":0,"max_hp_gain":0,"max_hp_loss":0,"event_name":"Mysterious Sphere","floor":36,"gold_loss":0},{"damage_healed":0,"gold_gain":0,"player_choice":"Gave Potion","damage_taken":0,"relics_obtained":["Kunai"],"max_hp_gain":0,"max_hp_loss":0,"event_name":"WeMeetAgain","floor":37,"gold_loss":0}],"is_beta":false,"boss_relics":[{"not_picked":["aspiration:WatcherSkillbook","Runic Dome"],"picked":"Replay:Grab Bag"},{"not_picked":["ReplayTheSpireMod:DimensionalGlitch","ChewingGum"],"picked":"Fusion Hammer"},{"not_picked":["Coffee Dripper","Painkiller Herb"],"picked":"Velvet Choker"},{"not_picked":["aspiration:IroncladSkillbook","SlaversCollar"],"picked":"Black Star"},{"not_picked":["Pandora\u0027s Box","SacredBark"],"picked":"Snecko Eye"}],"items_purged_floors":[10,27,53],"is_endless":false,"potions_floor_spawned":[1,3,29,33,38,45,47,48,54],"ascension_level":1}}