{"host":"74uvi6kym3vf3uk6","time":1610467121,"event":{"mods":["BaseMod","Colored Map","Colored Powertips","Dark Map","Highlight Path","Minty Spire (QoL Compilation)","Rare Cards Sparkle","StSLib","The Bug Knight","The Construct","The Runesmith","The Servant 0.9.4"],"gold_per_floor":[111,61,79,4,22,47,17,46,122,122,122,138,164,7,7,7,7],"floor_reached":16,"playtime":2359,"items_purged":["Defend_S"],"score":118,"play_id":"9b5d34f7-4b4a-4e3b-991d-f6043d67c313","local_time":"20210112095841","is_ascension_mode":false,"campfire_choices":[{"floor":15,"key":"REST"}],"circlet_count":0,"master_deck":["Strike_S","Strike_S","Defend_S","Defend_S","Defend_S","KidneyShot","Exchange","Snipe","Ricochet","RealityMarble","MoonPhase","Snipe","BestPractice","Defy","SurpressingFire","Hightail"],"relics":["Uniform","Bird Faced Urn","Potion Belt","Eternal Feather","StoneCalendar","Membership Card"],"acts_visited":["Exordium"],"potions_floor_usage":[],"damage_taken":[{"damage":0,"enemies":"Small Slimes","floor":1,"turns":3},{"damage":1,"enemies":"Jaw Worm","floor":3,"turns":4},{"damage":0,"enemies":"Cultist","floor":5,"turns":3},{"damage":25,"enemies":"3 Sentries","floor":6,"turns":9},{"damage":2,"enemies":"Looter","floor":7,"turns":4},{"damage":21,"enemies":"Lagavulin","floor":8,"turns":6},{"damage":6,"enemies":"2 Fungi Beasts","floor":12,"turns":3},{"damage":2,"enemies":"HollowMod:MossKnight","floor":13,"turns":7},{"damage":78,"enemies":"Hexaghost","floor":16,"turns":17}],"seed_played":"-1420196818192259181","potions_obtained":[{"floor":1,"key":"EssenceOfSteel"},{"floor":5,"key":"Energy Potion"},{"floor":6,"key":"Fire Potion"}],"is_trial":false,"path_per_floor":["M","?","M","$","M","E","M","E","T","?","?","M","E","$","R","B"],"character_chosen":"THE_SERVANT","items_purchased":["Membership Card"],"campfire_rested":1,"item_purchase_floors":[14],"current_hp_per_floor":[71,71,70,70,70,45,47,30,30,30,30,30,36,36,66,0,0],"gold":7,"neow_bonus":"TEN_PERCENT_HP_BONUS","is_daily":false,"chose_seed":false,"campfire_upgraded":0,"win_rate":0.0,"timestamp":1610467121,"path_taken":["M","?","M","$","M","E","M","E","T","?","?","M","E","$","R","BOSS"],"items_purchased_type":["Relic"],"build_version":"2020-12-22","purchased_purges":1,"victory":false,"max_hp_per_floor":[71,71,71,71,71,71,71,71,71,71,71,71,71,71,71,71,71],"card_choices":[{"not_picked":["ShiftingGears","Defy"],"picked":"Snipe","floor":1},{"not_picked":["FastForward","Unruled"],"picked":"Ricochet","floor":3},{"not_picked":["DualDimension","ShatteredReality"],"picked":"RealityMarble","floor":5},{"not_picked":["Defy","Rearm"],"picked":"MoonPhase","floor":6},{"not_picked":["Starlight","TimeWarp"],"picked":"Snipe","floor":7},{"not_picked":["Ricochet","Alleviate"],"picked":"BestPractice","floor":8},{"not_picked":["Deny","TimeWarp"],"picked":"SurpressingFire","floor":12},{"not_picked":["TimeWarp","BestPractice"],"picked":"Hightail","floor":13}],"player_experience":57911,"relics_obtained":[{"floor":6,"key":"Bird Faced Urn"},{"floor":8,"key":"Potion Belt"},{"floor":9,"key":"Eternal Feather"},{"floor":13,"key":"StoneCalendar"}],"event_choices":[{"cards_removed":["Strike_S"],"damage_healed":0,"gold_gain":0,"player_choice":"Card Removal","damage_taken":0,"max_hp_gain":0,"max_hp_loss":0,"event_name":"The Cleric","floor":2,"gold_loss":50},{"damage_healed":0,"gold_gain":0,"cards_transformed":["Strike_S"],"player_choice":"Change","damage_taken":0,"max_hp_gain":0,"max_hp_loss":0,"event_name":"Living Wall","floor":10,"gold_loss":0,"cards_obtained":["Defy"]},{"damage_healed":0,"gold_gain":0,"player_choice":"Ignored","damage_taken":0,"max_hp_gain":0,"max_hp_loss":0,"event_name":"Liars Game","floor":11,"gold_loss":0}],"is_beta":false,"boss_relics":[],"items_purged_floors":[4],"is_endless":false,"potions_floor_spawned":[1,5,6],"killed_by":"Hexaghost","ascension_level":0}}