{"host":"31s8hzukbhz1k6i6","time":1610489208,"event":{"mods":["AchievementEnabler","BaseMod","Bestiary","Colored Map","Filter the Spire","Minty Spire (QoL Compilation)","Relic Stats","ojb\u0027s Info Mod"],"gold_per_floor":[214,139,155,155,168,185,185,197,197,215,115,115,132,150,150,253,253,266,266,141,158,158,158,175,175,175,175,185,213,63,63,63,165,165,178,178,194,204,204,204,254,254,254,202,45,45,65,79,79,79],"floor_reached":51,"language":"ENG","playtime":1696,"items_purged":["Defend_B","Strike_B","Dualcast","Zap"],"score":639,"play_id":"56c35d2f-4df9-4a9a-bf3e-89876f0feb01","local_time":"20210112140648","is_ascension_mode":false,"campfire_choices":[{"data":"Hologram","floor":7.0,"key":"SMITH"},{"data":"Auto Shields","floor":12.0,"key":"SMITH"},{"data":"Gash","floor":15.0,"key":"SMITH"},{"data":"Gash","floor":25.0,"key":"SMITH"},{"floor":27.0,"key":"REST"},{"data":"Echo Form","floor":32.0,"key":"SMITH"},{"floor":40.0,"key":"REST"},{"floor":42,"key":"REST"},{"floor":46,"key":"REST"},{"floor":49,"key":"REST"}],"circlet_count":0,"master_deck":["Auto Shields+1","Echo Form+1","Gash+1","Hologram+1","Gash+1"],"relics":["Cracked Core","Bronze Scales","Pandora\u0027s Box","White Beast Statue","WingedGreaves","Red Mask","Enchiridion","Inserter","Toy Ornithopter","Ornamental Fan","Membership Card"],"acts_visited":["Exordium","TheCity","TheBeyond"],"potions_floor_usage":[50,50,50,50,50],"damage_taken":[{"damage":5.0,"enemies":"Small Slimes","floor":1.0,"turns":3.0},{"damage":1.0,"enemies":"Cultist","floor":3.0,"turns":3.0},{"damage":0.0,"enemies":"2 Louse","floor":5.0,"turns":3.0},{"damage":21.0,"enemies":"Gremlin Gang","floor":6.0,"turns":6.0},{"damage":3.0,"enemies":"Exordium Thugs","floor":8.0,"turns":3.0},{"damage":4.0,"enemies":"2 Fungi Beasts","floor":10.0,"turns":3.0},{"damage":5.0,"enemies":"Looter","floor":13.0,"turns":3.0},{"damage":7.0,"enemies":"Exordium Wildlife","floor":14.0,"turns":4.0},{"damage":12.0,"enemies":"Slime Boss","floor":16.0,"turns":6.0},{"damage":10.0,"enemies":"Spheric Guardian","floor":18.0,"turns":3.0},{"damage":25.0,"enemies":"2 Thieves","floor":21.0,"turns":3.0},{"damage":0.0,"enemies":"Snecko","floor":24.0,"turns":4.0},{"damage":10.0,"enemies":"Cultist and Chosen","floor":28.0,"turns":4.0},{"damage":0.0,"enemies":"Masked Bandits","floor":29.0,"turns":3.0},{"damage":2.0,"enemies":"Automaton","floor":33.0,"turns":6.0},{"damage":17.0,"enemies":"3 Shapes","floor":35.0,"turns":3.0},{"damage":11.0,"enemies":"3 Darklings","floor":37.0,"turns":4.0},{"damage":16.0,"enemies":"Writhing Mass","floor":38.0,"turns":4.0},{"damage":8.0,"enemies":"Mind Bloom Boss Battle","floor":41.0,"turns":5.0},{"damage":0,"enemies":"Transient","floor":47,"turns":5},{"damage":7,"enemies":"Maw","floor":48,"turns":5},{"damage":38,"enemies":"Awakened One","floor":50,"turns":7}],"seed_played":"-1966152129626032029","potions_obtained":[{"floor":5.0,"key":"SpeedPotion"},{"floor":10.0,"key":"EntropicBrew"},{"floor":13.0,"key":"FearPotion"},{"floor":16.0,"key":"Regen Potion"},{"floor":19.0,"key":"Fire Potion"},{"floor":24.0,"key":"Block Potion"},{"floor":29.0,"key":"SkillPotion"},{"floor":38.0,"key":"GamblersBrew"}],"is_trial":false,"path_per_floor":["M","$","M","?","M","M","R","M","T","M","$","R","M","M","R","B",null,"M","?","$","M","T","?","M","R","T","R","M","?","$","?","R","B",null,"M","?","M","M","T","R","?","R","T","$","$","R","M","M","R","B",null],"character_chosen":"DEFECT","items_purchased":["SteroidPotion","Membership Card"],"campfire_rested":5,"item_purchase_floors":[44,45],"current_hp_per_floor":[70,70,69,69,69,48,48,45,45,41,41,41,36,29,29,17,75,65,65,65,40,40,40,52,52,52,74,64,64,64,48,48,46,75,58,58,47,31,31,53,45,67,67,67,67,75,75,68,75,57],"gold":79,"neow_bonus":"HUNDRED_GOLD","is_daily":false,"chose_seed":false,"campfire_upgraded":5,"win_rate":0.0,"timestamp":1610489208,"path_taken":["M","$","M","?","M","?","R","M","T","M","$","R","M","M","R","BOSS","M","?","$","?","?","?","M","R","T","R","?","?","$","?","R","BOSS","M","?","M","M","?","R","?","R","T","?","$","R","?","M","R","BOSS"],"items_purchased_type":["Potion","Relic"],"build_version":"2020-12-22","purchased_purges":4,"victory":true,"max_hp_per_floor":[75,75,75,75,75,75,75,75,75,75,75,75,75,75,75,75,75,75,75,75,75,75,75,75,75,75,75,75,75,75,75,75,75,75,75,75,75,75,75,75,75,75,75,75,75,75,75,75,75,75],"relic_stats":{"Inserter":[16],"counters":[22,90],"Ornamental Fan":[52],"Bronze Scales":[165],"Pandora\u0027s Box":["Amplify","Self Repair","Heatsinks","Leap","Coolheaded","Barrage"],"obtain_stats":[{"Inserter":34,"Ornamental Fan":43,"Bronze Scales":9,"Enchiridion":31,"Pandora\u0027s Box":17,"WingedGreaves":26,"Red Mask":29,"Membership Card":45,"Cracked Core":0,"White Beast Statue":22,"Toy Ornithopter":39},{"Inserter":15,"Ornamental Fan":19,"Bronze Scales":5,"Enchiridion":14,"Pandora\u0027s Box":9,"WingedGreaves":12,"Red Mask":14,"Membership Card":19,"Cracked Core":0,"White Beast Statue":11,"Toy Ornithopter":18},{"Inserter":57,"Ornamental Fan":73,"Bronze Scales":18,"Enchiridion":51,"Pandora\u0027s Box":34,"WingedGreaves":44,"Red Mask":51,"Membership Card":73,"Cracked Core":0,"White Beast Statue":40,"Toy Ornithopter":68}],"Toy Ornithopter":20},"card_choices":[{"not_picked":["Leap","Sweeping Beam"],"picked":"Auto Shields","floor":1.0},{"not_picked":["Sunder","Go for the Eyes","Sweeping Beam"],"picked":"SKIP","floor":3.0},{"not_picked":["Static Discharge","Compile Driver","Leap"],"picked":"SKIP","floor":5.0},{"not_picked":["Melter","Blizzard"],"picked":"Hologram","floor":6.0},{"not_picked":["Streamline","Stack"],"picked":"Gash","floor":8.0},{"not_picked":["Creative AI","Steam","Hologram"],"picked":"SKIP","floor":10.0},{"not_picked":["Redo","Capacitor","Sweeping Beam"],"picked":"SKIP","floor":13.0},{"not_picked":["Fusion","Stack","Rebound"],"picked":"SKIP","floor":14.0},{"not_picked":["Darkness+1","Barrage","Turbo"],"picked":"SKIP","floor":18.0},{"not_picked":["Consume","Stack","Hello World"],"picked":"SKIP","floor":21.0},{"not_picked":["Fusion+1","Darkness","FTL"],"picked":"SKIP","floor":24.0},{"not_picked":["Auto Shields","Scrape","Compile Driver"],"picked":"SKIP","floor":28.0},{"not_picked":["Leap","Lockon+1","Streamline"],"picked":"SKIP","floor":35.0},{"not_picked":["Reprogram+1","Turbo","Leap+1"],"picked":"SKIP","floor":37.0},{"not_picked":["Barrage+1","Rebound+1","Storm"],"picked":"SKIP","floor":38.0},{"not_picked":["Leap","BootSequence+1","Steam"],"picked":"SKIP","floor":47},{"not_picked":["Streamline+1","Skim+1","Glacier"],"picked":"SKIP","floor":48}],"player_experience":184302,"relics_obtained":[{"floor":9.0,"key":"Bronze Scales"},{"floor":22.0,"key":"White Beast Statue"},{"floor":26.0,"key":"WingedGreaves"},{"floor":29.0,"key":"Red Mask"},{"floor":31.0,"key":"Enchiridion"},{"floor":39.0,"key":"Toy Ornithopter"},{"floor":43,"key":"Ornamental Fan"}],"event_choices":[{"damage_healed":0.0,"max_hp_gain":0.0,"max_hp_loss":0.0,"gold_gain":0.0,"event_name":"Match and Keep!","player_choice":"2 cards matched","floor":4.0,"gold_loss":0.0,"damage_taken":0.0,"cards_obtained":["Echo Form","Gash"]},{"damage_healed":0.0,"max_hp_gain":0.0,"max_hp_loss":0.0,"gold_gain":0.0,"event_name":"Lab","player_choice":"Got Potions","floor":19.0,"gold_loss":0.0,"damage_taken":0.0},{"damage_healed":0.0,"max_hp_gain":0.0,"max_hp_loss":0.0,"gold_gain":0.0,"event_name":"The Mausoleum","player_choice":"Ignored","floor":23.0,"gold_loss":0.0,"damage_taken":0.0},{"damage_healed":0.0,"max_hp_gain":0.0,"max_hp_loss":0.0,"gold_gain":0.0,"event_name":"Masked Bandits","player_choice":"Fought Bandits","floor":29.0,"gold_loss":0.0,"damage_taken":0.0},{"damage_healed":0.0,"max_hp_gain":0.0,"max_hp_loss":0.0,"gold_gain":0.0,"event_name":"Cursed Tome","player_choice":"Obtained Book","floor":31.0,"gold_loss":0.0,"damage_taken":16.0},{"damage_healed":0.0,"max_hp_gain":0.0,"max_hp_loss":0.0,"gold_gain":0.0,"event_name":"Mysterious Sphere","player_choice":"Ignored","floor":36.0,"gold_loss":0.0,"damage_taken":0.0},{"damage_healed":0.0,"max_hp_gain":0.0,"max_hp_loss":0.0,"gold_gain":0.0,"event_name":"MindBloom","player_choice":"Fight","floor":41.0,"gold_loss":0.0,"damage_taken":0.0}],"is_beta":false,"boss_relics":[{"not_picked":["SacredBark","Ectoplasm"],"picked":"Pandora\u0027s Box"},{"not_picked":["Velvet Choker","Snecko Eye"],"picked":"Inserter"}],"items_purged_floors":[2,11,20,30],"is_endless":false,"potions_floor_spawned":[5,10,13,14,16,24,28,29,33,35,37,38,41,47,48],"ascension_level":0}}