{"host":"6gwm7y0tp7acoxay","time":1610449326,"event":{"mods":["BaseMod","Colored Map","Keyboard Shortcuts","Minty Spire (QoL Compilation)","Quick Restart","StSLib","SuperFastMode","everything is the same but u backflip on backflip"],"gold_per_floor":[114,6,22,37,37,37,77,112,112,150,193,237,237,252,252,345,345,360,275,275,275,293,329,363,394,394,428,472,472,472,522,522,611,611,625,625,702,702,702,740,332,332,332,367,49,90,123,456,456,456,456,456,456,203,228,228],"floor_reached":57,"playtime":1834,"items_purged":["Pain","Second Wind","Pummel"],"score":3288,"play_id":"f621e418-3305-4454-bf52-3ecdb005b5e6","local_time":"20210112200206","daily_mods":["SealedDeck","Heirloom","Flight"],"is_ascension_mode":true,"campfire_choices":[{"data":"Armaments","floor":6.0,"key":"SMITH"},{"data":"Disarm","floor":15.0,"key":"SMITH"},{"data":"Offering","floor":29.0,"key":"SMITH"},{"floor":32.0,"key":"RECALL"},{"data":"Uppercut","floor":42,"key":"SMITH"},{"floor":49,"key":"REST"},{"data":"Evolve","floor":53,"key":"SMITH"}],"circlet_count":0,"master_deck":["AscendersBane","Thunderclap","Wild Strike","Flex","Body Slam","Armaments+1","Disarm+1","Flame Barrier","Shrug It Off","Uppercut+1","Finesse","Rampage","Rage","Headbutt+1","Shockwave","Dropkick+1","Immolate+1","Dual Wield","Offering+1","Feel No Pain+1","Fiend Fire+1","CurseOfTheBell","Second Wind","Evolve+1"],"relics":["Burning Blood","Bird Faced Urn","Bronze Scales","Du-Vu Doll","Bottled Lightning","Molten Egg 2","InkBottle","Cursed Key","Juzu Bracelet","Tiny Chest","Akabeko","Ancient Tea Set","Art of War","Dream Catcher","Nloth\u0027s Gift","Calling Bell","PreservedInsect","Blue Candle","Magic Flower","Paper Frog","Ornamental Fan","Nunchaku","ClockworkSouvenir","Toy Ornithopter","Membership Card","Anchor","Self Forming Clay","CaptainsWheel","Bag of Marbles","Centennial Puzzle","Shuriken"],"acts_visited":["Exordium","TheCity","TheBeyond","TheEnding"],"potions_floor_usage":[51,56],"damage_taken":[{"damage":0.0,"enemies":"Cultist","floor":1.0,"turns":3.0},{"damage":0.0,"enemies":"Small Slimes","floor":3.0,"turns":3.0},{"damage":0.0,"enemies":"2 Louse","floor":4.0,"turns":2.0},{"damage":13.0,"enemies":"3 Sentries","floor":7.0,"turns":4.0},{"damage":6.0,"enemies":"Gremlin Nob","floor":8.0,"turns":3.0},{"damage":16.0,"enemies":"Lagavulin","floor":10.0,"turns":6.0},{"damage":20.0,"enemies":"3 Sentries","floor":11.0,"turns":6.0},{"damage":7.0,"enemies":"Lagavulin","floor":12.0,"turns":7.0},{"damage":6.0,"enemies":"2 Fungi Beasts","floor":14.0,"turns":3.0},{"damage":3.0,"enemies":"The Guardian","floor":16.0,"turns":10.0},{"damage":1.0,"enemies":"Chosen","floor":18.0,"turns":3.0},{"damage":0.0,"enemies":"3 Byrds","floor":22.0,"turns":2.0},{"damage":15.0,"enemies":"Slavers","floor":23.0,"turns":2.0},{"damage":7.0,"enemies":"Book of Stabbing","floor":24.0,"turns":4.0},{"damage":6.0,"enemies":"Gremlin Leader","floor":25.0,"turns":3.0},{"damage":6.0,"enemies":"Slavers","floor":27.0,"turns":2.0},{"damage":26.0,"enemies":"Gremlin Leader","floor":28.0,"turns":5.0},{"damage":39.0,"enemies":"Automaton","floor":33.0,"turns":7.0},{"damage":16.0,"enemies":"3 Darklings","floor":35.0,"turns":3.0},{"damage":13.0,"enemies":"Nemesis","floor":40.0,"turns":3.0},{"damage":41,"enemies":"Reptomancer","floor":44,"turns":4},{"damage":21,"enemies":"Giant Head","floor":46,"turns":6},{"damage":6,"enemies":"Reptomancer","floor":47,"turns":1},{"damage":29,"enemies":"Time Eater","floor":50,"turns":8},{"damage":36,"enemies":"Awakened One","floor":51,"turns":13},{"damage":23,"enemies":"Shield and Spear","floor":55,"turns":4},{"damage":112,"enemies":"The Heart","floor":56,"turns":8}],"seed_played":"-1298679185721520135","potions_obtained":[{"floor":1.0,"key":"DistilledChaos"},{"floor":3.0,"key":"Weak Potion"},{"floor":18.0,"key":"PowerPotion"},{"floor":33.0,"key":"HeartOfIron"},{"floor":35.0,"key":"Block Potion"},{"floor":46,"key":"FairyPotion"}],"is_trial":true,"path_per_floor":["M","$","M","M","?","R","E","E","T","E","E","E","?","M","R","B",null,"M","?","?","?","M","E","E","E","T","E","E","R","?","?","R","B",null,"M","?","T","?","T","E","$","R","T","E","$","E","E","?","R","B","B",null,"R","$","E","B",null],"character_chosen":"IRONCLAD","items_purchased":["Finesse","Nunchaku","ClockworkSouvenir","Membership Card","Evolve","Anchor","Bag of Marbles","Centennial Puzzle","PowerPotion"],"campfire_rested":1,"item_purchase_floors":[2,41,41,45,45,45,54,54,54],"current_hp_per_floor":[75,75,75,75,49,49,44,46,46,38,26,27,32,32,32,37,69,74,74,74,74,80,71,72,74,74,76,60,60,60,60,60,31,68,64,64,64,64,64,63,63,63,63,34,34,28,31,31,55,41,22,66,66,66,55,24],"gold":228,"neow_bonus":"","is_daily":false,"chose_seed":false,"campfire_upgraded":5,"win_rate":0.0,"timestamp":1610449326,"path_taken":["M","?","?","?","?","R","E","E","T","E","E","E","?","M","R","BOSS","M","?","?","?","M","E","E","E","T","E","E","R","?","?","R","BOSS","M","?","?","?","?","E","$","R","T","E","$","E","E","?","R","BOSS","BOSS","R","$","E","BOSS"],"items_purchased_type":["Card","Relic","Relic","Relic","Card","Relic","Relic","Relic","Potion"],"build_version":"2020-12-22","purchased_purges":3,"victory":true,"max_hp_per_floor":[75,75,75,75,75,75,75,75,75,75,75,75,80,80,80,80,80,80,80,80,80,80,80,80,80,80,80,80,80,80,80,80,80,80,80,80,80,80,80,80,80,80,80,80,80,80,80,80,80,80,80,80,80,80,80,80],"card_choices":[{"not_picked":["True Grit","Heavy Blade"],"picked":"Uppercut","floor":1.0},{"not_picked":["Fire Breathing","Wild Strike","Warcry"],"picked":"SKIP","floor":3.0},{"not_picked":["Bloodletting","Cleave","Headbutt"],"picked":"SKIP","floor":4.0},{"not_picked":["Second Wind","Wild Strike"],"picked":"Rampage","floor":7.0},{"not_picked":["Thunderclap","Sentinel"],"picked":"Rage","floor":8.0},{"not_picked":["Burning Pact","Cleave+1"],"picked":"Headbutt+1","floor":10.0},{"not_picked":["Inflame","Thunderclap+1"],"picked":"Second Wind","floor":11.0},{"not_picked":["Sword Boomerang+1","Cleave+1"],"picked":"Shockwave","floor":12.0},{"not_picked":["Whirlwind+1","Infernal Blade"],"picked":"Dropkick+1","floor":14.0},{"not_picked":["Juggernaut","Barricade"],"picked":"Immolate+1","floor":16.0},{"not_picked":["Anger+1","Iron Wave+1","Perfected Strike+1"],"picked":"SKIP","floor":18.0},{"not_picked":["Clothesline+1","Flex","Perfected Strike+1"],"picked":"SKIP","floor":22.0},{"not_picked":["Seeing Red","Fire Breathing"],"picked":"Offering","floor":23.0},{"not_picked":["Anger+1","Cleave+1","Sword Boomerang+1"],"picked":"SKIP","floor":24.0},{"not_picked":["Clothesline+1","Metallicize","Armaments"],"picked":"SKIP","floor":25.0},{"not_picked":["Barricade","Headbutt+1"],"picked":"Feel No Pain+1","floor":27.0},{"not_picked":["Wild Strike+1","Thunderclap+1","Carnage+1"],"picked":"SKIP","floor":28.0},{"not_picked":["Brutality","Offering"],"picked":"Fiend Fire+1","floor":33.0},{"not_picked":["Anger+1","Reckless Charge+1"],"picked":"Second Wind","floor":35.0},{"not_picked":["Headbutt+1","Whirlwind+1","Limit Break"],"picked":"SKIP","floor":40.0},{"not_picked":["Brutality","Seeing Red+1","Rampage+1"],"picked":"SKIP","floor":44},{"not_picked":["Havoc+1","Rupture","Burning Pact"],"picked":"SKIP","floor":46},{"not_picked":["Perfected Strike+1","Twin Strike+1","Corruption"],"picked":"SKIP","floor":47},{"not_picked":["Entrench+1","Fiend Fire+1","Demon Form"],"picked":"SKIP","floor":55}],"player_experience":4391185,"relics_obtained":[{"floor":7.0,"key":"Bronze Scales"},{"floor":8.0,"key":"Du-Vu Doll"},{"floor":9.0,"key":"Bottled Lightning"},{"floor":10.0,"key":"Molten Egg 2"},{"floor":11.0,"key":"Lizard Tail"},{"floor":12.0,"key":"InkBottle"},{"floor":23.0,"key":"Tiny Chest"},{"floor":24.0,"key":"Akabeko"},{"floor":25.0,"key":"Ancient Tea Set"},{"floor":27.0,"key":"Art of War"},{"floor":28.0,"key":"Dream Catcher"},{"floor":34.0,"key":"PreservedInsect"},{"floor":34.0,"key":"Blue Candle"},{"floor":34.0,"key":"Magic Flower"},{"floor":37.0,"key":"Paper Frog"},{"floor":40.0,"key":"Ornamental Fan"},{"floor":44,"key":"Toy Ornithopter"},{"floor":46,"key":"Self Forming Clay"},{"floor":47,"key":"CaptainsWheel"},{"floor":55,"key":"Shuriken"}],"event_choices":[{"damage_healed":0.0,"max_hp_gain":0.0,"max_hp_loss":0.0,"gold_gain":0.0,"event_name":"Golden Idol","player_choice":"Take Damage","floor":5.0,"gold_loss":0.0,"damage_taken":26.0,"relics_obtained":["Golden Idol"]},{"damage_healed":0.0,"max_hp_gain":5.0,"max_hp_loss":0.0,"gold_gain":0.0,"event_name":"Big Fish","player_choice":"Donut","floor":13.0,"gold_loss":0.0,"damage_taken":0.0},{"damage_healed":0.0,"max_hp_gain":0.0,"max_hp_loss":0.0,"gold_gain":0.0,"event_name":"Addict","player_choice":"Obtained Relic","floor":19.0,"gold_loss":85.0,"damage_taken":0.0,"relics_obtained":["Juzu Bracelet"]},{"damage_healed":0.0,"max_hp_gain":0.0,"max_hp_loss":0.0,"gold_gain":0.0,"event_name":"The Mausoleum","player_choice":"Ignored","floor":20.0,"gold_loss":0.0,"damage_taken":0.0},{"damage_healed":0.0,"max_hp_gain":0.0,"max_hp_loss":0.0,"gold_gain":0.0,"event_name":"The Library","player_choice":"Read","floor":21.0,"gold_loss":0.0,"damage_taken":0.0,"cards_obtained":["Dual Wield"]},{"damage_healed":0.0,"max_hp_gain":0.0,"max_hp_loss":0.0,"gold_gain":0.0,"event_name":"N\u0027loth","player_choice":"Traded Relic","floor":30.0,"relics_lost":["Lizard Tail"],"gold_loss":0.0,"damage_taken":0.0,"relics_obtained":["Nloth\u0027s Gift"]},{"damage_healed":0.0,"max_hp_gain":0.0,"max_hp_loss":0.0,"gold_gain":50.0,"event_name":"Nest","player_choice":"Stole From Cult","floor":31.0,"gold_loss":0.0,"damage_taken":0.0},{"cards_removed":["Decay"],"damage_healed":0.0,"max_hp_gain":0.0,"max_hp_loss":0.0,"gold_gain":0.0,"event_name":"Purifier","player_choice":"Purged","floor":36.0,"gold_loss":0.0,"damage_taken":0.0},{"cards_removed":["Fire Breathing"],"damage_healed":0.0,"max_hp_gain":0.0,"max_hp_loss":0.0,"gold_gain":0.0,"event_name":"Falling","player_choice":"Removed Power","floor":38.0,"gold_loss":0.0,"damage_taken":0.0},{"damage_healed":0,"gold_gain":333,"player_choice":"Gave Idol","damage_taken":0,"max_hp_gain":0,"max_hp_loss":0,"event_name":"The Moai Head","floor":48,"relics_lost":["Golden Idol"],"gold_loss":0}],"is_beta":false,"boss_relics":[{"not_picked":["Snecko Eye","SacredBark"],"picked":"Cursed Key"},{"not_picked":["Philosopher\u0027s Stone","Runic Cube"],"picked":"Calling Bell"}],"items_purged_floors":[41,45,54],"is_endless":false,"potions_floor_spawned":[1,3,12,14,18,22,33,35,46],"ascension_level":20}}