{"host":"jl3raagrljzztomj","time":1610469749,"event":{"mods":["BaseMod","BetterRewards","Colored Map","Colored Powertips","Custom Start","Hermit","Highlight Path","Minty Spire (QoL Compilation)","Permanent Neow","StSLib","SuperFastMode"],"gold_per_floor":[113,288,288,264,275,305,360,360,383,395,413,453,473,478,478],"floor_reached":14,"playtime":1004,"items_purged":[],"score":100,"play_id":"160d9dea-9d4a-4bf1-a65f-d69e0a8301d8","local_time":"20210112104229","is_ascension_mode":false,"campfire_choices":[{"floor":8,"key":"REST"}],"circlet_count":0,"master_deck":["hermit:Strike_Hermit","hermit:Strike_Hermit","hermit:Strike_Hermit","hermit:Strike_Hermit","hermit:Defend_Hermit","hermit:Defend_Hermit","hermit:Defend_Hermit","hermit:Defend_Hermit","hermit:Snapshot","hermit:Covet+1","hermit:FlashPowder","Doubt","hermit:TrackingShot","hermit:Scavenge","hermit:Showdown","hermit:FullyLoaded","hermit:Dive"],"relics":["hermit:Momento","Centennial Puzzle","MealTicket","Potion Belt","Smiling Mask"],"acts_visited":["Exordium"],"potions_floor_usage":[6,12],"damage_taken":[{"damage":1,"enemies":"Cultist","floor":1,"turns":4},{"damage":1,"enemies":"Jaw Worm","floor":5,"turns":4},{"damage":33,"enemies":"3 Sentries","floor":6,"turns":14},{"damage":0,"enemies":"2 Louse","floor":10,"turns":3},{"damage":7,"enemies":"Looter","floor":11,"turns":3},{"damage":18,"enemies":"Lagavulin","floor":12,"turns":5},{"damage":13,"enemies":"Exordium Wildlife","floor":13,"turns":7},{"damage":21,"enemies":"3 Sentries","floor":14,"turns":6}],"seed_played":"-7417448823546399326","potions_obtained":[{"floor":1,"key":"CultistPotion"},{"floor":5,"key":"Fruit Juice"},{"floor":12,"key":"Ancient Potion"}],"is_trial":false,"path_per_floor":["M","?","?","$","M","E","?","R","T","M","M","E","M","E"],"character_chosen":"HERMIT","items_purchased":["hermit:TrackingShot"],"campfire_rested":1,"item_purchase_floors":[4],"current_hp_per_floor":[74,74,62,62,61,33,33,57,57,57,50,32,19,0,0],"gold":478,"neow_bonus":"UPGRADE_CARD","is_daily":false,"chose_seed":false,"campfire_upgraded":0,"win_rate":0.0,"timestamp":1610469749,"path_taken":["M","?","?","$","M","E","?","R","T","M","M","E","M","E"],"items_purchased_type":["Card"],"build_version":"2020-12-22","purchased_purges":0,"victory":false,"max_hp_per_floor":[75,75,75,75,75,80,80,80,80,80,80,80,80,80,80],"card_choices":[{"not_picked":["hermit:CalledShot","hermit:Horror"],"picked":"hermit:FlashPowder","floor":1},{"not_picked":["hermit:Dive","hermit:CalledShot"],"picked":"hermit:Scavenge","floor":5},{"not_picked":["hermit:NoHoldsBarred","hermit:CalledShot","hermit:DeadMansHand"],"picked":"SKIP","floor":6},{"not_picked":["hermit:Shortfuse","hermit:CursedWeapon"],"picked":"hermit:Showdown","floor":10},{"not_picked":["hermit:HoleUp","hermit:SprayPray","hermit:PistolWhip"],"picked":"SKIP","floor":11},{"not_picked":["hermit:Roughhouse","hermit:SprayPray"],"picked":"hermit:FullyLoaded","floor":12},{"not_picked":["hermit:Showdown","hermit:LowProfile"],"picked":"hermit:Dive","floor":13}],"player_experience":902950,"relics_obtained":[{"floor":6,"key":"MealTicket"},{"floor":9,"key":"Potion Belt"},{"floor":12,"key":"Smiling Mask"}],"event_choices":[{"damage_healed":0,"gold_gain":175,"player_choice":"AGREE","damage_taken":0,"max_hp_gain":0,"max_hp_loss":0,"event_name":"Liars Game","floor":2,"gold_loss":0,"cards_obtained":["Doubt"]},{"damage_healed":0,"gold_gain":0,"player_choice":"Success","damage_taken":12,"relics_obtained":["Centennial Puzzle"],"max_hp_gain":0,"max_hp_loss":0,"event_name":"Scrap Ooze","floor":3,"gold_loss":0},{"damage_healed":0,"gold_gain":55,"player_choice":"Gained Gold","damage_taken":0,"max_hp_gain":0,"max_hp_loss":0,"event_name":"Golden Wing","floor":7,"gold_loss":0}],"is_beta":false,"boss_relics":[],"items_purged_floors":[],"is_endless":false,"potions_floor_spawned":[1,5,12],"killed_by":"3 Sentries","ascension_level":0}}