{"host":"f0gpob8hq9vgebej","time":1610413829,"event":{"mods":["AchievementEnabler","BaseMod","Minty Spire (QoL Compilation)","Quick Restart","SuperFastMode"],"gold_per_floor":[12,12,26,26,26,26,50,80,155,155,173,55,70,82,82,181,181,200,200,211,231,56,56,82,82,82,82,82,94,112,140,140,242,242,258,271,322,99,114,114,144,144,144,171,187,204,92,92,92,92],"floor_reached":51,"playtime":1896,"items_purged":["Strike_B","Gash+1","Defend_B+1","Dualcast"],"score":964,"play_id":"484d77c9-4396-4074-8d10-f9b4c7702cf8","local_time":"20210112101029","is_ascension_mode":true,"campfire_choices":[{"data":"Defragment","floor":6,"key":"SMITH"},{"data":"Zap","floor":10,"key":"SMITH"},{"data":"Storm","floor":15,"key":"SMITH"},{"data":"Thunder Strike","floor":23,"key":"SMITH"},{"data":"Electrodynamics","floor":25,"key":"SMITH"},{"data":"Defend_B","floor":27,"key":"SMITH"},{"data":"Defend_B","floor":32,"key":"SMITH"},{"data":"Creative AI","floor":40,"key":"SMITH"},{"data":"Master of Strategy","floor":49,"key":"SMITH"}],"circlet_count":0,"master_deck":["Defend_B+1","Zap+1","Defragment+1","Storm+1","Thunder Strike+1","Heatsinks+1","Creative AI+1","Capacitor+1","Conserve Battery+1","Electrodynamics+1","Conserve Battery+1","Creative AI+1","Self Repair","Master of Strategy+1","Loop+1","Redo+1","Finesse"],"relics":["Cracked Core","Mango","The Courier","Akabeko","FossilizedHelix","Eternal Feather","Astrolabe","Membership Card","Omamori","Mummified Hand","Nunchaku","Sozu","Ginger","DataDisk","InkBottle","Bottled Tornado","Meat on the Bone"],"acts_visited":["Exordium","TheCity","TheBeyond"],"potions_floor_usage":[16,33,37,50],"damage_taken":[{"damage":2,"enemies":"Small Slimes","floor":1,"turns":3},{"damage":12,"enemies":"2 Louse","floor":3,"turns":3},{"damage":16,"enemies":"Lagavulin","floor":8,"turns":5},{"damage":0,"enemies":"Jaw Worm","floor":11,"turns":3},{"damage":14,"enemies":"Lots of Slimes","floor":13,"turns":4},{"damage":0,"enemies":"3 Louse","floor":14,"turns":3},{"damage":29,"enemies":"The Guardian","floor":16,"turns":9},{"damage":19,"enemies":"3 Byrds","floor":18,"turns":3},{"damage":5,"enemies":"Chosen","floor":20,"turns":3},{"damage":0,"enemies":"Snecko","floor":21,"turns":4},{"damage":25,"enemies":"Book of Stabbing","floor":24,"turns":4},{"damage":5,"enemies":"Chosen and Byrds","floor":29,"turns":2},{"damage":8,"enemies":"Centurion and Healer","floor":30,"turns":2},{"damage":0,"enemies":"Slavers","floor":31,"turns":2},{"damage":0,"enemies":"Collector","floor":33,"turns":5},{"damage":0,"enemies":"Orb Walker","floor":35,"turns":2},{"damage":5,"enemies":"3 Shapes","floor":36,"turns":3},{"damage":0,"enemies":"2 Orb Walkers","floor":37,"turns":1},{"damage":0,"enemies":"3 Darklings","floor":39,"turns":1},{"damage":0,"enemies":"Giant Head","floor":41,"turns":4},{"damage":0,"enemies":"Nemesis","floor":44,"turns":4},{"damage":0,"enemies":"Writhing Mass","floor":45,"turns":2},{"damage":0,"enemies":"Spire Growth","floor":46,"turns":2},{"damage":0,"enemies":"Donu and Deca","floor":50,"turns":2}],"seed_played":"9178407370937478463","potions_obtained":[{"floor":1,"key":"Strength Potion"},{"floor":14,"key":"LiquidBronze"},{"floor":18,"key":"LiquidBronze"},{"floor":24,"key":"FairyPotion"},{"floor":30,"key":"Energy Potion"},{"floor":33,"key":"Energy Potion"}],"is_trial":false,"path_per_floor":["M","?","M","?","?","R","T","E","T","R","M","$","M","M","R","B",null,"M","?","M","M","$","R","E","R","T","R","?","M","M","E","R","B",null,"M","M","?","$","M","R","E","?","T","E","M","M","$","?","R","B",null],"character_chosen":"DEFECT","items_purchased":["Storm","Membership Card","DataDisk","Self Repair","Master of Strategy","Finesse"],"campfire_rested":0,"item_purchase_floors":[12,22,38,38,38,47],"current_hp_per_floor":[87,87,75,63,63,63,63,47,47,53,53,53,39,39,45,16,89,70,70,65,65,65,71,46,52,52,58,58,53,45,45,51,51,89,89,84,84,84,89,89,89,89,89,89,89,89,89,85,85,85],"gold":92,"neow_bonus":"ONE_RARE_RELIC","is_daily":false,"chose_seed":false,"campfire_upgraded":9,"win_rate":0.0,"timestamp":1610413829,"path_taken":["M","?","M","?","?","R","?","E","T","R","M","$","M","M","R","BOSS","M","?","M","?","$","R","E","R","T","R","?","?","M","E","R","BOSS","M","M","?","$","M","R","E","?","T","E","M","M","$","?","R","BOSS"],"items_purchased_type":["Card","Relic","Relic","Card","Card","Card"],"build_version":"2020-12-22","purchased_purges":4,"victory":true,"max_hp_per_floor":[89,89,89,89,89,89,89,89,89,89,89,89,89,89,89,89,89,89,89,89,89,89,89,89,89,89,89,89,89,89,89,89,89,89,89,89,89,89,89,89,89,89,89,89,89,89,89,85,85,85],"card_choices":[{"not_picked":["Steam Power","Hologram"],"picked":"Defragment","floor":1},{"not_picked":["Streamline","Rebound","Coolheaded"],"picked":"SKIP","floor":3},{"not_picked":["Beam Cell","Cold Snap","Go for the Eyes"],"picked":"SKIP","floor":8},{"not_picked":["Steam Power","Coolheaded"],"picked":"Core Surge","floor":11},{"not_picked":["Chaos","FTL","Recycle"],"picked":"SKIP","floor":13},{"not_picked":["Aggregate","Undo","Static Discharge"],"picked":"SKIP","floor":14},{"not_picked":["Core Surge","Creative AI"],"picked":"Thunder Strike","floor":16},{"not_picked":["Steam+1","Leap"],"picked":"Capacitor+1","floor":18},{"not_picked":["Skim+1","Darkness"],"picked":"Conserve Battery+1","floor":20},{"not_picked":["Ball Lightning","Gash","All For One"],"picked":"SKIP","floor":21},{"not_picked":["Double Energy+1","Heatsinks"],"picked":"Electrodynamics","floor":24},{"not_picked":["Turbo","Melter","Blizzard+1"],"picked":"SKIP","floor":29},{"not_picked":["Cold Snap+1","Streamline","Go for the Eyes+1"],"picked":"SKIP","floor":30},{"not_picked":["Doom and Gloom","Echo Form"],"picked":"Conserve Battery+1","floor":31},{"not_picked":["Machine Learning","Echo Form"],"picked":"Creative AI","floor":33},{"not_picked":["Scrape+1","Rebound","Undo"],"picked":"SKIP","floor":35},{"not_picked":["Compile Driver","Cold Snap+1","Coolheaded"],"picked":"SKIP","floor":36},{"not_picked":["Turbo+1","Chill"],"picked":"Loop+1","floor":39},{"not_picked":["Hello World","Beam Cell+1","Gash+1"],"picked":"SKIP","floor":41},{"not_picked":["Conserve Battery+1","Reprogram","Rebound"],"picked":"SKIP","floor":44},{"not_picked":["Coolheaded","Beam Cell+1","Rip and Tear+1"],"picked":"SKIP","floor":45},{"not_picked":["Aggregate+1","Reprogram"],"picked":"Redo+1","floor":46}],"player_experience":130234,"relics_obtained":[{"floor":7,"key":"Akabeko"},{"floor":8,"key":"FossilizedHelix"},{"floor":9,"key":"Eternal Feather"},{"floor":24,"key":"Omamori"},{"floor":26,"key":"Mummified Hand"},{"floor":31,"key":"Nunchaku"},{"floor":37,"key":"Ginger"},{"floor":41,"key":"InkBottle"},{"floor":43,"key":"Bottled Tornado"},{"floor":44,"key":"Meat on the Bone"}],"event_choices":[{"cards_removed":["Strike_B"],"damage_healed":0,"gold_gain":0,"player_choice":"Forget","damage_taken":0,"max_hp_gain":0,"max_hp_loss":0,"event_name":"Living Wall","floor":2,"gold_loss":0},{"damage_healed":0,"gold_gain":0,"player_choice":"Success","damage_taken":12,"relics_obtained":["The Courier"],"max_hp_gain":0,"max_hp_loss":0,"event_name":"Scrap Ooze","floor":4,"gold_loss":0},{"damage_healed":0,"gold_gain":0,"player_choice":"Ignored","damage_taken":0,"max_hp_gain":0,"max_hp_loss":0,"event_name":"Shining Light","floor":5,"gold_loss":0},{"damage_healed":0,"gold_gain":0,"player_choice":"Ignored","damage_taken":0,"max_hp_gain":0,"max_hp_loss":0,"event_name":"N\u0027loth","floor":19,"gold_loss":0},{"cards_removed":["Defend_B"],"damage_healed":0,"gold_gain":0,"player_choice":"Purged","damage_taken":0,"max_hp_gain":0,"max_hp_loss":0,"event_name":"Purifier","floor":28,"gold_loss":0},{"damage_healed":0,"gold_gain":0,"player_choice":"Fight","damage_taken":0,"max_hp_gain":0,"max_hp_loss":0,"event_name":"Mysterious Sphere","floor":37,"gold_loss":0},{"cards_removed":["Core Surge"],"damage_healed":0,"gold_gain":0,"player_choice":"Removed Attack","damage_taken":0,"max_hp_gain":0,"max_hp_loss":0,"event_name":"Falling","floor":42,"gold_loss":0},{"damage_healed":0,"gold_gain":0,"player_choice":"Max HP","damage_taken":0,"max_hp_gain":0,"max_hp_loss":4,"event_name":"Winding Halls","floor":48,"gold_loss":0}],"is_beta":false,"boss_relics":[{"not_picked":["Tiny House","Philosopher\u0027s Stone"],"picked":"Astrolabe"},{"not_picked":["SacredBark","Fusion Hammer"],"picked":"Sozu"}],"items_purged_floors":[12,22,38,47],"is_endless":false,"potions_floor_spawned":[1,14,18,24,30,33,39,41,44,46],"ascension_level":1}}