{"host":"pivahb1bacxk2eup","time":1610431859,"event":{"mods":["AchievementEnabler","BaseMod","Colored Map","Colored Powertips","Downfall","Hermit","Hero for Fun","Hubris","Jedi Mod","Jorbs\u0027s Wanderer Trilogy","Lobotomy","Marisa????????","Minty Spire (QoL Compilation)","Remilia??????","StSLib","The Alterego","The Animator","The Construct","The Hierophant","The Runesmith","The Servant 0.9.4","TheBandit","TheFirefly","Yuri Mod","thorton"],"gold_per_floor":[100,114,127,41,54,54,79,91,107,107,107],"floor_reached":10,"playtime":632,"items_purged":[],"score":69,"play_id":"a285abdf-9744-44fd-804b-b1002ae3cfa1","local_time":"20210112011059","is_ascension_mode":true,"campfire_choices":[{"floor":1,"key":"RECALL"}],"circlet_count":0,"master_deck":["yuri:yuriStrike","yuri:yuriStrike","yuri:yuriStrike","yuri:yuriStrike","yuri:yuriStrike","yuri:yuriDefend","yuri:yuriDefend","yuri:yuriDefend","yuri:yuriDefend","yuri:Oolong","yuri:yuriStab","Apotheosis","yuri:HoldBack","yuri:SturdyUniform","yuri:HoldBack","yuri:SeeingDouble","yuri:HeavierStrike","yuri:yuriQuickStrike"],"relics":["yuri:yuriKnife","Omamori"],"acts_visited":["Exordium"],"potions_floor_usage":[9,9,10],"damage_taken":[{"damage":5,"enemies":"Jaw Worm","floor":2,"turns":4},{"damage":2,"enemies":"Cultist","floor":3,"turns":3},{"damage":2,"enemies":"downfall:FleeingMerchant","floor":4,"turns":4},{"damage":4,"enemies":"Small Slimes","floor":5,"turns":4},{"damage":37,"enemies":"Lots of Slimes","floor":8,"turns":6},{"damage":26,"enemies":"Exordium Thugs","floor":9,"turns":6},{"damage":28,"enemies":"Gremlin Nob","floor":10,"turns":3}],"seed_played":"-2906682703125375014","potions_obtained":[{"floor":3,"key":"jedi:mysterypotion"},{"floor":8,"key":"GamblersBrew"},{"floor":9,"key":"Fire Potion"}],"is_trial":false,"path_per_floor":["R","M","M","$","M","?","T","M","M","E"],"character_chosen":"YURI","items_purchased":["yuri:HoldBack"],"campfire_rested":0,"item_purchase_floors":[4],"current_hp_per_floor":[72,67,70,72,68,68,68,35,16,0,0],"gold":107,"neow_bonus":"RANDOM_COLORLESS_2","is_daily":false,"chose_seed":false,"campfire_upgraded":0,"win_rate":0.0,"timestamp":1610431859,"path_taken":["R","M","M","$","M","?","T","M","?","E"],"items_purchased_type":["Card"],"build_version":"2020-12-22","purchased_purges":0,"victory":false,"max_hp_per_floor":[72,72,72,72,72,72,72,72,72,72,72],"card_choices":[{"not_picked":["Mayhem","Secret Weapon"],"picked":"Apotheosis","floor":0},{"not_picked":["yuri:InsanityDefense","yuri:yuriHeavyStrike"],"picked":"yuri:HoldBack","floor":2},{"not_picked":["yuri:DejaVu","yuri:GreenTea","yuri:Spin"],"picked":"SKIP","floor":3},{"not_picked":["yuri:yuriHeavyStrike","yuri:GlitchedStrike"],"picked":"yuri:SturdyUniform","floor":4},{"not_picked":["yuri:TPose","yuri:ReactiveMadness"],"picked":"yuri:SeeingDouble","floor":5},{"not_picked":["yuri:CalmingAura","yuri:Skip"],"picked":"yuri:HeavierStrike","floor":8},{"not_picked":["yuri:WickedSlash","yuri:ReactiveMadness"],"picked":"yuri:yuriQuickStrike","floor":9}],"player_experience":529166,"relics_obtained":[{"floor":7,"key":"Omamori"}],"event_choices":[{"cards_removed":["yuri:yuriDefend"],"damage_healed":0,"gold_gain":0,"player_choice":"Purged","damage_taken":0,"max_hp_gain":0,"max_hp_loss":0,"event_name":"Purifier","floor":6,"gold_loss":0}],"is_beta":false,"boss_relics":[],"items_purged_floors":[],"is_endless":false,"potions_floor_spawned":[3,8,9],"killed_by":"Gremlin Nob","ascension_level":3}}