{"host":"w9yruvs4bqht6bhw","time":1610421686,"event":{"mods":["BaseMod","Colored Powertips","Minty Spire (QoL Compilation)"],"gold_per_floor":[212,225,245,13,23,23,57,57,57,57,57],"floor_reached":10,"playtime":332,"items_purged":[],"score":99,"play_id":"2042a2c1-2a97-4523-9d00-7be7e51af91a","local_time":"20210111222126","is_ascension_mode":true,"campfire_choices":[{"data":"Whirlwind","floor":6,"key":"SMITH"}],"circlet_count":0,"master_deck":["Strike_R","Strike_R","Strike_R","Strike_R","Strike_R","Defend_R","Defend_R","Defend_R","Defend_R","Bash","Whirlwind+1","Pommel Strike","Iron Wave","Feel No Pain"],"relics":["Burning Blood","Frozen Eye","Art of War","Ancient Tea Set"],"acts_visited":["Exordium"],"potions_floor_usage":[7,10],"damage_taken":[{"damage":13,"enemies":"2 Louse","floor":1,"turns":4},{"damage":6,"enemies":"Cultist","floor":2,"turns":3},{"damage":5,"enemies":"Small Slimes","floor":3,"turns":3},{"damage":10,"enemies":"3 Louse","floor":5,"turns":3},{"damage":20,"enemies":"3 Sentries","floor":7,"turns":5},{"damage":60,"enemies":"Lagavulin","floor":10,"turns":8}],"seed_played":"5176559819739226486","potions_obtained":[{"floor":2,"key":"Swift Potion"},{"floor":7,"key":"Dexterity Potion"}],"is_trial":false,"path_per_floor":["M","M","M","$","M","R","E","?","T","E"],"character_chosen":"IRONCLAD","items_purchased":["Frozen Eye","Feel No Pain"],"campfire_rested":0,"item_purchase_floors":[4,4],"current_hp_per_floor":[65,65,66,66,62,62,48,48,48,0,0],"gold":57,"neow_bonus":"HUNDRED_GOLD","is_daily":false,"chose_seed":false,"campfire_upgraded":1,"win_rate":0.0,"timestamp":1610421686,"path_taken":["M","M","M","$","M","R","E","?","T","E"],"items_purchased_type":["Relic","Card"],"build_version":"2020-12-22","purchased_purges":0,"victory":false,"max_hp_per_floor":[80,80,80,80,80,80,80,80,80,80,80],"card_choices":[{"not_picked":["Iron Wave","Cleave"],"picked":"Whirlwind","floor":1},{"not_picked":["Perfected Strike","Clash"],"picked":"Pommel Strike","floor":2},{"not_picked":["Metallicize","Clothesline"],"picked":"Iron Wave","floor":3},{"not_picked":["Bloodletting","Clash","Sword Boomerang"],"picked":"SKIP","floor":5},{"not_picked":["Iron Wave","Cleave","Infernal Blade"],"picked":"SKIP","floor":7}],"player_experience":379738,"relics_obtained":[{"floor":7,"key":"Art of War"},{"floor":9,"key":"Ancient Tea Set"}],"event_choices":[{"damage_healed":0,"gold_gain":0,"player_choice":"Ignored","damage_taken":0,"max_hp_gain":0,"max_hp_loss":0,"event_name":"Shining Light","floor":8,"gold_loss":0}],"is_beta":false,"boss_relics":[],"items_purged_floors":[],"is_endless":false,"potions_floor_spawned":[2,7],"killed_by":"Lagavulin","ascension_level":9}}