{"host":"njruw0b0uprlitpx","time":1610413229,"event":{"mods":["2.2 Compatiblity","Bartender","BaseMod","Better Altar","Better Match","Better Note","Better Sensory Stone","Better Skull","Better Third Choice","BetterRewards","Block Reminder","Colored Map","Colored Powertips","Energized Spire","Jedi Mod","Keyboard Shortcuts","Magitek Elite","Minty Spire (QoL Compilation)","Quick Restart","Rare Cards Sparkle","Relic Stats","Replay The Spire","SacredBarkPlus","Spicy Shops","StSLib","SuperFastMode","The Blackbeard","The Bug Knight","The Construct","The Dragon Tamer","The Mystic","The Necromancer","The Runesmith","Wandering Minibosses"],"gold_per_floor":[141,221,262,55,75,159,159,209,221,233,455,502,514,40,40,195,195,237,437,437,54,63,63,113,184,264,264,329,14,72,126,126,300,300,345,19,83,83,138],"floor_reached":40,"playtime":1420,"items_purged":["Defend_Bartender","Delirium","Delirium","Defend_Bartender","Defend_Bartender","Defend_Bartender","Strike_Bartender"],"score":1660,"play_id":"5da06c59-7b57-41cb-8d7d-7c9b6802cbb0","local_time":"20210111190029","is_ascension_mode":true,"campfire_choices":[{"data":"OpoOpo_Form","floor":7,"key":"SMITH"},{"data":"Beat_Rush","floor":10,"key":"SMITH"},{"data":"Insight_B","floor":13,"key":"SMITH"},{"floor":15,"key":"DIG"},{"data":"Raptor_Form","floor":23,"key":"SMITH"},{"data":"Discovery","floor":27,"key":"SMITH"},{"data":"Blood_Is_Power","floor":32,"key":"SMITH"},{"data":"Power_Up_Punch","floor":32,"key":"SMITH"}],"circlet_count":0,"master_deck":["AscendersBane","Strike_Bartender","Strike_Bartender","Strike_Bartender","Somersault","OpoOpo_Form+1","Axe_Heel_Kick","Perfect_Balance","Beat_Rush+1","Cross","Stick_and_Move","Waterkick","Scowl","Top_Shelf+1","Insight_B+1","Discovery+1","Ball_Of_Ice","Snap_Punch","Butterfly_Float+1","Rope_A_Dope","Blood_Is_Power+1","Raptor_Form+1","Power_Up_Punch+1","Clumsy","Injury","Hook","Ball_Of_Ice","Power_Up_Punch","Hook","RockBreaker","Snap_Punch","Rising_Crane","Dolphin_Blow","Sucker_Punch","ThreeSidedStar","Momentum"],"relics":["Sneakers","Replay:Bandana","TungstenRod","Akabeko","Genji_Glove","Pen Nib","Tintinnabulum","Water_Ring","Replay:Mystery Machine","MawBank","Membership Card","Replay:Rubber Ducky","ReplayTheSpireMod:CursedCoin","Replay:Wax Seal","jedi:shrinkray","Strange Spoon","HornCleat","Ornamental Fan","Sozu","Guide Book","Replay:Baseball","Gambling Chip","CeramicFish","jedi:archwizardhat","The Courier","Replay:Arrowhead","jedi:fakemustache","Anchor","jedi:arcanewood","Ring of Chaos","Power_Wrist"],"acts_visited":["Exordium","TheCity","TheBeyond"],"potions_floor_usage":[6,16,33],"damage_taken":[{"damage":0,"enemies":"Small Slimes","floor":1,"turns":2},{"damage":0,"enemies":"2 Louse","floor":5,"turns":1},{"damage":4,"enemies":"3 Sentries","floor":6,"turns":4},{"damage":0,"enemies":"Gremlin Nob","floor":11,"turns":2},{"damage":0,"enemies":"Jaw Worm","floor":12,"turns":1},{"damage":0,"enemies":"Slime Boss","floor":16,"turns":3},{"damage":0,"enemies":"2 Thieves","floor":18,"turns":2},{"damage":1,"enemies":"Chosen","floor":24,"turns":3},{"damage":1,"enemies":"Gremlin Leader","floor":25,"turns":3},{"damage":32,"enemies":"Slavers","floor":28,"turns":3},{"damage":1,"enemies":"Centurion and Healer","floor":30,"turns":3},{"damage":1,"enemies":"Sentry and Sphere","floor":31,"turns":3},{"damage":2,"enemies":"Collector","floor":33,"turns":5},{"damage":0,"enemies":"Orb Walker","floor":35,"turns":2},{"damage":1,"enemies":"3 Darklings","floor":37,"turns":2},{"damage":5,"enemies":"Awakened One","floor":39,"turns":6}],"seed_played":"-4305113782059259087","potions_obtained":[{"floor":3,"key":"SneckoOil"},{"floor":5,"key":"ColorlessPotion"},{"floor":6,"key":"Adrenaline Potion"}],"is_trial":false,"path_per_floor":["M","?","?","$","M","E","R","?","T","R","E","M","R","$","R_BF","B",null,"M","?","?","$","?","R","M","E","T","R","E","$","M","M","R","B",null,"M","$","M","?","B",null],"character_chosen":"BARTENDER","items_purchased":["Replay:Bandana","OpoOpo_Form","Axe_Heel_Kick","Perfect_Balance","Akabeko","Genji_Glove","Beat_Rush","Pen Nib","Weak Potion","ReplayTheSpireMod:CursedCoin","Water_Ring","Discovery","Ball_Of_Ice","Strength Potion","Snap_Punch","jedi:shrinkray","Strange Spoon","HornCleat","Raptor_Form","Power_Up_Punch","Guide Book","Replay:Baseball","Gambling Chip","jedi:fakemustache","Power_Up_Punch","Anchor","jedi:arcanewood","Hook","RockBreaker","Snap_Punch","Power_Wrist","ThreeSidedStar"],"campfire_rested":0,"item_purchase_floors":[0,0,0,0,0,0,0,0,0,4,4,14,14,14,14,14,14,14,21,21,21,21,21,29,29,29,29,29,29,29,36,36],"current_hp_per_floor":[63,63,63,64,65,62,63,64,65,66,67,68,69,70,70,70,70,70,70,70,70,70,70,69,69,70,70,38,70,69,69,70,68,70,70,70,69,70,65],"gold":138,"neow_bonus":"","is_daily":false,"chose_seed":false,"campfire_upgraded":7,"win_rate":0.0,"timestamp":1610413229,"path_taken":["M","?","?","$","M","E","R","?","T","R","E","M","R","$","R_BF","BOSS","M","?","?","$","?","R","?","E","T","R","E","$","M","M","R","BOSS","M","$","M","?","BOSS"],"items_purchased_type":["Relic","Card","Card","Card","Relic","Relic","Card","Relic","Potion","Relic","Relic","Card","Card","Potion","Card","Relic","Relic","Relic","Card","Card","Relic","Relic","Relic","Relic","Card","Relic","Relic","Card","Card","Card","Relic","Card"],"build_version":"2020-12-22","purchased_purges":7,"victory":true,"max_hp_per_floor":[70,70,70,70,70,70,70,70,70,70,70,70,70,70,70,70,70,70,70,70,70,70,70,70,70,70,70,70,70,70,70,70,70,70,70,70,70,70,70],"relic_stats":{"Sozu":4,"Strange Spoon":[70],"counters":[59,173],"Ornamental Fan":[88],"Gambling Chip":[25],"CeramicFish":108,"Pen Nib":[12],"MawBank":72,"obtain_stats":[{"Golden Egg":43,"Calipers":0,"CeramicFish":22,"Vajra":37,"jedi:shrinkray":14,"Blood Vial":6,"Sozu":17,"Lizard Tail":43,"HornCleat":14,"jedi:paperlyon":34,"Strawberry":0,"Kunai":26,"Replay:Wax Seal":11,"Sneakers":0,"ReplayTheSpireMod:CursedCoin":14,"Dead Branch":40,"Counterbalance":42,"Choco_Feather":51,"Pen Nib":0,"Ring of Chaos":34,"Letter Opener":9,"Question Card":9,"Akabeko":0,"SlaversCollar":34,"Bottled Flame":27,"Replay:Baseball":21,"Water_Ring":4,"Shuriken":10,"energizedSpire:NeverEndingSparkler":17,"Bird Faced Urn":29,"Tintinnabulum":3,"StrikeDummy":31,"Lantern":28,"Singing Bowl":0,"Torii":24,"Piano_Music":0,"Replay:Mystery Machine":6,"jedi:archwizardhat":25,"Power_Wrist":36,"Replay:Rubber Ducky":9,"Dream Catcher":46,"Replay:Bandana":0,"Matryoshka":26,"Mummified Hand":42,"Gambling Chip":21,"Genji_Glove":10,"Red Mask":24,"Guardian:BottledAnomaly":37,"Replay:Bottled Eggs":37,"ReplayTheSpireMod:Ninjato":19,"NeowsBlessing":0,"Guide Book":21,"The Courier":26,"Ring of Greed":8,"energizedSpire:DeadBattery":17,"MawBank":8,"White Beast Statue":43,"Replay:Arrowhead":28,"Mercury Hourglass":20,"jedi:fakemustache":29,"Strange Spoon":14,"Anchor":29,"jedi:ominousloannote":0,"Ornamental Fan":15,"Turnip":31,"Art of War":7,"Membership Card":14,"hexamod:BolsterEngine":13,"jedi:arcanewood":29,"TungstenRod":0},{"Golden Egg":39,"Calipers":23,"CeramicFish":50,"Vajra":17,"jedi:shrinkray":48,"Blood Vial":4,"Sozu":49,"Lizard Tail":21,"HornCleat":48,"jedi:paperlyon":16,"Strawberry":23,"Kunai":10,"Replay:Wax Seal":47,"Sneakers":0,"ReplayTheSpireMod:CursedCoin":6,"Dead Branch":20,"Counterbalance":21,"Choco_Feather":42,"Pen Nib":43,"Ring of Chaos":56,"Letter Opener":4,"Question Card":26,"Akabeko":43,"SlaversCollar":36,"Bottled Flame":33,"Replay:Baseball":50,"Water_Ring":44,"Shuriken":26,"energizedSpire:NeverEndingSparkler":29,"Bird Faced Urn":34,"Tintinnabulum":44,"StrikeDummy":15,"Lantern":33,"Singing Bowl":23,"Torii":32,"Piano_Music":23,"Replay:Mystery Machine":46,"jedi:archwizardhat":52,"Power_Wrist":57,"Replay:Rubber Ducky":46,"Dream Catcher":22,"Replay:Bandana":43,"Matryoshka":32,"Mummified Hand":39,"Gambling Chip":50,"Genji_Glove":26,"Red Mask":10,"Guardian:BottledAnomaly":17,"Replay:Bottled Eggs":17,"ReplayTheSpireMod:Ninjato":8,"NeowsBlessing":0,"Guide Book":50,"The Courier":52,"Ring of Greed":46,"energizedSpire:DeadBattery":7,"MawBank":46,"White Beast Statue":39,"Replay:Arrowhead":53,"Mercury Hourglass":8,"jedi:fakemustache":53,"Strange Spoon":48,"Anchor":53,"jedi:ominousloannote":23,"Ornamental Fan":48,"Turnip":15,"Art of War":26,"Membership Card":6,"hexamod:BolsterEngine":6,"jedi:arcanewood":53,"TungstenRod":43},{"Golden Egg":118,"Calipers":73,"CeramicFish":143,"Vajra":58,"jedi:shrinkray":138,"Blood Vial":12,"Sozu":141,"Lizard Tail":67,"HornCleat":138,"jedi:paperlyon":56,"Strawberry":73,"Kunai":39,"Replay:Wax Seal":137,"Sneakers":0,"ReplayTheSpireMod:CursedCoin":22,"Dead Branch":64,"Counterbalance":67,"Choco_Feather":124,"Pen Nib":128,"Ring of Chaos":163,"Letter Opener":12,"Question Card":80,"Akabeko":128,"SlaversCollar":109,"Bottled Flame":100,"Replay:Baseball":143,"Water_Ring":130,"Shuriken":80,"energizedSpire:NeverEndingSparkler":89,"Bird Faced Urn":102,"Tintinnabulum":130,"StrikeDummy":52,"Lantern":100,"Singing Bowl":73,"Torii":97,"Piano_Music":73,"Replay:Mystery Machine":135,"jedi:archwizardhat":149,"Power_Wrist":165,"Replay:Rubber Ducky":135,"Dream Catcher":70,"Replay:Bandana":128,"Matryoshka":97,"Mummified Hand":118,"Gambling Chip":143,"Genji_Glove":80,"Red Mask":39,"Guardian:BottledAnomaly":58,"Replay:Bottled Eggs":58,"ReplayTheSpireMod:Ninjato":34,"NeowsBlessing":0,"Guide Book":143,"The Courier":149,"Ring of Greed":135,"energizedSpire:DeadBattery":31,"MawBank":135,"White Beast Statue":118,"Replay:Arrowhead":152,"Mercury Hourglass":34,"jedi:fakemustache":152,"Strange Spoon":138,"Anchor":152,"jedi:ominousloannote":73,"Ornamental Fan":138,"Turnip":52,"Art of War":80,"Membership Card":22,"hexamod:BolsterEngine":22,"jedi:arcanewood":152,"TungstenRod":128}],"TungstenRod":148},"card_choices":[{"not_picked":["Dancing_Jab","Rising_Crane"],"picked":"Cross","floor":1},{"not_picked":["Cross","Ball_Of_Ice"],"picked":"Stick_and_Move","floor":3},{"not_picked":["Ball_Of_Ice","Pony_Shot"],"picked":"Waterkick","floor":3},{"not_picked":["Bloodbath_Bartender","Snap_Punch"],"picked":"Scowl","floor":5},{"not_picked":["Mirage","With_A_Twist"],"picked":"Top_Shelf","floor":6},{"not_picked":["Scoop","Storage"],"picked":"Insight_B","floor":11},{"not_picked":["Press_Forward","Foot_Thrust","Dragonkick"],"picked":"SKIP","floor":12},{"not_picked":["Combo_Master","Patience"],"picked":"Butterfly_Float","floor":16},{"not_picked":["Well_Drinks","On_The_Rocks"],"picked":"Rope_A_Dope","floor":18},{"not_picked":["Free_Pour+1","Ball_Of_Ice"],"picked":"Hook","floor":24},{"not_picked":["On_The_Rocks","Torment"],"picked":"Ball_Of_Ice","floor":25},{"not_picked":["Spirits_Within","Greased_Lightning","Cross"],"picked":"SKIP","floor":28},{"not_picked":["Center_Self","Foot_Thrust"],"picked":"Rising_Crane","floor":30},{"not_picked":["Free_Pour","Step_Of_The_Wind","Well_Drinks"],"picked":"SKIP","floor":31},{"not_picked":["Patience","Top_Shelf"],"picked":"Dolphin_Blow","floor":33},{"not_picked":["Hook","Dragonkick"],"picked":"Sucker_Punch","floor":35},{"not_picked":["Foot_Thrust+1","Feint"],"picked":"Momentum","floor":37}],"player_experience":1736137,"relics_obtained":[{"floor":3,"key":"Tintinnabulum"},{"floor":6,"key":"Replay:Mystery Machine"},{"floor":8,"key":"Ring of Greed"},{"floor":8,"key":"MawBank"},{"floor":8,"key":"Membership Card"},{"floor":9,"key":"Replay:Rubber Ducky"},{"floor":11,"key":"Replay:Wax Seal"},{"floor":15,"key":"Ornamental Fan"},{"floor":25,"key":"jedi:archwizardhat"},{"floor":26,"key":"The Courier"},{"floor":28,"key":"Replay:Arrowhead"}],"event_choices":[{"damage_healed":0,"gold_gain":250,"player_choice":"Bet on Owner","damage_taken":0,"max_hp_gain":0,"max_hp_loss":0,"event_name":"The Joust","floor":19,"gold_loss":50},{"cards_removed":["Discovery"],"damage_healed":0,"gold_gain":0,"player_choice":"Take \u0026 Give","damage_taken":0,"max_hp_gain":0,"max_hp_loss":0,"event_name":"betterNote:BetterNote","floor":20,"gold_loss":0,"cards_obtained":["Blood_Is_Power"]},{"damage_healed":0,"gold_gain":0,"player_choice":"Portal","damage_taken":0,"max_hp_gain":0,"max_hp_loss":0,"event_name":"betterThird:BetterPortal","floor":38,"gold_loss":0}],"is_beta":false,"boss_relics":[{"not_picked":["energizedSpire:NeverEndingSparkler","Empty Cage"],"picked":"Sozu"},{"not_picked":["energizedSpire:EnergizedDie","Replay:Bronze Core"],"picked":"Ring of Chaos"}],"items_purged_floors":[0,4,14,21,29,36,36],"is_endless":false,"potions_floor_spawned":[5,6,12,28,30,35,37],"ascension_level":12}}