{"host":"tthpht10oetb1q7t","time":1610440786,"event":{"mods":["AchievementEnabler","Arknights The Spire","BaseMod","ChefMod","GifTheSpireLib","Hubris","Minty Spire (QoL Compilation)","Permanent Neow","Quick Restart","Replay The Spire","StSLib","SuperFastMode","The Marked"],"gold_per_floor":[113,113,113,131,149,149,159,159,212,239,164,180,180,195,195,294,294,310,138,149,149,163,163,163],"floor_reached":23,"playtime":908,"items_purged":["theMarked:Strike","theMarked:Strike"],"score":243,"play_id":"95a1cadd-5764-4212-a01e-69a80ea137a4","local_time":"20210112093946","is_ascension_mode":false,"campfire_choices":[{"data":"theMarked:EmpowerWeapon","floor":6,"key":"SMITH"},{"data":"theMarked:SoldierOfQuellstein","floor":8,"key":"SMITH"},{"data":"theMarked:BindingBlade","floor":13,"key":"SMITH"},{"data":"theMarked:TwofoldDefense","floor":15,"key":"SMITH"}],"circlet_count":0,"master_deck":["theMarked:Strike","theMarked:Strike","theMarked:Strike","theMarked:Defend","theMarked:Defend","theMarked:Defend","theMarked:Defend","theMarked:SoldierOfQuellstein+1","theMarked:EmpowerWeapon+1","theMarked:TwofoldDefense+1","theMarked:BindingBlade+1","theMarked:SoldierForm","theMarked:EmpowerWeapon+1","theMarked:MysticalArsenal"],"relics":["theMarked:ArtifactOfAir","Boot","Shuriken","Oddly Smooth Stone","White Beast Statue","theMarked:Eyepatch"],"acts_visited":["Exordium","TheCity"],"potions_floor_usage":[23],"damage_taken":[{"damage":0,"enemies":"Small Slimes","floor":1,"turns":4},{"damage":6,"enemies":"Jaw Worm","floor":4,"turns":3},{"damage":1,"enemies":"Cultist","floor":5,"turns":3},{"damage":6,"enemies":"2 Fungi Beasts","floor":7,"turns":3},{"damage":20,"enemies":"Gremlin Nob","floor":10,"turns":4},{"damage":8,"enemies":"Gremlin Gang","floor":12,"turns":4},{"damage":0,"enemies":"Exordium Wildlife","floor":14,"turns":3},{"damage":0,"enemies":"Slime Boss","floor":16,"turns":8},{"damage":0,"enemies":"Chosen","floor":18,"turns":4},{"damage":23,"enemies":"3 Byrds","floor":20,"turns":6},{"damage":18,"enemies":"3 Cultists","floor":22,"turns":5},{"damage":9,"enemies":"Book of Stabbing","floor":23,"turns":4}],"seed_played":"-4927592079681471160","potions_obtained":[{"floor":1,"key":"Block Potion"},{"floor":5,"key":"Toxic Potion"},{"floor":10,"key":"PowerPotion"},{"floor":12,"key":"SkillPotion"},{"floor":18,"key":"SpeedPotion"}],"is_trial":false,"path_per_floor":["M","?","?","M","M","R","M","R","T","E","$","M","R","M","R","B",null,"M","$","M","?","M","E"],"character_chosen":"THE_DEFAULT","items_purchased":["theMarked:MysticalArsenal"],"campfire_rested":0,"item_purchase_floors":[19],"current_hp_per_floor":[70,70,70,64,63,63,57,57,57,37,37,29,29,29,29,29,70,70,70,47,41,23,14,14],"gold":163,"neow_bonus":"RANDOM_COMMON_RELIC","is_daily":false,"chose_seed":false,"campfire_upgraded":4,"win_rate":0.0,"timestamp":1610440786,"path_taken":["M","?","?","M","M","R","M","R","T","E","$","M","R","M","R","BOSS","M","$","?","?","?","E"],"items_purchased_type":["Card"],"build_version":"2020-12-22","purchased_purges":2,"victory":false,"max_hp_per_floor":[70,70,70,70,70,70,70,70,70,70,70,70,70,70,70,70,70,70,70,70,70,70,70,70],"card_choices":[{"not_picked":["theMarked:Polarize","theMarked:Frustration"],"picked":"theMarked:EmpowerWeapon","floor":1},{"not_picked":["theMarked:HeightenedSenses","theMarked:RepellingDischarge","theMarked:Static"],"picked":"SKIP","floor":4},{"not_picked":["theMarked:RepellingDischarge","theMarked:ChainLightning","theMarked:BanishingWave"],"picked":"SKIP","floor":5},{"not_picked":["theMarked:ContemptForTheProud","theMarked:WardOff","theMarked:EnhanceMovement"],"picked":"SKIP","floor":7},{"not_picked":["theMarked:BanishingWave","theMarked:HeightenedSenses"],"picked":"theMarked:TwofoldDefense","floor":10},{"not_picked":["theMarked:Overthink","theMarked:RepellingDischarge"],"picked":"theMarked:BindingBlade","floor":12},{"not_picked":["theMarked:HeightenedSenses","theMarked:Electrify","theMarked:ChainLightning"],"picked":"SKIP","floor":14},{"not_picked":["theMarked:SuspiciousRaven","theMarked:MuscleMemory"],"picked":"theMarked:SoldierForm","floor":16},{"not_picked":["theMarked:Frustration","theMarked:Opportunist+1"],"picked":"theMarked:EmpowerWeapon+1","floor":18},{"not_picked":["theMarked:ResourceFulStrike","theMarked:TunnelVision","theMarked:BanishingStrike"],"picked":"SKIP","floor":20},{"not_picked":["theMarked:Reabsorb","theMarked:BanishingWave","theMarked:ReduceFriction"],"picked":"SKIP","floor":22}],"player_experience":73814,"relics_obtained":[{"floor":9,"key":"Oddly Smooth Stone"},{"floor":10,"key":"White Beast Statue"}],"event_choices":[{"damage_healed":0,"gold_gain":0,"player_choice":"Gave Potion","damage_taken":0,"relics_obtained":["Shuriken"],"max_hp_gain":0,"max_hp_loss":0,"event_name":"WeMeetAgain","floor":3,"gold_loss":0},{"damage_healed":0,"gold_gain":0,"player_choice":"","damage_taken":6,"max_hp_gain":0,"max_hp_loss":0,"event_name":"Knowing Skull","floor":21,"potions_obtained":[],"gold_loss":0,"cards_obtained":[]}],"is_beta":false,"boss_relics":[{"not_picked":["Fusion Hammer","Replay:Drink Me"],"picked":"theMarked:Eyepatch"}],"items_purged_floors":[11,19],"is_endless":false,"potions_floor_spawned":[1,5,10,12,14,16,18,20,22],"killed_by":"Book of Stabbing","ascension_level":0}}