{"host":"r53pw7z744tg3fxg","time":1610457215,"event":{"mods":["AchievementEnabler","BaseMod","Colored Map","Colored Powertips","Highlight Path","Minty Spire (QoL Compilation)","Quick Restart","Transform Curses"],"gold_per_floor":[112,125,138,138,155,155,183,195,195,195,195],"floor_reached":10,"playtime":384,"items_purged":[],"score":112,"play_id":"8f384e85-71fa-4eba-bdeb-24d41ebec338","local_time":"20210112061335","is_ascension_mode":true,"campfire_choices":[{"data":"Eruption","floor":6.0,"key":"SMITH"}],"circlet_count":0,"master_deck":["AscendersBane","Strike_P","Strike_P","Strike_P","Strike_P","Defend_P","Defend_P","Defend_P","Defend_P","Eruption+1","Vigilance","FollowUp","CarveReality","ThirdEye","Regret","FlurryOfBlows","InnerPeace","Evaluate"],"relics":["PureWater","Ancient Tea Set","Bronze Scales","Frozen Egg 2"],"acts_visited":["Exordium"],"potions_floor_usage":[10],"damage_taken":[{"damage":4.0,"enemies":"Small Slimes","floor":1.0,"turns":3.0},{"damage":5.0,"enemies":"Jaw Worm","floor":2.0,"turns":6.0},{"damage":1.0,"enemies":"2 Louse","floor":3.0,"turns":3.0},{"damage":2.0,"enemies":"Large Slime","floor":5.0,"turns":3.0},{"damage":22.0,"enemies":"3 Sentries","floor":7.0,"turns":8.0},{"damage":2,"enemies":"Exordium Wildlife","floor":8,"turns":4},{"damage":43,"enemies":"Gremlin Nob","floor":10,"turns":4}],"seed_played":"-7390046908922865587","potions_obtained":[{"floor":2.0,"key":"ColorlessPotion"},{"floor":3.0,"key":"FearPotion"},{"floor":5.0,"key":"BlessingOfTheForge"}],"is_trial":false,"path_per_floor":["M","M","M","?","M","R","E","M","T","E"],"character_chosen":"WATCHER","items_purchased":[],"campfire_rested":0,"item_purchase_floors":[],"current_hp_per_floor":[68,63,62,62,60,60,38,36,36,0,0],"gold":195,"neow_bonus":"TEN_PERCENT_HP_BONUS","is_daily":false,"chose_seed":false,"campfire_upgraded":1,"win_rate":0.0,"timestamp":1610457215,"path_taken":["M","M","M","?","M","R","E","M","T","E"],"items_purchased_type":[],"build_version":"2020-12-22","purchased_purges":0,"victory":false,"max_hp_per_floor":[79,79,79,79,79,79,79,79,79,79,79],"card_choices":[{"not_picked":["Crescendo","Swivel"],"picked":"FollowUp","floor":1.0},{"not_picked":["Worship","FollowUp"],"picked":"CarveReality","floor":2.0},{"not_picked":["FlyingSleeves","MentalFortress"],"picked":"ThirdEye","floor":3.0},{"not_picked":["Weave","CutThroughFate"],"picked":"FlurryOfBlows","floor":5.0},{"not_picked":["LikeWater","WaveOfTheHand"],"picked":"InnerPeace","floor":7.0},{"not_picked":["Swivel","PathToVictory"],"picked":"Evaluate","floor":8}],"player_experience":1230614,"relics_obtained":[{"floor":7.0,"key":"Bronze Scales"},{"floor":9,"key":"Frozen Egg 2"}],"event_choices":[{"damage_healed":0.0,"max_hp_gain":0.0,"max_hp_loss":0.0,"gold_gain":0.0,"event_name":"Big Fish","player_choice":"Box","floor":4.0,"gold_loss":0.0,"damage_taken":0.0,"relics_obtained":["Ancient Tea Set"],"cards_obtained":["Regret"]}],"is_beta":false,"boss_relics":[],"items_purged_floors":[],"is_endless":false,"potions_floor_spawned":[2,3,5],"killed_by":"Gremlin Nob","ascension_level":12}}