{"host":"tm3ghj8mno6gwywm","time":1610492063,"event":{"mods":["2.2 Compatiblity","AchievementEnabler","Bard","BaseMod","Beaked The Cultist","Better Third Choice","Colored Map","Colored Powertips","Conspire","Downfall","Glutton Mod","GungeonMod","Halation","Hermit","Hubris","Infinite Spire","Jorbs\u0027s Wanderer Trilogy","Lobotomy","Mad Scientist","Marisa????????","Marked Mod","Mimic Mod","Minty Spire (QoL Compilation)","Potionbrewer","Quick Restart","READ ME - Guardian Mod","Replay The Spire","Shade Mod","Shop Mod","Somnambulant","Spicy Shops","StSLib","SuperFastMode","The Bug Knight","The Construct","The Cursed","The Disciple","The Factory","The Hierophant","The IronCluck","The Judge","The Jungle","The Necromancer","The Runesmith","The Servant 0.9.4","egg"],"gold_per_floor":[111,111,128,147,157,183,183,201,201,221,221,221,221,234,234,336,336,346,359,24,73,118,118,190,190,265,265,333,389,389,389,389,536,536,599,633,700,739,739,739,312,272,350,450,450,540,631,713,713,715,715,715,715,385,471,481],"floor_reached":57,"language":"ENG","playtime":2731,"items_purged":[],"score":1404,"play_id":"4d8d2ea9-2d3a-401b-8979-fe66858a97c6","local_time":"20210112175423","is_ascension_mode":false,"campfire_choices":[{"floor":7,"key":"REST"},{"floor":11,"key":"RECALL"},{"floor":12,"key":"REST"},{"floor":15,"key":"REST"},{"floor":23,"key":"REST"},{"floor":25,"key":"REST"},{"floor":30,"key":"REST"},{"floor":32,"key":"REST"},{"floor":40,"key":"REST"},{"floor":45,"key":"REST"},{"data":"1","floor":49,"key":"LIFT"},{"data":"2","floor":53,"key":"LIFT"}],"circlet_count":0,"master_deck":["Strike_MRS","Strike_MRS","Strike_MRS","Strike_MRS","Defend_MRS","Defend_MRS","Defend_MRS","Defend_MRS","MasterSpark+1","UpSweep+1","ShootTheMoon+1","Acceleration+1","DeepEcoloBomb+1","PulseMagic+1","Parasite","Parasite","AsteroidBelt+1","AsteroidBelt+1","WitchOfGreed+1","PowerUp+1","GalacticHalo+1","GrandCross+1","GrandCross+1","NonDirectionalLaser+1","AlicesGift+1","LuminesStrike+1","Occultation+1","OortCloud+1","Finesse+1","WitchOfGreed+1","OrrerysSun+1","GalacticHalo+1","OortCloud+1","SprinkleStarSeal+1","EarthLightRay+1"],"relics":["MiniHakkero","Lizard Tail","Mummified Hand","Black Star","Molten Egg 2","Toxic Egg 2","Frozen Egg 2","Quantum Egg","Membership Card","WingedGreaves","hubris:MysteriousPyramids","infinitespire:FocusingShard","ShroomBag","CeramicFish","Replay:Bandana","Snack Pack","halation:Sosunser","hubris:Potato","infinitespire:Golems Mask","infinitespire:EmpoweringShard","conspire:GlowingRock","Fusion Hammer","Red Mask","Oddly Smooth Stone","Replay:Rubber Ducky","conspire:DeflatedDodgeball","conspire:Dentures","Du-Vu Doll","HollowMod:PaleOreRelic","DemoMod:ClearGuonStone","Centennial Puzzle","Girya","Regal Pillow","DollysMirror","Toy Ornithopter","Happy Flower","Nunchaku","halation:BlackBeret","halation:SelfBoilingWater"],"acts_visited":["Exordium","TheCity","TheBeyond","TheEnding"],"potions_floor_usage":[6,10,16,16,24,33,50,50,56,56],"damage_taken":[{"damage":7,"enemies":"Jaw Worm","floor":1,"turns":4},{"damage":11,"enemies":"infinitespire:Voidling","floor":3,"turns":3},{"damage":0,"enemies":"2 Louse","floor":4,"turns":2},{"damage":4,"enemies":"Looter","floor":5,"turns":2},{"damage":32,"enemies":"Lagavulin","floor":6,"turns":6},{"damage":16,"enemies":"Gremlin Gang","floor":8,"turns":4},{"damage":13,"enemies":"The Mushroom Lair","floor":10,"turns":4},{"damage":0,"enemies":"Exordium Wildlife","floor":14,"turns":3},{"damage":52,"enemies":"The Guardian","floor":16,"turns":11},{"damage":6,"enemies":"Shell Parasite","floor":18,"turns":3},{"damage":9,"enemies":"Chosen","floor":19,"turns":3},{"damage":13,"enemies":"conspire:HollyBat","floor":21,"turns":9},{"damage":13,"enemies":"Centurion and Healer","floor":22,"turns":14},{"damage":57,"enemies":"Book of Stabbing","floor":24,"turns":10},{"damage":35,"enemies":"Masked Bandits","floor":28,"turns":6},{"damage":0,"enemies":"Shelled Parasite and Fungi","floor":29,"turns":5},{"damage":13,"enemies":"Automaton","floor":33,"turns":6},{"damage":0,"enemies":"3 Shapes","floor":35,"turns":3},{"damage":6,"enemies":"Orb Walker","floor":36,"turns":2},{"damage":0,"enemies":"Transient","floor":37,"turns":5},{"damage":0,"enemies":"Spire Growth","floor":38,"turns":3},{"damage":0,"enemies":"HollowMod:SlobberingHusk","floor":43,"turns":8},{"damage":0,"enemies":"Reptomancer","floor":44,"turns":5},{"damage":0,"enemies":"HollowMod:SlobberingHusk","floor":46,"turns":7},{"damage":0,"enemies":"Jaw Worm Horde","floor":47,"turns":7},{"damage":0,"enemies":"Jaw Worm Horde","floor":48,"turns":3},{"damage":0,"enemies":"Donu and Deca","floor":50,"turns":10},{"damage":1,"enemies":"Shield and Spear","floor":55,"turns":5},{"damage":20,"enemies":"The Heart","floor":56,"turns":12}],"seed_played":"-1935886056756917835","potions_obtained":[{"floor":1,"key":"DemoMod:LeadSkinPotion"},{"floor":4,"key":"Block Potion"},{"floor":5,"key":"Explosive Potion"},{"floor":14,"key":"potionbrewer:NoxiousPotion"},{"floor":19,"key":"Elixir"},{"floor":21,"key":"AttackPotion"},{"floor":22,"key":"Reflective Coating"},{"floor":24,"key":"BottledSpark"},{"floor":29,"key":"Swift Potion"},{"floor":33,"key":"Swift Potion"},{"floor":35,"key":"potionbrewer:SplittingPotion"}],"is_trial":false,"path_per_floor":["M","?","M","M","M","E","R","M","T","?","R","R","?","M","R","B",null,"M","M","$","M","M","R","E","R","T","AVR","?","M","R","?","R","B",null,"M","M","M","M","?","R","$","?","MIM","E","R","M","MIM","M","R","B",null,null,"R","$","E","B",null],"character_chosen":"MARISA","items_purchased":["WitchOfGreed+1","CeramicFish","Replay:Bandana","Snack Pack","halation:Sosunser","PowerUp+1","Replay:Rubber Ducky","conspire:DeflatedDodgeball","StarNLove","conspire:Dentures","Finesse+1","OrrerysSun+1","GalacticHalo+1","DollysMirror","Toy Ornithopter","Happy Flower","Nunchaku","SprinkleStarSeal+1"],"campfire_rested":9,"item_purchase_floors":[20,20,20,20,20,20,41,41,41,41,41,54,54,54,54,54,54,54],"current_hp_per_floor":[68,68,61,61,57,25,47,31,31,18,18,40,40,44,66,18,75,71,66,66,57,48,70,19,41,41,41,12,16,38,38,60,59,75,75,71,75,75,75,75,75,75,75,75,75,75,75,75,75,75,75,75,75,75,75,57],"gold":481,"neow_bonus":"UPGRADE_CARD","is_daily":false,"chose_seed":false,"campfire_upgraded":0,"win_rate":0.0,"timestamp":1610492063,"path_taken":["M","?","M","?","M","E","R","M","T","?","R","R","?","?","R","BOSS","M","M","$","M","M","R","E","R","T","AVR","?","M","R","?","R","BOSS","M","?","?","M","?","R","?","?","MIM","E","R","?","?","M","R","BOSS","R","$","E","BOSS"],"items_purchased_type":["Card","Relic","Relic","Relic","Relic","Card","Relic","Relic","Potion","Relic","Card","Card","Card","Relic","Relic","Relic","Relic","Card"],"build_version":"2020-12-22","purchased_purges":0,"victory":true,"max_hp_per_floor":[75,75,75,75,75,75,75,75,75,75,75,75,75,75,75,75,75,75,75,75,75,75,75,75,75,75,75,75,75,75,75,75,75,75,75,75,75,75,75,75,75,75,75,75,75,75,75,75,75,75,75,75,75,75,75,75],"card_choices":[{"not_picked":["WitchLeyline+1","MagicChant+1"],"picked":"ShootTheMoon+1","floor":1},{"not_picked":["ChargingUp+1","GravityBeat+1"],"picked":"Acceleration+1","floor":3},{"not_picked":["LuminesStrike+1","MachineGunSpark+1"],"picked":"DeepEcoloBomb+1","floor":4},{"not_picked":["UnstableBomb+1","StarBarrage+1","SuperPerseids+1"],"picked":"SKIP","floor":5},{"not_picked":["WitchLeyline+1","6A+1"],"picked":"PulseMagic+1","floor":6},{"not_picked":["IllusionStar+1","WitchLeyline+1","OpenUniverse+1"],"picked":"SKIP","floor":8},{"not_picked":["LuminesStrike+1","IllusionStar+1"],"picked":"DC+1","floor":10},{"not_picked":["MagicChant+1","WitchLeyline+1","UnstableBomb+1"],"picked":"SKIP","floor":14},{"not_picked":["EarthLightRay+1","WitchOfGreed+1"],"picked":"AsteroidBelt+1","floor":18},{"not_picked":["WitchLeyline+1","ShootingEcho+1"],"picked":"AsteroidBelt+1","floor":19},{"not_picked":["Acceleration+1","6A+1"],"picked":"GalacticHalo+1","floor":21},{"not_picked":["TreasureHunter+1","NonDirectionalLaser+1","MagicChant+1"],"picked":"SKIP","floor":22},{"not_picked":["GasGiant+1","RefractionSpark+1"],"picked":"GrandCross+1","floor":24},{"not_picked":["WitchOfGreed+1","UnstableBomb+1"],"picked":"GrandCross+1","floor":28},{"not_picked":["DC+1","WitchLeyline+1"],"picked":"NonDirectionalLaser+1","floor":29},{"not_picked":["SporeBomb+1","OrrerysSun+1"],"picked":"AlicesGift+1","floor":35},{"not_picked":["DC+1","ShootingEcho+1"],"picked":"LuminesStrike+1","floor":36},{"not_picked":["LuminesStrike+1","Acceleration+1"],"picked":"Occultation+1","floor":37},{"not_picked":["ShootTheMoon+1","DragonMeteor+1"],"picked":"OortCloud+1","floor":38},{"not_picked":["Occultation+1","WitchLeyline+1"],"picked":"WitchOfGreed+1","floor":43},{"not_picked":["MachineGunSpark+1","DoubleSpark+1","Acceleration+1"],"picked":"SKIP","floor":44},{"not_picked":["BlazeAway+1","ChargeUpSpray+1","DoubleSpark+1"],"picked":"SKIP","floor":46},{"not_picked":["GasGiant+1","OneTimeOff+1","StarBarrage+1"],"picked":"SKIP","floor":48},{"not_picked":["StarBarrage+1","DoubleSpark+1"],"picked":"EarthLightRay+1","floor":55}],"player_experience":813708,"relics_obtained":[{"floor":6,"key":"hubris:MysteriousPyramids"},{"floor":6,"key":"infinitespire:FocusingShard"},{"floor":10,"key":"ShroomBag"},{"floor":24,"key":"hubris:Potato"},{"floor":24,"key":"infinitespire:Golems Mask"},{"floor":26,"key":"infinitespire:EmpoweringShard"},{"floor":28,"key":"Red Mask"},{"floor":43,"key":"Du-Vu Doll"},{"floor":43,"key":"HollowMod:PaleOreRelic"},{"floor":44,"key":"DemoMod:ClearGuonStone"},{"floor":44,"key":"Centennial Puzzle"},{"floor":47,"key":"Girya"},{"floor":47,"key":"Regal Pillow"},{"floor":55,"key":"halation:BlackBeret"},{"floor":55,"key":"halation:SelfBoilingWater"}],"event_choices":[{"damage_healed":0,"gold_gain":0,"player_choice":"Ignored","damage_taken":0,"max_hp_gain":0,"max_hp_loss":0,"event_name":"Purifier","floor":2,"gold_loss":0},{"damage_healed":0,"gold_gain":0,"player_choice":"Fought Mushrooms","damage_taken":0,"max_hp_gain":0,"max_hp_loss":0,"event_name":"Mushrooms_MRS","floor":10,"gold_loss":0},{"damage_healed":0,"gold_gain":0,"player_choice":"0 cards matched","damage_taken":0,"max_hp_gain":0,"max_hp_loss":0,"event_name":"Match and Keep!","floor":13,"gold_loss":0,"cards_obtained":[]},{"damage_healed":0,"gold_gain":0,"player_choice":"Fought Bandits","damage_taken":0,"max_hp_gain":0,"max_hp_loss":0,"event_name":"Masked Bandits","floor":28,"gold_loss":0},{"damage_healed":0,"gold_gain":0,"player_choice":"Gave Potion","damage_taken":0,"relics_obtained":["Oddly Smooth Stone"],"max_hp_gain":0,"max_hp_loss":0,"event_name":"WeMeetAgain","floor":31,"gold_loss":0},{"cards_removed":["DC"],"damage_healed":0,"gold_gain":0,"player_choice":"Removed Attack","damage_taken":0,"max_hp_gain":0,"max_hp_loss":0,"event_name":"Falling","floor":39,"gold_loss":0},{"damage_healed":0,"gold_gain":0,"player_choice":"Upgrade","damage_taken":0,"max_hp_gain":0,"max_hp_loss":0,"event_name":"Designer","floor":42,"gold_loss":40,"cards_upgraded":["UpSweep"]}],"is_beta":false,"boss_relics":[{"not_picked":["Replay:Cursed D8","hubris:HollowSoul","conspire:SeveredTorchhead"]},{"not_picked":["Replay:Fungal Core","halation:Risk","Replay:Grab Bag"]}],"items_purged_floors":[],"is_endless":false,"potions_floor_spawned":[1,4,5,14,19,22,24,29,35,36,44,46,48],"ascension_level":0}}