{"host":"2se5dq1do2gp0x9k","time":1610466434,"event":{"mods":["AchievementEnabler","BaseMod","Block Reminder","Colored Map","Colored Powertips","Minty Spire (QoL Compilation)","Relic Stats","StSLib","SuperFastMode"],"gold_per_floor":[119,129,55,55,71,96,96,12,12,12,37,37,66,80,80,157,157,172,97,110,124,137,137,169,169,169,169,169],"floor_reached":27,"playtime":903,"items_purged":["Strike_P"],"score":452,"play_id":"56fbe4c1-9246-42ae-8585-eebe112c0cad","local_time":"20210112074714","is_ascension_mode":true,"campfire_choices":[{"data":"1","floor":7.0,"key":"LIFT"},{"floor":12.0,"key":"REST"},{"floor":15.0,"key":"REST"},{"data":"2","floor":23.0,"key":"LIFT"},{"floor":25,"key":"REST"}],"circlet_count":0,"master_deck":["AscendersBane","Strike_P+1","Strike_P","Strike_P","Defend_P","Defend_P","Defend_P","Defend_P","Eruption","Vigilance","Vengeance","Wallop+1","Meditate","FollowUp","InnerPeace","Consecrate","CutThroughFate","Consecrate","Ragnarok","WaveOfTheHand","FollowUp","Sanctity"],"relics":["VioletLotus","Girya","GoldenEye","Potion Belt","Oddly Smooth Stone","Runic Pyramid","FossilizedHelix","TeardropLocket"],"acts_visited":["Exordium","TheCity"],"potions_floor_usage":[24,24],"damage_taken":[{"damage":0.0,"enemies":"Small Slimes","floor":1.0,"turns":2.0},{"damage":8.0,"enemies":"2 Louse","floor":2.0,"turns":3.0},{"damage":0.0,"enemies":"Cultist","floor":5.0,"turns":3.0},{"damage":8.0,"enemies":"Gremlin Nob","floor":6.0,"turns":3.0},{"damage":15.0,"enemies":"Lagavulin","floor":11.0,"turns":4.0},{"damage":12.0,"enemies":"Gremlin Nob","floor":13.0,"turns":3.0},{"damage":0.0,"enemies":"Gremlin Gang","floor":14.0,"turns":2.0},{"damage":25.0,"enemies":"The Guardian","floor":16.0,"turns":10.0},{"damage":0.0,"enemies":"Shell Parasite","floor":18.0,"turns":4.0},{"damage":13.0,"enemies":"2 Thieves","floor":20.0,"turns":3.0},{"damage":10.0,"enemies":"Snake Plant","floor":21.0,"turns":2.0},{"damage":2.0,"enemies":"Centurion and Healer","floor":22.0,"turns":4.0},{"damage":23,"enemies":"Slavers","floor":24,"turns":3},{"damage":29,"enemies":"Gremlin Leader","floor":27,"turns":2}],"seed_played":"7441395268856251890","potions_obtained":[{"floor":1.0,"key":"SpeedPotion"},{"floor":6.0,"key":"DuplicationPotion"},{"floor":13.0,"key":"Explosive Potion"},{"floor":16.0,"key":"DuplicationPotion"},{"floor":18.0,"key":"SpeedPotion"},{"floor":21.0,"key":"CultistPotion"}],"is_trial":false,"path_per_floor":["M","M","$","?","M","E","R","$","T","?","E","R","E","M","R","B",null,"M","$","M","M","M","R","E","R","T","E"],"character_chosen":"WATCHER","items_purchased":["Meditate","InnerPeace"],"campfire_rested":3,"item_purchase_floors":[3,8],"current_hp_per_floor":[61,53,53,33,33,25,25,25,25,25,10,30,18,18,38,13,54,54,54,41,31,29,29,6,26,26,0,0],"gold":169,"neow_bonus":"BOSS_RELIC","is_daily":false,"chose_seed":false,"campfire_upgraded":0,"win_rate":0.0,"timestamp":1610466434,"path_taken":["M","M","$","?","M","E","R","$","T","?","E","R","E","M","R","BOSS","M","?","M","?","M","R","E","R","T","E"],"items_purchased_type":["Card","Card"],"build_version":"2020-12-22","purchased_purges":1,"victory":false,"max_hp_per_floor":[68,68,68,68,68,68,68,68,68,68,68,68,68,68,68,68,68,68,68,68,68,68,68,68,68,68,68,68],"relic_stats":{"counters":[14,48],"VioletLotus":[12],"GoldenEye":[6],"obtain_stats":[{"Potion Belt":11,"Girya":6,"Oddly Smooth Stone":13,"VioletLotus":0,"TeardropLocket":26,"PureWater":0,"GoldenEye":9,"FossilizedHelix":24,"Runic Pyramid":17},{"Potion Belt":5,"Girya":4,"Oddly Smooth Stone":6,"VioletLotus":0,"TeardropLocket":13,"PureWater":0,"GoldenEye":4,"FossilizedHelix":13,"Runic Pyramid":8},{"Potion Belt":15,"Girya":11,"Oddly Smooth Stone":18,"VioletLotus":0,"TeardropLocket":46,"PureWater":0,"GoldenEye":11,"FossilizedHelix":46,"Runic Pyramid":30}]},"card_choices":[{"not_picked":["Sanctity","ClearTheMind"],"picked":"Vengeance","floor":1.0},{"not_picked":["SashWhip","CutThroughFate"],"picked":"Wallop","floor":2.0},{"not_picked":["FlyingSleeves","ReachHeaven"],"picked":"FollowUp","floor":5.0},{"not_picked":["Perseverance","Prostrate","SashWhip"],"picked":"SKIP","floor":6.0},{"not_picked":["Perseverance","DevaForm"],"picked":"Consecrate","floor":11.0},{"not_picked":["FlurryOfBlows","Indignation"],"picked":"CutThroughFate","floor":13.0},{"not_picked":["PathToVictory","Prostrate"],"picked":"Consecrate","floor":14.0},{"not_picked":["Blasphemy","Judgement"],"picked":"Ragnarok","floor":16.0},{"not_picked":["EmptyFist","ClearTheMind","FlurryOfBlows+1"],"picked":"SKIP","floor":18.0},{"not_picked":["Crescendo","CrushJoints","Prostrate"],"picked":"SKIP","floor":20.0},{"not_picked":["ForeignInfluence","Protect"],"picked":"WaveOfTheHand","floor":21.0},{"not_picked":["Evaluate","EmptyBody"],"picked":"FollowUp","floor":22.0},{"not_picked":["Evaluate","MasterReality"],"picked":"Sanctity","floor":24}],"player_experience":3842600,"relics_obtained":[{"floor":6.0,"key":"Girya"},{"floor":9.0,"key":"GoldenEye"},{"floor":11.0,"key":"Potion Belt"},{"floor":13.0,"key":"Oddly Smooth Stone"},{"floor":24,"key":"FossilizedHelix"},{"floor":26,"key":"TeardropLocket"}],"event_choices":[{"damage_healed":0.0,"max_hp_gain":0.0,"max_hp_loss":0.0,"gold_gain":0.0,"event_name":"Shining Light","player_choice":"Entered Light","floor":4.0,"gold_loss":0.0,"damage_taken":20.0,"cards_upgraded":["Wallop","Strike_P"]},{"damage_healed":0.0,"max_hp_gain":0.0,"max_hp_loss":0.0,"gold_gain":0.0,"event_name":"Match and Keep!","player_choice":"0 cards matched","floor":10.0,"gold_loss":0.0,"damage_taken":0.0,"cards_obtained":[]}],"is_beta":false,"boss_relics":[{"not_picked":["Velvet Choker","SacredBark"],"picked":"Runic Pyramid"}],"items_purged_floors":[19],"is_endless":false,"potions_floor_spawned":[1,6,13,16,18,21],"killed_by":"Gremlin Leader","ascension_level":16}}