{"host":"xwog71r75u8mqwn1","time":1610423627,"event":{"mods":["BaseMod","Evolution","Minty Spire (QoL Compilation)","StSLib"],"gold_per_floor":[218,236,236,161,172,172,66,66,93,93,151,4,4,36,36,36,36],"floor_reached":16,"playtime":461,"items_purged":["Defend_R"],"score":149,"play_id":"cbd54f0e-cf84-4275-a778-abe3186b9b56","local_time":"20210111215347","is_ascension_mode":true,"campfire_choices":[{"data":"Inflame","floor":6,"key":"SMITH"},{"data":"Shrug It Off","floor":8,"key":"SMITH"},{"data":"Inflame","floor":10,"key":"SMITH"},{"data":"Barricade","floor":15,"key":"SMITH"}],"circlet_count":0,"master_deck":["AscendersBane","Strike_R","Strike_R","Strike_R","Strike_R","Strike_R","Defend_R+1","Defend_R","Defend_R+1","Bash","Ghostly Armor","Rage+1","Inflame+1","Inflame+1","Shrug It Off+1","Clash","Barricade+1"],"relics":["Burning Blood","EVO:Axolotl","War Paint","Omamori","Tiny Chest","Nunchaku"],"acts_visited":["Exordium"],"potions_floor_usage":[11,11,16],"damage_taken":[{"damage":8,"enemies":"2 Louse","floor":1,"turns":3},{"damage":6,"enemies":"Cultist","floor":2,"turns":5},{"damage":8,"enemies":"Jaw Worm","floor":5,"turns":5},{"damage":10,"enemies":"3 Sentries","floor":11,"turns":6},{"damage":42,"enemies":"Gremlin Nob","floor":14,"turns":5},{"damage":44,"enemies":"Slime Boss","floor":16,"turns":8}],"seed_played":"638577006940008082","potions_obtained":[{"floor":1,"key":"AttackPotion"},{"floor":2,"key":"BlessingOfTheForge"},{"floor":14,"key":"Swift Potion"}],"is_trial":false,"path_per_floor":["M","M","?","$","M","R","$","R","T","R","?","$","$","E","R","B"],"character_chosen":"IRONCLAD","items_purchased":["Inflame","Shrug It Off","Tiny Chest"],"campfire_rested":0,"item_purchase_floors":[7,7,12],"current_hp_per_floor":[70,70,70,70,68,68,68,68,68,68,64,64,64,28,28,0,0],"gold":36,"neow_bonus":"HUNDRED_GOLD","is_daily":false,"chose_seed":false,"campfire_upgraded":4,"win_rate":0.0,"timestamp":1610423627,"path_taken":["M","M","?","$","?","R","?","R","T","R","?","?","$","E","R","BOSS"],"items_purchased_type":["Card","Card","Relic"],"build_version":"2020-12-22","purchased_purges":1,"victory":false,"max_hp_per_floor":[80,80,80,80,80,80,80,80,80,80,80,80,80,80,80,80,80],"card_choices":[{"not_picked":["Thunderclap","True Grit"],"picked":"Ghostly Armor","floor":1},{"not_picked":["Whirlwind","Headbutt"],"picked":"Rage","floor":2},{"not_picked":["Fire Breathing","Anger"],"picked":"Inflame","floor":5},{"not_picked":["Havoc","Sentinel"],"picked":"Clash","floor":11},{"not_picked":["Hemokinesis","Clothesline"],"picked":"Barricade","floor":14}],"player_experience":2448769,"relics_obtained":[{"floor":9,"key":"War Paint"},{"floor":14,"key":"Nunchaku"}],"event_choices":[{"damage_healed":0,"gold_gain":0,"player_choice":"Forge","damage_taken":0,"max_hp_gain":0,"max_hp_loss":0,"event_name":"Accursed Blacksmith","floor":3,"gold_loss":0,"cards_upgraded":["Rage"]},{"damage_healed":0,"gold_gain":30,"player_choice":"Searched \u00273\u0027 times","damage_taken":0,"relics_obtained":["Omamori"],"max_hp_gain":0,"max_hp_loss":0,"event_name":"Dead Adventurer","floor":11,"gold_loss":0}],"is_beta":false,"boss_relics":[],"items_purged_floors":[4],"is_endless":false,"potions_floor_spawned":[1,2,14],"killed_by":"Slime Boss","ascension_level":11}}