{"host":"sav7uxregyirlf69","time":1610418507,"event":{"mods":["AchievementEnabler","BaseMod","Colored Map","DeckTracker","Keyboard Shortcuts","Minty Spire (QoL Compilation)","READ ME - Guardian Mod","StSLib","SuperFastMode"],"gold_per_floor":[13,13,13,13,13,13,51,51,51,51,66,86,86,127,139,246,258,286,312,324,81,105,105,124,124,124],"floor_reached":25,"playtime":404,"items_purged":["Strike_G"],"score":418,"play_id":"c52a1f3d-7e14-45b0-90a0-25719bee86e3","local_time":"20210112112827","is_ascension_mode":true,"campfire_choices":[{"data":"Envenom","floor":6,"key":"SMITH"},{"data":"Blade Dance","floor":10,"key":"SMITH"},{"floor":13,"key":"REST"},{"data":"After Image","floor":15,"key":"SMITH"},{"data":"Ghostly","floor":23,"key":"SMITH"}],"circlet_count":0,"master_deck":["AscendersBane","Strike_G","Strike_G","Defend_G","Defend_G+1","Defend_G","Defend_G","Survivor","Neutralize+1","Envenom+1","After Image+1","Masterful Stab","Bane","Blade Dance+1","Accuracy","Adrenaline","Infinite Blades+1","Ghostly","Ghostly","Ghostly+1","Adrenaline","Accuracy+1","Catalyst+1"],"relics":["Ring of the Snake","Golden Idol","Bag of Marbles","Ornamental Fan","MawBank","WristBlade"],"acts_visited":["Exordium","TheCity"],"potions_floor_usage":[16,25],"damage_taken":[{"damage":2,"enemies":"Jaw Worm","floor":1,"turns":7},{"damage":10,"enemies":"Lagavulin","floor":7,"turns":7},{"damage":0,"enemies":"2 Louse","floor":11,"turns":1},{"damage":0,"enemies":"Small Slimes","floor":12,"turns":1},{"damage":8,"enemies":"3 Sentries","floor":14,"turns":7},{"damage":32,"enemies":"The Guardian","floor":16,"turns":10},{"damage":0,"enemies":"Chosen","floor":18,"turns":2},{"damage":0,"enemies":"Spheric Guardian","floor":19,"turns":3},{"damage":2,"enemies":"Centurion and Healer","floor":22,"turns":5},{"damage":6,"enemies":"Chosen and Byrds","floor":24,"turns":6},{"damage":24,"enemies":"Slavers","floor":25,"turns":1}],"seed_played":"-3953262808403962322","potions_obtained":[{"floor":1,"key":"EssenceOfSteel"},{"floor":14,"key":"Explosive Potion"},{"floor":19,"key":"SteroidPotion"}],"is_trial":false,"path_per_floor":["M","?","?","$","?","R","E","?","T","R","M","M","R","E","R","B",null,"M","M","?","$","M","R","M","E"],"character_chosen":"THE_SILENT","items_purchased":["Adrenaline"],"campfire_rested":1,"item_purchase_floors":[21],"current_hp_per_floor":[57,57,57,57,39,39,29,29,29,29,29,29,47,39,39,7,47,47,47,30,30,28,28,22,0,0],"gold":124,"neow_bonus":"TRANSFORM_TWO_CARDS","is_daily":false,"chose_seed":false,"campfire_upgraded":4,"win_rate":0.0,"timestamp":1610418507,"path_taken":["M","?","?","$","?","R","E","?","T","R","M","?","R","E","R","BOSS","M","M","?","$","M","R","M","E"],"items_purchased_type":["Card"],"build_version":"2020-12-22","purchased_purges":1,"victory":false,"max_hp_per_floor":[66,66,60,60,60,60,60,60,60,60,60,60,60,60,60,60,60,60,60,30,30,30,30,30,30,30],"card_choices":[{"not_picked":["Outmaneuver","Caltrops"],"picked":"Masterful Stab","floor":1},{"not_picked":["Escape Plan","Unload"],"picked":"Blade Dance","floor":7},{"not_picked":["Deflect","PiercingWail","Underhanded Strike"],"picked":"SKIP","floor":11},{"not_picked":["Backstab","Deadly Poison"],"picked":"Accuracy","floor":12},{"not_picked":["Prepared","Acrobatics","Storm of Steel"],"picked":"SKIP","floor":14},{"not_picked":["Wraith Form v2","Tools of the Trade"],"picked":"Adrenaline","floor":16},{"not_picked":["Bouncing Flask","Dash","Poisoned Stab"],"picked":"SKIP","floor":18},{"not_picked":["Eviscerate","Bane+1"],"picked":"Infinite Blades+1","floor":19},{"not_picked":["Escape Plan","Flechettes"],"picked":"Accuracy+1","floor":22},{"not_picked":["Prepared","Reflex"],"picked":"Catalyst+1","floor":24}],"player_experience":1256222,"relics_obtained":[{"floor":7,"key":"Bag of Marbles"},{"floor":9,"key":"Ornamental Fan"},{"floor":14,"key":"MawBank"}],"event_choices":[{"damage_healed":0,"gold_gain":0,"cards_transformed":["Strike_G"],"player_choice":"Change","damage_taken":0,"max_hp_gain":0,"max_hp_loss":0,"event_name":"Living Wall","floor":2,"gold_loss":0,"cards_obtained":["Bane"]},{"damage_healed":0,"gold_gain":0,"player_choice":"Lose Max HP","damage_taken":0,"relics_obtained":["Golden Idol"],"max_hp_gain":0,"max_hp_loss":6,"event_name":"Golden Idol","floor":3,"gold_loss":0},{"damage_healed":0,"gold_gain":0,"player_choice":"Entered Light","damage_taken":18,"max_hp_gain":0,"max_hp_loss":0,"event_name":"Shining Light","floor":5,"gold_loss":0,"cards_upgraded":["Neutralize","Defend_G"]},{"damage_healed":0,"gold_gain":0,"player_choice":"Ignored","damage_taken":0,"max_hp_gain":0,"max_hp_loss":0,"event_name":"Liars Game","floor":8,"gold_loss":0},{"damage_healed":0,"gold_gain":0,"player_choice":"Became a Ghost","damage_taken":0,"max_hp_gain":0,"max_hp_loss":30,"event_name":"Ghosts","floor":20,"gold_loss":0,"cards_obtained":["Ghostly","Ghostly","Ghostly"]}],"is_beta":false,"boss_relics":[{"not_picked":["SlaversCollar","HoveringKite"],"picked":"WristBlade"}],"items_purged_floors":[21],"is_endless":false,"potions_floor_spawned":[1,14,19,22,24],"killed_by":"Slavers","ascension_level":20}}