{"host":"wgo6ezn0zcq3jgqa","time":1610446846,"event":{"mods":["Act Like it!","BaseMod","Downfall","GifTheSpireLib","Hallownest","Hermit","KinomotoSakuraMod(木之本樱)","Marisa（F雨　魔理沙）","Minty Spire (QoL Compilation)","RumiaBox-露米娅的神秘盒子","SOS（斯巴达之子）","StSLib","The Bug Knight","The Cursed","【功能Mod】混沌之环修复补丁"],"gold_per_floor":[99,99,99,374,11,11,92,105,121,121,156,216,249,268,286,286,286],"floor_reached":16,"playtime":1244,"items_purged":["Regret"],"score":113,"play_id":"e77fd05e-b9a9-4299-b38d-9946ae3d91cd","local_time":"20210112182046","is_ascension_mode":true,"campfire_choices":[{"floor":1.0,"key":"RECALL"}],"circlet_count":0,"master_deck":["HollowMod:CloakDash","HollowMod:SlysStrikes","HollowMod:QuirrelsAssistance+1","HollowMod:DashSlash","HollowMod:GreatSlash","Regret","HollowMod:MantisMark","HollowMod:WhiteLadysBlessing+1","HollowMod:HerrahsAnger+1","HollowMod:NewInfectedGuardian","HollowMod:PaleKingsBlessing","HollowMod:ElderbugsWisdom","HollowMod:NewInfectedGuardian","HollowMod:Hiveblood","HollowMod:AwokenDreamNail","HollowMod:HornetsHelp","HollowMod:Hiveblood","HollowMod:DesolateDive","HollowMod:SlysStrikes","HollowMod:CornifersMapStart"],"relics":["HollowMod:VesselMask","downfall:HeartsMalice","Shovel","Pocketwatch","Question Card","Ornamental Fan","Happy Flower","SumBook"],"acts_visited":["Exordium"],"potions_floor_usage":[15,16],"damage_taken":[{"damage":0.0,"enemies":"Small Slimes","floor":2.0,"turns":1.0},{"damage":0.0,"enemies":"Cultist","floor":3.0,"turns":1.0},{"damage":0.0,"enemies":"downfall:FleeingMerchant","floor":5.0,"turns":1.0},{"damage":6.0,"enemies":"Jaw Worm","floor":8.0,"turns":4.0},{"damage":11.0,"enemies":"Large Slime","floor":9.0,"turns":6.0},{"damage":37,"enemies":"Lagavulin","floor":11,"turns":6},{"damage":14,"enemies":"3 Sentries","floor":12,"turns":5},{"damage":10,"enemies":"HollowMod:MossKnight","floor":13,"turns":6},{"damage":23,"enemies":"2 Fungi Beasts","floor":14,"turns":3},{"damage":15,"enemies":"HollowMod:HuskWarrior","floor":15,"turns":5},{"damage":52,"enemies":"downfall:Silent","floor":16,"turns":4}],"seed_played":"-5554178787685488970","potions_obtained":[{"floor":8.0,"key":"SneckoOil"},{"floor":11,"key":"FairyPotion"},{"floor":14,"key":"SkillPotion"},{"floor":15,"key":"SkillPotion"}],"is_trial":false,"path_per_floor":["R","M","M","?","$","T","T","M","M","?","E","?","E","M","M","B"],"character_chosen":"THE_BUGKNIGHT","items_purchased":["Shovel"],"campfire_rested":0,"item_purchase_floors":[5],"current_hp_per_floor":[75,75,75,75,75,75,75,75,75,75,48,44,44,30,18,0,0],"gold":286,"neow_bonus":"THREE_ENEMY_KILL","is_daily":false,"chose_seed":false,"campfire_upgraded":0,"win_rate":0.0,"timestamp":1610446846,"path_taken":["R","M","M","?","?","?","T","M","M","?","E","?","E","M","M","BOSS"],"items_purchased_type":["Relic"],"build_version":"2020-12-22","purchased_purges":1,"victory":false,"max_hp_per_floor":[75,75,75,75,75,75,75,75,75,75,75,75,75,75,75,75,75],"card_choices":[{"not_picked":["HollowMod:VengefulVoid","HollowMod:CycloneSlash"],"picked":"HollowMod:CloakDash","floor":2.0},{"not_picked":["HollowMod:InfectedAttack","HollowMod:DreamGate"],"picked":"HollowMod:SlysStrikes","floor":3.0},{"not_picked":["HollowMod:NewJinnsSoul","HollowMod:VengefulVoid"],"picked":"HollowMod:QuirrelsAssistance","floor":5.0},{"not_picked":["HollowMod:WraithStrike","HollowMod:TaintedHusks","HollowMod:BrokenVessel"],"picked":"HollowMod:DashSlash","floor":8.0},{"not_picked":["HollowMod:MawleksShell","HollowMod:HowlingWraiths","HollowMod:ShadowDash"],"picked":"HollowMod:GreatSlash","floor":9.0},{"not_picked":["HollowMod:BlackTendrils","HollowMod:LuriensSpire","HollowMod:InfectionAssault","HollowMod:VengefulSpirit"],"picked":"SKIP","floor":11},{"not_picked":["HollowMod:DescendingDark","HollowMod:GoodIntentions","HollowMod:BaldurShell"],"picked":"HollowMod:MantisMark","floor":12},{"not_picked":["HollowMod:CrystalDash","HollowMod:NewGlowingWomb","HollowMod:ShapeofUnn"],"picked":"HollowMod:DesolateDive","floor":13},{"not_picked":["HollowMod:SoulSplash","HollowMod:NewJinnsSoul","HollowMod:DashSlash"],"picked":"HollowMod:SlysStrikes","floor":14},{"not_picked":["HollowMod:GrimmsGift","HollowMod:ShadowDash","HollowMod:HeavyBlow"],"picked":"HollowMod:CornifersMapStart","floor":15}],"player_experience":139898,"relics_obtained":[{"floor":6.0,"key":"Pocketwatch"},{"floor":7.0,"key":"Question Card"},{"floor":11,"key":"Ornamental Fan"},{"floor":12,"key":"Happy Flower"},{"floor":13,"key":"SumBook"}],"event_choices":[],"is_beta":false,"boss_relics":[],"items_purged_floors":[5],"is_endless":false,"potions_floor_spawned":[8,11,14,15],"killed_by":"downfall:Silent","ascension_level":1}}