{"host":"djfsqftupta9xgss","time":1610455692,"event":{"mods":["ATMod(°¢èªMod)","Act Like it!","BaseMod","Gensokyo","Minty Spire (QoL Compilation)","MostiFishMod","Pale of the Ancients","Replay The Spire","Spicy Shops","StSLib","TestMod"],"gold_per_floor":[112,112,112,112,130,164,175,210,235,251,251,39,54,68,68,142,142,157,157,82,82,94,94,124,142,142,156,184,16,16,26,102,177,177,190,590,683,698,1697,1731,1731,1859,1859,1872,1043,1043,1098,1152,1152,1161,1191,1191,1191,60,294,400],"floor_reached":57,"playtime":2208,"items_purged":["Defend_P","Normality","Normality","Defend_P"],"score":3151,"play_id":"86c77d4b-5d3f-4e24-88bb-67ebfef4d619","local_time":"20210112204812","is_ascension_mode":true,"campfire_choices":[{"data":"AT_OneInchPunch","floor":11.0,"key":"SMITH"},{"floor":15,"key":"RECALL"},{"data":"MostiFishMod:StarOceanP","floor":23,"key":"SMITH"}],"circlet_count":0,"master_deck":["AscendersBane","Strike_P","Strike_P","Strike_P","Strike_P","Defend_P+1","Eruption","Vigilance+1","AT_FamilyPortrait","InnerPeace","AT_OneInchPunch+1","BowlingBash","AT_ChampionStep","MostiFishMod:KamiSmash","FearNoEvil","Ragnarok","Worship","MostiFishMod:StarOceanP+1","FollowUp","Crescendo","BowlingBash","FlurryOfBlows","ClearTheMind","MostiFishMod:Speedup","MostiFishMod:LegendTransform+1","Scrawl","Tantrum+1","AT_SoftenMuscles+1","MostiFishMod:LegendTransform","ConjureBlade","BattleHymn","Wallop+1","Replay:DivineShield","Clumsy","MostiFishMod:Kaleido+1","Collect+1","AT_RealColorLess+1","FlurryOfBlows"],"relics":["PureWater","DaveBox","testmod-TestBox","RhineFirstAidKit","testmod-AssaultLearning","SynthV:TestCard","Ring of Fury","Pet Ghost","AT_RedTearstoneRing","DianDianMeat","testmod-Fanaticism","Replay:Wax Seal","Chameleon Ring","White Beast Statue","AT_DeathDance","AT_SunfireAegis","AT_ChloranthyRing","Enchiridion","HaiYi:Twilight","testmod-Hope","Mirror","The Courier","BrkXgEgg","Replay:Ringing Soul","Lantern","Ying","Gambling Chip","testmod-TheFather","HornCleat","AT_Manta","Unceasing Top","AT_TheCollector","TheAbacus","testmod-LifeArmor","AT_ArchangelStaff"],"acts_visited":["Exordium","TheCity","TheBeyond","TheEnding"],"potions_floor_usage":[24,27,56],"damage_taken":[{"damage":0.0,"enemies":"2 Louse","floor":1.0,"turns":2.0},{"damage":6.0,"enemies":"Small Slimes","floor":5.0,"turns":2.0},{"damage":15.0,"enemies":"Lagavulin","floor":6.0,"turns":4.0},{"damage":1.0,"enemies":"Jaw Worm","floor":7.0,"turns":2.0},{"damage":12.0,"enemies":"Replay:BlueRogue","floor":8.0,"turns":4.0},{"damage":0.0,"enemies":"2 Fungi Beasts","floor":10.0,"turns":2.0},{"damage":0,"enemies":"Blue Slaver","floor":13,"turns":1},{"damage":0,"enemies":"3 Louse","floor":14,"turns":1},{"damage":16,"enemies":"The Guardian","floor":16,"turns":4},{"damage":1,"enemies":"3 Byrds","floor":18,"turns":3},{"damage":0,"enemies":"Spheric Guardian","floor":22,"turns":2},{"damage":17,"enemies":"Book of Stabbing","floor":24,"turns":2},{"damage":37,"enemies":"Chosen and Byrds","floor":25,"turns":5},{"damage":0,"enemies":"Cultist and Chosen","floor":27,"turns":3},{"damage":28,"enemies":"Slavers","floor":28,"turns":3},{"damage":0,"enemies":"3 Cultists","floor":31,"turns":3},{"damage":68,"enemies":"Champ","floor":33,"turns":6},{"damage":5,"enemies":"Orb Walker","floor":35,"turns":2},{"damage":53,"enemies":"3 Darklings","floor":38,"turns":3},{"damage":25,"enemies":"Giant Head","floor":40,"turns":4},{"damage":28,"enemies":"R_Hoarder","floor":42,"turns":4},{"damage":2,"enemies":"Maw","floor":44,"turns":4},{"damage":24,"enemies":"2 Orb Walkers","floor":47,"turns":2},{"damage":19,"enemies":"Reptomancer","floor":48,"turns":3},{"damage":0,"enemies":"Donu and Deca","floor":50,"turns":1},{"damage":133,"enemies":"Awakened One","floor":51,"turns":6},{"damage":0,"enemies":"Shield and Spear","floor":55,"turns":1},{"damage":180,"enemies":"The Heart","floor":56,"turns":5}],"seed_played":"-254386497029652048","potions_obtained":[{"floor":1.0,"key":"Explosive Potion"},{"floor":5.0,"key":"Weak Potion"},{"floor":8.0,"key":"LiquidMemories"},{"floor":14,"key":"Swift Potion"},{"floor":24,"key":"Death Potion"},{"floor":27,"key":"testmod-SpacePotion"},{"floor":28,"key":"BlessingOfTheForge"},{"floor":31,"key":"Dexterity Potion"},{"floor":33,"key":"Adrenaline Potion"},{"floor":40,"key":"Strength Potion"},{"floor":41,"key":"Adrenaline Potion"},{"floor":44,"key":"BottledMiracle"}],"is_trial":false,"path_per_floor":["M","?","?","?","M","E","M","E","T","M","R","$","M","M","R","B",null,"M","?","?","T","M","R","E","M","T","M","E","$","?","M","R","B",null,"M","?","?","M","?","E","R","E","T","M","$","R","?","E","R","B","B",null,"R","$","E","B",null],"character_chosen":"WATCHER","items_purchased":["DianDianMeat","AT_ChloranthyRing","BrkXgEgg","Replay:Ringing Soul","Lantern","Ying","MostiFishMod:Kaleido+1","Gambling Chip","AT_Manta","Unceasing Top","AT_TheCollector","TheAbacus","testmod-LifeArmor"],"campfire_rested":0,"item_purchase_floors":[12,29,45,45,45,45,45,45,54,54,54,54,54],"current_hp_per_floor":[55,31,31,31,25,10,80,68,68,68,68,68,69,71,71,58,79,82,87,87,87,93,93,108,116,116,125,135,135,114,125,125,158,158,171,171,180,160,197,285,285,311,311,333,383,383,411,439,439,439,440,440,440,440,470,470],"gold":400,"neow_bonus":"TWENTY_PERCENT_HP_BONUS","is_daily":false,"chose_seed":false,"campfire_upgraded":2,"win_rate":0.0,"timestamp":1610455692,"path_taken":["M","?","?","?","M","E","M","E","T","M","R","$","M","M","R","BOSS","M","?","?","?","M","R","E","M","T","?","E","?","?","M","R","BOSS","M","?","?","M","?","E","R","E","T","M","$","R","?","E","R","BOSS","BOSS","R","$","E","BOSS"],"items_purchased_type":["Relic","Relic","Relic","Relic","Relic","Relic","Card","Relic","Relic","Relic","Relic","Relic","Relic"],"build_version":"2020-12-22","purchased_purges":4,"victory":true,"max_hp_per_floor":[80,80,80,80,80,80,80,80,80,80,80,80,81,83,83,86,86,90,95,95,95,101,101,108,116,116,125,135,135,135,146,146,158,158,171,171,216,233,270,290,290,311,311,333,383,383,411,440,440,440,440,440,440,440,470,470],"card_choices":[{"not_picked":["FlyingSleeves","SandsOfTime","Vengeance"],"picked":"SKIP","floor":1.0},{"not_picked":["Nirvana","Replay:ManipulateFuture","Prostrate","FlurryOfBlows"],"picked":"AT_OneInchPunch","floor":5.0},{"not_picked":["Consecrate","PathToVictory","Prostrate","BowlingBash","ThirdEye"],"picked":"SKIP","floor":6.0},{"not_picked":["Consecrate","PathToVictory","Prostrate","ThirdEye"],"picked":"BowlingBash","floor":6.0},{"not_picked":["MostiFishMod:LegendTransform","AT_SoftenMuscles","Replay:Anticipation","Worship"],"picked":"AT_ChampionStep","floor":7.0},{"not_picked":["MostiFishMod:Disappear","AT_ChampionStep","Protect","Replay:BluntJabs"],"picked":"MostiFishMod:KamiSmash","floor":8.0},{"not_picked":["MostiFishMod:Clarity","Replay:Anticipation","Replay:DivineShield","Crescendo"],"picked":"FearNoEvil","floor":10.0},{"not_picked":["Halt","EmptyBody","Evaluate","Tantrum"],"picked":"Ragnarok","floor":13},{"not_picked":["Perseverance","MostiFishMod:Nomercy","EmptyFist","AT_SoftenMuscles"],"picked":"Worship","floor":14},{"not_picked":["Replay:LoomingThreat","AT_ChampionKick","MostiFishMod:OutWit","Ragnarok"],"picked":"MostiFishMod:StarOceanP","floor":16},{"not_picked":["EmptyBody","Replay:AtTheReady","JustLucky","Protect"],"picked":"FollowUp","floor":18},{"not_picked":["SashWhip","ForeignInfluence","Collect","Prostrate"],"picked":"Crescendo","floor":22},{"not_picked":["WaveOfTheHand","Sanctity","Conclude","Evaluate"],"picked":"BowlingBash","floor":24},{"not_picked":["Protect","PathToVictory","WreathOfFlame","EmptyBody"],"picked":"FlurryOfBlows","floor":25},{"not_picked":["AT_OneInchPunch","FlurryOfBlows","FollowUp","MostiFishMod:KamiSmash"],"picked":"ClearTheMind","floor":27},{"not_picked":["Replay:AtTheReady","Wallop","WheelKick","Replay:BluntJabs"],"picked":"MostiFishMod:Speedup","floor":28},{"not_picked":["ForeignInfluence","Evaluate+1","Halt","FollowUp"],"picked":"MostiFishMod:LegendTransform+1","floor":31},{"not_picked":["ConjureBlade","MostiFishMod:KamiSmash","MostiFishMod:Adaptation","MostiFishMod:ScryFuture"],"picked":"Scrawl","floor":33},{"not_picked":["PathToVictory","CrushJoints","Consecrate","MostiFishMod:Nomercy"],"picked":"Tantrum+1","floor":35},{"not_picked":["SandsOfTime","JustLucky+1","Halt","Crescendo+1"],"picked":"AT_SoftenMuscles+1","floor":37},{"not_picked":["Replay:Cycle","CarveReality","CutThroughFate+1","WaveOfTheHand+1"],"picked":"MostiFishMod:CyberBuddha","floor":37},{"not_picked":["CutThroughFate","ThirdEye","ClearTheMind","CrushJoints+1"],"picked":"MostiFishMod:LegendTransform","floor":37},{"not_picked":["Replay:Cycle","Replay:BluntJabs+1","ThirdEye","ClearTheMind"],"picked":"ConjureBlade","floor":38},{"not_picked":["Indignation+1","Crescendo+1","MostiFishMod:PathToVictory+1","MostiFishMod:Clarity"],"picked":"BattleHymn","floor":40},{"not_picked":["EmptyFist","WindmillStrike","Pray","MostiFishMod:Minus"],"picked":"Wallop+1","floor":42},{"not_picked":["Weave","PathToVictory","Replay:Battleflow","Replay:AtTheReady"],"picked":"Replay:DivineShield","floor":44},{"not_picked":["Weave+1","Replay:BluntJabs+1","SashWhip","AT_ChampionStep"],"picked":"Collect+1","floor":47},{"not_picked":["PathToVictory","Wireheading","ForeignInfluence","JustLucky+1"],"picked":"AT_RealColorLess+1","floor":48},{"not_picked":["CrushJoints","Replay:Cycle","JustLucky","Replay:BluntJabs"],"picked":"FlurryOfBlows","floor":55}],"player_experience":379437,"relics_obtained":[{"floor":1.0,"key":"SynthV:TestCard"},{"floor":4.0,"key":"Ring of Fury"},{"floor":6.0,"key":"Pet Ghost"},{"floor":8.0,"key":"AT_RedTearstoneRing"},{"floor":21,"key":"Chameleon Ring"},{"floor":24,"key":"White Beast Statue"},{"floor":26,"key":"AT_DeathDance"},{"floor":28,"key":"AT_SunfireAegis"},{"floor":30,"key":"Enchiridion"},{"floor":40,"key":"testmod-Hope"},{"floor":42,"key":"Mirror"},{"floor":43,"key":"The Courier"},{"floor":47,"key":"testmod-TheFather"},{"floor":48,"key":"HornCleat"},{"floor":55,"key":"AT_ArchangelStaff"}],"event_choices":[{"damage_healed":0.0,"max_hp_gain":0.0,"max_hp_loss":0.0,"gold_gain":0.0,"event_name":"Shining Light","player_choice":"Entered Light","floor":2.0,"gold_loss":0.0,"damage_taken":24.0,"cards_upgraded":["Vigilance","Defend_P"]},{"damage_healed":0.0,"max_hp_gain":0.0,"max_hp_loss":0.0,"gold_gain":0.0,"cards_transformed":["Defend_P"],"event_name":"Living Wall","player_choice":"Change","floor":3.0,"gold_loss":0.0,"damage_taken":0.0,"cards_obtained":["InnerPeace"]},{"cards_removed":["Normality"],"damage_healed":0,"gold_gain":0,"player_choice":"Gave Gold","damage_taken":0,"max_hp_gain":0,"max_hp_loss":0,"event_name":"Beggar","floor":20,"gold_loss":75},{"damage_healed":0,"gold_gain":0,"player_choice":"Obtained Book","damage_taken":21,"max_hp_gain":0,"max_hp_loss":0,"event_name":"Cursed Tome","floor":30,"gold_loss":0},{"damage_healed":0,"gold_gain":400,"player_choice":"Sell","damage_taken":0,"max_hp_gain":0,"max_hp_loss":0,"event_name":"¶÷ÂåË¹µÄÅÌ×Ó","floor":36,"relics_lost":["AT_ATBox"],"gold_loss":0},{"damage_healed":0,"gold_gain":999,"player_choice":"Gold","damage_taken":0,"max_hp_gain":0,"max_hp_loss":0,"event_name":"MindBloom","floor":39,"gold_loss":0,"cards_obtained":["Normality","Normality"]},{"damage_healed":0,"gold_gain":0,"player_choice":"Fight","damage_taken":0,"max_hp_gain":0,"max_hp_loss":0,"event_name":"Mysterious Sphere","floor":47,"gold_loss":0}],"is_beta":false,"boss_relics":[{"not_picked":["Replay:Bronze Core","testmod-Prudence"],"picked":"testmod-Fanaticism"},{"not_picked":["Velvet Choker","Snecko Heart"],"picked":"HaiYi:Twilight"}],"items_purged_floors":[12,45,45,54],"is_endless":false,"potions_floor_spawned":[1,5,8,14,16,18,24,25,27,28,31,33,35,38,40,42,44,47,48,55],"ascension_level":20}}