{"host":"z6c1sol8rulx2ubz","time":1610491641,"event":{"mods":["AchievementEnabler","Act Like it!","BaseMod","Better Note","Better Third Choice","Downfall","Elementarium","Gold Saver","Hallownest","Hermit","Hubris","Infinite Spire","Jorbs\u0027s Wanderer Trilogy","Minty Spire (QoL Compilation)","Potionbrewer","Quick Restart","Rare Cards Sparkle","StSLib","The Animator","The Bug Knight","The Cursed","The Dragon Tamer","The Necromancer","Wandering Minibosses"],"gold_per_floor":[695,472,472,490,510,538,468,246,271,285,309,354,379,398,398,398,398],"floor_reached":16,"language":"ENG","playtime":2009,"items_purged":["HollowMod:ShadowDash"],"score":127,"play_id":"826c544c-3865-4718-bcfb-747bbcdf5092","local_time":"20210112224721","is_ascension_mode":false,"campfire_choices":[{"data":"HollowMod:SoulShaman","floor":15,"key":"SMITH"}],"circlet_count":0,"master_deck":["HollowMod:NailStrikeStart","HollowMod:NailStrikeStart","HollowMod:NailStrikeStart","HollowMod:FocusHealStart","HollowMod:PogoStrike","HollowMod:SoulMaster","HollowMod:PerfectDash","HollowMod:CycloneSlash","HollowMod:MantisMark","HollowMod:HowlingWraiths","HollowMod:DashSlash","HollowMod:GoodIntentions","HollowMod:DescendingDark","HollowMod:SoulShaman+1","HollowMod:DungDefenderAura","HollowMod:ZotesMagnificence","Hallownest:skillSlugHide","Hallownest:skillSlugHide","Hallownest:skillSlugHide","Hallownest:skillSlugHide","Hallownest:skillSlugHide","HollowMod:DoubleDash","HollowMod:PureVessel"],"relics":["HollowMod:VesselMask","Akabeko","Hallownest:DreamNailRelic","Bronze Scales","Hallownest:StagBellRelic1","potionbrewer:BoosterPack","CeramicFish"],"acts_visited":["Hallownest:Greenpath"],"potions_floor_usage":[16,16,16],"damage_taken":[{"damage":2,"enemies":"Hallownest:monsterHuskWarrior","floor":1,"turns":6},{"damage":3,"enemies":"Hallownest:monsterHuskGuard","floor":4,"turns":5},{"damage":0,"enemies":"2_ Uuma","floor":5,"turns":4},{"damage":4,"enemies":"Hallownest:eliteVengeflyKing","floor":6,"turns":5},{"damage":11,"enemies":"Hallownest:1_Ooma_and_2_Uuma","floor":10,"turns":6},{"damage":0,"enemies":"Hallownest:2_Tiktiks_1_Baldur_1_Crawlid","floor":13,"turns":4},{"damage":12,"enemies":"Hallownest:Guard_and_Warrior","floor":14,"turns":5},{"damage":66,"enemies":"Hallownest:BossHornet","floor":16,"turns":19}],"seed_played":"5853078542761835778","potions_obtained":[{"floor":1,"key":"potionbrewer:CleansingPotion"},{"floor":4,"key":"champ:CounterPotion"},{"floor":13,"key":"potionbrewer:AcidPotion"}],"is_trial":false,"path_per_floor":["M","$","?","M","M","E","?","$","T","M","T","?","M","M","R","B"],"character_chosen":"THE_BUGKNIGHT","items_purchased":["HollowMod:MantisMark","Akabeko","potionbrewer:BoosterPack"],"campfire_rested":0,"item_purchase_floors":[2,2,8],"current_hp_per_floor":[64,64,64,71,71,67,67,67,67,62,62,62,62,50,50,0,0],"gold":398,"neow_bonus":"TRANSFORM_TWO_CARDS","is_daily":false,"chose_seed":false,"campfire_upgraded":1,"win_rate":0.0,"timestamp":1610491641,"path_taken":["M","$","?","?","M","E","?","$","T","M","?","?","M","M","R","BOSS"],"items_purchased_type":["Card","Relic","Relic"],"build_version":"2020-12-22","purchased_purges":1,"victory":false,"max_hp_per_floor":[75,75,75,75,75,75,75,75,75,75,75,75,75,75,75,75,75],"card_choices":[{"not_picked":["HollowMod:HeavyBlow","HollowMod:DashSlash"],"picked":"HollowMod:CycloneSlash","floor":1},{"not_picked":["HollowMod:SiblingsSouls","HollowMod:ShapeofUnn"],"picked":"HollowMod:HowlingWraiths","floor":4},{"not_picked":["HollowMod:InfectedAttack","HollowMod:HowlingWraiths"],"picked":"HollowMod:DashSlash","floor":5},{"not_picked":["HollowMod:TaintedHusks","HollowMod:HowlingWraiths","HollowMod:SharpenedNail"],"picked":"SKIP","floor":6},{"not_picked":["HollowMod:CoiledNail","HollowMod:AbyssShriek","HollowMod:SharpenedShadows"],"picked":"SKIP","floor":10},{"not_picked":["HollowMod:InfectionAssault","HollowMod:HeavyBlow"],"picked":"HollowMod:DoubleDash","floor":13},{"not_picked":["HollowMod:GoodIntentions","HollowMod:NewLittleFool"],"picked":"HollowMod:PureVessel","floor":14}],"player_experience":284649,"relics_obtained":[{"floor":6,"key":"Bronze Scales"},{"floor":11,"key":"CeramicFish"}],"event_choices":[],"is_beta":false,"boss_relics":[],"items_purged_floors":[8],"is_endless":false,"potions_floor_spawned":[1,4,13,14],"killed_by":"Hallownest:BossHornet","ascension_level":0}}