{"host":"8qunn9rv8l67kf3a","time":1610475350,"event":{"mods":["100% Spire Juice","2.2 Compatiblity","Act Like it!","Aspiration","Bard","BaseMod","Beaked The Cultist","Best Route Mod","Bestiary","Better Match","Better Note","Better Sensory Stone","Better Skull","Better Third Choice","Better Vampires","BetterRewards","Block Reminder","Chen","Colored Map","Conspire","Downfall","Energized Spire","Gensokyo","Gold Saver","GungeonMod","Halation","Hermit","Hubris","Hyrulean Relics","Infinite Spire","KinomotoSakuraMod(????)","Koishi","Marisa????????","Marked Mod","Minty Spire (QoL Compilation)","MostiFishMod","Onozuka Komachi Mod","Potionbrewer","Random Character Button","Reimu??????","Replay The Spire","Shade Mod","Spikes Relics","StSLib","The Administrix","The Bladedancer","The Bug Knight","The Cursed","The Dragon Tamer","The Druid","The Florist","The Gatherer","The Hierophant","The Jungle","The Marked","The Mystic","The Senshi","The Servant 0.9.4","The Vixen","TheBandit","TheFirefly","TheVacant","Trackpad","Waifu the Spire","Youmu??????","Yuyuko","vexMod","??????REMEMod"],"gold_per_floor":[9,233,1320,1336,1354,1354,1380,1399,1416,1430,1355,1382,1382,1409,1419,1519,1519,1444,1444,1444,1444,1444,1465,1465,1492,1517,1517,1553,1553,1553,1579,1579,1595,1595,1595],"floor_reached":33,"playtime":1501,"items_purged":[],"score":341,"play_id":"48a82f23-4bdc-46de-b74a-69ef87c45311","local_time":"20210112131550","is_ascension_mode":false,"campfire_choices":[{"floor":1,"key":"DIG"},{"floor":6,"key":"REST"},{"data":"DemoMod:BSG","floor":13,"key":"SMITH"},{"floor":27,"key":"REST"},{"floor":30,"key":"REST"},{"floor":32,"key":"RECALL"}],"circlet_count":0,"master_deck":["hexamod:Strike","hexamod:Strike","hexamod:Strike+1","hexamod:Strike","hexamod:Defend","hexamod:Defend","hexamod:Defend","hexamod:Defend","hexamod:Sear","hexamod:Float","DemoMod:BSG+1","hexamod:ThermalTransfer+1","hexamod:SpectralAdrenaline+1","hexamod:ExtraCrispy","hexamod:InspiringFlames","hexamod:SwordOfDarkness+1","hexamod:SecondSeal","hexamod:BacktrackSmack","hexamod:GhostLash","hexamod:CrushingStance","MostiFishMod:Galeforce+1","hexamod:Hexaguard+1","hexamod:ThirdSeal","hexamod:FifthSeal","hexamod:ThirdSeal","hexamod:SixthSeal","hexamod:FourthSeal"],"relics":["hexamod:SpiritBrand","DaveBox","REME_ComplimentaryCards","Quantum Egg","trackpad:WritersBlock","Omamori","MealTicket","infinitespire:Lucky Rock","SynthV","Replay:Grab Bag","Replay:Bronze Core","infinitespire:Cupcake","conspire:RunicOctahedron","halation:IllGainedPizza","DemoMod:LamentConfigurum","trackpad:IceCube","aspiration:HiddenCompartment","Replay:Baseball","Bronze Scales"],"acts_visited":["Exordium","Gensokyo:Gensokyo"],"potions_floor_usage":[33,33,33,33],"damage_taken":[{"damage":2,"enemies":"Gensokyo:Gryphon","floor":3,"turns":3},{"damage":2,"enemies":"Gensokyo:2_Kodama","floor":4,"turns":2},{"damage":4,"enemies":"Gensokyo:3_Fairies","floor":5,"turns":4},{"damage":0,"enemies":"Gensokyo:Gryphon_and_Rabbit","floor":8,"turns":3},{"damage":0,"enemies":"Gensokyo:VengefulSpirit","floor":9,"turns":2},{"damage":0,"enemies":"Gensokyo:3_Kodama","floor":10,"turns":4},{"damage":0,"enemies":"Gensokyo:Gryphon_and_Rabbit","floor":12,"turns":4},{"damage":6,"enemies":"Gensokyo:VengefulSpirit","floor":14,"turns":3},{"damage":0,"enemies":"Gensokyo:LivingMonolith","floor":15,"turns":3},{"damage":19,"enemies":"downfall:Defect","floor":16,"turns":5},{"damage":3,"enemies":"Gensokyo:Chomper","floor":23,"turns":3},{"damage":0,"enemies":"Gensokyo:CosmicMonolith","floor":25,"turns":3},{"damage":14,"enemies":"Gensokyo:Slime_Group","floor":28,"turns":8},{"damage":12,"enemies":"Gensokyo:Monolith_and_Dog","floor":31,"turns":4},{"damage":21,"enemies":"Nightmare","floor":33,"turns":8}],"seed_played":"9005603032762699228","potions_obtained":[{"floor":5,"key":"Elixir"},{"floor":8,"key":"Adrenaline Potion"},{"floor":9,"key":"DemoMod:LeadSkinPotion"},{"floor":16,"key":"potionbrewer:SplittingPotion"}],"is_trial":false,"path_per_floor":["R_BF","?","M","M","M","R","T","M","M","M","?","M","R","M","M","B",null,"R_BF","?","PTL","PTL","?","M","?","M","T","R","M","?","R","M","R","NM"],"character_chosen":"THE_SPIRIT","items_purchased":["Quantum Egg"],"campfire_rested":3,"item_purchase_floors":[0],"current_hp_per_floor":[70,20,18,16,12,33,33,33,33,33,33,33,33,27,27,8,70,70,70,70,70,70,67,2,2,2,23,9,9,28,16,16,0,0,0],"gold":1595,"neow_bonus":"","is_daily":false,"chose_seed":false,"campfire_upgraded":1,"win_rate":0.0,"timestamp":1610475350,"path_taken":["R_BF","?","M","M","M","R","T","?","M","M","?","M","R","M","M","BOSS","R_BF","?","PTL","PTL","?","M","?","M","T","R","?","?","R","M","R","NM"],"items_purchased_type":["Relic"],"build_version":"2020-12-22","purchased_purges":0,"victory":false,"max_hp_per_floor":[70,70,70,70,70,70,70,70,70,70,70,70,70,70,70,70,70,70,70,70,70,70,70,70,70,70,70,70,65,65,65,65,65,65,65],"card_choices":[{"not_picked":["hexamod:GhostflameBarrier","hexamod:SpectersWail"],"picked":"hexamod:ThermalTransfer","floor":3},{"not_picked":["hexamod:DynamicBlow","hexamod:AdvancingGuard"],"picked":"hexamod:SpectralAdrenaline","floor":4},{"not_picked":["hexamod:AdvancingGuard","hexamod:GhostflameBarrier"],"picked":"hexamod:ExtraCrispy","floor":5},{"not_picked":["hexamod:DynamicBlow","hexamod:GhostOfSpireFuture","hexamod:ShieldOfDarkness"],"picked":"SKIP","floor":8},{"not_picked":["hexamod:NightmareGuise","hexamod:Haunt"],"picked":"hexamod:InspiringFlames","floor":9},{"not_picked":["hexamod:InspiringFlames","hexamod:GhostOfSpirePresent","hexamod:SpectralAdrenaline"],"picked":"SKIP","floor":10},{"not_picked":["hexamod:Hexaguard+1","hexamod:FastForward+1"],"picked":"hexamod:SwordOfDarkness+1","floor":11},{"not_picked":["hexamod:PhantomFireball+1","hexamod:ExtraCrispy+1"],"picked":"hexamod:SecondSeal","floor":11},{"not_picked":["hexamod:InspiringFlames","hexamod:RadiantFlame"],"picked":"hexamod:BacktrackSmack","floor":12},{"not_picked":["hexamod:BurningTouch","hexamod:CatchUp","hexamod:GhostShield"],"picked":"SKIP","floor":14},{"not_picked":["hexamod:HauntingEcho","hexamod:SoulSteal"],"picked":"hexamod:GhostLash","floor":15},{"not_picked":["hexamod:TimeWarp","hexamod:UnleashSpirits"],"picked":"hexamod:CrushingStance","floor":16},{"not_picked":["Feint+1","Replay:Dark Deal+1"],"picked":"MostiFishMod:Galeforce+1","floor":18},{"not_picked":["hexamod:ShieldOfDarkness+1","hexamod:GhostShield+1"],"picked":"hexamod:Hexaguard+1","floor":18},{"not_picked":["hexamod:SpectersWail","hexamod:FastForward"],"picked":"hexamod:ThirdSeal","floor":23},{"not_picked":["hexamod:Firestarter+1","hexamod:ThirdSeal"],"picked":"hexamod:FifthSeal","floor":25},{"not_picked":["hexamod:GhostLash+1","hexamod:SwordOfDarkness"],"picked":"hexamod:ThirdSeal","floor":28},{"not_picked":["hexamod:ThirdSeal","hexamod:FirstSeal"],"picked":"hexamod:SixthSeal","floor":28},{"not_picked":["hexamod:DynamicBlow","hexamod:RainOfEmbers","hexamod:ChargedBarrage"],"picked":"SKIP","floor":28},{"not_picked":["hexamod:ThirdSeal","hexamod:SecondSeal"],"picked":"hexamod:FourthSeal","floor":31},{"not_picked":["hexamod:StepThrough+1","hexamod:SwordOfDarkness","hexamod:Firestarter"],"picked":"SKIP","floor":31}],"player_experience":694331,"relics_obtained":[{"floor":1,"key":"trackpad:WritersBlock"},{"floor":7,"key":"infinitespire:Lucky Rock"},{"floor":26,"key":"Replay:Baseball"}],"event_choices":[{"damage_healed":0,"gold_gain":224,"player_choice":"GO GO RE RE ","damage_taken":56,"relics_obtained":["Omamori","MealTicket"],"max_hp_gain":0,"max_hp_loss":0,"event_name":"betterSkull:BetterSkull","floor":2,"gold_loss":0,"cards_upgraded":[]},{"damage_healed":0,"gold_gain":0,"player_choice":"2","damage_taken":0,"max_hp_gain":0,"max_hp_loss":0,"event_name":"betterMatch:BetterMatch","floor":11,"gold_loss":0,"cards_obtained":["betterMatch:CommonCard","betterMatch:UncommonCard"]},{"damage_healed":0,"gold_gain":0,"player_choice":"2","damage_taken":0,"max_hp_gain":0,"max_hp_loss":0,"event_name":"betterMatch:BetterMatch","floor":18,"gold_loss":0,"cards_obtained":["betterMatch:CommonCard","betterMatch:ColorlessRareCard"]},{"damage_healed":0,"gold_gain":0,"player_choice":"RE RE RE RE ","damage_taken":73,"relics_obtained":["halation:IllGainedPizza","DemoMod:LamentConfigurum","trackpad:IceCube","aspiration:HiddenCompartment"],"max_hp_gain":0,"max_hp_loss":0,"event_name":"betterSkull:BetterSkull","floor":24,"gold_loss":0,"cards_upgraded":[]}],"is_beta":false,"boss_relics":[{"not_picked":["conspire:SpecialSausage","REME_DemonsWealth"],"picked":"Replay:Grab Bag"},{"not_picked":["hubris:GrandSneckoEye","ChewingGum"],"picked":"Replay:Bronze Core"},{"not_picked":["hubris:RunicObelisk","Coffee Dripper"],"picked":"infinitespire:Cupcake"},{"not_picked":["REME_DuelDisc","TakeMeEscape"],"picked":"conspire:RunicOctahedron"}],"items_purged_floors":[],"is_endless":false,"potions_floor_spawned":[5,8,9,14,16,23,28],"killed_by":"Nightmare","ascension_level":0}}