{"host":"gf95gjygaqy6b70i","time":1610447149,"event":{"mods":["BaseMod","Colored Map","Colored Powertips","Minty Spire (QoL Compilation)"],"gold_per_floor":[118,133,143,153,173,173,192,192,216,232,248,277,277,292,292,391,391,408,408,408,427,34,34,49,49,75,85,85,85,104,120,120,219,219,232,281,281,295,6,6,56,56,82,94,94,127,144,144,144,144,144,144,44,73,73,73],"floor_reached":55,"playtime":2684,"items_purged":["Strike_R","Pain"],"score":703,"play_id":"4582965c-e650-4435-90d8-1e35e28e8773","local_time":"20210112112549","is_ascension_mode":false,"campfire_choices":[{"floor":6.0,"key":"REST"},{"floor":8.0,"key":"REST"},{"floor":13.0,"key":"REST"},{"floor":15.0,"key":"REST"},{"floor":23.0,"key":"RECALL"},{"floor":25.0,"key":"REST"},{"floor":32.0,"key":"REST"},{"floor":40.0,"key":"REST"},{"floor":42.0,"key":"REST"},{"floor":45.0,"key":"REST"},{"floor":49,"key":"REST"},{"data":"Demon Form","floor":52,"key":"SMITH"}],"circlet_count":0,"master_deck":["Strike_R","Strike_R","Strike_R","Strike_R","Defend_R","Defend_R","Defend_R","Defend_R","Bash","Twin Strike","Clothesline","Perfected Strike","Reaper","Fire Breathing","Thunderclap","Sword Boomerang","Inflame","Uppercut","Berserk+1","Shrug It Off","Spot Weakness","Flame Barrier","Pommel Strike","Injury","Body Slam+1","Limit Break","Wild Strike","Demon Form+1","Pummel+1","Dropkick","Purity","Entrench","Heavy Blade+1","Flex+1","Power Through+1","Sadistic Nature","Metallicize+1"],"relics":["Runic Pyramid","Vajra","Cursed Key","HornCleat","Juzu Bracelet","NlothsMask","Mark of Pain","Ice Cream","Regal Pillow","Calipers","Anchor","Lantern"],"acts_visited":["Exordium","TheCity","TheBeyond","TheEnding"],"potions_floor_usage":[47],"damage_taken":[{"damage":15.0,"enemies":"Cultist","floor":1.0,"turns":4.0},{"damage":8.0,"enemies":"2 Louse","floor":2.0,"turns":2.0},{"damage":3.0,"enemies":"Jaw Worm","floor":3.0,"turns":3.0},{"damage":10.0,"enemies":"2 Fungi Beasts","floor":4.0,"turns":3.0},{"damage":26.0,"enemies":"Gremlin Gang","floor":5.0,"turns":5.0},{"damage":18.0,"enemies":"Exordium Wildlife","floor":7.0,"turns":4.0},{"damage":18.0,"enemies":"Red Slaver","floor":10.0,"turns":4.0},{"damage":0.0,"enemies":"3 Louse","floor":11.0,"turns":2.0},{"damage":42.0,"enemies":"3 Sentries","floor":12.0,"turns":7.0},{"damage":11.0,"enemies":"Blue Slaver","floor":14.0,"turns":4.0},{"damage":27.0,"enemies":"Slime Boss","floor":16.0,"turns":7.0},{"damage":10.0,"enemies":"Spheric Guardian","floor":18.0,"turns":3.0},{"damage":3.0,"enemies":"Chosen","floor":21.0,"turns":4.0},{"damage":4.0,"enemies":"Snake Plant","floor":24.0,"turns":3.0},{"damage":12.0,"enemies":"Cultist and Chosen","floor":27.0,"turns":5.0},{"damage":16.0,"enemies":"Centurion and Healer","floor":30.0,"turns":5.0},{"damage":15.0,"enemies":"Shelled Parasite and Fungi","floor":31.0,"turns":3.0},{"damage":32.0,"enemies":"Automaton","floor":33.0,"turns":7.0},{"damage":28.0,"enemies":"3 Darklings","floor":35.0,"turns":5.0},{"damage":57.0,"enemies":"2 Orb Walkers","floor":36.0,"turns":5.0},{"damage":12.0,"enemies":"3 Shapes","floor":38.0,"turns":5.0},{"damage":0.0,"enemies":"Mind Bloom Boss Battle","floor":41.0,"turns":6.0},{"damage":36.0,"enemies":"3 Darklings","floor":44.0,"turns":4.0},{"damage":33.0,"enemies":"Nemesis","floor":46.0,"turns":5.0},{"damage":52,"enemies":"Transient","floor":47,"turns":5},{"damage":68,"enemies":"Time Eater","floor":50,"turns":8},{"damage":106,"enemies":"Shield and Spear","floor":54,"turns":8},{"damage":66,"enemies":"The Heart","floor":55,"turns":3}],"seed_played":"2845061195884688000","potions_obtained":[{"floor":3.0,"key":"Energy Potion"},{"floor":4.0,"key":"Ancient Potion"},{"floor":7.0,"key":"BloodPotion"},{"floor":14.0,"key":"Energy Potion"},{"floor":16.0,"key":"ColorlessPotion"},{"floor":31.0,"key":"BloodPotion"},{"floor":36.0,"key":"ColorlessPotion"},{"floor":44.0,"key":"DuplicationPotion"}],"is_trial":false,"path_per_floor":["M","M","M","M","M","R","M","R","T","M","M","E","R","M","R","B",null,"M","?","?","M","$","R","M","R","T","M","?","?","M","M","R","B",null,"M","?","?","M","$","R","?","R","T","M","R","E","M","?","R","B",null,"R","$","E","B"],"character_chosen":"IRONCLAD","items_purchased":["HornCleat","Flame Barrier","Regal Pillow","Purity","Block Potion"],"campfire_rested":10,"item_purchase_floors":[22,22,39,39,39],"current_hp_per_floor":[65,57,54,44,24,48,46,70,70,56,56,22,46,35,59,52,80,70,70,64,61,61,61,57,80,80,69,69,69,65,54,78,56,80,52,21,21,16,16,55,63,80,80,44,80,47,10,10,49,3,80,80,80,10,0,0],"gold":73,"neow_bonus":"BOSS_RELIC","is_daily":false,"chose_seed":false,"campfire_upgraded":1,"win_rate":0.0,"timestamp":1610447149,"path_taken":["M","M","M","?","M","R","M","R","T","M","M","E","R","M","R","BOSS","M","?","?","?","?","R","M","R","T","M","?","?","M","M","R","BOSS","M","?","?","M","$","R","?","R","T","M","R","E","M","?","R","BOSS","R","$","E","BOSS"],"items_purchased_type":["Relic","Card","Relic","Card","Potion"],"build_version":"2020-12-22","purchased_purges":2,"victory":false,"max_hp_per_floor":[80,80,80,80,80,80,80,80,80,80,80,80,80,80,80,80,80,80,80,80,80,80,80,80,80,80,80,80,80,80,80,80,80,80,80,80,80,80,80,80,80,80,80,80,80,80,80,80,80,80,80,80,80,80,80,80],"card_choices":[{"not_picked":["Perfected Strike","Entrench"],"picked":"Twin Strike","floor":1.0},{"not_picked":["Feel No Pain","Heavy Blade"],"picked":"Clothesline","floor":2.0},{"not_picked":["Second Wind","Headbutt"],"picked":"Perfected Strike","floor":3.0},{"not_picked":["Twin Strike","Perfected Strike"],"picked":"Reaper","floor":4.0},{"not_picked":["Warcry","Thunderclap"],"picked":"Fire Breathing","floor":5.0},{"not_picked":["Uppercut","Bloodletting"],"picked":"Thunderclap","floor":7.0},{"not_picked":["Hemokinesis","Heavy Blade"],"picked":"Sword Boomerang","floor":10.0},{"not_picked":["Anger","Thunderclap","Bloodletting"],"picked":"SKIP","floor":11.0},{"not_picked":["Juggernaut","Pommel Strike"],"picked":"Inflame","floor":12.0},{"not_picked":["Pummel","Heavy Blade"],"picked":"Uppercut","floor":14.0},{"not_picked":["Offering","Reaper"],"picked":"Berserk","floor":16.0},{"not_picked":["Bloodletting","Fire Breathing"],"picked":"Shrug It Off","floor":18.0},{"not_picked":["Iron Wave+1","Thunderclap"],"picked":"Spot Weakness","floor":21.0},{"not_picked":["Spot Weakness","Fire Breathing+1"],"picked":"Pommel Strike","floor":24.0},{"not_picked":["Headbutt","Combust"],"picked":"Body Slam+1","floor":27.0},{"not_picked":["Heavy Blade","Battle Trance"],"picked":"Limit Break","floor":30.0},{"not_picked":["Pommel Strike","Heavy Blade+1"],"picked":"Wild Strike","floor":31.0},{"not_picked":["Feed","Bludgeon"],"picked":"Demon Form","floor":33.0},{"not_picked":["Metallicize","Combust+1"],"picked":"Pummel+1","floor":35.0},{"not_picked":["Hemokinesis+1","Spot Weakness+1"],"picked":"Dropkick","floor":36.0},{"not_picked":["Body Slam+1","Clash+1","Evolve+1"],"picked":"SKIP","floor":38.0},{"not_picked":["Wild Strike+1","Shrug It Off"],"picked":"Entrench","floor":41.0},{"not_picked":["Body Slam","Whirlwind"],"picked":"Heavy Blade+1","floor":44.0},{"not_picked":["Dual Wield+1","Bloodletting"],"picked":"Flex+1","floor":46.0},{"not_picked":["Combust","Twin Strike+1"],"picked":"Power Through+1","floor":47},{"not_picked":["Madness","Chrysalis"],"picked":"Sadistic Nature","floor":48},{"not_picked":["Ghostly Armor+1","Second Wind+1"],"picked":"Metallicize+1","floor":54}],"player_experience":46756,"relics_obtained":[{"floor":12.0,"key":"Vajra"},{"floor":26.0,"key":"Juzu Bracelet"},{"floor":36.0,"key":"Ice Cream"},{"floor":41.0,"key":"Calipers"},{"floor":46.0,"key":"Anchor"},{"floor":54,"key":"Lantern"}],"event_choices":[{"damage_healed":0.0,"max_hp_gain":0.0,"max_hp_loss":0.0,"gold_gain":0.0,"event_name":"Vampires","player_choice":"Ignored","floor":19.0,"gold_loss":0.0,"damage_taken":0.0},{"damage_healed":0.0,"max_hp_gain":0.0,"max_hp_loss":0.0,"gold_gain":0.0,"event_name":"Knowing Skull","player_choice":"","floor":20.0,"potions_obtained":[],"gold_loss":0.0,"damage_taken":6.0,"cards_obtained":[]},{"damage_healed":0.0,"max_hp_gain":0.0,"max_hp_loss":0.0,"gold_gain":0.0,"event_name":"Beggar","player_choice":"Ignored","floor":28.0,"gold_loss":0.0,"damage_taken":0.0},{"damage_healed":0.0,"max_hp_gain":0.0,"max_hp_loss":0.0,"gold_gain":0.0,"event_name":"FaceTrader","player_choice":"Trade","floor":29.0,"gold_loss":0.0,"damage_taken":0.0,"relics_obtained":["NlothsMask"]},{"damage_healed":0.0,"max_hp_gain":0.0,"max_hp_loss":0.0,"gold_gain":0.0,"event_name":"Mysterious Sphere","player_choice":"Fight","floor":36.0,"gold_loss":0.0,"damage_taken":0.0},{"damage_healed":0.0,"max_hp_gain":0.0,"max_hp_loss":0.0,"gold_gain":0.0,"event_name":"Upgrade Shrine","player_choice":"Upgraded","floor":37.0,"gold_loss":0.0,"damage_taken":0.0,"cards_upgraded":["Berserk"]},{"damage_healed":0.0,"max_hp_gain":0.0,"max_hp_loss":0.0,"gold_gain":0.0,"event_name":"MindBloom","player_choice":"Fight","floor":41.0,"gold_loss":0.0,"damage_taken":0.0},{"damage_healed":0,"gold_gain":0,"player_choice":"Memory 1","damage_taken":0,"max_hp_gain":0,"max_hp_loss":0,"event_name":"SensoryStone","floor":48,"gold_loss":0}],"is_beta":false,"boss_relics":[{"not_picked":["SacredBark","Runic Cube"],"picked":"Cursed Key"},{"not_picked":["Busted Crown","Runic Dome"],"picked":"Mark of Pain"}],"items_purged_floors":[22,53],"is_endless":false,"potions_floor_spawned":[3,4,7,14,16,27,31,36,44],"killed_by":"The Heart","ascension_level":0}}