{"host":"xumidyqji6pg2yy3","time":1610440901,"event":{"mods":["100% Spire Juice","BaseMod","Highlight Path","Minty Spire (QoL Compilation)","StSLib"],"gold_per_floor":[118,118,17,27,37,50,50,50,50,50,69,85,85,98,98,98,98],"floor_reached":16,"playtime":942,"items_purged":[],"score":96,"play_id":"fd1560d9-f32b-44c2-9f2f-e89dc9742a44","local_time":"20210112164141","is_ascension_mode":false,"campfire_choices":[{"data":"Moonworks:EvilSpyWorkPreparation","floor":8.0,"key":"SMITH"},{"floor":10.0,"key":"REST"},{"data":"Moonworks:SealedMemories","floor":13.0,"key":"SMITH"},{"data":"Moonworks:x16BigRocket","floor":15.0,"key":"SMITH"}],"circlet_count":0,"master_deck":["Moonworks:Strike","Moonworks:Strike","Moonworks:Strike","Moonworks:Defend","Moonworks:Defend+1","Moonworks:Defend","Moonworks:Defend+1","Moonworks:Ambush","Moonworks:LongDistanceShot","Moonworks:EvilSpyWorkPreparation+1","Moonworks:SakisCookie","Moonworks:DeployBits","Moonworks:SealedMemories+1","Moonworks:x16BigRocket+1"],"relics":["Moonworks:BrokenBomb","Moonworks:Homemark","NeowsBlessing","Boot"],"acts_visited":["Exordium"],"potions_floor_usage":[16],"damage_taken":[{"damage":0.0,"enemies":"Small Slimes","floor":1.0,"turns":1.0},{"damage":0.0,"enemies":"2 Louse","floor":3.0,"turns":1.0},{"damage":0.0,"enemies":"Jaw Worm","floor":4.0,"turns":1.0},{"damage":1.0,"enemies":"2 Fungi Beasts","floor":5.0,"turns":5.0},{"damage":14.0,"enemies":"Gremlin Gang","floor":6.0,"turns":3.0},{"damage":4.0,"enemies":"Large Slime","floor":11.0,"turns":5.0},{"damage":0.0,"enemies":"Looter","floor":12.0,"turns":2.0},{"damage":3.0,"enemies":"Blue Slaver","floor":14.0,"turns":4.0},{"damage":46,"enemies":"The Guardian","floor":16,"turns":8}],"seed_played":"-8240145837866558302","potions_obtained":[{"floor":1.0,"key":"SteroidPotion"},{"floor":5.0,"key":"Energy Potion"},{"floor":12.0,"key":"LiquidMemories"},{"floor":14.0,"key":"PowerPotion"}],"is_trial":false,"path_per_floor":["M","?","M","M","M","M","?","R","T","R","M","M","R","M","R","B"],"character_chosen":"THE_STARBREAKER","items_purchased":[],"campfire_rested":1,"item_purchase_floors":[],"current_hp_per_floor":[60,53,53,53,52,38,26,26,26,44,42,42,42,39,39,0,0],"gold":98,"neow_bonus":"THREE_ENEMY_KILL","is_daily":false,"chose_seed":false,"campfire_upgraded":3,"win_rate":0.0,"timestamp":1610440901,"path_taken":["M","?","M","M","M","M","?","R","T","R","M","M","R","M","R","BOSS"],"items_purchased_type":[],"build_version":"2020-12-22","purchased_purges":0,"victory":false,"max_hp_per_floor":[60,60,60,60,60,60,60,60,60,60,60,60,60,60,60,60,60],"card_choices":[{"not_picked":["Moonworks:FullSpeedAlicianrone","Moonworks:BigBangBell","Moonworks:IndiscriminateFireSupport"],"picked":"SKIP","floor":1.0},{"not_picked":["Moonworks:ImOnFire","Moonworks:JonathanRush"],"picked":"Moonworks:EvilSpyWorkPreparation","floor":3.0},{"not_picked":["Moonworks:BigMagnum","Moonworks:LuckyCharm"],"picked":"Moonworks:SakisCookie","floor":4.0},{"not_picked":["Moonworks:ExtendedPhotonRifle","Moonworks:IndiscriminateFireSupport","Moonworks:Flamethrower"],"picked":"SKIP","floor":5.0},{"not_picked":["Moonworks:IndiscriminateFireSupport","Moonworks:SakisCookie"],"picked":"Moonworks:DeployBits","floor":6.0},{"not_picked":["Moonworks:Dinner","Moonworks:SakisCookie"],"picked":"Moonworks:SealedMemories","floor":11.0},{"not_picked":["Moonworks:IndiscriminateFireSupport","Moonworks:NicePresent"],"picked":"Moonworks:x16BigRocket","floor":12.0},{"not_picked":["Moonworks:SakisCookie","Moonworks:MiracleRedBeanIceCream","Moonworks:IntelligenceOfficer"],"picked":"SKIP","floor":14.0}],"player_experience":52200,"relics_obtained":[{"floor":9.0,"key":"Boot"}],"event_choices":[{"cards_removed":["Moonworks:Strike"],"damage_healed":0.0,"max_hp_gain":0.0,"max_hp_loss":0.0,"gold_gain":0.0,"event_name":"Golden Wing","player_choice":"Card Removal","floor":2.0,"gold_loss":0.0,"damage_taken":7.0},{"damage_healed":0.0,"max_hp_gain":0.0,"max_hp_loss":0.0,"gold_gain":0.0,"event_name":"Shining Light","player_choice":"Entered Light","floor":7.0,"gold_loss":0.0,"damage_taken":12.0,"cards_upgraded":["Moonworks:Defend","Moonworks:Defend"]}],"is_beta":false,"boss_relics":[],"items_purged_floors":[],"is_endless":false,"potions_floor_spawned":[1,5,12,14],"killed_by":"The Guardian","ascension_level":0}}