{"host":"qk06od3ap196wbz4","time":1610465115,"event":{"mods":["AchievementEnabler","Arknights The Spire","BaseMod","DeckTracker","Keyboard Shortcuts","Minty Spire (QoL Compilation)","Permanent Neow","StSLib","SuperFastMode"],"gold_per_floor":[117,130,130,141,158,183,216,231,231,245,279,136,136,136,136,236,236,254,264,11,23,40,71,71,170,170,186,219,239,272,298,298,394,394,414,414,426,445,462,494,523,523,548,404,416,451,451,482,482,578,578,592,603,311,324,336,370,151,151,205,54,129,129,129,189,189,189,189],"floor_reached":67,"playtime":2078,"items_purged":[],"score":1192,"play_id":"05d69b95-86c1-4e03-9aba-de91bc26571f","local_time":"20210113002515","daily_mods":["Draft","Heirloom","Time Dilation","Flight"],"is_ascension_mode":false,"campfire_choices":[{"data":"ats:Flame Of Heaven","floor":13,"key":"SMITH"},{"data":"ats:Apocalypse","floor":15,"key":"SMITH"},{"data":"ats:Apocalypse","floor":24,"key":"SMITH"},{"data":"ats:Wolf Pack","floor":32,"key":"SMITH"},{"data":"ats:Ignite","floor":42,"key":"SMITH"},{"floor":49,"key":"REST"},{"data":"ats:Volcano","floor":59,"key":"SMITH"},{"floor":66,"key":"REST"}],"circlet_count":0,"master_deck":["ats:Ignite+1","ats:Ignite+1","ats:Flame Of Heaven+1","ats:Flame Of Heaven+1","ats:Sunburst+1","ats:Sunburst+1","ats:Soul Absorption+1","ats:Soul Absorption+1","ats:Ignite+1","ats:Apocalypse+1","ats:Flame Of Heaven+1","ats:Apocalypse+1","ats:Wolf Pack+1","ats:Ignite+1","ats:Roar Of Ursus+1","ats:Burning Ground+1","ats:Rat Pack+1","ats:Volcano+1","ats:Burning Ground+1"],"relics":["ats:Sanity","Peace Pipe","ats:Originium","Akabeko","Singing Bowl","Bottled Flame","Frozen Egg 2","Bag of Marbles","ats:Lavender","Eternal Feather","White Beast Statue","PreservedInsect","Nunchaku","Letter Opener","Philosopher\u0027s Stone","Regal Pillow","Bottled Lightning","Toy Ornithopter","Orichalcum","War Paint","TungstenRod","SlaversCollar","ats:Berate","Medical Kit","ats:Ability Aura","Bag of Preparation","ats:Spiritual Recovery","Darkstone Periapt","Toxic Egg 2"],"acts_visited":["Exordium","TheCity","TheBeyond","Exordium"],"potions_floor_usage":[41,50,50],"damage_taken":[{"damage":0,"enemies":"Jaw Worm","floor":1,"turns":1},{"damage":0,"enemies":"2 Louse","floor":2,"turns":2},{"damage":0,"enemies":"Small Slimes","floor":4,"turns":2},{"damage":0,"enemies":"Looter","floor":5,"turns":1},{"damage":0,"enemies":"Gremlin Nob","floor":6,"turns":2},{"damage":9,"enemies":"Lagavulin","floor":7,"turns":3},{"damage":0,"enemies":"3 Louse","floor":8,"turns":1},{"damage":0,"enemies":"Exordium Wildlife","floor":10,"turns":2},{"damage":9,"enemies":"3 Sentries","floor":11,"turns":3},{"damage":27,"enemies":"Hexaghost","floor":16,"turns":4},{"damage":14,"enemies":"3 Byrds","floor":18,"turns":3},{"damage":20,"enemies":"2 Thieves","floor":19,"turns":3},{"damage":6,"enemies":"Centurion and Healer","floor":21,"turns":3},{"damage":0,"enemies":"Snake Plant","floor":22,"turns":2},{"damage":8,"enemies":"Book of Stabbing","floor":23,"turns":4},{"damage":10,"enemies":"Shelled Parasite and Fungi","floor":27,"turns":4},{"damage":0,"enemies":"Gremlin Leader","floor":28,"turns":3},{"damage":1,"enemies":"Chosen and Byrds","floor":29,"turns":3},{"damage":0,"enemies":"Book of Stabbing","floor":30,"turns":3},{"damage":0,"enemies":"Gremlin Leader","floor":31,"turns":2},{"damage":9,"enemies":"Collector","floor":33,"turns":6},{"damage":11,"enemies":"Orb Walker","floor":35,"turns":2},{"damage":0,"enemies":"3 Darklings","floor":37,"turns":3},{"damage":22,"enemies":"Sphere and 2 Shapes","floor":38,"turns":3},{"damage":39,"enemies":"Writhing Mass","floor":39,"turns":4},{"damage":21,"enemies":"Nemesis","floor":40,"turns":3},{"damage":10,"enemies":"Reptomancer","floor":41,"turns":3},{"damage":31,"enemies":"Maw","floor":45,"turns":6},{"damage":47,"enemies":"Giant Head","floor":46,"turns":8},{"damage":15,"enemies":"Nemesis","floor":48,"turns":5},{"damage":158,"enemies":"Time Eater","floor":50,"turns":11},{"damage":0,"enemies":"2 Louse","floor":52,"turns":1},{"damage":0,"enemies":"Cultist","floor":53,"turns":2},{"damage":0,"enemies":"Jaw Worm","floor":55,"turns":1},{"damage":0,"enemies":"2 Fungi Beasts","floor":56,"turns":1},{"damage":0,"enemies":"3 Sentries","floor":57,"turns":3},{"damage":0,"enemies":"3 Sentries","floor":65,"turns":2},{"damage":126,"enemies":"Hexaghost","floor":67,"turns":2}],"seed_played":"-8093120185624534984","potions_obtained":[{"floor":2,"key":"Block Potion"},{"floor":4,"key":"DistilledChaos"},{"floor":5,"key":"AttackPotion"},{"floor":8,"key":"Swift Potion"},{"floor":19,"key":"Fire Potion"},{"floor":33,"key":"ats:Top Emergency Sanity Potion"},{"floor":37,"key":"Explosive Potion"},{"floor":41,"key":"Fruit Juice"},{"floor":45,"key":"Explosive Potion"},{"floor":52,"key":"Explosive Potion"},{"floor":53,"key":"FearPotion"},{"floor":57,"key":"Fire Potion"}],"is_trial":true,"path_per_floor":["M","M","$","M","M","E","E","M","T","M","E","$","R","?","R","B",null,"M","M","$","M","M","E","R","?","T","M","E","M","E","E","R","B",null,"M","?","M","M","M","E","E","R","T","$","M","E","$","E","R","B",null,"M","M","$","M","M","E","$","R","T","$","?","?","?","?","R","B"],"character_chosen":"DOCTOR_CLASS","items_purchased":["Bag of Marbles","ats:Lavender","Orichalcum","ats:Berate","Medical Kit","ats:Ability Aura","ats:Burning Ground+1","ats:Spiritual Recovery"],"campfire_rested":2,"item_purchase_floors":[12,20,44,54,54,58,58,61],"current_hp_per_floor":[72,72,72,72,72,72,63,65,65,71,66,66,66,66,66,46,78,66,53,53,54,64,75,81,81,81,76,88,90,92,94,94,96,96,85,87,100,81,67,61,70,76,76,76,82,67,67,77,115,8,115,117,119,119,121,123,123,123,123,123,123,113,111,87,96,125,0,0],"gold":189,"neow_bonus":"","is_daily":false,"chose_seed":false,"campfire_upgraded":6,"win_rate":0.0,"timestamp":1610465115,"path_taken":["M","M","$","M","M","E","E","M","T","M","E","$","R","?","R","BOSS","M","M","$","M","M","E","R","?","T","M","E","M","E","E","R","BOSS","M","?","M","M","M","E","E","R","T","$","M","E","?","E","R","BOSS","M","M","$","M","M","E","$","R","T","$","?","?","?","?","R","BOSS"],"items_purchased_type":["Relic","Relic","Relic","Relic","Relic","Relic","Card","Relic"],"build_version":"2020-12-22","purchased_purges":0,"victory":false,"max_hp_per_floor":[72,72,72,72,72,72,72,74,74,76,76,76,76,76,76,78,78,80,82,82,82,82,84,84,84,84,86,88,90,92,94,94,96,96,96,98,100,102,104,106,113,113,113,113,115,115,115,115,115,115,115,117,119,119,121,123,123,123,123,123,123,123,123,123,125,125,125,125],"card_choices":[{"not_picked":["ats:Leaping Hammer","ats:Spore Proliferation"],"picked":"ats:Sunburst","floor":0},{"not_picked":["ats:Powerful Strike","ats:Part Time Job"],"picked":"ats:Flame Of Heaven","floor":0},{"not_picked":["ats:Leaping Hammer","ats:Curse Doll"],"picked":"ats:Assault Order","floor":0},{"not_picked":["ats:Red Shift","ats:Assault Order"],"picked":"ats:Revitalization","floor":0},{"not_picked":["ats:Childhood Dance","ats:LN2 Cannon"],"picked":"ats:Spore Proliferation","floor":0},{"not_picked":["ats:Leaping Hammer","ats:Defend Order"],"picked":"ats:Poison Spread","floor":0},{"not_picked":["ats:Demon Strength","ats:Burning Ground"],"picked":"ats:Explosion Area Strengthen","floor":0},{"not_picked":["ats:Leaping Hammer","ats:Healing Drone"],"picked":"ats:Ignite","floor":0},{"not_picked":["ats:Healing Strengthening","ats:Sword Rain"],"picked":"ats:Ignite","floor":0},{"not_picked":["ats:Assault Order","ats:Childhood Dance"],"picked":"ats:Powerful Strike","floor":0},{"not_picked":["ats:Cat Scratch","ats:Powerful Strike"],"picked":"ats:Flame Of Heaven","floor":0},{"not_picked":["ats:Flexible Camouflage","ats:Charging Defense"],"picked":"ats:Soul Absorption","floor":0},{"not_picked":["ats:Cat Scratch","ats:Curse Doll"],"picked":"ats:Chain Hook","floor":0},{"not_picked":["ats:Flexible Camouflage","ats:Neurotoxin"],"picked":"ats:Healing Drone","floor":0},{"not_picked":["ats:Sword Rain","ats:Counter Healing Mode"],"picked":"ats:Soul Absorption","floor":0},{"not_picked":["ats:Hammer On","ats:Childhood Dance","ats:Blood Oath"],"picked":"SKIP","floor":1},{"not_picked":["ats:Assault Order","ats:Chain Hook","ats:Steam Pump"],"picked":"SKIP","floor":2},{"not_picked":["ats:Shell Defense","ats:Thermite Blade","ats:Cat Scratch"],"picked":"SKIP","floor":4},{"not_picked":["ats:Revitalization","ats:Steam Pump","ats:Sword Rain"],"picked":"SKIP","floor":5},{"not_picked":["ats:Magnetic Hammer","ats:Explosion Area Strengthen","ats:Cat Scratch"],"picked":"SKIP","floor":6},{"not_picked":["ats:Roar Of Ursus","ats:Shadow Assault"],"picked":"ats:Apocalypse","floor":7},{"not_picked":["ats:Blood Oath","ats:Collapsing Strike","ats:Childhood Dance"],"picked":"Singing Bowl","floor":8},{"not_picked":["ats:Chain Hook","ats:Red Shift","ats:Poison Spread"],"picked":"Singing Bowl","floor":10},{"not_picked":["ats:Thorns+1","ats:Poison Spread"],"picked":"ats:Flame Of Heaven","floor":11},{"not_picked":["ats:Shadow Assault","ats:Disruption Kick","ats:Soul Rend+1"],"picked":"Singing Bowl","floor":16},{"not_picked":["ats:Explosion Area Strengthen","ats:Hammer On+1","ats:Very Hot Blade"],"picked":"Singing Bowl","floor":18},{"not_picked":["ats:Support Order","ats:Powerful Strike","ats:Beaten Up"],"picked":"Singing Bowl","floor":19},{"not_picked":["ats:Poison Spread+1","ats:Assault Order"],"picked":"ats:Apocalypse","floor":21},{"not_picked":["ats:Powerful Strike","ats:Shell Defense"],"picked":"ats:Wolf Pack","floor":22},{"not_picked":["ats:Apocalypse","ats:Flexible Camouflage","ats:Encircling Forest"],"picked":"Singing Bowl","floor":23},{"not_picked":["ats:Healing Strengthening+1","ats:Assault Order","ats:Apocalypse+1"],"picked":"Singing Bowl","floor":27},{"not_picked":["ats:Childhood Dance","ats:Cat Scratch","ats:Shell Defense"],"picked":"Singing Bowl","floor":28},{"not_picked":["ats:Poison Spread","ats:Leaping Hammer","ats:Assault Order"],"picked":"Singing Bowl","floor":29},{"not_picked":["ats:Disruption Kick","ats:Hammer On","ats:Part Time Job+1"],"picked":"Singing Bowl","floor":30},{"not_picked":["ats:Song Of Battle+1","ats:Guardian Obelisk","ats:Flame Of Heaven"],"picked":"Singing Bowl","floor":31},{"not_picked":["ats:Ambush+1","ats:Calcification","ats:Nebulous Foxfire"],"picked":"Singing Bowl","floor":33},{"not_picked":["ats:Assault Order+1","ats:Childhood Dance"],"picked":"ats:Ignite","floor":35},{"not_picked":["Good Instincts","Madness","Metamorphosis"],"picked":"Singing Bowl","floor":36},{"not_picked":["ats:Cat Scratch+1","ats:Healing Drone","ats:Flexible Camouflage+1"],"picked":"Singing Bowl","floor":37},{"not_picked":["ats:Apocalypse+1","ats:Cat Scratch+1","ats:Curse Doll"],"picked":"Singing Bowl","floor":38},{"not_picked":["ats:Ignite","ats:Leaping Hammer","ats:Curse Doll"],"picked":"Singing Bowl","floor":39},{"not_picked":["ats:Rapid Magazine+1","ats:Dogmatic Field+1","ats:Flame Of Heaven+1"],"picked":"Singing Bowl","floor":40},{"not_picked":["ats:Flame Of Heaven+1","ats:Shell Defense+1","ats:Flexible Camouflage+1"],"picked":"Singing Bowl","floor":41},{"not_picked":["ats:Flexible Camouflage","ats:Thorns+1","ats:Consecutive Shot Auto+1"],"picked":"Singing Bowl","floor":45},{"not_picked":["ats:Hammer On+1","ats:Assault Order"],"picked":"ats:Roar Of Ursus+1","floor":46},{"not_picked":["ats:Hammer On","ats:Ignite"],"picked":"ats:Burning Ground+1","floor":48},{"not_picked":["ats:Durian","ats:Echo Reverb"],"picked":"ats:Rat Pack","floor":50},{"not_picked":["ats:Hammer On","ats:Cat Scratch","ats:Revitalization"],"picked":"Singing Bowl","floor":52},{"not_picked":["ats:Beaten Up","ats:Leaping Hammer","ats:Spore Proliferation"],"picked":"Singing Bowl","floor":53},{"not_picked":["ats:Apocalypse","ats:Encircling Forest","ats:Ignite"],"picked":"Singing Bowl","floor":55},{"not_picked":["ats:Neurotoxin+1","ats:Cat Scratch","ats:Powerful Strike"],"picked":"Singing Bowl","floor":56},{"not_picked":["ats:Hammer On","ats:Childhood Dance"],"picked":"ats:Volcano","floor":57},{"not_picked":["ats:Assault Order+1","ats:Curse Doll+1","ats:Explosion Area Strengthen"],"picked":"Singing Bowl","floor":65}],"player_experience":163066,"relics_obtained":[{"floor":6,"key":"ats:Originium"},{"floor":6,"key":"Akabeko"},{"floor":7,"key":"ats:Originium"},{"floor":7,"key":"Singing Bowl"},{"floor":9,"key":"Bottled Flame"},{"floor":11,"key":"ats:Originium"},{"floor":11,"key":"Frozen Egg 2"},{"floor":23,"key":"Eternal Feather"},{"floor":26,"key":"White Beast Statue"},{"floor":28,"key":"PreservedInsect"},{"floor":30,"key":"Nunchaku"},{"floor":31,"key":"Letter Opener"},{"floor":40,"key":"Regal Pillow"},{"floor":41,"key":"Bottled Lightning"},{"floor":43,"key":"Toy Ornithopter"},{"floor":46,"key":"War Paint"},{"floor":48,"key":"TungstenRod"},{"floor":60,"key":"Bag of Preparation"}],"event_choices":[{"damage_healed":0,"gold_gain":0,"player_choice":"Leave","damage_taken":0,"max_hp_gain":0,"max_hp_loss":0,"event_name":"The Cleric","floor":14,"gold_loss":0},{"damage_healed":0,"gold_gain":99,"player_choice":"Stole From Cult","damage_taken":0,"max_hp_gain":0,"max_hp_loss":0,"event_name":"Nest","floor":25,"gold_loss":0},{"damage_healed":0,"gold_gain":0,"player_choice":"Memory 1","damage_taken":0,"max_hp_gain":0,"max_hp_loss":0,"event_name":"SensoryStone","floor":36,"gold_loss":0},{"damage_healed":0,"gold_gain":75,"player_choice":"Gather Gold","damage_taken":11,"max_hp_gain":0,"max_hp_loss":0,"event_name":"World of Goop","floor":62,"gold_loss":0},{"damage_healed":0,"gold_gain":0,"player_choice":"Success","damage_taken":3,"relics_obtained":["Darkstone Periapt"],"max_hp_gain":0,"max_hp_loss":0,"event_name":"Scrap Ooze","floor":63,"gold_loss":0},{"damage_healed":0,"gold_gain":0,"player_choice":"Entered Light","damage_taken":25,"max_hp_gain":0,"max_hp_loss":0,"event_name":"Shining Light","floor":64,"gold_loss":0,"cards_upgraded":["ats:Rat Pack"]},{"damage_healed":0,"gold_gain":0,"player_choice":"Searched \u00272\u0027 times","damage_taken":0,"relics_obtained":["Toxic Egg 2"],"max_hp_gain":0,"max_hp_loss":0,"event_name":"Dead Adventurer","floor":65,"gold_loss":0}],"is_beta":false,"boss_relics":[{"not_picked":["Cursed Key","Ectoplasm"],"picked":"Velvet Choker"},{"not_picked":["Empty Cage","SacredBark"],"picked":"Philosopher\u0027s Stone"},{"not_picked":["Runic Pyramid","ats:Tactical Delivery"],"picked":"SlaversCollar"}],"items_purged_floors":[],"is_endless":true,"potions_floor_spawned":[2,4,5,8,11,18,19,22,27,28,29,30,31,33,35,37,38,39,40,41,45,46,48,50,52,53,55,56,57,65],"killed_by":"Hexaghost","ascension_level":0}}