{"host":"0v07cr0k93jhgkpm","time":1610444399,"event":{"mods":["BaseMod","Colored Map","DeckTracker","Minty Spire (QoL Compilation)","Quick Restart","SuperFastMode"],"gold_per_floor":[361,511,111,111,131,162,162,62,62,80,106,106,20,20,20,98,98,116,127,127,145,157,157,168,168,168,168,168,181,231,231,231],"floor_reached":31,"playtime":920,"items_purged":["Pain","Doubt"],"score":486,"play_id":"fd721e38-a647-4123-8c0a-64e323f99deb","local_time":"20210112183959","is_ascension_mode":true,"campfire_choices":[{"floor":7.0,"key":"REST"},{"data":"True Grit","floor":12.0,"key":"SMITH"},{"data":"Double Tap","floor":15.0,"key":"SMITH"},{"floor":23.0,"key":"REST"},{"data":"Uppercut","floor":25.0,"key":"SMITH"},{"floor":27.0,"key":"REST"}],"circlet_count":0,"master_deck":["AscendersBane","Strike_R","Strike_R","Strike_R","Strike_R","Strike_R","Defend_R","Defend_R","Defend_R","Defend_R","Bash","Armaments+1","Immolate","Evolve","Sentinel","True Grit+1","Havoc","Double Tap+1","Parasite","Offering","Inflame","Reckless Charge","Warcry","Uppercut+1","Pommel Strike","Entrench"],"relics":["Black Blood","Tiny Chest","Lizard Tail","Mercury Hourglass","Darkstone Periapt","Smiling Mask","Matryoshka"],"acts_visited":["Exordium","TheCity"],"potions_floor_usage":[31],"damage_taken":[{"damage":14.0,"enemies":"Small Slimes","floor":1.0,"turns":5.0},{"damage":6.0,"enemies":"Jaw Worm","floor":5.0,"turns":6.0},{"damage":51.0,"enemies":"Lagavulin","floor":6.0,"turns":9.0},{"damage":1.0,"enemies":"Cultist","floor":10.0,"turns":3.0},{"damage":15.0,"enemies":"3 Sentries","floor":11.0,"turns":4.0},{"damage":39.0,"enemies":"Slime Boss","floor":16.0,"turns":9.0},{"damage":58.0,"enemies":"Shell Parasite","floor":18.0,"turns":7.0},{"damage":6.0,"enemies":"3 Byrds","floor":19.0,"turns":2.0},{"damage":51.0,"enemies":"Shelled Parasite and Fungi","floor":21.0,"turns":7.0},{"damage":26.0,"enemies":"3 Cultists","floor":22.0,"turns":4.0},{"damage":27.0,"enemies":"Snake Plant","floor":24.0,"turns":4.0},{"damage":39.0,"enemies":"Sentry and Sphere","floor":29.0,"turns":5.0},{"damage":30,"enemies":"Cultist and Chosen","floor":31,"turns":4}],"seed_played":"-6470753324618975854","potions_obtained":[{"floor":1.0,"key":"SpeedPotion"},{"floor":6.0,"key":"Strength Potion"},{"floor":10.0,"key":"Energy Potion"},{"floor":19.0,"key":"GamblersBrew"},{"floor":21.0,"key":"GamblersBrew"},{"floor":29.0,"key":"DuplicationPotion"}],"is_trial":false,"path_per_floor":["M","?","$","?","M","E","R","$","T","M","E","R","$","?","R","B",null,"M","M","T","M","M","R","M","R","T","R","?","M","?","M"],"character_chosen":"IRONCLAD","items_purchased":["Immolate","Tiny Chest","Double Tap"],"campfire_rested":3,"item_purchase_floors":[3,3,13],"current_hp_per_floor":[60,60,60,60,60,15,37,37,37,42,33,33,33,57,57,24,67,21,27,27,32,18,42,27,27,27,51,51,24,24,0,0],"gold":231,"neow_bonus":"TWO_FIFTY_GOLD","is_daily":false,"chose_seed":false,"campfire_upgraded":3,"win_rate":0.0,"timestamp":1610444399,"path_taken":["M","?","$","?","?","E","R","$","T","M","E","R","$","?","R","BOSS","M","M","?","M","M","R","?","R","T","R","?","M","?","M"],"items_purchased_type":["Card","Relic","Card"],"build_version":"2020-12-22","purchased_purges":2,"victory":false,"max_hp_per_floor":[75,75,75,75,75,75,75,75,75,75,75,75,75,81,81,81,81,81,81,81,81,81,81,81,81,81,81,81,81,81,81,81],"card_choices":[{"not_picked":["Perfected Strike","Flex"],"picked":"Armaments","floor":1.0},{"not_picked":["Flex","Shrug It Off"],"picked":"Evolve","floor":5.0},{"not_picked":["Ghostly Armor","Warcry"],"picked":"Sentinel","floor":6.0},{"not_picked":["Rampage","Body Slam"],"picked":"True Grit","floor":10.0},{"not_picked":["Warcry","True Grit"],"picked":"Havoc","floor":11.0},{"not_picked":["Feed","Double Tap"],"picked":"Offering","floor":16.0},{"not_picked":["Wild Strike","Sentinel"],"picked":"Inflame","floor":18.0},{"not_picked":["Clothesline","Rage"],"picked":"Reckless Charge","floor":19.0},{"not_picked":["Clash","Heavy Blade"],"picked":"Warcry","floor":21.0},{"not_picked":["Body Slam","Perfected Strike+1"],"picked":"Uppercut","floor":22.0},{"not_picked":["Reckless Charge","Cleave"],"picked":"Pommel Strike","floor":24.0},{"not_picked":["Iron Wave","Reckless Charge"],"picked":"Entrench","floor":29.0}],"player_experience":2491222,"relics_obtained":[{"floor":6.0,"key":"Lizard Tail"},{"floor":9.0,"key":"Mercury Hourglass"},{"floor":11.0,"key":"Darkstone Periapt"},{"floor":20.0,"key":"Smiling Mask"},{"floor":26.0,"key":"Matryoshka"}],"event_choices":[{"damage_healed":0.0,"max_hp_gain":0.0,"max_hp_loss":0.0,"gold_gain":150.0,"event_name":"Liars Game","player_choice":"AGREE","floor":2.0,"gold_loss":0.0,"damage_taken":0.0,"cards_obtained":["Doubt"]},{"damage_healed":0.0,"max_hp_gain":0.0,"max_hp_loss":0.0,"gold_gain":0.0,"event_name":"Upgrade Shrine","player_choice":"Upgraded","floor":4.0,"gold_loss":0.0,"damage_taken":0.0,"cards_upgraded":["Armaments"]},{"damage_healed":18.0,"max_hp_gain":0.0,"max_hp_loss":0.0,"gold_gain":0.0,"event_name":"Mushrooms","player_choice":"Healed and dodged fight","floor":14.0,"gold_loss":0.0,"damage_taken":0.0,"cards_obtained":["Parasite"]},{"damage_healed":0.0,"max_hp_gain":0.0,"max_hp_loss":0.0,"gold_gain":0.0,"event_name":"Cursed Tome","player_choice":"Ignored","floor":28.0,"gold_loss":0.0,"damage_taken":0.0},{"damage_healed":0.0,"max_hp_gain":0.0,"max_hp_loss":0.0,"gold_gain":50.0,"event_name":"Nest","player_choice":"Stole From Cult","floor":30.0,"gold_loss":0.0,"damage_taken":0.0}],"is_beta":false,"boss_relics":[{"not_picked":["Pandora\u0027s Box","SacredBark"],"picked":"Black Blood"}],"items_purged_floors":[3,8],"is_endless":false,"potions_floor_spawned":[1,6,10,19,21,29],"killed_by":"Cultist and Chosen","ascension_level":20}}