{"host":"a4s27ghlnr83kbqz","time":1610453753,"event":{"mods":["AchievementEnabler","BaseMod","Colored Map","Minty Spire (QoL Compilation)","Permanent Neow","SuperFastMode"],"gold_per_floor":[19,34,50,67,77,77,102,102,102,102,116,128,156,167,167,241,241,251,261,20,32,47,47,47,65,114,14,114,130,130,160,160,238,238,250,305,305,324,348,348,375,375,399,274,274,299,299,333,333,333,333],"floor_reached":50,"playtime":1511,"items_purged":["Strike_R","Strike_R","Strike_R"],"score":1214,"play_id":"93e295f2-1652-4cff-ac8e-796a5cc4f3f1","local_time":"20210112201553","is_ascension_mode":true,"campfire_choices":[{"data":"Iron Wave","floor":6.0,"key":"SMITH"},{"data":"Pommel Strike","floor":10.0,"key":"SMITH"},{"data":"Bash","floor":15.0,"key":"SMITH"},{"floor":23.0,"key":"REST"},{"floor":30,"key":"REST"},{"data":"Juggernaut","floor":32,"key":"SMITH"},{"floor":40,"key":"REST"},{"floor":42,"key":"REST"},{"data":"Second Wind","floor":49,"key":"SMITH"}],"circlet_count":0,"master_deck":["AscendersBane","Strike_R","Defend_R","Defend_R","Defend_R","Defend_R","Bash+1","Iron Wave+1","Pommel Strike+1","Clothesline","Evolve","Offering+1","Second Wind+1","Reckless Charge","Juggernaut+1","Shrug It Off","Shrug It Off+1","Body Slam+1","Battle Trance","Power Through","Intimidate+1","Rage","Immolate","Feel No Pain+1","Shockwave","Power Through","Immolate"],"relics":["Burning Blood","StoneCalendar","Juzu Bracelet","Red Skull","Velvet Choker","Orrery","Dream Catcher","TungstenRod","Mercury Hourglass","Gremlin Horn","SlaversCollar","Peace Pipe","Happy Flower","MealTicket","CeramicFish","InkBottle","Pocketwatch"],"acts_visited":["Exordium","TheCity","TheBeyond"],"potions_floor_usage":[33,36,50],"damage_taken":[{"damage":7.0,"enemies":"Small Slimes","floor":1.0,"turns":3.0},{"damage":1.0,"enemies":"Cultist","floor":2.0,"turns":3.0},{"damage":2.0,"enemies":"Jaw Worm","floor":3.0,"turns":3.0},{"damage":14.0,"enemies":"Large Slime","floor":4.0,"turns":6.0},{"damage":13.0,"enemies":"Blue Slaver","floor":5.0,"turns":4.0},{"damage":19.0,"enemies":"3 Sentries","floor":7.0,"turns":7.0},{"damage":17.0,"enemies":"Exordium Wildlife","floor":11.0,"turns":3.0},{"damage":6.0,"enemies":"2 Fungi Beasts","floor":12.0,"turns":2.0},{"damage":36.0,"enemies":"Lagavulin","floor":13.0,"turns":5.0},{"damage":6.0,"enemies":"Blue Slaver","floor":14.0,"turns":2.0},{"damage":6.0,"enemies":"Slime Boss","floor":16.0,"turns":6.0},{"damage":30.0,"enemies":"2 Thieves","floor":18.0,"turns":4.0},{"damage":12.0,"enemies":"Chosen","floor":19.0,"turns":5.0},{"damage":5.0,"enemies":"Centurion and Healer","floor":21.0,"turns":6.0},{"damage":22.0,"enemies":"Snake Plant","floor":22.0,"turns":3.0},{"damage":6.0,"enemies":"3 Cultists","floor":25.0,"turns":6.0},{"damage":15,"enemies":"Colosseum Slavers","floor":28,"turns":5},{"damage":8,"enemies":"Colosseum Nobs","floor":28,"turns":5},{"damage":11,"enemies":"Shelled Parasite and Fungi","floor":29,"turns":4},{"damage":19,"enemies":"Book of Stabbing","floor":31,"turns":5},{"damage":8,"enemies":"Champ","floor":33,"turns":11},{"damage":18,"enemies":"3 Darklings","floor":35,"turns":4},{"damage":45,"enemies":"2 Orb Walkers","floor":36,"turns":4},{"damage":7,"enemies":"3 Shapes","floor":38,"turns":2},{"damage":41,"enemies":"Giant Head","floor":41,"turns":7},{"damage":5,"enemies":"Nemesis","floor":46,"turns":7},{"damage":6,"enemies":"Mind Bloom Boss Battle","floor":48,"turns":6},{"damage":59,"enemies":"Awakened One","floor":50,"turns":5}],"seed_played":"-1201504774558765184","potions_obtained":[{"floor":1.0,"key":"Explosive Potion"},{"floor":3.0,"key":"FearPotion"},{"floor":5.0,"key":"DistilledChaos"},{"floor":8.0,"key":"BloodPotion"},{"floor":13.0,"key":"GamblersBrew"},{"floor":14.0,"key":"Energy Potion"},{"floor":18.0,"key":"BloodPotion"},{"floor":28,"key":"Weak Potion"},{"floor":29,"key":"ElixirPotion"},{"floor":35,"key":"Regen Potion"},{"floor":41,"key":"DuplicationPotion"}],"is_trial":false,"path_per_floor":["M","M","M","M","M","R","E","?","T","R","M","M","E","M","R","B",null,"M","M","$","M","M","R","?","M","T","$","?","M","R","E","R","B",null,"M","?","?","M","T","R","E","R","T","$","?","E","?","?","R","B"],"character_chosen":"IRONCLAD","items_purchased":["Orrery"],"campfire_rested":4,"item_purchase_floors":[20],"current_hp_per_floor":[67,72,75,67,60,60,47,47,47,47,36,36,21,21,21,21,62,38,32,32,33,32,54,54,54,54,54,43,38,60,47,47,45,68,56,29,29,28,28,50,15,37,37,52,52,53,53,53,53,0,0],"gold":333,"neow_bonus":"ONE_RARE_RELIC","is_daily":false,"chose_seed":false,"campfire_upgraded":5,"win_rate":0.0,"timestamp":1610453753,"path_taken":["M","M","M","M","M","R","E","?","T","R","M","M","E","M","R","BOSS","M","M","?","M","M","R","?","M","T","$","?","M","R","E","R","BOSS","M","?","?","M","?","R","E","R","T","$","?","E","?","?","R","BOSS"],"items_purchased_type":["Relic"],"build_version":"2020-12-22","purchased_purges":3,"victory":false,"max_hp_per_floor":[75,75,75,75,75,75,75,75,75,75,75,75,75,75,75,75,75,75,75,75,75,75,75,75,75,75,75,75,75,75,75,75,75,75,75,75,75,75,75,75,75,75,75,75,75,75,71,71,71,71,71],"card_choices":[{"not_picked":["Ghostly Armor","Searing Blow"],"picked":"Iron Wave","floor":1.0},{"not_picked":["Twin Strike","Thunderclap"],"picked":"Pommel Strike","floor":2.0},{"not_picked":["Reckless Charge","Battle Trance"],"picked":"Clothesline","floor":3.0},{"not_picked":["Cleave","Dual Wield"],"picked":"Evolve","floor":4.0},{"not_picked":["True Grit","Heavy Blade","Sentinel"],"picked":"SKIP","floor":5.0},{"not_picked":["Flex","Whirlwind"],"picked":"Offering","floor":7.0},{"not_picked":["Feel No Pain","Body Slam","Searing Blow"],"picked":"SKIP","floor":11.0},{"not_picked":["Cleave","Wild Strike"],"picked":"Second Wind","floor":12.0},{"not_picked":["Juggernaut","Clothesline"],"picked":"Reckless Charge","floor":13.0},{"not_picked":["Evolve","Flex","Entrench"],"picked":"SKIP","floor":14.0},{"not_picked":["Barricade","Berserk"],"picked":"Juggernaut","floor":16.0},{"not_picked":["Headbutt","Wild Strike+1"],"picked":"Shrug It Off","floor":18.0},{"not_picked":["Iron Wave","Headbutt","Warcry"],"picked":"SKIP","floor":19.0},{"not_picked":["Juggernaut","Twin Strike+1"],"picked":"Shrug It Off+1","floor":20.0},{"not_picked":["Reckless Charge","Dark Embrace"],"picked":"Body Slam+1","floor":20.0},{"not_picked":["Armaments","Twin Strike"],"picked":"Battle Trance","floor":21.0},{"not_picked":["Sword Boomerang","Metallicize"],"picked":"Power Through","floor":22.0},{"not_picked":["Wild Strike","Shrug It Off"],"picked":"Intimidate+1","floor":25.0},{"not_picked":["Clothesline+1","Shrug It Off"],"picked":"Rage","floor":28},{"not_picked":["Body Slam","Heavy Blade","Rupture"],"picked":"SKIP","floor":29},{"not_picked":["Fiend Fire","Shrug It Off","Evolve"],"picked":"SKIP","floor":31},{"not_picked":["Fiend Fire","Berserk"],"picked":"Immolate","floor":33},{"not_picked":["Hemokinesis","Twin Strike+1","Armaments"],"picked":"SKIP","floor":35},{"not_picked":["Uppercut","Wild Strike+1"],"picked":"Feel No Pain+1","floor":38},{"not_picked":["Carnage","Thunderclap"],"picked":"Shockwave","floor":40},{"not_picked":["Heavy Blade","Iron Wave+1","Shrug It Off"],"picked":"SKIP","floor":41},{"not_picked":["Thunderclap","Evolve+1"],"picked":"Power Through","floor":42},{"not_picked":["Shrug It Off+1","Clash","Warcry"],"picked":"SKIP","floor":46},{"not_picked":["Wild Strike","Power Through"],"picked":"Immolate","floor":48}],"player_experience":1101213,"relics_obtained":[{"floor":7.0,"key":"Juzu Bracelet"},{"floor":13.0,"key":"Red Skull"},{"floor":26.0,"key":"Dream Catcher"},{"floor":28,"key":"TungstenRod"},{"floor":28,"key":"Mercury Hourglass"},{"floor":31,"key":"Gremlin Horn"},{"floor":36,"key":"Peace Pipe"},{"floor":39,"key":"Happy Flower"},{"floor":41,"key":"MealTicket"},{"floor":43,"key":"CeramicFish"},{"floor":46,"key":"InkBottle"},{"floor":48,"key":"Pocketwatch"}],"event_choices":[{"damage_healed":0.0,"max_hp_gain":0.0,"max_hp_loss":0.0,"gold_gain":0.0,"event_name":"Lab","player_choice":"Got Potions","floor":8.0,"gold_loss":0.0,"damage_taken":0.0},{"damage_healed":0.0,"max_hp_gain":0.0,"max_hp_loss":0.0,"gold_gain":0.0,"event_name":"Accursed Blacksmith","player_choice":"Forge","floor":24.0,"gold_loss":0.0,"damage_taken":0.0,"cards_upgraded":["Offering"]},{"damage_healed":0,"gold_gain":0,"player_choice":"Fight","damage_taken":0,"max_hp_gain":0,"max_hp_loss":0,"event_name":"Colosseum","floor":28,"gold_loss":0},{"damage_healed":0,"gold_gain":0,"player_choice":"Fought Nobs","damage_taken":0,"max_hp_gain":0,"max_hp_loss":0,"event_name":"Colosseum","floor":28,"gold_loss":0},{"damage_healed":0,"gold_gain":0,"player_choice":"Fight","damage_taken":0,"max_hp_gain":0,"max_hp_loss":0,"event_name":"Mysterious Sphere","floor":36,"gold_loss":0},{"damage_healed":0,"gold_gain":0,"player_choice":"Ignored","damage_taken":0,"max_hp_gain":0,"max_hp_loss":0,"event_name":"The Moai Head","floor":37,"gold_loss":0},{"cards_removed":["Strike_R"],"damage_healed":0,"gold_gain":0,"player_choice":"Removed Attack","damage_taken":0,"max_hp_gain":0,"max_hp_loss":0,"event_name":"Falling","floor":45,"gold_loss":0},{"damage_healed":0,"gold_gain":0,"player_choice":"Max HP","damage_taken":0,"max_hp_gain":0,"max_hp_loss":4,"event_name":"Winding Halls","floor":47,"gold_loss":0},{"damage_healed":0,"gold_gain":0,"player_choice":"Fight","damage_taken":0,"max_hp_gain":0,"max_hp_loss":0,"event_name":"MindBloom","floor":48,"gold_loss":0}],"is_beta":false,"boss_relics":[{"not_picked":["Empty Cage","Runic Pyramid"],"picked":"Velvet Choker"},{"not_picked":["Black Star","SacredBark"],"picked":"SlaversCollar"}],"items_purged_floors":[20,27,44],"is_endless":false,"potions_floor_spawned":[1,3,5,13,14,18,28,29,35,41],"killed_by":"Awakened One","ascension_level":20}}