{"host":"d61fcf2p3sjwe6yo","time":1610447199,"event":{"mods":["AchievementEnabler","BaseMod","Colored Map","Minty Spire (QoL Compilation)","StSLib","SuperFastMode"],"gold_per_floor":[118,135,152,172,185,211,211,211,259,224,243,269,296,221,221,221,221],"floor_reached":16,"playtime":633,"items_purged":["Strike_G"],"score":185,"play_id":"3a71c658-2586-4988-9e10-e97ac6ac5710","local_time":"20210112132639","is_ascension_mode":true,"campfire_choices":[{"data":"Deadly Poison","floor":7,"key":"SMITH"},{"floor":15,"key":"REST"}],"circlet_count":0,"master_deck":["AscendersBane","Strike_G","Strike_G+1","Strike_G","Strike_G","Defend_G+1","Defend_G","Defend_G","Defend_G","Defend_G","Survivor","Neutralize","Leg Sweep","Deadly Poison+1","Wraith Form v2","Backstab"],"relics":["Ring of the Snake","Bag of Marbles","Bronze Scales","Question Card","Lantern"],"acts_visited":["Exordium"],"potions_floor_usage":[6,6,16],"damage_taken":[{"damage":0.0,"enemies":"Cultist","floor":1.0,"turns":3.0},{"damage":1,"enemies":"Small Slimes","floor":2,"turns":4},{"damage":1,"enemies":"Jaw Worm","floor":3,"turns":5},{"damage":0,"enemies":"2 Fungi Beasts","floor":4,"turns":5},{"damage":31,"enemies":"Large Slime","floor":5,"turns":13},{"damage":11,"enemies":"Lagavulin","floor":6,"turns":10},{"damage":1,"enemies":"Looter","floor":11,"turns":3},{"damage":6,"enemies":"3 Sentries","floor":12,"turns":11},{"damage":34,"enemies":"Slime Boss","floor":16,"turns":8}],"seed_played":"-8470639020186446275","potions_obtained":[{"floor":3,"key":"EssenceOfSteel"},{"floor":5,"key":"CunningPotion"},{"floor":6,"key":"SkillPotion"}],"is_trial":false,"path_per_floor":["M","M","M","M","M","E","R","?","T","?","M","E","T","$","R","B"],"character_chosen":"THE_SILENT","items_purchased":[],"campfire_rested":1,"item_purchase_floors":[],"current_hp_per_floor":[63,62,61,61,30,19,19,5,5,22,21,15,15,15,36,2,2],"gold":221,"neow_bonus":"RANDOM_COMMON_RELIC","is_daily":false,"chose_seed":false,"campfire_upgraded":1,"win_rate":0.0,"timestamp":1610447199,"path_taken":["M","?","M","M","M","E","R","?","T","?","M","E","?","$","R","BOSS"],"items_purchased_type":[],"build_version":"2020-12-22","purchased_purges":1,"victory":false,"max_hp_per_floor":[70,70,70,70,70,70,70,70,70,70,70,70,70,70,70,70,70],"card_choices":[{"not_picked":["Outmaneuver","Slice","Underhanded Strike"],"picked":"SKIP","floor":1.0},{"not_picked":["Heel Hook","Catalyst"],"picked":"Leg Sweep","floor":2},{"not_picked":["Deflect","Riddle With Holes","Setup"],"picked":"SKIP","floor":3},{"not_picked":["Deflect","Crippling Poison","Underhanded Strike"],"picked":"SKIP","floor":4},{"not_picked":["Night Terror","Underhanded Strike"],"picked":"Deadly Poison","floor":5},{"not_picked":["Masterful Stab","Endless Agony"],"picked":"Wraith Form v2","floor":6},{"not_picked":["PiercingWail","Caltrops","Outmaneuver"],"picked":"SKIP","floor":11},{"not_picked":["Sucker Punch","PiercingWail"],"picked":"Backstab","floor":12}],"player_experience":199360,"relics_obtained":[{"floor":6,"key":"Bronze Scales"},{"floor":12,"key":"Question Card"},{"floor":13,"key":"Lantern"}],"event_choices":[{"damage_healed":0,"gold_gain":0,"player_choice":"Entered Light","damage_taken":14,"max_hp_gain":0,"max_hp_loss":0,"event_name":"Shining Light","floor":8,"gold_loss":0,"cards_upgraded":["Defend_G","Strike_G"]},{"damage_healed":17,"gold_gain":0,"player_choice":"Healed","damage_taken":0,"max_hp_gain":0,"max_hp_loss":0,"event_name":"The Cleric","floor":10,"gold_loss":35}],"is_beta":false,"boss_relics":[],"items_purged_floors":[14],"is_endless":false,"potions_floor_spawned":[3,5,6],"killed_by":"Slime Boss","ascension_level":13}}