{"host":"i7jfea87xc8lz16p","time":1610461252,"event":{"mods":["AchievementEnabler","BaseMod","Colored Powertips","Minty Spire (QoL Compilation)","Relic Stats"],"gold_per_floor":[111,126,146,31,41,41,72,72,99,99,133,133,151,163,163,238,238,255,255,270,270,270],"floor_reached":21,"playtime":929,"items_purged":["Strike_R"],"score":382,"play_id":"e88b8281-0255-4774-96b5-fcd061fe8fde","local_time":"20210112152052","is_ascension_mode":true,"campfire_choices":[{"floor":6,"key":"REST"},{"data":"Bash","floor":8,"key":"SMITH"},{"data":"Metallicize","floor":10,"key":"SMITH"},{"floor":15,"key":"REST"}],"circlet_count":0,"master_deck":["AscendersBane","Strike_R","Strike_R","Strike_R","Strike_R","Defend_R","Defend_R","Defend_R","Defend_R","Bash+1","Inflame","Clothesline","Thunderclap","Metallicize+1","Anger","Sword Boomerang","Evolve","Sword Boomerang","Impervious","Power Through","Combust","Demon Form","Pummel"],"relics":["Burning Blood","Happy Flower","Blood Vial","Strawberry","Fusion Hammer","CultistMask"],"acts_visited":["Exordium","TheCity"],"potions_floor_usage":[7,11,16,16,21],"damage_taken":[{"damage":17,"enemies":"Small Slimes","floor":1,"turns":6},{"damage":1,"enemies":"Cultist","floor":2,"turns":3},{"damage":16,"enemies":"Jaw Worm","floor":3,"turns":4},{"damage":50,"enemies":"Gremlin Gang","floor":5,"turns":7},{"damage":22,"enemies":"3 Sentries","floor":7,"turns":7},{"damage":22,"enemies":"Gremlin Nob","floor":11,"turns":4},{"damage":5,"enemies":"Exordium Wildlife","floor":13,"turns":5},{"damage":1,"enemies":"2 Fungi Beasts","floor":14,"turns":4},{"damage":34,"enemies":"Slime Boss","floor":16,"turns":6},{"damage":24,"enemies":"Chosen","floor":18,"turns":5},{"damage":26,"enemies":"3 Byrds","floor":20,"turns":6},{"damage":46,"enemies":"Shelled Parasite and Fungi","floor":21,"turns":6}],"seed_played":"7846891755482516515","potions_obtained":[{"floor":5,"key":"SneckoOil"},{"floor":7,"key":"Energy Potion"},{"floor":11,"key":"FearPotion"},{"floor":14,"key":"BlessingOfTheForge"},{"floor":20,"key":"Fruit Juice"}],"is_trial":false,"path_per_floor":["M","M","M","$","M","R","E","R","T","R","E","?","M","M","R","B",null,"M","?","M","M"],"character_chosen":"IRONCLAD","items_purchased":["Metallicize"],"campfire_rested":2,"item_purchase_floors":[4],"current_hp_per_floor":[64,69,59,59,15,39,23,23,23,23,16,16,19,26,52,26,73,57,57,39,0,0],"gold":270,"neow_bonus":"TEN_PERCENT_HP_BONUS","is_daily":false,"chose_seed":false,"campfire_upgraded":2,"win_rate":0.0,"timestamp":1610461252,"path_taken":["M","M","M","$","M","R","E","R","T","R","E","?","M","?","R","BOSS","M","?","M","?"],"items_purchased_type":["Card"],"build_version":"2020-12-22","purchased_purges":1,"victory":false,"max_hp_per_floor":[82,82,82,82,82,82,82,82,82,82,89,89,89,89,89,89,89,89,89,89,94,94],"relic_stats":{"Blood Vial":14,"Happy Flower":[12],"counters":[12,63],"obtain_stats":[{"Blood Vial":9,"Happy Flower":7,"Strawberry":11,"Fusion Hammer":17,"CultistMask":19,"Burning Blood":0},{"Blood Vial":5,"Happy Flower":5,"Strawberry":6,"Fusion Hammer":9,"CultistMask":10,"Burning Blood":0},{"Blood Vial":27,"Happy Flower":27,"Strawberry":31,"Fusion Hammer":46,"CultistMask":51,"Burning Blood":0}],"Burning Blood":66},"card_choices":[{"not_picked":["Iron Wave","Shrug It Off"],"picked":"Inflame","floor":1},{"not_picked":["Headbutt","Warcry"],"picked":"Clothesline","floor":2},{"not_picked":["Twin Strike","Flex"],"picked":"Thunderclap","floor":3},{"not_picked":["Iron Wave","Clash"],"picked":"Anger","floor":5},{"not_picked":["Headbutt","Thunderclap"],"picked":"Sword Boomerang","floor":7},{"not_picked":["Havoc","Corruption"],"picked":"Evolve","floor":11},{"not_picked":["Dark Embrace","Infernal Blade"],"picked":"Power Through","floor":13},{"not_picked":["Body Slam","Evolve"],"picked":"Combust","floor":14},{"not_picked":["Barricade","Corruption"],"picked":"Demon Form","floor":16},{"not_picked":["Clash","Dark Embrace"],"picked":"Pummel","floor":18},{"not_picked":["Ghostly Armor","Clothesline","Flex"],"picked":"SKIP","floor":20}],"player_experience":1761414,"relics_obtained":[{"floor":7,"key":"Happy Flower"},{"floor":9,"key":"Blood Vial"},{"floor":11,"key":"Strawberry"}],"event_choices":[{"damage_healed":0,"gold_gain":0,"player_choice":"2 cards matched","damage_taken":0,"max_hp_gain":0,"max_hp_loss":0,"event_name":"Match and Keep!","floor":12,"gold_loss":0,"cards_obtained":["Sword Boomerang","Impervious"]},{"damage_healed":0,"gold_gain":0,"player_choice":"Trade","damage_taken":0,"relics_obtained":["CultistMask"],"max_hp_gain":0,"max_hp_loss":0,"event_name":"FaceTrader","floor":19,"gold_loss":0}],"is_beta":false,"boss_relics":[{"not_picked":["Calling Bell","Black Blood"],"picked":"Fusion Hammer"}],"items_purged_floors":[4],"is_endless":false,"potions_floor_spawned":[5,7,11,14,20],"killed_by":"Shelled Parasite and Fungi","ascension_level":20}}