{"host":"nlbr7nnijupf3yfg","time":1610482926,"event":{"mods":["AchievementEnabler","BaseMod","Colored Powertips","DeckTracker","Downfall","Hubris","Marisa????????","Minty Spire (QoL Compilation)","Replay The Spire","StSLib","SuperFastMode"],"gold_per_floor":[117,65,84,84,98,98,123,123,170,170,188,204,224,224,224,320,320,339,32,42,56,75,75,106,106,106,134,23,33,57,57,57,57,57],"floor_reached":33,"language":"ENG","playtime":572,"items_purged":["Parasite"],"score":292,"play_id":"0bf66534-a2ba-4969-9431-7dc804a46515","local_time":"20210112152206","is_ascension_mode":false,"campfire_choices":[{"data":"Perfected Strike","floor":6,"key":"SMITH"},{"floor":10,"key":"REST"},{"data":"sneckomod:Nope","floor":15,"key":"SMITH"},{"floor":23,"key":"REST"},{"floor":32,"key":"REST"}],"circlet_count":0,"master_deck":["Strike_R","Strike_R","Strike_R","Strike_R","Strike_R","Defend_R","Defend_R","Defend_R","Bash","Rampage","Perfected Strike+1","Clothesline","Perfected Strike","Dropkick","sneckomod:DiceCrush","sneckomod:Nope+1","Perfected Strike","sneckomod:Unknown3Cost","sneckomod:SoulRoll","sneckomod:UnknownClassRED","sneckomod:UnknownVulnerable","sneckomod:UnknownClassTHE_CHAMP_GRAY","sneckomod:UnknownExhaust","Perfected Strike","sneckomod:UnknownStrike"],"relics":["Runic Dome","hubris:DisguiseKit","ReplayTheSpireMod:Ring of Addiction","Ring of Fury","Toy Ornithopter","Potion Belt","hubris:ToyBattleship","Runic Pyramid","Membership Card","hubris:Potato","Bag of Marbles","hubris:Icosahedron","Torii","Red Mask","Orichalcum","Bag of Preparation"],"acts_visited":["Exordium","TheCity"],"potions_floor_usage":[18,22,24,27,27],"damage_taken":[{"damage":2,"enemies":"Small Slimes","floor":1,"turns":3},{"damage":0,"enemies":"2 Louse","floor":3,"turns":2},{"damage":8,"enemies":"Jaw Worm","floor":5,"turns":2},{"damage":6,"enemies":"Replay:BlueRogue","floor":7,"turns":3},{"damage":21,"enemies":"Exordium Thugs","floor":11,"turns":3},{"damage":5,"enemies":"Red Slaver","floor":12,"turns":2},{"damage":2,"enemies":"Looter","floor":13,"turns":2},{"damage":9,"enemies":"Slime Boss","floor":16,"turns":6},{"damage":31,"enemies":"3 Byrds","floor":18,"turns":4},{"damage":10,"enemies":"Chosen","floor":20,"turns":3},{"damage":15,"enemies":"Snecko","floor":21,"turns":3},{"damage":10,"enemies":"Chosen and Byrds","floor":22,"turns":4},{"damage":10,"enemies":"Replay:Snechameleon","floor":24,"turns":4},{"damage":0,"enemies":"Masked Bandits","floor":27,"turns":2},{"damage":1,"enemies":"3 Cultists","floor":29,"turns":4},{"damage":67,"enemies":"Champ","floor":33,"turns":7}],"seed_played":"-2823408449570637425","potions_obtained":[{"floor":1,"key":"Swift Potion"},{"floor":8,"key":"BloodPotion"},{"floor":8,"key":"Block Potion"},{"floor":8,"key":"SteroidPotion"},{"floor":11,"key":"Weak Potion"},{"floor":20,"key":"Elixir"},{"floor":22,"key":"Dexterity Potion"},{"floor":24,"key":"Elixir"}],"is_trial":false,"path_per_floor":["M","$","M","?","M","R","E","?","T","R","M","M","M","?","R","B",null,"M","$","M","M","M","R","E","?","T","?","$","M","T","$","R","B"],"character_chosen":"IRONCLAD","items_purchased":["Perfected Strike","Membership Card","hubris:Potato","Orichalcum"],"campfire_rested":3,"item_purchase_floors":[2,19,19,28],"current_hp_per_floor":[78,78,78,78,70,70,64,64,64,80,59,54,52,71,71,62,76,46,46,36,21,30,51,46,46,46,56,56,55,55,55,67,0,0],"gold":57,"neow_bonus":"BOSS_RELIC","is_daily":false,"chose_seed":false,"campfire_upgraded":2,"win_rate":0.0,"timestamp":1610482926,"path_taken":["M","$","M","?","M","R","E","?","T","R","M","M","M","?","R","BOSS","M","$","M","M","M","R","E","?","T","?","$","M","?","$","R","BOSS"],"items_purchased_type":["Card","Relic","Relic","Relic"],"build_version":"2020-12-22","purchased_purges":1,"victory":false,"max_hp_per_floor":[80,80,80,80,80,80,80,80,80,80,80,78,78,78,76,76,76,74,74,74,74,72,72,72,72,72,72,69,69,69,67,67,67,67],"card_choices":[{"not_picked":["ReplayTheSpireMod:LeadingStrike","Havoc"],"picked":"Rampage","floor":1},{"not_picked":["Sentinel","ReplayTheSpireMod:Strike From Hell","Seeing Red"],"picked":"SKIP","floor":3},{"not_picked":["Iron Wave","Dropkick"],"picked":"Perfected Strike","floor":5},{"not_picked":["Massacre","Entrench"],"picked":"Dropkick","floor":7},{"not_picked":["ReplayTheSpireMod:Muscle Training","Corruption","Run Through"],"picked":"sneckomod:DiceCrush","floor":11},{"not_picked":["Havoc","Second Wind","Warcry"],"picked":"sneckomod:Nope","floor":12},{"not_picked":["Body Slam","Massacre","sneckomod:UnknownClassMARISA_DERIVATIONS"],"picked":"Perfected Strike","floor":13},{"not_picked":["Offering","Demon Form","Double Tap"],"picked":"sneckomod:Unknown3Cost","floor":16},{"not_picked":["Iron Wave","ReplayTheSpireMod:LeadingStrike","ReplayReversal"],"picked":"sneckomod:SoulRoll","floor":18},{"not_picked":["Body Slam+1","Fire Breathing","Evolve+1"],"picked":"sneckomod:UnknownClassRED","floor":20},{"not_picked":["Shrug It Off","Evolve","Abandon+1"],"picked":"sneckomod:UnknownVulnerable","floor":21},{"not_picked":["Thunderclap","Iron Wave","ReplayTheSpireMod:Limb From Limb"],"picked":"sneckomod:UnknownClassTHE_CHAMP_GRAY","floor":22},{"not_picked":["Headbutt","Sword Boomerang","Warcry"],"picked":"sneckomod:UnknownExhaust","floor":24},{"not_picked":["Shrug It Off","True Grit","sneckomod:UnknownClassMARISA_DERIVATIONS"],"picked":"Perfected Strike","floor":27},{"not_picked":["Flex","Battle Trance+1","ReplayTheSpireMod:Strike From Hell"],"picked":"sneckomod:UnknownStrike","floor":29}],"player_experience":41543,"relics_obtained":[{"floor":7,"key":"hubris:DisguiseKit"},{"floor":8,"key":"ReplayTheSpireMod:Ring of Addiction"},{"floor":8,"key":"Ring of Fury"},{"floor":8,"key":"Toy Ornithopter"},{"floor":8,"key":"Potion Belt"},{"floor":9,"key":"hubris:ToyBattleship"},{"floor":24,"key":"Bag of Marbles"},{"floor":26,"key":"Torii"},{"floor":27,"key":"Red Mask"},{"floor":30,"key":"Bag of Preparation"}],"event_choices":[{"damage_healed":0,"gold_gain":0,"cards_transformed":["Defend_R"],"player_choice":"Change","damage_taken":0,"max_hp_gain":0,"max_hp_loss":0,"event_name":"Living Wall","floor":4,"gold_loss":0,"cards_obtained":["Clothesline"]},{"damage_healed":19,"gold_gain":0,"player_choice":"Healed and dodged fight","damage_taken":0,"max_hp_gain":0,"max_hp_loss":0,"event_name":"Mushrooms","floor":14,"gold_loss":0,"cards_obtained":["Parasite"]},{"damage_healed":0,"gold_gain":0,"player_choice":"Fought Bandits","damage_taken":0,"max_hp_gain":0,"max_hp_loss":0,"event_name":"Masked Bandits","floor":27,"gold_loss":0}],"is_beta":false,"boss_relics":[{"not_picked":["ReplayTheSpireMod:DimensionalGlitch","hubris:RunicObelisk"],"picked":"Runic Pyramid"}],"items_purged_floors":[28],"is_endless":false,"potions_floor_spawned":[1,11,20,22,24],"killed_by":"Champ","ascension_level":0}}