{"host":"Connor","time":1610484548,"event":{"mods":["Aspiration","BaseMod","Downfall","Hubris","Marisa????????","Minty Spire (QoL Compilation)","Replay The Spire","StSLib","The Cursed","The Jungle","The Servant 0.9.4"],"gold_per_floor":[119,4,24,24,24,52,63,63,88,105,119,119,119,129,129,202,202,213,230,52,52,71,71,71],"floor_reached":23,"language":"ENG","playtime":622,"items_purged":["Strike_R"],"score":425,"play_id":"29dccd04-6114-476b-9aff-61d6c6e915c1","local_time":"20210112124908","is_ascension_mode":true,"campfire_choices":[{"floor":8,"key":"RECALL"},{"data":"Demon Form","floor":12,"key":"SMITH"},{"data":"Armaments","floor":15,"key":"SMITH"}],"circlet_count":0,"master_deck":["AscendersBane","Strike_R","Strike_R","Defend_R","Defend_R","Defend_R","Defend_R","Battle Trance","Inflame","Sword Boomerang","Cleave","Demon Form+1","Survivor","Neutralize","Armaments+1","Reaper","Shockwave","expansioncontent:StudyTheSpire","Reckless Charge"],"relics":["Burning Blood","NeowsBlessing","hubris:FunFungus","Replay:Baseball","hubris:VirtuousBlindfold"],"acts_visited":["Exordium","TheCity"],"potions_floor_usage":[16,16,18,23],"damage_taken":[{"damage":0,"enemies":"Small Slimes","floor":1,"turns":1},{"damage":0,"enemies":"Cultist","floor":3,"turns":1},{"damage":0,"enemies":"Lagavulin","floor":6,"turns":1},{"damage":3,"enemies":"2 Louse","floor":7,"turns":2},{"damage":16,"enemies":"Large Slime","floor":10,"turns":6},{"damage":35,"enemies":"Exordium Wildlife","floor":11,"turns":6},{"damage":6,"enemies":"Lots of Slimes","floor":14,"turns":2},{"damage":12,"enemies":"The Guardian","floor":16,"turns":10},{"damage":26,"enemies":"Chosen","floor":18,"turns":6},{"damage":19,"enemies":"Shell Parasite","floor":19,"turns":6},{"damage":36,"enemies":"Sentry and Sphere","floor":22,"turns":7},{"damage":27,"enemies":"Book of Stabbing","floor":23,"turns":4}],"seed_played":"-4690309082398238780","potions_obtained":[{"floor":11,"key":"Reflective Coating"},{"floor":14,"key":"SpeedPotion"},{"floor":16,"key":"SkillPotion"},{"floor":18,"key":"Swift Potion"}],"is_trial":false,"path_per_floor":["M","$","M","?","$","E","M","R","T","M","M","R","?","M","R","B",null,"M","M","$","?","M","E"],"character_chosen":"IRONCLAD","items_purchased":["Inflame","expansioncontent:StudyTheSpire"],"campfire_rested":0,"item_purchase_floors":[2,20],"current_hp_per_floor":[74,74,75,75,75,75,75,75,75,65,37,37,37,38,38,32,64,48,44,44,44,22,0,0],"gold":71,"neow_bonus":"THREE_ENEMY_KILL","is_daily":false,"chose_seed":false,"campfire_upgraded":2,"win_rate":0.0,"timestamp":1610484548,"path_taken":["M","$","M","?","?","E","M","R","T","M","M","R","?","M","R","BOSS","M","M","$","?","?","E"],"items_purchased_type":["Card","Card"],"build_version":"2020-12-18","purchased_purges":1,"victory":false,"max_hp_per_floor":[75,75,75,75,75,75,75,75,75,75,75,75,75,75,75,75,75,75,75,75,75,75,75,75],"card_choices":[{"not_picked":["Flex","Reckless Charge"],"picked":"Battle Trance","floor":1},{"not_picked":["True Grit","Body Slam"],"picked":"Sword Boomerang","floor":3},{"not_picked":["Evolve","Replay:Undeath\u0027s Touch"],"picked":"Cleave","floor":6},{"not_picked":["Abandon","ReplayTheSpireMod:Corrosion Curse","True Grit"],"picked":"SKIP","floor":7},{"not_picked":["ReplayTheSpireMod:Strike From Hell","Rampage"],"picked":"Demon Form","floor":10},{"not_picked":["Replay:Undeath\u0027s Touch","Clash","Life Link"],"picked":"SKIP","floor":11},{"not_picked":["Massacre","Evolve"],"picked":"Armaments","floor":14},{"not_picked":["Double Tap","Corruption"],"picked":"Reaper","floor":16},{"not_picked":["Intimidate","Havoc"],"picked":"Shockwave","floor":18},{"not_picked":["Spot Weakness","Body Slam","Evolve"],"picked":"SKIP","floor":19},{"not_picked":["Evolve","Warcry","Twin Strike"],"picked":"SKIP","floor":22}],"player_experience":616040,"relics_obtained":[{"floor":6,"key":"hubris:FunFungus"},{"floor":9,"key":"Replay:Baseball"}],"event_choices":[{"cards_removed":["Strike_R"],"damage_healed":0,"gold_gain":0,"player_choice":"Purged","damage_taken":0,"max_hp_gain":0,"max_hp_loss":0,"event_name":"Purifier","floor":4,"gold_loss":0},{"damage_healed":0,"gold_gain":0,"cards_transformed":["Strike_R"],"player_choice":"Transformed","damage_taken":0,"max_hp_gain":0,"max_hp_loss":0,"event_name":"Transmorgrifier","floor":21,"gold_loss":0,"cards_obtained":["Reckless Charge"]}],"is_beta":true,"boss_relics":[{"not_picked":["SlaversCollar","Replay:Grab Bag"],"picked":"hubris:VirtuousBlindfold"}],"items_purged_floors":[2],"is_endless":false,"potions_floor_spawned":[11,14,16,18],"killed_by":"Book of Stabbing","ascension_level":19}}