{"host":"4hkuu26ltn0le3bk","time":1610481279,"event":{"mods":["Astrologer","BaseMod","BetterRewards","Clockwork Mod","Colored Map","Colored Powertips","Friendly Minions","Gremlin Mod","Hermit","Marisa????????","Minty Spire (QoL Compilation)","Quick Restart","StSLib","Td1madao Mod","The Bug Knight","The Construct","The Cursed","The Disciple","The Factory","The Hierophant","The Jungle","The Servant 0.9.4"],"gold_per_floor":[118,134,134,147,163,202,213,288,315,315,315,334,359,359,359,359,359],"floor_reached":16,"language":"ENG","playtime":575,"items_purged":[],"score":104,"play_id":"9dddbdaf-879e-4506-bb40-c5948ad0e7a4","local_time":"20210112145439","is_ascension_mode":false,"campfire_choices":[{"floor":11,"key":"REST"},{"data":"astrologer:NorthStar","floor":15,"key":"SMITH"}],"circlet_count":0,"master_deck":["astrologer:Strike","astrologer:Strike","astrologer:Defend","astrologer:Defend","astrologer:Defend","astrologer:Defend","astrologer:NorthStar+1","astrologer:TheFool","astrologer:FrozenStar","astrologer:Novile+1","astrologer:Conjunction","astrologer:Conjunction","astrologer:Conjunction","astrologer:CosmicExpanse"],"relics":["astrologer:SkyMirror","NeowsBlessing","CeramicFish"],"acts_visited":["Exordium"],"potions_floor_usage":[6,7],"damage_taken":[{"damage":0,"enemies":"Small Slimes","floor":1,"turns":1},{"damage":0,"enemies":"Cultist","floor":2,"turns":1},{"damage":0,"enemies":"2 Louse","floor":4,"turns":1},{"damage":8,"enemies":"Lots of Slimes","floor":5,"turns":6},{"damage":39,"enemies":"Lagavulin","floor":6,"turns":11},{"damage":6,"enemies":"Large Slime","floor":7,"turns":10},{"damage":0,"enemies":"3 Louse","floor":12,"turns":5},{"damage":7,"enemies":"2 Fungi Beasts","floor":13,"turns":7},{"damage":22,"enemies":"The Guardian","floor":16,"turns":2}],"seed_played":"-353569929495461056","potions_obtained":[{"floor":5,"key":"ColorlessPotion"},{"floor":6,"key":"AttackPotion"}],"is_trial":false,"path_per_floor":["M","M","?","M","M","E","M","?","T","?","R","M","M","?","R","B"],"character_chosen":"ASTROLOGER","items_purchased":[],"campfire_rested":1,"item_purchase_floors":[],"current_hp_per_floor":[70,70,70,70,62,23,17,6,6,6,27,27,20,13,13,0,0],"gold":359,"neow_bonus":"THREE_ENEMY_KILL","is_daily":false,"chose_seed":false,"campfire_upgraded":1,"win_rate":0.0,"timestamp":1610481279,"path_taken":["M","M","?","?","M","E","M","?","T","?","R","M","?","?","R","BOSS"],"items_purchased_type":[],"build_version":"2020-12-22","purchased_purges":0,"victory":false,"max_hp_per_floor":[70,70,70,70,70,70,70,70,70,70,70,70,70,70,70,70,70],"card_choices":[{"not_picked":["astrologer:Moonlight","astrologer:MeteorShower"],"picked":"astrologer:FrozenStar","floor":1},{"not_picked":["astrologer:MeteorShower","astrologer:SolarFlare"],"picked":"astrologer:Novile","floor":2},{"not_picked":["astrologer:MeteorShower","astrologer:Radiance","astrologer:ShootingStar"],"picked":"SKIP","floor":4},{"not_picked":["astrologer:HeatDeath","astrologer:Moonlight"],"picked":"astrologer:Conjunction","floor":5},{"not_picked":["astrologer:ReadTheStars","astrologer:Observe"],"picked":"astrologer:Conjunction","floor":6},{"not_picked":["astrologer:SpaceDust","astrologer:Eclipse","astrologer:CometStrike"],"picked":"SKIP","floor":7},{"not_picked":["astrologer:Still","astrologer:Shine"],"picked":"astrologer:Conjunction","floor":12},{"not_picked":["astrologer:MeteorShower","astrologer:Stardust"],"picked":"astrologer:CosmicExpanse","floor":13}],"player_experience":168928,"relics_obtained":[{"floor":6,"key":"CeramicFish"}],"event_choices":[{"cards_removed":["astrologer:Strike"],"damage_healed":0,"gold_gain":0,"player_choice":"Purged","damage_taken":0,"max_hp_gain":0,"max_hp_loss":0,"event_name":"Purifier","floor":3,"gold_loss":0},{"damage_healed":0,"gold_gain":75,"player_choice":"Gather Gold","damage_taken":11,"max_hp_gain":0,"max_hp_loss":0,"event_name":"World of Goop","floor":8,"gold_loss":0},{"damage_healed":0,"gold_gain":0,"player_choice":"Upgraded","damage_taken":0,"max_hp_gain":0,"max_hp_loss":0,"event_name":"Upgrade Shrine","floor":10,"gold_loss":0,"cards_upgraded":["astrologer:Novile"]},{"cards_removed":["astrologer:Strike"],"damage_healed":0,"gold_gain":0,"player_choice":"Card Removal","damage_taken":7,"max_hp_gain":0,"max_hp_loss":0,"event_name":"Golden Wing","floor":14,"gold_loss":0}],"is_beta":false,"boss_relics":[],"items_purged_floors":[],"is_endless":false,"potions_floor_spawned":[5,6],"killed_by":"The Guardian","ascension_level":0}}