{"host":"grklf728wqifs9z9","time":1610420880,"event":{"mods":["BaseMod","Downfall","MarisaÅiñ∂âJÅ@ñÇóùçπÅj","Minty Spire (QoL Compilation)","Replay The Spire","Shop Mod","StSLib","The Animator","The Bug Knight","The Cursed","The Disciple","The Necromancer","The Servant 0.9.4"],"gold_per_floor":[13,13,13,27,42,42,72,105,105,119,130,130,185,2,2,104,104,117,132,132,74,87,128,128,148,224,224,236,236,236,52,52,74,74,74,74],"floor_reached":35,"playtime":2555,"items_purged":[],"score":271,"play_id":"2d54ecd4-54e2-4cfd-99f4-8c59d1393da7","local_time":"20210112120800","is_ascension_mode":false,"campfire_choices":[{"data":"animator:AcuraShin","floor":6,"key":"SMITH"},{"data":"animator:Canti","floor":12,"key":"SMITH"},{"data":"animator:Bozes","floor":15,"key":"SMITH"},{"floor":24,"key":"REST"},{"floor":34,"key":"REST"}],"circlet_count":0,"master_deck":["animator:Strike_Konosuba","animator:Defend_Konosuba","animator:Strike+1","animator:Strike+1","animator:Strike","animator:Defend","animator:Defend","animator:Defend","animator:Kazuma","animator:Aqua","animator:Lelouch","animator:Lancer","animator:Boros","animator:Canti+1","animator:Megumin+4","animator:AcuraShin+1","animator:DolaSchwi","animator:YunYun","animator:Saber","animator:Cocytus","animator:RinTohsaka","animator:Bozes+1","animator:ChaikaTrabant","animator:Aqua","animator:Viivi","animator:IzunaHatsuse+1","animator:Shiro","animator:Rimuru","animator:Wiz","J.A.X.","animator:Bozes","animator:CowGirl","animator:HiiragiShinya+1"],"relics":["animator:LivingPicture","animator:TheMissingPiece","Whetstone","Sling","animator:HolyGrailRelic","Nloth\u0027s Gift","Replay:Rubber Ducky","Replay:Bottled Steam","Replay:Baseball","Toxic Egg 2"],"acts_visited":["Exordium","TheCity"],"potions_floor_usage":[16,16,22,22,23,25,28,33],"damage_taken":[{"damage":3,"enemies":"Cultist","floor":1,"turns":6},{"damage":2,"enemies":"2 Louse","floor":4,"turns":3},{"damage":1,"enemies":"Jaw Worm","floor":5,"turns":3},{"damage":12,"enemies":"Looter","floor":7,"turns":3},{"damage":6,"enemies":"Exordium Thugs","floor":8,"turns":4},{"damage":3,"enemies":"Gremlin Gang","floor":10,"turns":2},{"damage":0,"enemies":"Large Slime","floor":11,"turns":4},{"damage":29,"enemies":"The Guardian","floor":16,"turns":9},{"damage":10,"enemies":"Chosen","floor":18,"turns":3},{"damage":22,"enemies":"2 Thieves","floor":19,"turns":4},{"damage":37,"enemies":"Centurion and Healer","floor":22,"turns":8},{"damage":19,"enemies":"Slavers","floor":23,"turns":5},{"damage":11,"enemies":"Snecko","floor":25,"turns":4},{"damage":6,"enemies":"Snake Plant","floor":28,"turns":4},{"damage":23,"enemies":"Centurion and Healer","floor":33,"turns":5},{"damage":62,"enemies":"Collector","floor":35,"turns":7}],"seed_played":"-1553008206811010419","potions_obtained":[{"floor":1,"key":"DistilledChaos"},{"floor":8,"key":"LifebloodPotion"},{"floor":11,"key":"AttackPotion"},{"floor":16,"key":"champ:CounterPotion"},{"floor":22,"key":"Dexterity Potion"},{"floor":23,"key":"LifebloodPotion"},{"floor":25,"key":"Flashbang"},{"floor":28,"key":"SteroidPotion"}],"is_trial":false,"path_per_floor":["M","$","?","M","M","R","M","M","T","M","M","R","?","$","R","B",null,"M","M","?","$","M","E","R","M","T","?","M","PTL","PTL","$","T","M","R","B"],"character_chosen":"THE_ANIMATOR","items_purchased":["animator:Bozes","Sling","animator:IzunaHatsuse+1","animator:CowGirl","Replay:Baseball"],"campfire_rested":2,"item_purchase_floors":[14,14,21,31,31],"current_hp_per_floor":[65,65,65,64,65,65,54,53,53,50,57,57,57,57,57,36,74,68,55,55,55,28,19,40,34,34,34,37,37,37,37,37,20,39,0,0],"gold":74,"neow_bonus":"RANDOM_COLORLESS_2","is_daily":false,"chose_seed":false,"campfire_upgraded":3,"win_rate":0.0,"timestamp":1610420880,"path_taken":["M","?","?","M","?","R","M","M","T","M","M","R","?","$","R","BOSS","M","M","?","?","?","E","R","M","T","?","M","PTL","PTL","$","?","M","R","BOSS"],"items_purchased_type":["Card","Relic","Card","Card","Relic"],"build_version":"2020-12-22","purchased_purges":0,"victory":false,"max_hp_per_floor":[66,66,66,66,66,66,66,66,66,66,66,66,66,66,66,66,74,76,78,78,78,75,72,72,70,70,70,67,67,67,67,67,64,64,61,61],"card_choices":[{"not_picked":["animator:Hibiki","animator:HououinKyouma"],"picked":"animator:Lelouch","floor":0},{"not_picked":["animator:Hakurou","animator:Tyuule"],"picked":"animator:Lancer","floor":1},{"not_picked":["animator:Genos","animator:ChaikaBohdan"],"picked":"animator:AcuraShin","floor":4},{"not_picked":["animator:Shuna","animator:TukaLunaMarceau"],"picked":"animator:DolaSchwi","floor":5},{"not_picked":["animator:Vanir","animator:Darkness"],"picked":"animator:YunYun","floor":7},{"not_picked":["animator:Tatsumaki","animator:Archer"],"picked":"animator:Saber","floor":8},{"not_picked":["animator:MumenRider","animator:SilverFang"],"picked":"animator:Cocytus","floor":10},{"not_picked":["animator:Jibril","animator:Assassin"],"picked":"animator:RinTohsaka","floor":11},{"not_picked":["animator:Boros","animator:Sora"],"picked":"animator:ChaikaTrabant","floor":16},{"not_picked":["animator:Megumin","animator:Kazuma"],"picked":"animator:Aqua","floor":18},{"not_picked":["animator:Demiurge","animator:Assassin"],"picked":"animator:Viivi","floor":19},{"not_picked":["animator:Megumin+1","animator:RinTohsaka+1"],"picked":"animator:Shiro","floor":22},{"not_picked":["animator:Priestess","animator:Viivi"],"picked":"animator:Rimuru","floor":23},{"not_picked":["animator:YunYun","animator:Verdia"],"picked":"animator:Wiz","floor":25},{"not_picked":["animator:Alexander+1","animator:Lancer+1"],"picked":"animator:Bozes","floor":28},{"not_picked":["animator:DolaCouronne+1","animator:SakuraMatou+1"],"picked":"animator:HiiragiShinya+1","floor":33}],"player_experience":108991,"relics_obtained":[{"floor":9,"key":"Whetstone"},{"floor":23,"key":"Replay:Rubber Ducky"},{"floor":26,"key":"Replay:Bottled Steam"},{"floor":32,"key":"Toxic Egg 2"}],"event_choices":[{"damage_healed":0,"gold_gain":0,"player_choice":"3 cards matched","damage_taken":0,"max_hp_gain":0,"max_hp_loss":0,"event_name":"Match and Keep!","floor":3,"gold_loss":0,"cards_obtained":["animator:Boros","animator:Canti","animator:Megumin"]},{"damage_healed":0,"gold_gain":55,"player_choice":"Gained Gold","damage_taken":0,"max_hp_gain":0,"max_hp_loss":0,"event_name":"Golden Wing","floor":13,"gold_loss":0},{"damage_healed":0,"gold_gain":0,"player_choice":"Traded Relic","damage_taken":0,"relics_obtained":["Nloth\u0027s Gift"],"max_hp_gain":0,"max_hp_loss":0,"event_name":"N\u0027loth","floor":20,"relics_lost":["animator:PurgingStone"],"gold_loss":0},{"damage_healed":0,"gold_gain":0,"player_choice":"Obtain J.A.X.","damage_taken":0,"max_hp_gain":0,"max_hp_loss":0,"event_name":"Drug Dealer","floor":27,"gold_loss":0,"cards_obtained":["J.A.X."]}],"is_beta":false,"boss_relics":[{"not_picked":["Astrolabe","Empty Cage"],"picked":"animator:HolyGrailRelic"}],"items_purged_floors":[],"is_endless":false,"potions_floor_spawned":[1,8,11,16,22,23,25,28],"killed_by":"Collector","ascension_level":0}}