{"host":"y193d0agu1dp5x1y","time":1610429856,"event":{"mods":["BaseMod","Googly Eyes","Minty Spire (QoL Compilation)"],"gold_per_floor":[109,284,284,234,14,14,24,24,24,24,24,24,41,56,56,56,56],"floor_reached":16,"playtime":437,"items_purged":["Defend_G"],"score":88,"play_id":"ad62b455-4c35-4c26-ad16-788b056d1e25","local_time":"20210111233736","is_ascension_mode":false,"campfire_choices":[{"data":"Flying Knee","floor":6,"key":"SMITH"},{"data":"Dagger Spray","floor":8,"key":"SMITH"},{"data":"Backstab","floor":15,"key":"SMITH"}],"circlet_count":0,"master_deck":["Strike_G","Strike_G","Strike_G","Strike_G","Strike_G","Defend_G","Defend_G","Defend_G","Survivor","Neutralize","Flying Knee+1","Dagger Spray+1","Deflect","Backstab+1"],"relics":["Ring of the Snake","NeowsBlessing","MealTicket","Thread and Needle","Ice Cream"],"acts_visited":["Exordium"],"potions_floor_usage":[],"damage_taken":[{"damage":0,"enemies":"Jaw Worm","floor":1,"turns":1},{"damage":0,"enemies":"Small Slimes","floor":7,"turns":1},{"damage":0,"enemies":"2 Louse","floor":13,"turns":1},{"damage":0,"enemies":"Looter","floor":14,"turns":3},{"damage":84,"enemies":"The Guardian","floor":16,"turns":14}],"seed_played":"-2310083426049883039","potions_obtained":[{"floor":1,"key":"BlessingOfTheForge"},{"floor":7,"key":"FearPotion"},{"floor":13,"key":"SpeedPotion"}],"is_trial":false,"path_per_floor":["M","?","?","?","$","R","M","R","T","$","?","$","M","M","R","B"],"character_chosen":"THE_SILENT","items_purchased":["MealTicket"],"campfire_rested":0,"item_purchase_floors":[5],"current_hp_per_floor":[70,70,63,63,63,63,63,63,63,70,58,70,70,70,70,0,0],"gold":56,"neow_bonus":"THREE_ENEMY_KILL","is_daily":false,"chose_seed":false,"campfire_upgraded":3,"win_rate":0.0,"timestamp":1610429856,"path_taken":["M","?","?","?","$","R","M","R","T","$","?","?","M","M","R","BOSS"],"items_purchased_type":["Relic"],"build_version":"2020-12-22","purchased_purges":1,"victory":false,"max_hp_per_floor":[70,70,70,70,70,70,70,70,70,70,70,70,70,70,70,70,70],"card_choices":[{"not_picked":["Skewer","Slice"],"picked":"Flying Knee","floor":1},{"not_picked":["Escape Plan","Terror"],"picked":"Dagger Spray","floor":7},{"not_picked":["PiercingWail","Tools of the Trade"],"picked":"Deflect","floor":13},{"not_picked":["Prepared","Dagger Spray"],"picked":"Backstab","floor":14}],"player_experience":63017,"relics_obtained":[{"floor":9,"key":"Thread and Needle"}],"event_choices":[{"damage_healed":0,"gold_gain":175,"player_choice":"AGREE","damage_taken":0,"max_hp_gain":0,"max_hp_loss":0,"event_name":"Liars Game","floor":2,"gold_loss":0,"cards_obtained":["Doubt"]},{"cards_removed":["Doubt"],"damage_healed":0,"gold_gain":0,"player_choice":"Card Removal","damage_taken":7,"max_hp_gain":0,"max_hp_loss":0,"event_name":"Golden Wing","floor":3,"gold_loss":0},{"cards_removed":["Defend_G"],"damage_healed":0,"gold_gain":0,"player_choice":"Card Removal","damage_taken":0,"max_hp_gain":0,"max_hp_loss":0,"event_name":"The Cleric","floor":4,"gold_loss":50},{"damage_healed":0,"gold_gain":0,"player_choice":"Success","damage_taken":12,"relics_obtained":["Ice Cream"],"max_hp_gain":0,"max_hp_loss":0,"event_name":"Scrap Ooze","floor":11,"gold_loss":0}],"is_beta":false,"boss_relics":[],"items_purged_floors":[5],"is_endless":false,"potions_floor_spawned":[1,7,13],"killed_by":"The Guardian","ascension_level":0}}