{"host":"y76clbnovzmw9ubx","time":1610412440,"event":{"mods":["AchievementEnabler","BaseMod","Minty Spire (QoL Compilation)","Permanent Neow","Relic Stats"],"gold_per_floor":[114,125,136,136,136,165,120,120,120,137,170,170,198,213,213,213,213],"floor_reached":16,"playtime":791,"items_purged":[],"score":244,"play_id":"50fc9b9f-3252-4815-b040-025eb31095d3","local_time":"20210111194720","is_ascension_mode":true,"campfire_choices":[{"floor":8,"key":"REST"},{"data":"Immolate","floor":12,"key":"SMITH"},{"data":"True Grit","floor":15,"key":"SMITH"}],"circlet_count":0,"master_deck":["AscendersBane","Strike_R","Strike_R","Strike_R","Strike_R","Defend_R","Defend_R","Defend_R","Defend_R","Bash+1","Flame Barrier","Cleave","Immolate+1","Sever Soul","Shrug It Off","True Grit+1","Reaper","Flame Barrier"],"relics":["Burning Blood","Regal Pillow","Bottled Lightning","Bird Faced Urn"],"acts_visited":["Exordium"],"potions_floor_usage":[7,13,14],"damage_taken":[{"damage":12,"enemies":"Small Slimes","floor":1,"turns":5},{"damage":3,"enemies":"2 Louse","floor":2,"turns":5},{"damage":4,"enemies":"Jaw Worm","floor":3,"turns":4},{"damage":53,"enemies":"Lagavulin","floor":6,"turns":8},{"damage":16,"enemies":"Exordium Thugs","floor":7,"turns":5},{"damage":0,"enemies":"3 Louse","floor":10,"turns":1},{"damage":8,"enemies":"Gremlin Nob","floor":11,"turns":3},{"damage":30,"enemies":"Lagavulin","floor":13,"turns":5},{"damage":3,"enemies":"Blue Slaver","floor":14,"turns":6},{"damage":37,"enemies":"Slime Boss","floor":16,"turns":8}],"seed_played":"-2585783412977080442","potions_obtained":[{"floor":6,"key":"ColorlessPotion"},{"floor":11,"key":"DistilledChaos"},{"floor":13,"key":"Fire Potion"}],"is_trial":false,"path_per_floor":["M","M","M","?","?","E","M","R","T","M","E","R","E","M","R","B"],"character_chosen":"IRONCLAD","items_purchased":[],"campfire_rested":1,"item_purchase_floors":[],"current_hp_per_floor":[62,65,67,60,65,18,8,47,47,53,51,51,27,33,33,0,0],"gold":213,"neow_bonus":"UPGRADE_CARD","is_daily":false,"chose_seed":false,"campfire_upgraded":2,"win_rate":0.0,"timestamp":1610412440,"path_taken":["M","M","M","?","?","E","?","R","T","M","E","R","E","M","R","BOSS"],"items_purchased_type":[],"build_version":"2020-12-22","purchased_purges":0,"victory":false,"max_hp_per_floor":[75,75,75,75,80,80,80,80,80,80,80,80,80,80,80,80,80],"relic_stats":{"Regal Pillow":15,"counters":[10,50],"Bird Faced Urn":[0],"obtain_stats":[{"Regal Pillow":6,"Bird Faced Urn":13,"Bottled Lightning":11,"Burning Blood":0},{"Regal Pillow":4,"Bird Faced Urn":8,"Bottled Lightning":7,"Burning Blood":0},{"Regal Pillow":22,"Bird Faced Urn":36,"Bottled Lightning":31,"Burning Blood":0}],"Burning Blood":54},"card_choices":[{"not_picked":["Clothesline","Iron Wave"],"picked":"Flame Barrier","floor":1},{"not_picked":["Infernal Blade","Bloodletting","Rupture"],"picked":"SKIP","floor":2},{"not_picked":["Pommel Strike","Shrug It Off"],"picked":"Cleave","floor":3},{"not_picked":["Anger","Disarm"],"picked":"Immolate","floor":6},{"not_picked":["Headbutt","Combust"],"picked":"Sever Soul","floor":7},{"not_picked":["Body Slam","Perfected Strike"],"picked":"Shrug It Off","floor":10},{"not_picked":["Seeing Red","Twin Strike"],"picked":"True Grit","floor":11},{"not_picked":["Power Through","Body Slam"],"picked":"Reaper","floor":13},{"not_picked":["Heavy Blade","Havoc"],"picked":"Flame Barrier","floor":14}],"player_experience":3047284,"relics_obtained":[{"floor":6,"key":"Regal Pillow"},{"floor":11,"key":"Bottled Lightning"},{"floor":13,"key":"Bird Faced Urn"}],"event_choices":[{"cards_removed":["Strike_R"],"damage_healed":0,"gold_gain":0,"player_choice":"Card Removal","damage_taken":7,"max_hp_gain":0,"max_hp_loss":0,"event_name":"Golden Wing","floor":4,"gold_loss":0},{"damage_healed":0,"gold_gain":0,"player_choice":"Donut","damage_taken":0,"max_hp_gain":5,"max_hp_loss":0,"event_name":"Big Fish","floor":5,"gold_loss":0}],"is_beta":false,"boss_relics":[],"items_purged_floors":[],"is_endless":false,"potions_floor_spawned":[6,11,13],"killed_by":"Slime Boss","ascension_level":20}}