{"host":"fa35vd3kig5td25x","time":1610478397,"event":{"mods":["BaseMod","Colored Powertips","Minty Spire (QoL Compilation)","Relic Stats","Slay the Relics Exporter"],"gold_per_floor":[117,117,130,130,144,144,178,178,228,262,8,21,21,38,38,109,109,124,49,63,63,82,109,109,109,109,34,63,63,63,23,23,94,94,110,110,121,175,194,194,225,239,239,269,269,284,284,309,309,309,309,309,309,41,72,72],"floor_reached":57,"playtime":2122,"items_purged":["Bash"],"score":3422,"play_id":"c085eee5-bcae-44ac-8f81-d76cebe40f96","local_time":"20210112200637","is_ascension_mode":true,"campfire_choices":[{"data":"Body Slam","floor":6.0,"key":"SMITH"},{"floor":8.0,"key":"REST"},{"data":"Entrench","floor":13.0,"key":"SMITH"},{"data":"Impervious","floor":15.0,"key":"SMITH"},{"data":"Offering","floor":24.0,"key":"SMITH"},{"data":"Second Wind","floor":30.0,"key":"SMITH"},{"floor":32.0,"key":"REST"},{"floor":40,"key":"RECALL"},{"floor":47,"key":"REST"},{"floor":49,"key":"REST"},{"data":"Disarm","floor":53,"key":"SMITH"}],"circlet_count":0,"master_deck":["AscendersBane","Flame Barrier+1","Body Slam+1","Second Wind+1","Shockwave","Power Through+1","Impervious+1","Barricade+1","Entrench+1","Armaments+1","Combust","Shrug It Off+1","Offering+1","Body Slam+1","Shrug It Off","Disarm+1","Impervious","Flame Barrier","Ghostly Armor+1","Feel No Pain+1","Evolve"],"relics":["Pandora\u0027s Box","Boot","Red Skull","Unceasing Top","Lee\u0027s Waffle","Philosopher\u0027s Stone","War Paint","Singing Bowl","Bottled Lightning","Bag of Preparation","SlaversCollar","Thread and Needle","Omamori","Torii","InkBottle","Bottled Tornado"],"acts_visited":["Exordium","TheCity","TheBeyond","TheEnding"],"potions_floor_usage":[56,56],"damage_taken":[{"damage":3.0,"enemies":"2 Louse","floor":1.0,"turns":3.0},{"damage":0.0,"enemies":"Jaw Worm","floor":3.0,"turns":3.0},{"damage":0.0,"enemies":"Cultist","floor":5.0,"turns":4.0},{"damage":0.0,"enemies":"Gremlin Nob","floor":7.0,"turns":3.0},{"damage":0.0,"enemies":"Lagavulin","floor":10.0,"turns":6.0},{"damage":3.0,"enemies":"2 Fungi Beasts","floor":12.0,"turns":4.0},{"damage":0.0,"enemies":"Looter","floor":14.0,"turns":3.0},{"damage":7.0,"enemies":"Slime Boss","floor":16.0,"turns":8.0},{"damage":0.0,"enemies":"3 Byrds","floor":18.0,"turns":4.0},{"damage":1.0,"enemies":"2 Thieves","floor":20.0,"turns":3.0},{"damage":6.0,"enemies":"Snecko","floor":22.0,"turns":5.0},{"damage":9.0,"enemies":"Slavers","floor":23.0,"turns":6.0},{"damage":6.0,"enemies":"Book of Stabbing","floor":28.0,"turns":4.0},{"damage":6,"enemies":"Collector","floor":33,"turns":5},{"damage":6,"enemies":"3 Shapes","floor":35,"turns":4},{"damage":6,"enemies":"Orb Walker","floor":37,"turns":2},{"damage":6,"enemies":"2 Orb Walkers","floor":38,"turns":1},{"damage":0,"enemies":"Maw","floor":39,"turns":6},{"damage":29,"enemies":"Nemesis","floor":41,"turns":5},{"damage":6,"enemies":"Sphere and 2 Shapes","floor":42,"turns":6},{"damage":0,"enemies":"Giant Head","floor":44,"turns":4},{"damage":0,"enemies":"4 Shapes","floor":46,"turns":8},{"damage":6,"enemies":"Reptomancer","floor":48,"turns":4},{"damage":6,"enemies":"Donu and Deca","floor":50,"turns":10},{"damage":6,"enemies":"Awakened One","floor":51,"turns":7},{"damage":14,"enemies":"Shield and Spear","floor":55,"turns":9},{"damage":6,"enemies":"The Heart","floor":56,"turns":8}],"seed_played":"-7250202559536973744","potions_obtained":[{"floor":3.0,"key":"Swift Potion"},{"floor":7.0,"key":"Ancient Potion"},{"floor":35,"key":"HeartOfIron"},{"floor":48,"key":"DuplicationPotion"}],"is_trial":false,"path_per_floor":["M","?","M","?","M","R","E","R","T","E","$","M","R","M","R","B",null,"M","$","M","?","M","E","R","?","T","?","E","T","R","$","R","B",null,"M","?","M","?","M","R","E","M","T","E","?","M","R","E","R","B","B",null,"R","$","E","B",null],"character_chosen":"IRONCLAD","items_purchased":["Shrug It Off","Lee\u0027s Waffle","Dexterity Potion","Disarm","InkBottle"],"campfire_rested":4,"item_purchase_floors":[11,11,11,31,54],"current_hp_per_floor":[65,42,42,35,35,35,35,57,57,57,82,79,79,79,79,72,80,80,80,79,79,73,64,64,64,64,64,60,60,60,60,84,78,83,77,77,73,67,69,69,42,38,38,38,38,40,67,63,90,84,78,89,89,89,75,69],"gold":72,"neow_bonus":"BOSS_RELIC","is_daily":false,"chose_seed":false,"campfire_upgraded":6,"win_rate":0.0,"timestamp":1610478397,"path_taken":["M","?","M","?","M","R","E","R","T","E","$","M","R","M","R","BOSS","M","$","M","?","?","E","R","?","T","?","E","?","R","?","R","BOSS","M","?","M","?","M","R","E","M","T","E","?","M","R","E","R","BOSS","BOSS","R","$","E","BOSS"],"items_purchased_type":["Card","Relic","Potion","Card","Relic"],"build_version":"2020-12-22","purchased_purges":1,"victory":true,"max_hp_per_floor":[75,75,75,75,75,75,75,75,75,75,82,82,82,82,82,82,82,82,82,82,82,82,82,82,82,82,82,84,84,84,84,84,84,84,84,80,82,82,84,84,86,88,88,88,88,90,90,92,92,92,92,92,92,92,92,92],"relic_stats":{"Lee\u0027s Waffle":25,"Singing Bowl":14,"Torii":0,"counters":[27,135],"Pandora\u0027s Box":["Flame Barrier","Body Slam","Second Wind","Shockwave","Pummel","Rupture","Power Through","Impervious","Barricade"],"Bag of Preparation":[28],"War Paint":["Armaments","Shrug It Off"],"Boot":[89],"obtain_stats":[{"Lee\u0027s Waffle":11,"Singing Bowl":26,"Torii":44,"Thread and Needle":38,"Bag of Preparation":29,"Omamori":41,"War Paint":23,"Bottled Tornado":55,"Boot":7,"Burning Blood":0,"SlaversCollar":34,"Pandora\u0027s Box":0,"Philosopher\u0027s Stone":17,"Bottled Lightning":28,"Red Skull":9,"Unceasing Top":10,"InkBottle":54},{"Lee\u0027s Waffle":5,"Singing Bowl":12,"Torii":21,"Thread and Needle":17,"Bag of Preparation":13,"Omamori":19,"War Paint":12,"Bottled Tornado":26,"Boot":4,"Burning Blood":0,"SlaversCollar":14,"Pandora\u0027s Box":0,"Philosopher\u0027s Stone":8,"Bottled Lightning":13,"Red Skull":4,"Unceasing Top":5,"InkBottle":25},{"Lee\u0027s Waffle":19,"Singing Bowl":52,"Torii":89,"Thread and Needle":68,"Bag of Preparation":56,"Omamori":79,"War Paint":52,"Bottled Tornado":127,"Boot":13,"Burning Blood":0,"SlaversCollar":61,"Pandora\u0027s Box":0,"Philosopher\u0027s Stone":34,"Bottled Lightning":56,"Red Skull":13,"Unceasing Top":19,"InkBottle":118}],"Unceasing Top":[17],"InkBottle":[6]},"card_choices":[{"not_picked":["Body Slam","Havoc"],"picked":"Twin Strike","floor":1.0},{"not_picked":["Pommel Strike","Havoc"],"picked":"Entrench","floor":3.0},{"not_picked":["Perfected Strike","Intimidate","Shockwave"],"picked":"SKIP","floor":5.0},{"not_picked":["Clothesline","Pommel Strike"],"picked":"Armaments","floor":7.0},{"not_picked":["Power Through","Barricade"],"picked":"Combust","floor":10.0},{"not_picked":["Dropkick","Anger","Flame Barrier"],"picked":"SKIP","floor":12.0},{"not_picked":["Thunderclap","Clothesline","Wild Strike"],"picked":"SKIP","floor":14.0},{"not_picked":["Juggernaut","Feed"],"picked":"Offering","floor":16.0},{"not_picked":["Wild Strike","Perfected Strike"],"picked":"Body Slam+1","floor":18.0},{"not_picked":["Iron Wave","Anger+1"],"picked":"Shrug It Off","floor":20.0},{"not_picked":["Blood for Blood","Spot Weakness","Searing Blow"],"picked":"SKIP","floor":22.0},{"not_picked":["Metallicize","Clash","Flex"],"picked":"SKIP","floor":23.0},{"not_picked":["Wild Strike+1","Whirlwind","Sword Boomerang"],"picked":"Singing Bowl","floor":28.0},{"not_picked":["Reaper","Limit Break"],"picked":"Impervious","floor":33},{"not_picked":["True Grit+1","Searing Blow"],"picked":"Flame Barrier","floor":35},{"not_picked":["Headbutt+1","Thunderclap+1","Armaments"],"picked":"Singing Bowl","floor":37},{"not_picked":["Spot Weakness","Flex"],"picked":"Ghostly Armor+1","floor":38},{"not_picked":["Reckless Charge","Uppercut+1","Cleave"],"picked":"Singing Bowl","floor":39},{"not_picked":["Perfected Strike","Rampage","Barricade"],"picked":"Singing Bowl","floor":41},{"not_picked":["Cleave","Wild Strike","Inflame"],"picked":"Singing Bowl","floor":42},{"not_picked":["Ghostly Armor","Pommel Strike"],"picked":"Feel No Pain+1","floor":44},{"not_picked":["Perfected Strike","Dark Embrace","Anger+1"],"picked":"Singing Bowl","floor":46},{"not_picked":["Uppercut","Cleave+1","Havoc"],"picked":"Singing Bowl","floor":48},{"not_picked":["Second Wind","Infernal Blade"],"picked":"Evolve","floor":55}],"player_experience":2911904,"relics_obtained":[{"floor":7.0,"key":"Boot"},{"floor":9.0,"key":"Red Skull"},{"floor":10.0,"key":"Unceasing Top"},{"floor":23.0,"key":"War Paint"},{"floor":26.0,"key":"Singing Bowl"},{"floor":28.0,"key":"Bottled Lightning"},{"floor":29.0,"key":"Bag of Preparation"},{"floor":38,"key":"Thread and Needle"},{"floor":41,"key":"Omamori"},{"floor":44,"key":"Torii"},{"floor":55,"key":"Bottled Tornado"}],"event_choices":[{"damage_healed":0.0,"max_hp_gain":0.0,"max_hp_loss":0.0,"gold_gain":0.0,"event_name":"Shining Light","player_choice":"Entered Light","floor":2.0,"gold_loss":0.0,"damage_taken":23.0,"cards_upgraded":["Power Through","Barricade"]},{"cards_removed":["Rupture"],"damage_healed":0.0,"max_hp_gain":0.0,"max_hp_loss":0.0,"gold_gain":0.0,"event_name":"Golden Wing","player_choice":"Card Removal","floor":4.0,"gold_loss":0.0,"damage_taken":7.0},{"damage_healed":0.0,"max_hp_gain":0.0,"max_hp_loss":0.0,"gold_gain":0.0,"event_name":"Upgrade Shrine","player_choice":"Upgraded","floor":21.0,"gold_loss":0.0,"damage_taken":0.0,"cards_upgraded":["Flame Barrier"]},{"damage_healed":0.0,"max_hp_gain":0.0,"max_hp_loss":0.0,"gold_gain":0.0,"cards_transformed":["Twin Strike","Pummel"],"event_name":"Drug Dealer","player_choice":"Became Test Subject","floor":25.0,"gold_loss":0.0,"damage_taken":0.0,"cards_obtained":["Inflame","Wild Strike"]},{"cards_removed":["Inflame"],"damage_healed":0.0,"max_hp_gain":0.0,"max_hp_loss":0.0,"gold_gain":0.0,"event_name":"Beggar","player_choice":"Gave Gold","floor":27.0,"gold_loss":75.0,"damage_taken":0.0},{"damage_healed":0,"gold_gain":0,"player_choice":"Max HP","damage_taken":0,"max_hp_gain":0,"max_hp_loss":4,"event_name":"Winding Halls","floor":36,"gold_loss":0},{"damage_healed":0,"gold_gain":0,"player_choice":"Fight","damage_taken":0,"max_hp_gain":0,"max_hp_loss":0,"event_name":"Mysterious Sphere","floor":38,"gold_loss":0},{"cards_removed":["Wild Strike"],"damage_healed":0,"gold_gain":0,"player_choice":"Removed Attack","damage_taken":0,"max_hp_gain":0,"max_hp_loss":0,"event_name":"Falling","floor":45,"gold_loss":0}],"is_beta":false,"boss_relics":[{"not_picked":["Empty Cage","SacredBark"],"picked":"Philosopher\u0027s Stone"},{"not_picked":["Sozu","Black Star"],"picked":"SlaversCollar"}],"items_purged_floors":[19],"is_endless":false,"potions_floor_spawned":[3,7,12,14,20,22,35,37,38,39,48],"ascension_level":20}}