{"host":"6h0diz2ap0m56grs","time":1610415640,"event":{"mods":["2.2 Compatiblity","BaseMod","Colored Map","Marisa????????","Minty Spire (QoL Compilation)","Quick Restart","Replay The Spire","Shop Mod","StSLib","The Servant 0.9.4"],"gold_per_floor":[116,134,69,89,89,126,162,202,227,262,282,282],"floor_reached":11,"playtime":361,"items_purged":[],"score":185,"play_id":"695be4b2-c4c3-4afa-b038-e2edda7c1d5c","local_time":"20210111194040","daily_mods":["SealedDeck","Heirloom","Time Dilation","Flight"],"is_ascension_mode":true,"campfire_choices":[],"circlet_count":0,"master_deck":["6A","6A","UnstableBomb","MilkyWay","OortCloud","SuperPerseids","ShootingEcho","ShootingEcho","WitchLeyline","WitchLeyline","OortCloud","OortCloud","WitchLeyline","ShootTheMoon","Pot Of Greed","Pot Of Greed","DarkMatter"],"relics":["MiniHakkero","replay:Trail_Library","TungstenRod","Replay:Bandana","Anchor","Juzu Bracelet","Tiny Chest","Replay:Mystery Machine","Grinning Jar"],"acts_visited":["Exordium"],"potions_floor_usage":[],"damage_taken":[{"damage":0,"enemies":"Small Slimes","floor":1,"turns":1},{"damage":0,"enemies":"Cultist","floor":2,"turns":1},{"damage":0,"enemies":"2 Louse","floor":4,"turns":1},{"damage":0,"enemies":"Lagavulin","floor":6,"turns":4},{"damage":0,"enemies":"3 Sentries","floor":7,"turns":6},{"damage":1,"enemies":"Gremlin Nob","floor":8,"turns":4},{"damage":0,"enemies":"Lagavulin","floor":10,"turns":5},{"damage":0,"enemies":"3 Sentries","floor":11,"turns":3}],"seed_played":"908424897789250942","potions_obtained":[{"floor":7,"key":"Fire Potion"},{"floor":8,"key":"Toxic Potion"},{"floor":10,"key":"Explosive Potion"}],"is_trial":true,"path_per_floor":["M","M","?","M","$","E","E","E","T","E","E"],"character_chosen":"MARISA","items_purchased":[],"campfire_rested":0,"item_purchase_floors":[],"current_hp_per_floor":[75,75,75,75,75,75,75,74,74,74,74,74],"gold":282,"neow_bonus":"","is_daily":false,"chose_seed":false,"campfire_upgraded":0,"win_rate":0.0,"timestamp":1610415640,"path_taken":["M","M","?","?","$","E","E","E","T","E","E"],"items_purchased_type":[],"build_version":"2020-12-22","purchased_purges":0,"victory":false,"max_hp_per_floor":[75,75,75,75,75,75,75,75,75,75,75,75],"card_choices":[{"not_picked":["MysteriousBeam","UnstableBomb","IllusionStar"],"picked":"SKIP","floor":1},{"not_picked":["6A","ManaConvection"],"picked":"OortCloud","floor":2},{"not_picked":["SporeBomb","MysteriousBeam"],"picked":"OortCloud","floor":4},{"not_picked":["GasGiant","Orbital"],"picked":"WitchLeyline","floor":6},{"not_picked":["BlazeAway","DC","StarDustReverie"],"picked":"SKIP","floor":7},{"not_picked":["MagicAbsorber","GravityBeat"],"picked":"ShootTheMoon","floor":8},{"not_picked":["AlicesGift","IllusionStar"],"picked":"DarkMatter","floor":10}],"player_experience":176039,"relics_obtained":[{"floor":6,"key":"Anchor"},{"floor":7,"key":"Juzu Bracelet"},{"floor":8,"key":"Tiny Chest"},{"floor":9,"key":"Replay:Mystery Machine"},{"floor":10,"key":"Grinning Jar"}],"event_choices":[{"damage_healed":0,"gold_gain":0,"player_choice":"Paid Gold","damage_taken":0,"relics_obtained":["Replay:Bandana"],"max_hp_gain":0,"max_hp_loss":0,"event_name":"WeMeetAgain","floor":3,"gold_loss":65}],"is_beta":false,"boss_relics":[],"items_purged_floors":[],"is_endless":false,"potions_floor_spawned":[7,8,10],"killed_by":"3 Sentries","ascension_level":1}}