{"host":"dpbezu80jg8zk7un","time":1610447473,"event":{"mods":["BaseMod","Colored Map","Colored Powertips","Custom Start","DeckTracker","Minty Spire (QoL Compilation)","Quick Restart","StSLib","SuperFastMode"],"gold_per_floor":[12,12,25,40,40,40,64,97,97,97,111,154,154,154,154],"floor_reached":14,"playtime":289,"items_purged":[],"score":200,"play_id":"04c714ac-a975-42b4-9d1f-8da5a8bdca35","local_time":"20210112193113","is_ascension_mode":true,"campfire_choices":[{"data":"Eruption","floor":6.0,"key":"SMITH"},{"floor":10.0,"key":"RECALL"}],"circlet_count":0,"master_deck":["AscendersBane","Strike_P","Strike_P","Strike_P","Strike_P","Defend_P","Defend_P","Defend_P","Defend_P","Eruption+1","Vigilance","EmptyBody","FollowUp+1"],"relics":["PureWater","Golden Idol","Shuriken","InkBottle","Smiling Mask"],"acts_visited":["Exordium"],"potions_floor_usage":[12],"damage_taken":[{"damage":3.0,"enemies":"Small Slimes","floor":1.0,"turns":4.0},{"damage":2.0,"enemies":"Jaw Worm","floor":3.0,"turns":4.0},{"damage":0.0,"enemies":"Cultist","floor":4.0,"turns":3.0},{"damage":2.0,"enemies":"2 Fungi Beasts","floor":7.0,"turns":4.0},{"damage":24.0,"enemies":"Lagavulin","floor":8.0,"turns":8.0},{"damage":11.0,"enemies":"Red Slaver","floor":11.0,"turns":4.0},{"damage":3,"enemies":"Gremlin Nob","floor":12,"turns":3},{"damage":40,"enemies":"3 Sentries","floor":14,"turns":4}],"seed_played":"-8111346209091556470","potions_obtained":[{"floor":3.0,"key":"Ancient Potion"},{"floor":5.0,"key":"Swift Potion"},{"floor":11.0,"key":"StancePotion"}],"is_trial":false,"path_per_floor":["M","?","M","M","?","R","M","E","T","R","M","E","?","E"],"character_chosen":"WATCHER","items_purchased":[],"campfire_rested":0,"item_purchase_floors":[],"current_hp_per_floor":[70,70,68,68,68,68,66,42,42,42,31,28,28,0,0],"gold":154,"neow_bonus":"TWENTY_PERCENT_HP_BONUS","is_daily":false,"chose_seed":false,"campfire_upgraded":1,"win_rate":0.0,"timestamp":1610447473,"path_taken":["M","?","M","M","?","R","M","E","T","R","?","E","?","E"],"items_purchased_type":[],"build_version":"2020-12-22","purchased_purges":0,"victory":false,"max_hp_per_floor":[80,72,72,72,72,72,72,72,72,72,72,72,72,72,72],"card_choices":[{"not_picked":["BowlingBash","ThirdEye"],"picked":"EmptyBody","floor":1.0},{"not_picked":["CutThroughFate","ClearTheMind","EmptyFist"],"picked":"SKIP","floor":3.0},{"not_picked":["EmptyMind","EmptyFist","WreathOfFlame"],"picked":"SKIP","floor":4.0},{"not_picked":["Evaluate","FlyingSleeves","Halt"],"picked":"SKIP","floor":7.0},{"not_picked":["Prostrate","BattleHymn","Indignation"],"picked":"SKIP","floor":8.0},{"not_picked":["PathToVictory","BowlingBash","Evaluate"],"picked":"SKIP","floor":11.0},{"not_picked":["CutThroughFate","WaveOfTheHand"],"picked":"FollowUp","floor":12}],"player_experience":2866992,"relics_obtained":[{"floor":8.0,"key":"Shuriken"},{"floor":9.0,"key":"InkBottle"},{"floor":12,"key":"Smiling Mask"}],"event_choices":[{"damage_healed":0.0,"max_hp_gain":0.0,"max_hp_loss":8.0,"gold_gain":0.0,"event_name":"Golden Idol","player_choice":"Lose Max HP","floor":2.0,"gold_loss":0.0,"damage_taken":0.0,"relics_obtained":["Golden Idol"]},{"damage_healed":0.0,"max_hp_gain":0.0,"max_hp_loss":0.0,"gold_gain":0.0,"event_name":"Lab","player_choice":"Got Potions","floor":5.0,"gold_loss":0.0,"damage_taken":0.0},{"damage_healed":0,"gold_gain":0,"player_choice":"Upgraded","damage_taken":0,"max_hp_gain":0,"max_hp_loss":0,"event_name":"Upgrade Shrine","floor":13,"gold_loss":0,"cards_upgraded":["FollowUp"]}],"is_beta":false,"boss_relics":[],"items_purged_floors":[],"is_endless":false,"potions_floor_spawned":[3,7,11],"killed_by":"3 Sentries","ascension_level":20}}