{"host":"eu5wvbbtjeiar27l","time":1610468300,"event":{"mods":["BaseMod","Colored Powertips","Conspire","Hubris","Infinite Spire","Minty Spire (QoL Compilation)","Rare Cards Sparkle","StSLib","The Factory","The Jungle","vexMod"],"gold_per_floor":[119,132,132,232,244,273,273,291,314,328,172,191,191,191,191,289,289,308,308,308,62,79,108,108,33,33,68,68,68,83,83,83,186,186,199,29,40,340,360,391,391,424,475,475,475,495,495,521,521,549,549],"floor_reached":50,"playtime":3079,"items_purged":["Defend_R","Regret","Feel No Pain"],"score":588,"play_id":"f824c9d8-168b-497e-ab17-5c76ca520a7f","local_time":"20210112161820","is_ascension_mode":false,"campfire_choices":[{"data":"Infernal Blade","floor":7,"key":"SMITH"},{"data":"Bash","floor":15,"key":"SMITH"},{"data":"Feed","floor":24,"key":"SMITH"},{"data":"Inflame","floor":29,"key":"SMITH"},{"data":"infinitespire:SevenWalls","floor":32,"key":"SMITH"},{"data":"Seeing Red","floor":41,"key":"SMITH"},{"data":"Perfected Strike","floor":44,"key":"SMITH"},{"data":"infinitespire:Fortify","floor":47,"key":"SMITH"},{"data":"Swift Strike","floor":49,"key":"SMITH"}],"circlet_count":0,"master_deck":["Strike_R","Strike_R","Strike_R+1","Strike_R+1","Strike_R","Bash+1","Infernal Blade+1","Shrug It Off+1","Warcry","Rage+1","Perfected Strike+1","Clash+1","Demon Form+1","Inflame+1","Feed+1","Swift Strike+1","Pommel Strike+1","Seeing Red+1","conspire:ExplosiveBarrier+1","infinitespire:SevenWalls+1","infinitespire:Fortify+1","Offering","Perfected Strike+1","Perfected Strike+1","Clash+1"],"relics":["Burning Blood","NeowsBlessing","Whetstone","Self Forming Clay","MealTicket","Shuriken","Juzu Bracelet","vexMod:ImprovementManual","conspire:TreasureMap","hubris:DeckOfHolding","infinitespire:WardingShard","hubris:SphereOfDissonance","Lizard Tail","Runic Pyramid","infinitespire:EmpoweringShard","Bag of Preparation","Kunai","infinitespire:Midas Blood"],"acts_visited":["Exordium","TheCity","TheCity"],"potions_floor_usage":[6,40],"damage_taken":[{"damage":0,"enemies":"Small Slimes","floor":1,"turns":1},{"damage":0,"enemies":"Jaw Worm","floor":2,"turns":1},{"damage":0,"enemies":"Cultist","floor":5,"turns":1},{"damage":24,"enemies":"3 Sentries","floor":6,"turns":8},{"damage":0,"enemies":"Exordium Thugs","floor":8,"turns":4},{"damage":4,"enemies":"Looter","floor":10,"turns":3},{"damage":0,"enemies":"Exordium Wildlife","floor":12,"turns":3},{"damage":71,"enemies":"Slime Boss","floor":16,"turns":12},{"damage":5,"enemies":"Spheric Guardian","floor":18,"turns":4},{"damage":21,"enemies":"3 Byrds","floor":22,"turns":6},{"damage":38,"enemies":"Slavers","floor":23,"turns":6},{"damage":18,"enemies":"Book of Stabbing","floor":27,"turns":4},{"damage":0,"enemies":"Centurion and Healer","floor":30,"turns":4},{"damage":20,"enemies":"Automaton","floor":33,"turns":8},{"damage":9,"enemies":"theFactory:4_Mini-Bots","floor":35,"turns":5},{"damage":0,"enemies":"theFactory:BigBot","floor":37,"turns":3},{"damage":6,"enemies":"theFactory:Sentry and Guards","floor":39,"turns":5},{"damage":123,"enemies":"Nightmare","floor":40,"turns":8},{"damage":1,"enemies":"theFactory:SmogElemental","floor":42,"turns":6},{"damage":4,"enemies":"theFactory:Personnel_and_Mini-Bots","floor":46,"turns":5},{"damage":17,"enemies":"theFactory:DecayingSentinel","floor":48,"turns":5},{"damage":156,"enemies":"theFactory:SPIDER","floor":50,"turns":17}],"seed_played":"8922864096141390866","potions_obtained":[{"floor":2,"key":"SteroidPotion"},{"floor":10,"key":"FairyPotion"},{"floor":16,"key":"conspire:TimeTravelPotion"},{"floor":23,"key":"ElixirPotion"},{"floor":42,"key":"FairyPotion"},{"floor":46,"key":"Fire Potion"},{"floor":48,"key":"SpeedPotion"}],"is_trial":false,"path_per_floor":["M","M","?","?","M","E","R","M","T","M","$","M","T","?","R","B",null,"M","?","?","$","M","E","R","?","T","E","?","R","M","AVR","R","B",null,"M","$","M","?","M","NM","R","E","T","R","?","M","R","M","R","B"],"character_chosen":"IRONCLAD","items_purchased":["Feel No Pain","conspire:TreasureMap","Perfected Strike"],"campfire_rested":0,"item_purchase_floors":[11,21,36],"current_hp_per_floor":[80,80,80,80,80,62,62,68,68,70,80,80,80,80,80,15,80,80,80,80,80,68,36,36,36,36,24,27,27,33,33,33,19,83,84,87,91,91,95,26,26,35,35,35,38,44,44,33,33,0,0],"gold":549,"neow_bonus":"THREE_ENEMY_KILL","is_daily":false,"chose_seed":false,"campfire_upgraded":9,"win_rate":0.0,"timestamp":1610468300,"path_taken":["M","M","?","?","?","E","R","M","T","M","$","M","?","?","R","BOSS","M","?","?","$","M","E","R","?","T","E","?","R","M","AVR","R","BOSS","M","$","M","?","M","NM","R","E","T","R","?","M","R","M","R","BOSS"],"items_purchased_type":["Card","Relic","Card"],"build_version":"2020-12-22","purchased_purges":3,"victory":false,"max_hp_per_floor":[80,80,80,80,80,80,80,80,80,80,80,80,80,80,80,80,80,80,80,80,80,83,83,83,83,83,83,83,83,83,83,83,83,83,87,87,91,91,95,99,99,103,103,103,103,107,107,107,107,107,107],"card_choices":[{"not_picked":["Power Through","Disarm"],"picked":"Infernal Blade","floor":1},{"not_picked":["Thunderclap","Sword Boomerang"],"picked":"Shrug It Off","floor":2},{"not_picked":["Anger","conspire:Charge"],"picked":"Warcry","floor":5},{"not_picked":["Dark Embrace","Sword Boomerang"],"picked":"Rage","floor":6},{"not_picked":["Cleave","Heavy Blade"],"picked":"Perfected Strike","floor":8},{"not_picked":["Havoc","Anger","Dropkick"],"picked":"SKIP","floor":10},{"not_picked":["Anger","Headbutt"],"picked":"Clash","floor":12},{"not_picked":["conspire:Purge","Corruption"],"picked":"Demon Form","floor":16},{"not_picked":["Wild Strike","Anger"],"picked":"Inflame","floor":18},{"not_picked":["Flex+1","conspire:Charge+1"],"picked":"Pommel Strike+1","floor":22},{"not_picked":["hubris:ReadiedAction","Spot Weakness"],"picked":"Seeing Red","floor":23},{"not_picked":["Headbutt","True Grit"],"picked":"conspire:ExplosiveBarrier+1","floor":27},{"not_picked":["Heavy Blade","Wild Strike","Burning Pact"],"picked":"SKIP","floor":30},{"not_picked":["Brutality","Reaper"],"picked":"Offering","floor":33},{"not_picked":["Thunderclap+1","Iron Wave","Clash"],"picked":"SKIP","floor":35},{"not_picked":["Havoc+1","Metallicize+1","Evolve+1"],"picked":"SKIP","floor":37},{"not_picked":["Heavy Blade","Power Through+1","infinitespire:OneForAll+1"],"picked":"SKIP","floor":39},{"not_picked":["Cleave","conspire:Charge"],"picked":"Perfected Strike+1","floor":40},{"not_picked":["Dark Embrace+1","Pommel Strike+1","Clothesline"],"picked":"SKIP","floor":42},{"not_picked":["Spot Weakness","Ghostly Armor"],"picked":"Clash+1","floor":46},{"not_picked":["Impervious","Blood for Blood+1","Dark Embrace"],"picked":"SKIP","floor":48}],"player_experience":104854,"relics_obtained":[{"floor":3,"key":"Whetstone"},{"floor":6,"key":"Self Forming Clay"},{"floor":9,"key":"MealTicket"},{"floor":13,"key":"Shuriken"},{"floor":23,"key":"hubris:DeckOfHolding"},{"floor":26,"key":"infinitespire:WardingShard"},{"floor":27,"key":"hubris:SphereOfDissonance"},{"floor":40,"key":"infinitespire:EmpoweringShard"},{"floor":42,"key":"Bag of Preparation"},{"floor":43,"key":"Kunai"}],"event_choices":[{"damage_healed":0,"gold_gain":100,"player_choice":"Pray","damage_taken":0,"max_hp_gain":0,"max_hp_loss":0,"event_name":"Golden Shrine","floor":4,"gold_loss":0},{"damage_healed":0,"gold_gain":0,"player_choice":"Box","damage_taken":0,"relics_obtained":["Juzu Bracelet"],"max_hp_gain":0,"max_hp_loss":0,"event_name":"Big Fish","floor":14,"gold_loss":0,"cards_obtained":["Regret"]},{"cards_removed":["Defend_R"],"damage_healed":0,"gold_gain":0,"player_choice":"Offered Basic","damage_taken":0,"max_hp_gain":0,"max_hp_loss":0,"event_name":"Bonfire Elementals","floor":19,"gold_loss":0},{"damage_healed":0,"gold_gain":0,"player_choice":"2 cards matched","damage_taken":0,"max_hp_gain":0,"max_hp_loss":0,"event_name":"Match and Keep!","floor":20,"gold_loss":0,"cards_obtained":["Feed","Swift Strike"]},{"cards_removed":["Defend_R"],"damage_healed":0,"gold_gain":0,"player_choice":"Gave Gold","damage_taken":0,"max_hp_gain":0,"max_hp_loss":0,"event_name":"Beggar","floor":25,"gold_loss":75},{"cards_removed":["Defend_R"],"damage_healed":0,"gold_gain":0,"player_choice":"Purged","damage_taken":0,"max_hp_gain":0,"max_hp_loss":0,"event_name":"Purifier","floor":28,"gold_loss":0},{"damage_healed":0,"gold_gain":0,"player_choice":"Gave Potion","damage_taken":0,"relics_obtained":["infinitespire:Midas Blood"],"max_hp_gain":0,"max_hp_loss":0,"event_name":"WeMeetAgain","floor":45,"gold_loss":0}],"is_beta":false,"boss_relics":[{"not_picked":["Runic Dome","conspire:RunicOctahedron"],"picked":"vexMod:ImprovementManual"},{"not_picked":["hubris:ScarierMask","hubris:Stopwatch"],"picked":"Runic Pyramid"}],"items_purged_floors":[11,21,36],"is_endless":false,"potions_floor_spawned":[2,10,16,23,33,39,42,46,48],"killed_by":"theFactory:SPIDER","ascension_level":0}}