{"host":"npi2injwpr7l8z4q","time":1610470261,"event":{"mods":["BaseMod","Dark Map","KOR Keyword Fix","Minty Spire (QoL Compilation)","Permanent Neow","Quick Restart","Replay The Spire","StSLib","The Poker Player","everything is the same but u backflip on backflip","¡¼?Úª?ø«¡½REMEMod"],"gold_per_floor":[110,110,129,49,49,87,87,127,127,147,72,86,109,109,109,233,233,246,271,285,308,351,351,103,103,127,147,147,188,188,188,188,188],"floor_reached":31,"playtime":3774,"items_purged":["PokerPlayerMod:Diamond1","PokerPlayerMod:Spade1"],"score":290,"play_id":"4f3e2ce6-1e86-470a-a70b-0b4b52fb9212","local_time":"20210113015101","is_ascension_mode":false,"metric_token":734,"campfire_choices":[{"floor":7,"key":"REST"},{"data":"PokerPlayerMod:Spade4","floor":15,"key":"SMITH"},{"data":"PokerPlayerMod:TheDieIsCast","floor":23,"key":"SMITH"},{"data":"PokerPlayerMod:Club3","floor":25,"key":"SMITH"},{"data":"PokerPlayerMod:Spade3","floor":28,"key":"SMITH"}],"circlet_count":0,"master_deck":["PokerPlayerMod:Diamond2","PokerPlayerMod:Diamond3","PokerPlayerMod:Diamond4","PokerPlayerMod:Diamond5","PokerPlayerMod:Spade2","PokerPlayerMod:Spade4","PokerPlayerMod:Spade5","PokerPlayerMod:Club1","PokerPlayerMod:Club2","PokerPlayerMod:Heart2","PokerPlayerMod:TrumpStrike","PokerPlayerMod:BadJoker","PokerPlayerMod:Mulligan","PokerPlayerMod:FillThePot","PokerPlayerMod:Spade4","PokerPlayerMod:Spade6","PokerPlayerMod:Club2","PokerPlayerMod:Club4","PokerPlayerMod:Club4","PokerPlayerMod:Club5","PokerPlayerMod:Club6","PokerPlayerMod:Diamond6","PokerPlayerMod:Club4","PokerPlayerMod:ClubDance","PokerPlayerMod:Club8","PokerPlayerMod:Harden+1","PokerPlayerMod:TheDieIsCast+1","PokerPlayerMod:ClubDance+1","J.A.X."],"relics":["PokerPlayerMod:DeckCase","REME_ComplimentaryCards","Golden Idol","Frozen Egg 2","Chameleon Ring","Velvet Choker","Red Mask","HandDrill","ReplayTheSpireMod:Lightbulb","Prayer Wheel"],"acts_visited":["Exordium","TheCity"],"potions_floor_usage":[31],"damage_taken":[{"damage":12,"enemies":"Small Slimes","floor":1,"turns":3},{"damage":6,"enemies":"2 Louse","floor":3,"turns":2},{"damage":18,"enemies":"Lagavulin","floor":6,"turns":4},{"damage":0,"enemies":"Replay:BlueRogue","floor":8,"turns":4},{"damage":2,"enemies":"Jaw Worm","floor":10,"turns":2},{"damage":0,"enemies":"Looter","floor":12,"turns":1},{"damage":0,"enemies":"Blue Slaver","floor":13,"turns":1},{"damage":14,"enemies":"Hexaghost","floor":16,"turns":8},{"damage":0,"enemies":"Spheric Guardian","floor":18,"turns":3},{"damage":9,"enemies":"Shell Parasite","floor":19,"turns":4},{"damage":9,"enemies":"Snake Plant","floor":20,"turns":2},{"damage":29,"enemies":"Chosen and Byrds","floor":21,"turns":5},{"damage":0,"enemies":"Masked Bandits","floor":22,"turns":1},{"damage":0,"enemies":"3 Cultists","floor":27,"turns":3},{"damage":8,"enemies":"Book of Stabbing","floor":29,"turns":5},{"damage":14,"enemies":"Centurion and Healer","floor":31,"turns":3}],"seed_played":"6499843423335204303","potions_obtained":[{"floor":8,"key":"PowerPotion"},{"floor":10,"key":"FearPotion"},{"floor":13,"key":"BlessingOfTheForge"},{"floor":22,"key":"Fire Potion"}],"is_trial":false,"path_per_floor":["M","?","M","$","?","E","R","E","T","M","$","M","M","?","R","B",null,"M","M","M","M","?","R","$","R","T","M","R","E","?","M"],"character_chosen":"THE_POKER_PLAYER","items_purchased":["PokerPlayerMod:Spade6","HandDrill"],"campfire_rested":1,"item_purchase_floors":[4,24],"current_hp_per_floor":[45,31,30,30,30,14,31,33,33,37,37,37,37,42,42,30,62,62,53,44,18,18,18,18,18,18,18,18,10,10,0,0,0],"gold":188,"neow_bonus":"TEN_PERCENT_HP_BONUS","is_daily":false,"chose_seed":false,"campfire_upgraded":4,"win_rate":0.0,"timestamp":1610470261,"path_taken":["M","?","M","$","?","E","R","E","T","M","$","M","M","?","R","BOSS","M","M","M","M","?","R","$","R","T","M","R","E","?","M"],"items_purchased_type":["Card","Relic"],"build_version":"2020-12-22","purchased_purges":2,"victory":false,"max_hp_per_floor":[57,57,57,57,57,57,57,57,57,57,57,57,57,62,62,62,62,62,62,62,62,62,62,62,62,62,62,62,62,62,62,62,62],"card_choices":[{"not_picked":["PokerPlayerMod:Diamond1","PokerPlayerMod:Diamond2"],"picked":"PokerPlayerMod:FillThePot","floor":1},{"not_picked":["PokerPlayerMod:HeartStrike","PokerPlayerMod:SpadeStrike"],"picked":"PokerPlayerMod:Spade4","floor":3},{"not_picked":["PokerPlayerMod:Diamond5","PokerPlayerMod:Club3"],"picked":"PokerPlayerMod:Diamond6","floor":6},{"not_picked":["PokerPlayerMod:Diamond1","PokerPlayerMod:ClubsClub"],"picked":"PokerPlayerMod:Club4","floor":8},{"not_picked":["PokerPlayerMod:Diamond4","PokerPlayerMod:Diamond2"],"picked":"PokerPlayerMod:ClubDance","floor":10},{"not_picked":["PokerPlayerMod:ClubsClub","PokerPlayerMod:DiamondStrike"],"picked":"PokerPlayerMod:Club8","floor":12},{"not_picked":["PokerPlayerMod:Raise","PokerPlayerMod:Spade3"],"picked":"PokerPlayerMod:Harden+1","floor":13},{"not_picked":["PokerPlayerMod:Club8","PokerPlayerMod:RoyalStrike"],"picked":"PokerPlayerMod:TheDieIsCast","floor":16},{"not_picked":["PokerPlayerMod:Diamond3","PokerPlayerMod:Club6"],"picked":"PokerPlayerMod:ClubDance+1","floor":18},{"not_picked":["PokerPlayerMod:FlyingCard","PokerPlayerMod:CloakAndDiamond+1","PokerPlayerMod:Club4"],"picked":"SKIP","floor":19},{"not_picked":["PokerPlayerMod:Diamond3","PokerPlayerMod:CloakAndDiamond","PokerPlayerMod:SecondChance"],"picked":"SKIP","floor":20},{"not_picked":["PokerPlayerMod:CloakAndDiamond","PokerPlayerMod:ClubDance","PokerPlayerMod:Spade1"],"picked":"SKIP","floor":21},{"not_picked":["PokerPlayerMod:Raise","PokerPlayerMod:HeartStrike","PokerPlayerMod:Manipulation+1"],"picked":"SKIP","floor":27},{"not_picked":["PokerPlayerMod:SecondChance","PokerPlayerMod:Raise","PokerPlayerMod:ClubDance+1"],"picked":"SKIP","floor":29}],"player_experience":177447,"relics_obtained":[{"floor":6,"key":"Frozen Egg 2"},{"floor":8,"key":"Chameleon Ring"},{"floor":22,"key":"Red Mask"},{"floor":26,"key":"ReplayTheSpireMod:Lightbulb"},{"floor":29,"key":"Prayer Wheel"}],"event_choices":[{"damage_healed":0,"gold_gain":0,"player_choice":"Take Damage","damage_taken":14,"relics_obtained":["Golden Idol"],"max_hp_gain":0,"max_hp_loss":0,"event_name":"Golden Idol","floor":2,"gold_loss":0},{"damage_healed":0,"gold_gain":0,"player_choice":"Jackpot","damage_taken":0,"max_hp_gain":0,"max_hp_loss":0,"event_name":"PokerPlayerMod:ExordiumClub","floor":5,"gold_loss":0,"cards_obtained":["PokerPlayerMod:Club2","PokerPlayerMod:Club3","PokerPlayerMod:Club4","PokerPlayerMod:Club5","PokerPlayerMod:Club6"]},{"damage_healed":0,"gold_gain":0,"player_choice":"Jackpot","damage_taken":0,"max_hp_gain":0,"max_hp_loss":0,"event_name":"PokerPlayerMod:ExordiumClub","floor":5,"gold_loss":0,"cards_obtained":["PokerPlayerMod:Club2","PokerPlayerMod:Club3","PokerPlayerMod:Club4","PokerPlayerMod:Club5","PokerPlayerMod:Club6"]},{"damage_healed":0,"gold_gain":0,"player_choice":"Jackpot","damage_taken":0,"max_hp_gain":0,"max_hp_loss":0,"event_name":"PokerPlayerMod:ExordiumClub","floor":5,"gold_loss":0,"cards_obtained":["PokerPlayerMod:Club2","PokerPlayerMod:Club3","PokerPlayerMod:Club4","PokerPlayerMod:Club5","PokerPlayerMod:Club6"]},{"damage_healed":0,"gold_gain":0,"player_choice":"Jackpot","damage_taken":0,"max_hp_gain":0,"max_hp_loss":0,"event_name":"PokerPlayerMod:ExordiumClub","floor":5,"gold_loss":0,"cards_obtained":["PokerPlayerMod:Club2","PokerPlayerMod:Club3","PokerPlayerMod:Club4","PokerPlayerMod:Club5","PokerPlayerMod:Club6"]},{"damage_healed":0,"gold_gain":0,"player_choice":"Jackpot","damage_taken":0,"max_hp_gain":0,"max_hp_loss":0,"event_name":"PokerPlayerMod:ExordiumClub","floor":5,"gold_loss":0,"cards_obtained":["PokerPlayerMod:Club2","PokerPlayerMod:Club3","PokerPlayerMod:Club4","PokerPlayerMod:Club5","PokerPlayerMod:Club6"]},{"damage_healed":0,"gold_gain":0,"player_choice":"Donut","damage_taken":0,"max_hp_gain":5,"max_hp_loss":0,"event_name":"Big Fish","floor":14,"gold_loss":0},{"damage_healed":0,"gold_gain":0,"player_choice":"Fought Bandits","damage_taken":0,"max_hp_gain":0,"max_hp_loss":0,"event_name":"Masked Bandits","floor":22,"gold_loss":0},{"damage_healed":0,"gold_gain":0,"player_choice":"Obtain J.A.X.","damage_taken":0,"max_hp_gain":0,"max_hp_loss":0,"event_name":"Drug Dealer","floor":30,"gold_loss":0,"cards_obtained":["J.A.X."]}],"is_beta":false,"boss_relics":[{"not_picked":["PokerPlayerMod:AceCard","Painkiller Herb"],"picked":"Velvet Choker"}],"items_purged_floors":[11,24],"is_endless":false,"potions_floor_spawned":[8,10,13,18,21,22,27],"killed_by":"Centurion and Healer","ascension_level":0}}