{"host":"z9mq1tf06lkrncmk","time":1610467244,"event":{"mods":["BaseMod","Downfall","Minty Spire (QoL Compilation)","StSLib"],"gold_per_floor":[99,112,130,130,147,157,157,191,216,216,141,160,175,195,215,310,310,310,410,241,256,85,85,85,101,114,114,114,125,125,110,121,216,216,216,228,228,56,56,56,56,109,134,134,151,164,213,246,265,265],"floor_reached":51,"playtime":3050,"items_purged":["sneckomod:SnekBite"],"score":736,"play_id":"0fec8237-13c6-4150-9eb3-731a87401e18","local_time":"20210112110044","is_ascension_mode":false,"campfire_choices":[{"data":"sneckomod:MorePower","floor":1,"key":"SMITH"},{"floor":11,"key":"REST"},{"data":"sneckomod:TailWhip","floor":18,"key":"SMITH"},{"floor":23,"key":"REST"},{"data":"sneckomod:CheapStock","floor":27,"key":"SMITH"},{"floor":30,"key":"REST"},{"data":"sneckomod:MasterEye","floor":35,"key":"SMITH"},{"floor":40,"key":"REST"},{"floor":44,"key":"REST"}],"circlet_count":0,"master_deck":["sneckomod:Strike","sneckomod:Strike","sneckomod:Strike","sneckomod:Defend","sneckomod:Defend","sneckomod:Defend+1","sneckomod:TailWhip+1","sneckomod:Unknown","sneckomod:Unknown","sneckomod:MorePower+1","sneckomod:UnknownColorless+1","sneckomod:Unknown0Cost+1","sneckomod:DiceBlock","sneckomod:UnknownClassRED+1","sneckomod:RainOfDice","sneckomod:SnakeSap","sneckomod:UnknownClassHEXA_GHOST_PURPLE+1","sneckomod:UnknownUncommonAttack+1","sneckomod:UnknownStrike+1","sneckomod:UnknownClassGREEN+1","sneckomod:WideSting","sneckomod:Unknown3Cost+1","sneckomod:UnknownStrength+1","sneckomod:UnknownBlock+1","sneckomod:Unknown0Cost+1","sneckomod:CheapStock+1","sneckomod:UnknownDexterity+1","sneckomod:Cheat","sneckomod:Unknown3Cost+1","sneckomod:MasterEye+1","sneckomod:UnknownRareSkill+1","sneckomod:UnknownRarePower+1","sneckomod:UnknownRareSkill+1","sneckomod:Restock","sneckomod:UnknownStrength+1","sneckomod:SerpentIdol+1"],"relics":["sneckomod:SneckoSoul","Meat on the Bone","sneckomod:ConfusingCodex","Odd Mushroom","downfall:HeartBlessingGreen","Runic Pyramid","Potion Belt","Bottled Tornado","SlaversCollar","Lantern","Centennial Puzzle","War Paint","Bag of Marbles","Smiling Mask","Happy Flower","Pantograph"],"acts_visited":["Exordium","TheCity","TheBeyond"],"potions_floor_usage":[8,9,13,16,16,16,26,29,33,33,33,33,43,45,46,46,50,50,50],"damage_taken":[{"damage":0,"enemies":"Small Slimes","floor":2,"turns":3},{"damage":0,"enemies":"Cultist","floor":3,"turns":3},{"damage":11,"enemies":"Jaw Worm","floor":5,"turns":2},{"damage":0,"enemies":"3 Louse","floor":6,"turns":1},{"damage":15,"enemies":"3 Sentries","floor":8,"turns":7},{"damage":8,"enemies":"The Mushroom Lair","floor":9,"turns":5},{"damage":0,"enemies":"2 Fungi Beasts","floor":12,"turns":2},{"damage":9,"enemies":"Gremlin Gang","floor":13,"turns":4},{"damage":0,"enemies":"Exordium Thugs","floor":14,"turns":4},{"damage":7,"enemies":"3 Louse","floor":15,"turns":2},{"damage":67,"enemies":"downfall:Silent","floor":16,"turns":8},{"damage":20,"enemies":"downfall:LadyInBlue","floor":19,"turns":9},{"damage":0,"enemies":"downfall:FleeingMerchant","floor":20,"turns":4},{"damage":2,"enemies":"Shell Parasite","floor":21,"turns":7},{"damage":10,"enemies":"downfall:FleeingMerchant","floor":22,"turns":4},{"damage":27,"enemies":"Centurion and Healer","floor":25,"turns":8},{"damage":8,"enemies":"Shelled Parasite and Fungi","floor":26,"turns":4},{"damage":31,"enemies":"3 Cultists","floor":28,"turns":4},{"damage":14,"enemies":"Snake Plant","floor":29,"turns":5},{"damage":0,"enemies":"downfall:FleeingMerchant","floor":31,"turns":4},{"damage":23,"enemies":"Chosen and Byrds","floor":32,"turns":7},{"damage":35,"enemies":"downfall:Watcher","floor":33,"turns":8},{"damage":19,"enemies":"3 Shapes","floor":36,"turns":9},{"damage":0,"enemies":"downfall:FleeingMerchant","floor":38,"turns":4},{"damage":48,"enemies":"Reptomancer","floor":43,"turns":5},{"damage":36,"enemies":"3 Darklings","floor":45,"turns":6},{"damage":32,"enemies":"4 Shapes","floor":46,"turns":8},{"damage":36,"enemies":"Nemesis","floor":48,"turns":5},{"damage":16,"enemies":"Jaw Worm Horde","floor":49,"turns":6},{"damage":11,"enemies":"downfall:Defect","floor":50,"turns":7}],"seed_played":"6345840297542879962","potions_obtained":[{"floor":2,"key":"SkillPotion"},{"floor":4,"key":"Swift Potion"},{"floor":4,"key":"sneckomod:OffclassReductionPotion"},{"floor":8,"key":"sneckomod:DiceRollPotion"},{"floor":13,"key":"BlessingOfTheForge"},{"floor":19,"key":"EntropicBrew"},{"floor":19,"key":"Ancient Potion"},{"floor":19,"key":"FairyPotion"},{"floor":21,"key":"LiquidBronze"},{"floor":25,"key":"SteroidPotion"},{"floor":26,"key":"PowerPotion"},{"floor":33,"key":"Swift Potion"},{"floor":36,"key":"SteroidPotion"},{"floor":45,"key":"sneckomod:MuddlingPotion"},{"floor":49,"key":"sneckomod:DiceRollPotion"}],"is_trial":false,"path_per_floor":["R","M","M","?","M","M","T","E","?","?","R","M","M","M","M","B",null,"R","?","$","M","$","R","T","M","M","R","M","M","R","$","M","B",null,"R","M","?","$","?","R","T","T","E","R","M","M","T","E","M","B",null],"character_chosen":"THE_SNECKO","items_purchased":["sneckomod:CheapStock","sneckomod:Cheat","Lantern"],"campfire_rested":5,"item_purchase_floors":[20,22,38],"current_hp_per_floor":[90,92,93,93,83,83,83,69,62,62,90,91,83,84,78,24,101,101,81,82,80,71,101,101,90,82,82,63,61,92,93,72,51,107,107,88,88,88,88,107,107,107,71,103,67,47,47,24,20,46],"gold":265,"neow_bonus":"ONE_RANDOM_RARE_CARD","is_daily":false,"chose_seed":false,"campfire_upgraded":4,"win_rate":0.0,"timestamp":1610467244,"path_taken":["R","M","M","?","?","M","T","E","?","?","R","M","M","M","M","BOSS","R","?","$","?","$","R","T","M","M","R","M","M","R","$","M","BOSS","R","M","?","?","?","R","T","?","E","R","M","?","?","E","M","BOSS"],"items_purchased_type":["Card","Card","Relic"],"build_version":"2020-12-22","purchased_purges":1,"victory":true,"max_hp_per_floor":[90,92,93,93,94,94,94,95,96,96,96,97,98,99,100,101,101,101,101,102,102,103,103,103,104,104,104,104,104,104,105,105,107,107,107,107,107,107,107,107,107,107,107,107,107,107,107,108,108,108],"card_choices":[{"not_picked":["sneckomod:UnknownWeak+1","sneckomod:UnknownUncommonSkill+1"],"picked":"sneckomod:UnknownColorless+1","floor":2},{"not_picked":["sneckomod:MasterEye","sneckomod:Unknown1Cost"],"picked":"sneckomod:UnknownStrike","floor":2},{"not_picked":["sneckomod:UnknownClassBLUE+1","sneckomod:Unknown1Cost+1"],"picked":"sneckomod:Unknown0Cost+1","floor":3},{"not_picked":["sneckomod:UnknownClassRED","sneckomod:Nope"],"picked":"sneckomod:DiceBlock","floor":3},{"not_picked":["sneckomod:UnknownUncommonAttack+1","sneckomod:Unknown1Cost+1"],"picked":"sneckomod:UnknownClassRED+1","floor":5},{"not_picked":["sneckomod:UnknownClassGUARDIAN","sneckomod:PureSnecko"],"picked":"sneckomod:RainOfDice","floor":5},{"not_picked":["sneckomod:UnknownClassRED","sneckomod:UnknownCommonSkill"],"picked":"sneckomod:SnakeSap","floor":6},{"not_picked":["sneckomod:UnknownUncommonPower+1","sneckomod:Unknown1Cost+1"],"picked":"sneckomod:UnknownClassHEXA_GHOST_PURPLE+1","floor":8},{"not_picked":["sneckomod:Rotation","sneckomod:DiceBlock","sneckomod:RainOfDice"],"picked":"SKIP","floor":8},{"not_picked":["sneckomod:UnknownEthereal+1","sneckomod:UnknownClassSLIMEBOUND+1"],"picked":"sneckomod:UnknownUncommonAttack+1","floor":9},{"not_picked":["sneckomod:UnknownClassHEXA_GHOST_PURPLE+1","sneckomod:UnknownClassBLUE+1"],"picked":"sneckomod:UnknownStrike+1","floor":12},{"not_picked":["sneckomod:SoulCleanse","sneckomod:DangerNoodle","sneckomod:UnknownWeak"],"picked":"SKIP","floor":12},{"not_picked":["sneckomod:UnknownWeak+1","sneckomod:Unknown2Cost+1"],"picked":"sneckomod:UnknownClassGREEN+1","floor":13},{"not_picked":["sneckomod:UnknownBlock","sneckomod:ImprovisedGuard"],"picked":"sneckomod:WideSting","floor":13},{"not_picked":["sneckomod:UnknownX+1","sneckomod:UnknownClassSLIMEBOUND+1"],"picked":"sneckomod:Unknown3Cost+1","floor":14},{"not_picked":["sneckomod:IronFang","sneckomod:UnknownClassGUARDIAN","sneckomod:UnknownBlock"],"picked":"SKIP","floor":14},{"not_picked":["sneckomod:UnknownEthereal+1","sneckomod:UnknownClassGREEN+1"],"picked":"sneckomod:UnknownStrength+1","floor":15},{"not_picked":["sneckomod:Nope","sneckomod:UnknownVulnerable","sneckomod:SoulDraw"],"picked":"SKIP","floor":15},{"not_picked":["sneckomod:UnknownStrength+1","sneckomod:UnknownClassRED+1"],"picked":"sneckomod:UnknownBlock+1","floor":16},{"not_picked":["sneckomod:UnknownUncommonAttack+1","sneckomod:Unknown1Cost+1"],"picked":"sneckomod:Unknown0Cost+1","floor":20},{"not_picked":["sneckomod:UnlimitedRolls","sneckomod:Mudshield","sneckomod:UnknownCommonAttack+1"],"picked":"SKIP","floor":20},{"not_picked":["sneckomod:Unknown1Cost+1","sneckomod:UnknownEthereal+1","sneckomod:UnknownStrike+1"],"picked":"SKIP","floor":21},{"not_picked":["sneckomod:UnknownVulnerable+1","sneckomod:SlitherStrike","sneckomod:UnknownBlock"],"picked":"SKIP","floor":21},{"not_picked":["sneckomod:UnknownVulnerable+1","sneckomod:UnknownClassPURPLE+1"],"picked":"sneckomod:UnknownDexterity+1","floor":22},{"not_picked":["sneckomod:SoulRoll","sneckomod:QuickBite","sneckomod:Mudshield"],"picked":"SKIP","floor":22},{"not_picked":["sneckomod:UnknownClassHEXA_GHOST_PURPLE+1","sneckomod:UnknownClassPURPLE+1"],"picked":"sneckomod:Unknown3Cost+1","floor":25},{"not_picked":["sneckomod:UnknownStrike","sneckomod:RainOfDice+1"],"picked":"sneckomod:MasterEye","floor":25},{"not_picked":["sneckomod:DefensiveFlair","sneckomod:UnknownWeak","sneckomod:DiceBlock"],"picked":"SKIP","floor":26},{"not_picked":["sneckomod:UnknownUncommonAttack+1","sneckomod:UnknownClassHEXA_GHOST_PURPLE+1","sneckomod:UnknownWeak+1"],"picked":"SKIP","floor":28},{"not_picked":["sneckomod:SoulDraw+1","sneckomod:SnekBeam","sneckomod:UnknownBlock"],"picked":"SKIP","floor":28},{"not_picked":["sneckomod:DiceBlock","sneckomod:SoulCleanse","sneckomod:SoulRoll"],"picked":"SKIP","floor":29},{"not_picked":["sneckomod:UnknownUncommonSkill+1","sneckomod:UnknownStrike+1"],"picked":"sneckomod:UnknownRareSkill+1","floor":31},{"not_picked":["sneckomod:UnknownClassPURPLE","sneckomod:DiceBlock","sneckomod:SerpentIdol+1"],"picked":"SKIP","floor":31},{"not_picked":["sneckomod:UnknownClassGREEN+1","sneckomod:UnknownClassPURPLE+1","sneckomod:Unknown2Cost+1"],"picked":"SKIP","floor":32},{"not_picked":["sneckomod:UnknownClassTHE_CHAMP_GRAY","sneckomod:UnknownUncommonAttack+1","sneckomod:Unknown1Cost"],"picked":"SKIP","floor":32},{"not_picked":["sneckomod:UnknownExhaust+1","sneckomod:UnknownDexterity+1"],"picked":"sneckomod:UnknownRarePower+1","floor":33},{"not_picked":["sneckomod:Unknown3Cost","sneckomod:UnknownRareAttack"],"picked":"sneckomod:UnknownRareSkill","floor":33},{"not_picked":["sneckomod:RainOfDice","sneckomod:ImprovisedGuard"],"picked":"sneckomod:Restock","floor":36},{"not_picked":["sneckomod:UnknownExhaust+1","sneckomod:UnknownClassBLUE+1","sneckomod:Unknown2Cost+1"],"picked":"SKIP","floor":36},{"not_picked":["sneckomod:UnknownUncommonSkill","sneckomod:UnknownClassPURPLE","sneckomod:UnknownClassGUARDIAN"],"picked":"SKIP","floor":38},{"not_picked":["sneckomod:UnknownStrike+1","sneckomod:UnknownCommonAttack+1","sneckomod:UnknownClassPURPLE+1"],"picked":"SKIP","floor":43},{"not_picked":["sneckomod:UnknownStrike+1","sneckomod:UnknownRarePower","sneckomod:UnknownCommonSkill+1"],"picked":"SKIP","floor":43},{"not_picked":["sneckomod:UnknownVulnerable","sneckomod:SoulRoll","sneckomod:UnknownBlock"],"picked":"SKIP","floor":45},{"not_picked":["sneckomod:UnknownUncommonAttack+1","sneckomod:UnknownCommonAttack+1","sneckomod:UnknownClassHEXA_GHOST_PURPLE+1"],"picked":"SKIP","floor":46},{"not_picked":["sneckomod:SerpentIdol","sneckomod:UnknownClassGUARDIAN","sneckomod:SoulCleanse+1"],"picked":"SKIP","floor":46},{"not_picked":["sneckomod:UnknownClassHEXA_GHOST_PURPLE+1","sneckomod:UnknownClassBLUE+1"],"picked":"sneckomod:UnknownStrength+1","floor":48},{"not_picked":["sneckomod:UnknownVulnerable+1","sneckomod:UnknownCommonSkill"],"picked":"sneckomod:SerpentIdol+1","floor":48},{"not_picked":["sneckomod:UnknownWeak","sneckomod:Nope","sneckomod:UnknownClassBLUE+1"],"picked":"SKIP","floor":49}],"player_experience":343701,"relics_obtained":[{"floor":7,"key":"Meat on the Bone"},{"floor":8,"key":"sneckomod:ConfusingCodex"},{"floor":9,"key":"Odd Mushroom"},{"floor":19,"key":"Potion Belt"},{"floor":24,"key":"Bottled Tornado"},{"floor":39,"key":"Centennial Puzzle"},{"floor":41,"key":"War Paint"},{"floor":42,"key":"Bag of Marbles"},{"floor":43,"key":"Smiling Mask"},{"floor":47,"key":"Happy Flower"},{"floor":48,"key":"Pantograph"}],"event_choices":[{"damage_healed":0,"gold_gain":0,"player_choice":"Got Potions","damage_taken":0,"max_hp_gain":0,"max_hp_loss":0,"event_name":"Lab","floor":4,"gold_loss":0},{"damage_healed":0,"gold_gain":0,"player_choice":"Fought Mushrooms","damage_taken":0,"max_hp_gain":0,"max_hp_loss":0,"event_name":"Mushrooms","floor":9,"gold_loss":0},{"cards_removed":["sneckomod:UnknownStrike"],"damage_healed":0,"gold_gain":0,"player_choice":"Card Removal","damage_taken":0,"max_hp_gain":0,"max_hp_loss":0,"event_name":"The Cleric","floor":10,"gold_loss":0},{"damage_healed":0,"gold_gain":0,"player_choice":"Ignored","damage_taken":0,"max_hp_gain":0,"max_hp_loss":0,"event_name":"Transmorgrifier","floor":37,"gold_loss":0}],"is_beta":false,"boss_relics":[{"not_picked":["SacredBark","Coffee Dripper"],"picked":"Runic Pyramid"},{"not_picked":["Runic Dome","Calling Bell"],"picked":"SlaversCollar"}],"items_purged_floors":[20],"is_endless":false,"potions_floor_spawned":[2,6,8,12,13,21,25,26,33,36,45,49],"ascension_level":0}}