{"host":"z9mq1tf06lkrncmk","time":1610464100,"event":{"mods":["BaseMod","Downfall","Minty Spire (QoL Compilation)","StSLib"],"gold_per_floor":[99,116,216,234,334,17,17,27,52,66,66,16,36,36,56,154,154,104,104,104,104,104,104,104,54,39,39,39,39,39,39,39,39,39,39,39,39,39,39,39,39,39,39,39,39,39,39,39,39,39],"floor_reached":51,"playtime":2284,"items_purged":[],"score":878,"play_id":"31297f1e-5956-4f93-b43a-813f735a53a1","local_time":"20210112100820","is_ascension_mode":true,"campfire_choices":[{"data":"Slimebound:CorrosiveSpit","floor":1.0,"key":"SMITH"},{"data":"Slimebound:AcidTongue","floor":12,"key":"SMITH"},{"data":"Slimebound:PrepareCrush","floor":18,"key":"SMITH"},{"data":"Slimebound:RainOfGoop","floor":25,"key":"SMITH"},{"data":"Slimebound:Recollect","floor":30,"key":"SMITH"},{"floor":35,"key":"RECALL"},{"floor":42,"key":"REST"},{"floor":44,"key":"REST"},{"floor":47,"key":"REST"}],"circlet_count":0,"master_deck":["Slimebound:Strike_Slimebound+1","Slimebound:Strike_Slimebound+1","Slimebound:Strike_Slimebound+1","Slimebound:Defend_Slimebound+1","Slimebound:Defend_Slimebound+1","Slimebound:Defend_Slimebound+1","Slimebound:Split","Slimebound:CorrosiveSpit+1","Slimebound:Schlurp","Slimebound:LivingWall+1","Slimebound:DivideAndConquer","Slimebound:HauntingLick","Slimebound:AcidTongue+1","Slimebound:Recollect+1","Slimebound:SplitAcid","Slimebound:GrowthPunch","Slimebound:Equalize","Slimebound:LeechingTouch","Slimebound:RallyTheTroops","Slimebound:SlimeSpikes","Slimebound:PrepareCrush+1","Slimebound:PressTheAttack","Slimebound:OozeBath","Slimebound:RainOfGoop+1","Slimebound:RejuvenatingLick","Slimebound:Gluttony+1","Slimebound:FormOfPuddle+1","Slimebound:Nibble"],"relics":["Slimebound:AbsorbEndCombat","MealTicket","Eternal Feather","Centennial Puzzle","Slimebound:GreedOozeRelic","downfall:Hecktoplasm","Bottled Tornado","Strawberry","Fusion Hammer","Toxic Egg 2","downfall:GremlinWheel","Letter Opener","downfall:HeartBlessingRed"],"acts_visited":["Exordium","TheCity","TheBeyond"],"potions_floor_usage":[16,21,28,33,33,40,50,50,50],"damage_taken":[{"damage":4.0,"enemies":"Small Slimes","floor":2.0,"turns":3.0},{"damage":8.0,"enemies":"2 Louse","floor":4.0,"turns":2.0},{"damage":34.0,"enemies":"downfall:Heads","floor":5.0,"turns":5.0},{"damage":4.0,"enemies":"downfall:FleeingMerchant","floor":6.0,"turns":4.0},{"damage":4.0,"enemies":"Jaw Worm","floor":8.0,"turns":2.0},{"damage":30,"enemies":"Lagavulin","floor":9,"turns":6},{"damage":9,"enemies":"2 Fungi Beasts","floor":10,"turns":2},{"damage":26,"enemies":"Lots of Slimes","floor":13,"turns":3},{"damage":17,"enemies":"Exordium Thugs","floor":15,"turns":4},{"damage":17,"enemies":"downfall:Ironclad","floor":16,"turns":8},{"damage":0,"enemies":"Spheric Guardian","floor":19,"turns":3},{"damage":0,"enemies":"Chosen","floor":20,"turns":3},{"damage":14,"enemies":"Snake Plant","floor":21,"turns":4},{"damage":4,"enemies":"downfall:FleeingMerchant","floor":26,"turns":4},{"damage":39,"enemies":"Slavers","floor":28,"turns":4},{"damage":11,"enemies":"3 Cultists","floor":29,"turns":3},{"damage":7,"enemies":"Cultist and Chosen","floor":32,"turns":4},{"damage":35,"enemies":"downfall:Silent","floor":33,"turns":5},{"damage":14,"enemies":"Orb Walker","floor":36,"turns":3},{"damage":13,"enemies":"3 Shapes","floor":38,"turns":4},{"damage":6,"enemies":"3 Shapes","floor":40,"turns":2},{"damage":4,"enemies":"3 Darklings","floor":43,"turns":3},{"damage":14,"enemies":"Maw","floor":45,"turns":6},{"damage":15,"enemies":"Sphere and 2 Shapes","floor":46,"turns":3},{"damage":14,"enemies":"Transient","floor":48,"turns":5},{"damage":12,"enemies":"4 Shapes","floor":49,"turns":4},{"damage":43,"enemies":"downfall:Defect","floor":50,"turns":7}],"seed_played":"-2875242939213234557","potions_obtained":[{"floor":8,"key":"Weak Potion"},{"floor":9,"key":"GamblersBrew"},{"floor":13,"key":"DuplicationPotion"},{"floor":21,"key":"SkillPotion"},{"floor":28,"key":"champ:CounterPotion"},{"floor":29,"key":"BlessingOfTheForge"},{"floor":33,"key":"Dexterity Potion"},{"floor":36,"key":"SkillPotion"},{"floor":43,"key":"Dexterity Potion"},{"floor":45,"key":"Slimebound:SlimedPotion"}],"is_trial":false,"path_per_floor":["R","M","?","M","?","$","T","M","E","M","?","R","M","?","M","B",null,"R","M","M","M","?","?","T","R","$","?","E","M","R","?","M","B",null,"R","M","?","M","T","?","T","R","M","R","M","M","R","M","M","B",null],"character_chosen":"SLIMEBOUND","items_purchased":["Slimebound:AcidTongue","Slimebound:Recollect","Bronze Scales"],"campfire_rested":3,"item_purchase_floors":[6,6,6],"current_hp_per_floor":[60,60,60,58,38,59,59,60,44,41,41,50,34,34,31,34,60,60,60,60,54,54,54,54,60,60,60,40,45,60,60,67,46,67,67,63,77,77,77,73,73,77,77,77,77,74,77,77,75,54],"gold":39,"neow_bonus":"RANDOM_COMMON_RELIC","is_daily":false,"chose_seed":false,"campfire_upgraded":5,"win_rate":0.0,"timestamp":1610464100,"path_taken":["R","M","?","M","?","$","T","M","E","M","?","R","M","?","M","BOSS","R","M","M","?","?","?","T","R","$","?","E","?","R","?","M","BOSS","R","M","?","?","?","?","T","R","?","R","M","M","R","M","M","BOSS"],"items_purchased_type":["Card","Card","Relic"],"build_version":"2020-12-22","purchased_purges":0,"victory":true,"max_hp_per_floor":[60,60,60,60,60,60,60,60,60,60,60,60,60,60,60,60,60,60,60,60,60,60,60,60,60,60,60,67,67,67,67,67,67,67,67,67,77,77,77,77,77,77,77,77,77,77,77,77,77,77],"card_choices":[{"not_picked":["Slimebound:SplitLeeching","Slimebound:DivideAndConquer"],"picked":"Slimebound:Schlurp","floor":2.0},{"not_picked":["Slimebound:SplitMire","Slimebound:RollThrough"],"picked":"Slimebound:LivingWall","floor":4.0},{"not_picked":["Slimebound:FormOfPuddle","Slimebound:FinishingTackle"],"picked":"Slimebound:HauntingLick","floor":5.0},{"not_picked":["Slimebound:ProtectTheBoss","Slimebound:BestDefense","Slimebound:SplitBruiser"],"picked":"SKIP","floor":6.0},{"not_picked":["Slimebound:DivideAndConquer","Slimebound:ProtectTheBoss"],"picked":"Slimebound:SplitAcid","floor":8},{"not_picked":["Slimebound:RainOfGoop","Slimebound:PrepareCrush"],"picked":"Slimebound:GrowthPunch","floor":9},{"not_picked":["Slimebound:LeechEnergy","Slimebound:ComboTackle"],"picked":"Slimebound:Equalize","floor":10},{"not_picked":["Slimebound:SlimeBrawl","Slimebound:GrowthPunch"],"picked":"Slimebound:LeechingTouch","floor":13},{"not_picked":["Slimebound:Repurpose","Slimebound:ViciousTackle"],"picked":"Slimebound:SlimeSpikes","floor":15},{"not_picked":["Slimebound:MinionMaster","Slimebound:CheckThePlaybook"],"picked":"Slimebound:PrepareCrush","floor":16},{"not_picked":["Slimebound:LeechingTouch","Slimebound:LeechEnergy"],"picked":"Slimebound:PressTheAttack","floor":19},{"not_picked":["Slimebound:LeechingTouch","Slimebound:FinishingTackle+1"],"picked":"Slimebound:OozeBath","floor":20},{"not_picked":["Slimebound:Schlurp","Slimebound:SplitBruiser"],"picked":"Slimebound:RainOfGoop","floor":21},{"not_picked":["Slimebound:SplitMire+1","Slimebound:Recollect"],"picked":"Slimebound:RejuvenatingLick","floor":26},{"not_picked":["Slimebound:DuplicatedForm","Slimebound:LeechingTouch","Slimebound:GrowthPunch+1"],"picked":"SKIP","floor":28},{"not_picked":["Slimebound:GoopTackle","Slimebound:SplitBruiser"],"picked":"Slimebound:Gluttony+1","floor":29},{"not_picked":["Slimebound:LeechingTouch","Slimebound:LeechEnergy+1","Slimebound:SplitMire"],"picked":"SKIP","floor":32},{"not_picked":["Slimebound:Teamwork","Slimebound:CheckThePlaybook"],"picked":"Slimebound:MassRepurpose","floor":33},{"not_picked":["Slimebound:LevelUp+1","Slimebound:SplitBruiser","Slimebound:RollThrough"],"picked":"SKIP","floor":36},{"not_picked":["Slimebound:Chomp","Slimebound:FirmFortitude","Slimebound:SlimeBarrage+1"],"picked":"SKIP","floor":38},{"not_picked":["Slimebound:RainOfGoop+1","Slimebound:Replication+1","Slimebound:LeechingTouch+1"],"picked":"SKIP","floor":43},{"not_picked":["Slimebound:LeechEnergy","Slimebound:LeechingTouch","Slimebound:GoopSpray+1"],"picked":"SKIP","floor":45},{"not_picked":["Slimebound:LeechEnergy+1","Slimebound:GoopSpray+1"],"picked":"Slimebound:FormOfPuddle+1","floor":46},{"not_picked":["Slimebound:SplitMire+1","Slimebound:SamplingLick+1"],"picked":"Slimebound:Nibble","floor":48},{"not_picked":["Slimebound:OneTwoCombo","Slimebound:Schlurp+1","Slimebound:LeechingTouch+1"],"picked":"SKIP","floor":49}],"player_experience":341417,"relics_obtained":[{"floor":7.0,"key":"Eternal Feather"},{"floor":9,"key":"Centennial Puzzle"},{"floor":24,"key":"Bottled Tornado"},{"floor":28,"key":"Strawberry"},{"floor":39,"key":"Toxic Egg 2"},{"floor":40,"key":"downfall:GremlinWheel"},{"floor":41,"key":"Letter Opener"}],"event_choices":[{"damage_healed":0,"gold_gain":0,"player_choice":"Ignored","damage_taken":0,"max_hp_gain":0,"max_hp_loss":0,"event_name":"Ghosts","floor":22,"gold_loss":0},{"damage_healed":0,"gold_gain":0,"player_choice":"Simplicity","damage_taken":0,"max_hp_gain":0,"max_hp_loss":0,"event_name":"Back to Basics","floor":27,"gold_loss":0,"cards_upgraded":["Slimebound:Strike_Slimebound","Slimebound:Strike_Slimebound","Slimebound:Strike_Slimebound","Slimebound:Defend_Slimebound","Slimebound:Defend_Slimebound","Slimebound:Defend_Slimebound"]},{"cards_removed":["Slimebound:MassRepurpose"],"damage_healed":4,"gold_gain":0,"player_choice":"Offered Rare","damage_taken":0,"max_hp_gain":10,"max_hp_loss":0,"event_name":"Bonfire Elementals","floor":37,"gold_loss":0},{"damage_healed":0,"gold_gain":300,"player_choice":"Gold","damage_taken":0,"max_hp_gain":0,"max_hp_loss":0,"event_name":"Wheel of Change","floor":47,"gold_loss":0}],"is_beta":false,"boss_relics":[{"not_picked":["Runic Dome","Coffee Dripper"],"picked":"downfall:Hecktoplasm"},{"not_picked":["Pandora\u0027s Box","Runic Pyramid"],"picked":"Fusion Hammer"}],"items_purged_floors":[],"is_endless":false,"potions_floor_spawned":[8,9,13,15,21,28,29,33,36,43,45,49],"ascension_level":1}}