{"host":"s794kqxf2n1qz2yr","time":1610441210,"event":{"mods":["100% Spire Juice","2.2 Compatiblity","AchievementEnabler","Aspiration","BaseMod","ChefMod","Downfall","Friendly Minions","Hermit","Hyrulean Relics","Minty Spire (QoL Compilation)","Permanent Neow","StSLib","The Animator"],"gold_per_floor":[111,111,111,38,38,38,72,72,72,91,91,91,124,142,142,240,240,251,263,31,31,31,31,57,76,103,103,103,118,118,135,135,232,232,242,242,72,72,84,84,117,130,130,164,175,185,185,185,185,185],"floor_reached":51,"playtime":3025,"items_purged":["Guardian:Aged"],"score":1017,"play_id":"a8c07839-7a89-48f6-97a8-9dde96656122","local_time":"20210112084650","daily_mods":["SealedDeck"],"is_ascension_mode":true,"campfire_choices":[{"data":"Guardian:PrismaticBarrier","floor":6,"key":"SMITH"},{"data":"Guardian:CrystalBeam","floor":12,"key":"SMITH"},{"data":"Guardian:CrystalBeam","floor":15,"key":"SMITH"},{"data":"Guardian:PiercingHide","floor":23,"key":"SMITH"},{"data":"Guardian:PrismaticBeam","floor":27,"key":"SMITH"},{"data":"Guardian:PiercingHide","floor":30,"key":"SMITH"},{"data":"Guardian:Incinerate","floor":32,"key":"SMITH"}],"circlet_count":0,"master_deck":["Guardian:PiercingHide+1","Guardian:PiercingHide+1","Guardian:CrystalBeam+1","Guardian:CrystalBeam+1","Guardian:PrismaticBarrier+1","Guardian:Planning+1","Guardian:Suspension+1","Guardian:DecasProtection+1","Guardian:ExploitGems+1","Finesse+1","Guardian:Incinerate+1","Guardian:Suspension+1","Guardian:PrismaticBeam+1","Guardian:TimeSifter+1","Guardian:Suspension+1","Parasite","Guardian:Suspension+1"],"relics":["Guardian:ModeShifter","Toxic Egg 2","TungstenRod","Frozen Egg 2","Singing Bowl","Sozu","Question Card","Strawberry","Coffee Dripper","Guardian:StasisEgg","aspiration:HiddenCompartment","aspiration:StickyExplosives_weak","aspiration:ChemicalBlood","Pocketwatch"],"acts_visited":["Exordium","TheCity","TheBeyond"],"potions_floor_usage":[33,45,46],"damage_taken":[{"damage":6,"enemies":"Cultist","floor":1,"turns":4},{"damage":0,"enemies":"3 Sentries","floor":7,"turns":7},{"damage":3,"enemies":"Jaw Worm","floor":10,"turns":2},{"damage":0,"enemies":"Gremlin Nob","floor":13,"turns":4},{"damage":0,"enemies":"2 Louse","floor":14,"turns":2},{"damage":0,"enemies":"The Guardian","floor":16,"turns":7},{"damage":0,"enemies":"Spheric Guardian","floor":18,"turns":3},{"damage":0,"enemies":"3 Byrds","floor":19,"turns":2},{"damage":0,"enemies":"Gremlin Leader","floor":24,"turns":3},{"damage":0,"enemies":"Snake Plant","floor":25,"turns":1},{"damage":0,"enemies":"Cultist and Chosen","floor":29,"turns":3},{"damage":0,"enemies":"Centurion and Healer","floor":31,"turns":2},{"damage":7,"enemies":"Collector","floor":33,"turns":4},{"damage":0,"enemies":"Orb Walker","floor":35,"turns":2},{"damage":0,"enemies":"3 Shapes","floor":39,"turns":4},{"damage":0,"enemies":"Reptomancer","floor":41,"turns":4},{"damage":0,"enemies":"Maw","floor":42,"turns":4},{"damage":7,"enemies":"Nemesis","floor":44,"turns":5},{"damage":0,"enemies":"Writhing Mass","floor":45,"turns":4},{"damage":14,"enemies":"Jaw Worm Horde","floor":46,"turns":4},{"damage":6,"enemies":"Awakened One","floor":50,"turns":6}],"seed_played":"-3743184613853613589","potions_obtained":[{"floor":7,"key":"BlessingOfTheForge"},{"floor":10,"key":"Regen Potion"},{"floor":13,"key":"hexamod:EctoCoolerPotion"}],"is_trial":true,"path_per_floor":["M","?","?","$","$","R","E","?","T","M","?","R","E","M","R","B",null,"M","M","$","?","?","R","E","M","T","R","$","M","R","M","R","B",null,"M","?","$","?","M","R","E","M","T","E","M","M","R","T","R","B",null],"character_chosen":"GUARDIAN","items_purchased":["Guardian:Planning+1","Guardian:Gem_Red","Guardian:Gem_Green","Finesse+1","Guardian:Incinerate","Guardian:Gem_Red","Guardian:Suspension+1","Guardian:Gem_Lightblue"],"campfire_rested":0,"item_purchase_floors":[4,4,20,20,20,20,37,37],"current_hp_per_floor":[74,74,74,74,74,74,74,74,74,71,79,79,79,79,79,79,80,82,82,82,82,82,82,82,82,89,89,89,89,89,91,91,84,91,91,91,91,91,93,93,95,95,95,88,88,85,85,85,85,79],"gold":185,"neow_bonus":"","is_daily":false,"chose_seed":false,"campfire_upgraded":7,"win_rate":0.0,"timestamp":1610441210,"path_taken":["M","?","?","?","$","R","E","?","T","M","?","R","E","?","R","BOSS","M","M","$","?","?","R","E","M","T","R","?","M","R","M","R","BOSS","M","?","$","?","M","R","E","M","T","E","?","M","R","?","R","BOSS"],"items_purchased_type":["Card","Card","Card","Card","Card","Card","Card","Card"],"build_version":"2020-12-22","purchased_purges":1,"victory":true,"max_hp_per_floor":[80,80,80,80,80,80,80,80,80,80,80,80,80,80,80,80,80,82,82,82,82,82,82,82,82,89,89,89,89,89,91,91,91,91,91,91,91,91,93,93,95,95,95,95,95,97,97,97,97,97],"card_choices":[{"not_picked":["Guardian:Recover","Guardian:WalkerClaw"],"picked":"Guardian:Gem_Green","floor":1},{"not_picked":["Guardian:RollAttack","Guardian:Incinerate"],"picked":"Guardian:Suspension+1","floor":7},{"not_picked":["Guardian:Reroute","Guardian:EvasiveProtocol+1"],"picked":"Guardian:DecasProtection+1","floor":10},{"not_picked":["Guardian:VentSteam+1","Guardian:Gem_Cyan"],"picked":"Guardian:Gem_White","floor":13},{"not_picked":["Guardian:Recover+1","Guardian:SpikerProtocol+1"],"picked":"Guardian:Gem_Lightblue","floor":14},{"not_picked":["Guardian:SphericShield+1","Guardian:TimeSifter+1"],"picked":"Guardian:ExploitGems+1","floor":16},{"not_picked":["Guardian:TemporalStrike","Guardian:WalkerClaw","Guardian:Preprogram+1"],"picked":"Singing Bowl","floor":18},{"not_picked":["Guardian:RefractedBeam","Guardian:VentSteam+1"],"picked":"Guardian:Gem_Crimson","floor":19},{"not_picked":["Guardian:StasisStrike","Guardian:TemporalStrike"],"picked":"Guardian:PrismaticBeam","floor":24},{"not_picked":["Guardian:Recover+1","Guardian:TemporalStrike+1","Guardian:Gem_Cyan"],"picked":"Guardian:Gem_Lightblue","floor":25},{"not_picked":["Guardian:MultiBeam","Guardian:Reroute+1","Guardian:SentryBeam"],"picked":"Guardian:Gem_Blue","floor":29},{"not_picked":["Guardian:Incinerate","Guardian:HyperBeam_Guardian","Guardian:Preprogram+1","Guardian:BronzeOrb"],"picked":"Singing Bowl","floor":31},{"not_picked":["Guardian:AncientConstruct+1","Guardian:FierceBash","Guardian:HyperBeam_Guardian"],"picked":"Guardian:TimeSifter+1","floor":33},{"not_picked":["Guardian:Harden+1","Guardian:TemporalShield+1","Guardian:ChargeCore"],"picked":"Guardian:Gem_Red","floor":35},{"not_picked":["Guardian:TemporalShield+1","Guardian:TimeCapacitor+1","Guardian:WalkerClaw","Guardian:ChargeCore"],"picked":"Singing Bowl","floor":39},{"not_picked":["Guardian:ConstructionForm+1","Guardian:TimeCapacitor+1","Guardian:RollAttack","Guardian:Repulse+1"],"picked":"Singing Bowl","floor":41},{"not_picked":["Guardian:PrimingBeam","Guardian:TemporalStrike+1","Guardian:ShieldCharger+1"],"picked":"Guardian:Gem_Cyan","floor":42},{"not_picked":["Guardian:Incinerate","Guardian:Recover+1","Guardian:Gem_Crimson"],"picked":"Guardian:Gem_Green","floor":44},{"not_picked":["Guardian:Emergency+1","Guardian:ShieldCharger+1","Guardian:Repulse+1"],"picked":"Guardian:Suspension+1","floor":45},{"not_picked":["Guardian:StasisStrike","Guardian:Gem_Cyan","Guardian:ChargeCore","Guardian:Gem_Green"],"picked":"Singing Bowl","floor":46}],"player_experience":349834,"relics_obtained":[{"floor":7,"key":"TungstenRod"},{"floor":9,"key":"Frozen Egg 2"},{"floor":13,"key":"Singing Bowl"},{"floor":24,"key":"Question Card"},{"floor":26,"key":"Strawberry"},{"floor":41,"key":"aspiration:HiddenCompartment"},{"floor":43,"key":"aspiration:StickyExplosives_weak"},{"floor":44,"key":"aspiration:ChemicalBlood"},{"floor":48,"key":"Pocketwatch"}],"event_choices":[{"damage_healed":0,"gold_gain":0,"player_choice":"Ignored","damage_taken":0,"max_hp_gain":0,"max_hp_loss":0,"event_name":"Liars Game","floor":2,"gold_loss":0},{"cards_removed":["Injury"],"damage_healed":0,"gold_gain":0,"player_choice":"Forget","damage_taken":0,"max_hp_gain":0,"max_hp_loss":0,"event_name":"Living Wall","floor":8,"gold_loss":0},{"damage_healed":0,"gold_gain":0,"player_choice":"Read","damage_taken":0,"max_hp_gain":0,"max_hp_loss":0,"event_name":"The Library","floor":22,"gold_loss":0,"cards_obtained":["Guardian:Suspension"]},{"damage_healed":0,"gold_gain":0,"player_choice":"Got Potions","damage_taken":0,"max_hp_gain":0,"max_hp_loss":0,"event_name":"Lab","floor":38,"gold_loss":0}],"is_beta":false,"boss_relics":[{"not_picked":["aspiration:SilentSkillbook","Cursed Key"],"picked":"Sozu"},{"not_picked":["Astrolabe","aspiration:SecretTechniqueScroll"],"picked":"Coffee Dripper"}],"items_purged_floors":[37],"is_endless":false,"potions_floor_spawned":[7,10,13,14,19,25,31,39,45,46],"ascension_level":2}}