{"host":"dhr6iszse2qz12e2","time":1610450040,"event":{"mods":["100% Spire Juice","2.2 Compatiblity","A Magickal Journey","Act Like it!","BaseMod","Bestiary","Better Note","BetterRewards","Colored Map","Downfall","Gensokyo","Hermit","Hubris","Infinite Spire","Marisa????????","Minty Spire (QoL Compilation)","Permanent Neow","Quick Restart","Reimu??????","Replay The Spire","Shop Mod","StSLib","Td1madao Mod","The Administrix","The Animator","The Bug Knight","The Cursed","The Edgeheg","The Gatherer","The Hierophant","The IronCluck","The Jungle","The Servant 0.9.4","everything is the same but u backflip on backflip","slay the spire mod where everything is the same but ironclad has a cowboy hat","??????REMEMod"],"gold_per_floor":[115,127,55,55,71,71,102,102,102,102,102,102,102],"floor_reached":12,"playtime":379,"items_purged":[],"score":76,"play_id":"324f347e-ffa4-49a1-8b81-2a3516849e1d","local_time":"20210112131400","is_ascension_mode":false,"campfire_choices":[{"data":"hermit:GoldenBullet","floor":6,"key":"SMITH"},{"data":"hermit:OverwhelmingPower","floor":8,"key":"SMITH"},{"data":"hermit:CalledShot","floor":10,"key":"SMITH"}],"circlet_count":0,"master_deck":["hermit:Strike_Hermit","hermit:Strike_Hermit","hermit:Strike_Hermit","hermit:Strike_Hermit","hermit:Defend_Hermit","hermit:Defend_Hermit","hermit:Defend_Hermit","hermit:Snapshot","hermit:Covet","hermit:OverwhelmingPower+1","hermit:GoldenBullet+1","hermit:CalledShot+1","hermit:BigShot"],"relics":["hermit:Momento","REME_ComplimentaryCards","hubris:Icosahedron","Tiny Chest","HollowMod:StagPassRelic"],"acts_visited":["Exordium"],"potions_floor_usage":[12],"damage_taken":[{"damage":3,"enemies":"Small Slimes","floor":1,"turns":3},{"damage":7,"enemies":"Jaw Worm","floor":2,"turns":4},{"damage":7,"enemies":"2 Louse","floor":5,"turns":2},{"damage":29,"enemies":"Lagavulin","floor":7,"turns":7},{"damage":27,"enemies":"Gremlin Nob","floor":12,"turns":4}],"seed_played":"-2285595148063191080","potions_obtained":[{"floor":2,"key":"Regen Potion"}],"is_trial":false,"path_per_floor":["M","M","$","?","M","R","E","R","T","R","?","E"],"character_chosen":"HERMIT","items_purchased":["hermit:GoldenBullet"],"campfire_rested":0,"item_purchase_floors":[3],"current_hp_per_floor":[72,65,65,65,58,58,29,29,29,29,29,11,11],"gold":102,"neow_bonus":"RANDOM_EVENT","is_daily":false,"chose_seed":false,"campfire_upgraded":3,"win_rate":0.0,"timestamp":1610450040,"path_taken":["M","M","$","?","M","R","E","R","T","R","?","E"],"items_purchased_type":["Card"],"build_version":"2020-12-22","purchased_purges":0,"victory":false,"max_hp_per_floor":[75,75,75,75,75,75,75,75,75,75,75,75,75],"card_choices":[{"not_picked":["hermit:Glare","hermit:Vantage","hermit:Ricochet"],"picked":"SKIP","floor":1},{"not_picked":["hermit:Spite","hermit:Grudge"],"picked":"hermit:OverwhelmingPower","floor":2},{"not_picked":["hermit:Vantage","hermit:TakeAim"],"picked":"hermit:CalledShot","floor":5},{"not_picked":["hermit:Dive","hermit:Vantage"],"picked":"hermit:BigShot","floor":7}],"player_experience":448710,"relics_obtained":[{"floor":7,"key":"Tiny Chest"},{"floor":9,"key":"HollowMod:StagPassRelic"}],"event_choices":[{"cards_removed":["hermit:Defend_Hermit"],"damage_healed":0,"gold_gain":0,"player_choice":"Forget","damage_taken":0,"max_hp_gain":0,"max_hp_loss":0,"event_name":"Living Wall","floor":0,"gold_loss":0},{"damage_healed":0,"gold_gain":0,"player_choice":"Ignored","damage_taken":0,"max_hp_gain":0,"max_hp_loss":0,"event_name":"Liars Game","floor":11,"gold_loss":0}],"is_beta":false,"boss_relics":[],"items_purged_floors":[],"is_endless":false,"potions_floor_spawned":[2],"killed_by":"Gremlin Nob","ascension_level":0}}