{"host":"z2o61o1qvcmvhuul","time":1610440382,"event":{"mods":["Act Like it!","BaseMod","Downfall","Minty Spire (QoL Compilation)","Quick Restart","StSLib","SuperFastMode"],"gold_per_floor":[99,99,99,99,199,226,226,238,238,148,148,248,248,248,263,263,263,263],"floor_reached":16,"playtime":468,"items_purged":["champ:Defend"],"score":119,"play_id":"d2b6c045-7deb-48f7-a3cd-1212fd1bf816","local_time":"20210112163302","is_ascension_mode":false,"campfire_choices":[{"data":"champ:Taunt","floor":1.0,"key":"SMITH"},{"data":"champ:PerfectedStrike","floor":9.0,"key":"SMITH"},{"data":"champ:StrikeOfGenius","floor":11.0,"key":"SMITH"},{"data":"champ:ArenaPreparation","floor":13.0,"key":"SMITH"}],"circlet_count":0,"master_deck":["champ:Strike","champ:Strike","champ:Strike","champ:Strike","champ:Defend","champ:Execute","champ:Taunt+1","champ:FaceSlap","champ:ArenaPreparation","champ:CheapShot+1","champ:PerfectedStrike+1","champ:StrikeOfGenius+1","champ:RecklessLeap","champ:ArenaPreparation+1","champ:PerfectedStrike"],"relics":["champ:ChampionCrown","downfall:HeartsMalice","Toy Ornithopter","Singing Bowl","Toxic Egg 2"],"acts_visited":["Exordium"],"potions_floor_usage":[15,16],"damage_taken":[{"damage":0.0,"enemies":"Jaw Worm","floor":2.0,"turns":1.0},{"damage":0.0,"enemies":"2 Louse","floor":3.0,"turns":1.0},{"damage":0.0,"enemies":"Gremlin Nob","floor":6.0,"turns":1.0},{"damage":10.0,"enemies":"Small Slimes","floor":8.0,"turns":3.0},{"damage":23.0,"enemies":"downfall:FleeingMerchant","floor":10.0,"turns":5.0},{"damage":63.0,"enemies":"downfall:Heads","floor":12.0,"turns":5.0},{"damage":28,"enemies":"Exordium Thugs","floor":15,"turns":4},{"damage":46,"enemies":"downfall:Ironclad","floor":16,"turns":3}],"seed_played":"4137678748112296597","potions_obtained":[{"floor":8.0,"key":"FearPotion"},{"floor":15,"key":"Energy Potion"}],"is_trial":false,"path_per_floor":["R","M","M","?","?","E","T","M","R","$","R","?","R","?","M","B"],"character_chosen":"THE_CHAMP","items_purchased":[],"campfire_rested":0,"item_purchase_floors":[],"current_hp_per_floor":[90,90,90,95,95,95,95,95,95,95,95,61,61,36,41,0,0,0],"gold":263,"neow_bonus":"THREE_ENEMY_KILL","is_daily":false,"chose_seed":false,"campfire_upgraded":4,"win_rate":0.0,"timestamp":1610440382,"path_taken":["R","M","M","?","?","E","T","M","R","$","R","?","R","?","M","BOSS"],"items_purchased_type":[],"build_version":"2020-12-22","purchased_purges":1,"victory":false,"max_hp_per_floor":[90,90,90,95,95,95,95,95,95,95,95,95,95,95,95,95,95,95],"card_choices":[{"not_picked":["champ:BladeFlurry","champ:BringItOn"],"picked":"champ:FaceSlap","floor":2.0},{"not_picked":["champ:BringItOn","champ:AdrenalArmor"],"picked":"champ:ArenaPreparation","floor":3.0},{"not_picked":["champ:Haymaker","champ:SwordThrow"],"picked":"champ:CheapShot","floor":6.0},{"not_picked":["champ:AdrenalArmor","champ:Circumvent"],"picked":"champ:PerfectedStrike","floor":8.0},{"not_picked":["champ:RecklessLeap","champ:FocusedDefense"],"picked":"champ:StrikeOfGenius","floor":10.0},{"not_picked":["champ:GutPunch","champ:HeartStrike"],"picked":"champ:ArenaPreparation","floor":12.0},{"not_picked":["champ:BerserkersShout+1","champ:Circumvent+1"],"picked":"champ:PerfectedStrike","floor":15}],"player_experience":442580,"relics_obtained":[{"floor":6.0,"key":"Toy Ornithopter"},{"floor":7.0,"key":"Singing Bowl"}],"event_choices":[{"damage_healed":0.0,"max_hp_gain":5.0,"max_hp_loss":0.0,"gold_gain":0.0,"event_name":"Big Fish","player_choice":"Donut","floor":4.0,"gold_loss":0.0,"damage_taken":0.0},{"damage_healed":0.0,"max_hp_gain":0.0,"max_hp_loss":0.0,"gold_gain":0.0,"event_name":"Scrap Ooze","player_choice":"Success","floor":14.0,"gold_loss":0.0,"damage_taken":25.0,"relics_obtained":["Toxic Egg 2"]}],"is_beta":false,"boss_relics":[],"items_purged_floors":[10],"is_endless":false,"potions_floor_spawned":[8,15],"killed_by":"downfall:Ironclad","ascension_level":0}}