{"host":"uceopoba4zvqsgiy","time":1610453850,"event":{"mods":["Act Like it!","BaseMod","Better Skull","Better Third Choice","Elementarium","Evolution","GifTheSpireLib","Hermit","Humility","Infinite Spire","Jorbs\u0027s Wanderer Trilogy","Marked Mod","Minty Spire (QoL Compilation)","Potionbrewer","Replay The Spire","Robot Space Explorer","Shade Mod","Spicy Shops","StSLib","Stuff the Spire","The Blue Laboratory","The Caster","The Cursed","The Dragon Tamer","The Hierophant","The Judge","The Jungle","Wandering Minibosses"],"gold_per_floor":[117,117,117,134,63,63,33,33],"floor_reached":7,"playtime":255,"items_purged":[],"score":57,"play_id":"bdd802d5-c81b-4f7f-a4ff-6202f9f91436","local_time":"20210112224730","is_ascension_mode":true,"campfire_choices":[{"floor":6,"key":"REST"}],"circlet_count":0,"master_deck":["Rebound","Strike_B","Strike_B","Strike_B","Defend_B","Defend_B","Defend_B","Defend_B","Zap","Dualcast","WordoMod:Accursed","Creative AI","Dark Shackles","infinitespire:FinalStrike","Leg Sweep","Pot Of Greed","Pot Of Greed","Static Discharge","Biased Cognition"],"relics":["EVO:Axolotl","ReplayTheSpireMod:SealedPack","Grinning Jar","HandDrill"],"acts_visited":["Exordium"],"potions_floor_usage":[],"damage_taken":[{"damage":33,"enemies":"Jaw Worm","floor":1,"turns":5},{"damage":8,"enemies":"2 Louse","floor":4,"turns":3},{"damage":46,"enemies":"Gremlin Nob","floor":7,"turns":3}],"seed_played":"5577332617301590110","potions_obtained":[],"is_trial":false,"path_per_floor":["M","?","?","M","$","R","E"],"character_chosen":"DEFECT","items_purchased":["HandDrill"],"campfire_rested":1,"item_purchase_floors":[5],"current_hp_per_floor":[35,23,23,15,15,37,0,0],"gold":33,"neow_bonus":"BOSS_RELIC","is_daily":false,"chose_seed":false,"campfire_upgraded":0,"win_rate":0.0,"timestamp":1610453850,"path_taken":["M","?","?","?","?","R","E"],"items_purchased_type":["Relic"],"build_version":"2020-12-22","purchased_purges":0,"victory":false,"max_hp_per_floor":[75,75,75,75,75,75,75,75],"card_choices":[{"not_picked":["Vigilance","m_Survivalism"],"picked":"Shade:AnimateDead","floor":0},{"not_picked":["Echo Form","ReplayRNGCard"],"picked":"Creative AI","floor":0},{"not_picked":["Deep Breath","Madness"],"picked":"Dark Shackles","floor":0},{"not_picked":["infinitespire:Punishment","infinitespire:Execution"],"picked":"infinitespire:FinalStrike","floor":0},{"not_picked":["Stack","Hologram","Reprogram"],"picked":"SKIP","floor":1},{"not_picked":["Rebound","Coolheaded"],"picked":"Biased Cognition","floor":4}],"player_experience":1663760,"relics_obtained":[],"event_choices":[{"damage_healed":0,"gold_gain":0,"cards_transformed":["Shade:AnimateDead"],"player_choice":"Transformed","damage_taken":0,"max_hp_gain":0,"max_hp_loss":0,"event_name":"Transmorgrifier","floor":3,"gold_loss":0,"cards_obtained":["Static Discharge"]}],"is_beta":false,"boss_relics":[],"items_purged_floors":[],"is_endless":false,"potions_floor_spawned":[],"killed_by":"Gremlin Nob","ascension_level":9}}