{"host":"xtgfl0e7r8rfgbei","time":1610432682,"event":{"mods":["Arknights The Spire","BaseMod","Colored Map","Colored Powertips","Downfall","Infinite Spire","Marisa£®ÏF”Í°°ƒß¿Ì…≥£©","Minty Spire (QoL Compilation)","READ ME - Guardian Mod","Rare Cards Sparkle","Replay The Spire","StSLib","The Bug Knight","The Cursed","The Servant 0.9.4","≤–¡Ù÷ÆŒÔ"],"gold_per_floor":[119,3,18,18,31,57,57,72,95,170,189,189,220,236,236,337,337,353,363,363,363,343,374,385,12,87,87,114,114,114],"floor_reached":29,"playtime":4761,"items_purged":[],"score":298,"play_id":"168b236b-6623-4631-85ab-d7e0f2fccbf6","local_time":"20210112142442","is_ascension_mode":false,"campfire_choices":[{"data":"FlawlessForm","floor":7.0,"key":"SMITH"},{"floor":15.0,"key":"REST"},{"floor":27,"key":"REST"}],"circlet_count":0,"master_deck":["Strike_S","Strike_S","Strike_S","Strike_S","Defend_S","Defend_S","Defend_S","Defend_S","KidneyShot","Exchange","Unruled","expansioncontent:TimeRipple","ShatteredReality+1","Dilation","Read","FlawlessForm+1","Starlight","TimeWarp","Sabotage","Unruled","Initiator","BottledTime","Unruled","RitualDagger","PendulumOfEternity","DoubleEdge","Solidify+1","StarChef"],"relics":["Uniform","Akabeko","infinitespire:Lucky Rock","HollowMod:StagPassRelic","Runic Pyramid","Nilry\u0027s Codex","HollowMod:PaleOreRelic","Replay:Kaleidoscope","Bottled Flame","Bird Faced Urn"],"acts_visited":["Exordium","TheCity"],"potions_floor_usage":[],"damage_taken":[{"damage":3.0,"enemies":"Jaw Worm","floor":1.0,"turns":4.0},{"damage":6.0,"enemies":"Cultist","floor":3.0,"turns":3.0},{"damage":0.0,"enemies":"2 Louse","floor":5.0,"turns":1.0},{"damage":27.0,"enemies":"Gremlin Nob","floor":6.0,"turns":6.0},{"damage":7.0,"enemies":"Looter","floor":8.0,"turns":3.0},{"damage":0.0,"enemies":"3 Louse","floor":11.0,"turns":3.0},{"damage":0.0,"enemies":"Lagavulin","floor":13.0,"turns":8.0},{"damage":0.0,"enemies":"2 Fungi Beasts","floor":14.0,"turns":2.0},{"damage":2.0,"enemies":"Hexaghost","floor":16.0,"turns":14.0},{"damage":0.0,"enemies":"Spheric Guardian","floor":18.0,"turns":5.0},{"damage":0.0,"enemies":"Chosen","floor":19.0,"turns":5.0},{"damage":17.0,"enemies":"Nightmare","floor":23.0,"turns":11.0},{"damage":26.0,"enemies":"Sentry and Sphere","floor":24.0,"turns":8.0},{"damage":36,"enemies":"Slavers","floor":28,"turns":3},{"damage":23,"enemies":"Centurion and Healer","floor":29,"turns":3}],"seed_played":"-1557861543891502119","potions_obtained":[{"floor":3.0,"key":"PowerPotion"},{"floor":4.0,"key":"hexamod:EctoCoolerPotion"},{"floor":4.0,"key":"PowerPotion"},{"floor":13.0,"key":"SpeedPotion"},{"floor":16.0,"key":"LiquidBronze"},{"floor":18.0,"key":"FairyPotion"},{"floor":22.0,"key":"Weak Potion"},{"floor":23.0,"key":"Fruit Juice"}],"is_trial":false,"path_per_floor":["M","$","M","?","M","E","R","M","T","?","M","?","E","M","R","B",null,"M","M","?","?","?","NM","M","$","T","R","E","M"],"character_chosen":"THE_SERVANT","items_purchased":["expansioncontent:TimeRipple","ShatteredReality+1","Solidify","Replay:Kaleidoscope"],"campfire_rested":2,"item_purchase_floors":[2,2,25,25],"current_hp_per_floor":[68,68,62,62,62,35,35,28,28,17,17,5,5,5,26,24,71,71,71,65,49,49,32,11,11,11,33,22,0,0],"gold":114,"neow_bonus":"TEN_PERCENT_HP_BONUS","is_daily":false,"chose_seed":false,"campfire_upgraded":1,"win_rate":0.0,"timestamp":1610432682,"path_taken":["M","$","M","?","?","E","R","M","T","?","M","?","E","M","R","BOSS","M","M","?","?","?","NM","M","$","T","R","E","M"],"items_purchased_type":["Card","Card","Card","Relic"],"build_version":"2020-12-22","purchased_purges":0,"victory":false,"max_hp_per_floor":[71,71,71,71,71,71,71,71,71,71,71,71,71,71,71,71,71,71,71,71,71,71,71,76,76,76,76,76,76,76],"card_choices":[{"not_picked":["TimeWarp","Rewind"],"picked":"Unruled","floor":1.0},{"not_picked":["BottledTime","Moonlight"],"picked":"Dilation","floor":3.0},{"not_picked":["BottledTime","FastForward"],"picked":"Read","floor":5.0},{"not_picked":["TimeWarp","FastForward"],"picked":"FlawlessForm","floor":6.0},{"not_picked":["Replace","Ricochet"],"picked":"Starlight","floor":8.0},{"not_picked":["Revamp","FastForward"],"picked":"TimeWarp","floor":11.0},{"not_picked":["ShatteredReality","Starlight"],"picked":"Sabotage","floor":13.0},{"not_picked":["Sabotage","Ricochet"],"picked":"Unruled","floor":14.0},{"not_picked":["KillingDoll","Deny"],"picked":"Initiator","floor":16.0},{"not_picked":["Ricochet+1","DualDimension"],"picked":"BottledTime","floor":18.0},{"not_picked":["Alleviate","Misdirection"],"picked":"Unruled","floor":19.0},{"not_picked":["Alleviate","Moonlight"],"picked":"PendulumOfEternity","floor":23.0},{"not_picked":["Rewind","Collapse"],"picked":"DoubleEdge","floor":24.0},{"not_picked":["Deny","BottledTime"],"picked":"StarChef","floor":28}],"player_experience":341265,"relics_obtained":[{"floor":6.0,"key":"Akabeko"},{"floor":13.0,"key":"HollowMod:StagPassRelic"},{"floor":21.0,"key":"Nilry\u0027s Codex"},{"floor":23.0,"key":"HollowMod:PaleOreRelic"},{"floor":26,"key":"Bottled Flame"},{"floor":28,"key":"Bird Faced Urn"}],"event_choices":[{"damage_healed":0.0,"max_hp_gain":0.0,"max_hp_loss":0.0,"gold_gain":0.0,"event_name":"Lab","player_choice":"Got Potions","floor":4.0,"gold_loss":0.0,"damage_taken":0.0},{"damage_healed":0.0,"max_hp_gain":0.0,"max_hp_loss":0.0,"gold_gain":75.0,"event_name":"World of Goop","player_choice":"Gather Gold","floor":10.0,"gold_loss":0.0,"damage_taken":11.0},{"damage_healed":0.0,"max_hp_gain":0.0,"max_hp_loss":0.0,"gold_gain":0.0,"event_name":"Scrap Ooze","player_choice":"Success","floor":12.0,"gold_loss":0.0,"damage_taken":12.0,"relics_obtained":["infinitespire:Lucky Rock"]},{"damage_healed":0.0,"max_hp_gain":0.0,"max_hp_loss":0.0,"gold_gain":0.0,"event_name":"Nest","player_choice":"Joined the Cult","floor":20.0,"gold_loss":0.0,"damage_taken":6.0,"cards_obtained":["RitualDagger"]},{"damage_healed":0.0,"max_hp_gain":0.0,"max_hp_loss":0.0,"gold_gain":0.0,"event_name":"Cursed Tome","player_choice":"Obtained Book","floor":21.0,"gold_loss":0.0,"damage_taken":16.0},{"damage_healed":0.0,"max_hp_gain":0.0,"max_hp_loss":0.0,"gold_gain":0.0,"event_name":"The Woman in Blue","player_choice":"Bought 1 Potion","floor":22.0,"gold_loss":0.0,"damage_taken":0.0}],"is_beta":false,"boss_relics":[{"not_picked":["Black Star","Kintsugi"],"picked":"Runic Pyramid"}],"items_purged_floors":[],"is_endless":true,"potions_floor_spawned":[3,5,13,16,18,23],"killed_by":"Centurion and Healer","ascension_level":0}}