{"host":"kw4o7b3ro2ktmmbe","time":1610487543,"event":{"mods":["BaseMod","Evolution","Minty Spire (QoL Compilation)","StSLib","The Blackbeard"],"gold_per_floor":[115,130,130,108,125,125,75,75,99,113,129,129,129,129,129,233,233,248,258,31,41,58,58,58,58,137,137,152,163,175,24,24,24,24,24],"floor_reached":33,"language":"ENG","playtime":1628,"items_purged":["Pain"],"score":259,"play_id":"87a7bdbc-0be1-4602-b564-3cfed66a3591","local_time":"20210113103903","is_ascension_mode":false,"campfire_choices":[{"data":"blackbeard:Spear","floor":6.0,"key":"SMITH"},{"data":"blackbeard:PirateEarring","floor":12.0,"key":"SMITH"},{"data":"blackbeard:Sharpening","floor":15.0,"key":"SMITH"},{"floor":23.0,"key":"REST"},{"floor":25,"key":"REST"},{"data":"blackbeard:Shrapnel","floor":27,"key":"SMITH"},{"floor":32,"key":"REST"}],"circlet_count":0,"master_deck":["blackbeard:BlackbeardStrike","blackbeard:BlackbeardStrike","blackbeard:BlackbeardStrike","blackbeard:BlackbeardStrike","blackbeard:IntimidatingStrike","blackbeard:BlackbeardDefend","blackbeard:BlackbeardDefend","blackbeard:BlackbeardDefend","blackbeard:BlackbeardDefend","blackbeard:Sharpening+1","blackbeard:Fencing","blackbeard:Shrapnel+1","blackbeard:Spear+1","blackbeard:PirateEarring+1","blackbeard:WeaponMastery","blackbeard:CaptainsCabin+1","blackbeard:Anchor","blackbeard:ArmorUp","blackbeard:FieryDefense","blackbeard:BlindAttacks+1"],"relics":["EVO:Axolotl","blackbeard:Karategi","Bronze Scales","WarpedTongs","Black Star","Chemical X","Bottled Flame","Lantern"],"acts_visited":["TheCity"],"potions_floor_usage":[24],"damage_taken":[{"damage":6.0,"enemies":"Jaw Worm","floor":1.0,"turns":3.0},{"damage":1.0,"enemies":"Cultist","floor":2.0,"turns":4.0},{"damage":4.0,"enemies":"2 Louse","floor":5.0,"turns":3.0},{"damage":0.0,"enemies":"Large Slime","floor":10.0,"turns":2.0},{"damage":0.0,"enemies":"Lots of Slimes","floor":11.0,"turns":2.0},{"damage":33.0,"enemies":"Hexaghost","floor":16.0,"turns":5.0},{"damage":26.0,"enemies":"3 Byrds","floor":18.0,"turns":6.0},{"damage":4.0,"enemies":"Spheric Guardian","floor":19.0,"turns":2.0},{"damage":7.0,"enemies":"Chosen and Byrds","floor":21.0,"turns":3.0},{"damage":26.0,"enemies":"3 Cultists","floor":22.0,"turns":5.0},{"damage":0,"enemies":"Slavers","floor":24,"turns":1},{"damage":14,"enemies":"Snake Plant","floor":28,"turns":4},{"damage":7,"enemies":"Snecko","floor":29,"turns":5},{"damage":15,"enemies":"Sentry and Sphere","floor":30,"turns":4},{"damage":63,"enemies":"Automaton","floor":33,"turns":6}],"seed_played":"4871408176244091675","potions_obtained":[{"floor":1.0,"key":"Swift Potion"},{"floor":3.0,"key":"Strength Potion"},{"floor":3.0,"key":"Block Potion"},{"floor":10.0,"key":"LiquidBronze"},{"floor":18.0,"key":"blackbeard:RumPotion"},{"floor":22.0,"key":"SmokeBomb"},{"floor":28,"key":"FearPotion"}],"is_trial":false,"path_per_floor":["M","M","?","$","M","R","?","?","T","M","M","R","$","?","R","B",null,"M","M","$","M","M","R","E","R","T","R","M","M","M","$","R","B"],"character_chosen":"BLACKBEARD_CLASS","items_purchased":["blackbeard:Shrapnel","Chemical X","Lantern"],"campfire_rested":3,"item_purchase_floors":[4,20,31],"current_hp_per_floor":[69,68,68,68,64,64,64,64,64,64,64,64,64,64,64,31,75,49,45,45,38,12,34,34,56,56,56,42,35,20,20,42,0,0,0],"gold":24,"neow_bonus":"BOSS_RELIC","is_daily":false,"chose_seed":false,"campfire_upgraded":4,"win_rate":0.0,"timestamp":1610487543,"path_taken":["M","M","?","$","?","R","?","?","T","M","?","R","$","?","R","BOSS","M","M","$","M","M","R","E","R","T","R","?","M","M","$","R","BOSS"],"items_purchased_type":["Card","Relic","Relic"],"build_version":"2020-12-22","purchased_purges":1,"victory":false,"max_hp_per_floor":[75,75,75,75,75,75,75,75,75,75,75,75,75,75,75,75,75,75,75,75,75,75,75,75,75,75,75,75,75,75,75,75,75,75,75],"card_choices":[{"not_picked":["blackbeard:TerrorOfTheSeas","blackbeard:CatONineTails"],"picked":"blackbeard:Sharpening","floor":1.0},{"not_picked":["blackbeard:CloakAndCannonball","blackbeard:WiseDefense"],"picked":"blackbeard:Fencing","floor":2.0},{"not_picked":["blackbeard:BlindAttacks","blackbeard:Toast"],"picked":"blackbeard:Spear","floor":5.0},{"not_picked":["blackbeard:GoldenCannonball","blackbeard:JollyRoger","blackbeard:AgileStrike"],"picked":"SKIP","floor":10.0},{"not_picked":["blackbeard:Sword","blackbeard:PiratesWill"],"picked":"blackbeard:PirateEarring","floor":11.0},{"not_picked":["blackbeard:Halberd","blackbeard:HumongousCannonball"],"picked":"blackbeard:WeaponMastery","floor":16.0},{"not_picked":["blackbeard:GoldenStrike+1","blackbeard:SwordDance"],"picked":"blackbeard:CaptainsCabin+1","floor":18.0},{"not_picked":["blackbeard:DoubleCannonball","blackbeard:Upgrade","blackbeard:DelayedPain"],"picked":"SKIP","floor":19.0},{"not_picked":["blackbeard:FieryDefense","blackbeard:GoldenDefense+1"],"picked":"blackbeard:Anchor","floor":21.0},{"not_picked":["blackbeard:GoldenDefense","blackbeard:Fencing+1","blackbeard:PowderKeg"],"picked":"SKIP","floor":22.0},{"not_picked":["blackbeard:RearmingStrike","blackbeard:JollyRoger"],"picked":"blackbeard:ArmorUp","floor":28},{"not_picked":["blackbeard:GoldenDefense","blackbeard:DoubleCannonball"],"picked":"blackbeard:FieryDefense","floor":29},{"not_picked":["blackbeard:BeatUp+1","blackbeard:Fencing"],"picked":"blackbeard:BlindAttacks+1","floor":30}],"player_experience":1835267,"relics_obtained":[{"floor":9.0,"key":"Bronze Scales"},{"floor":26,"key":"Bottled Flame"}],"event_choices":[{"damage_healed":0.0,"max_hp_gain":0.0,"max_hp_loss":0.0,"gold_gain":0.0,"event_name":"Lab","player_choice":"Got Potions","floor":3.0,"gold_loss":0.0,"damage_taken":0.0},{"cards_removed":["blackbeard:Cutlass"],"damage_healed":0.0,"max_hp_gain":0.0,"max_hp_loss":0.0,"gold_gain":0.0,"event_name":"The Cleric","player_choice":"Card Removal","floor":7.0,"gold_loss":50.0,"damage_taken":0.0},{"damage_healed":0.0,"max_hp_gain":0.0,"max_hp_loss":0.0,"gold_gain":0.0,"event_name":"NoteForYourself","player_choice":"Ignored","floor":8.0,"gold_loss":0.0,"damage_taken":0.0},{"damage_healed":0.0,"max_hp_gain":0.0,"max_hp_loss":0.0,"gold_gain":0.0,"event_name":"Accursed Blacksmith","player_choice":"Rummage","floor":14.0,"gold_loss":0.0,"damage_taken":0.0,"relics_obtained":["WarpedTongs"],"cards_obtained":["Pain"]}],"is_beta":false,"boss_relics":[{"not_picked":["Runic Dome","Cursed Key"],"picked":"Black Star"}],"items_purged_floors":[20],"is_endless":false,"potions_floor_spawned":[1,10,18,22,24,28],"killed_by":"Automaton","ascension_level":0}}