{"host":"ksps4bkq2ezt7rwr","time":1610494664,"event":{"mods":["AchievementEnabler","Act Like it!","BaseMod","BetterRewards","Colored Map","Colored Powertips","DeckTracker","Minty Spire (QoL Compilation)","Quick Restart","Random Character Button","Rare Cards Sparkle","Replay The Spire","Robot Space Explorer","StSLib","Synergy Search","The Hierophant","The Jungle","The Marked","TheBandit"],"gold_per_floor":[113,133,133,53,128,162,162,175,175,175,195,228,242,257,257,355,355,365,336,336,432,445,445,462,462,462],"floor_reached":25,"language":"ENG","playtime":2052,"items_purged":[],"score":215,"play_id":"af60b3b7-2209-4b53-9ac4-45836d45bbfb","local_time":"20210112183744","is_ascension_mode":false,"campfire_choices":[{"data":"RobotSpaceExplorer:Explosion","floor":7,"key":"SMITH"},{"floor":15,"key":"REST"},{"floor":23,"key":"REST"}],"circlet_count":0,"master_deck":["RobotSpaceExplorer:Strike","RobotSpaceExplorer:Strike","RobotSpaceExplorer:Strike","RobotSpaceExplorer:Defend","RobotSpaceExplorer:Defend","RobotSpaceExplorer:Defend","RobotSpaceExplorer:Scan","RobotSpaceExplorer:MiniLasers+1","RobotSpaceExplorer:IronShell","RobotSpaceExplorer:PlasmaMissile+1","RobotSpaceExplorer:Explosion+1","RobotSpaceExplorer:Ammunition","RobotSpaceExplorer:FrostMissile","RobotSpaceExplorer:ScrapMissile","RobotSpaceExplorer:DualCore","RobotSpaceExplorer:Arsenal","RobotSpaceExplorer:SlimeMissile+1","RobotSpaceExplorer:GearShield+1","RobotSpaceExplorer:Calculate+1","RobotSpaceExplorer:Pulsar","Pot Of Greed","Pot Of Greed","RobotSpaceExplorer:IronShell","RobotSpaceExplorer:MiniDrones+1","RobotSpaceExplorer:JunkDive+1","RobotSpaceExplorer:StunGrenade+1","Pot Of Greed","RobotSpaceExplorer:ImprovisedAttack"],"relics":["RobotSpaceExplorer:RoboCore","Lizard Tail","Blue Candle","Astrolabe","Grinning Jar","Nilry\u0027s Codex"],"acts_visited":["Exordium","TheCity"],"potions_floor_usage":[16,16,22],"damage_taken":[{"damage":0,"enemies":"Cultist","floor":1,"turns":3},{"damage":0,"enemies":"Small Slimes","floor":2,"turns":3},{"damage":23,"enemies":"3 Sentries","floor":6,"turns":13},{"damage":0,"enemies":"Jaw Worm","floor":8,"turns":4},{"damage":2,"enemies":"Blue Slaver","floor":11,"turns":3},{"damage":22,"enemies":"Lagavulin","floor":12,"turns":7},{"damage":12,"enemies":"Lots of Slimes","floor":13,"turns":3},{"damage":5,"enemies":"3 Louse","floor":14,"turns":4},{"damage":22,"enemies":"Slime Boss","floor":16,"turns":7},{"damage":19,"enemies":"Spheric Guardian","floor":18,"turns":4},{"damage":24,"enemies":"2 Thieves","floor":19,"turns":5},{"damage":0,"enemies":"Centurion and Healer","floor":22,"turns":10},{"damage":30,"enemies":"Chosen and Byrds","floor":24,"turns":8},{"damage":42,"enemies":"Book of Stabbing","floor":25,"turns":6}],"seed_played":"-1800354952291348685","potions_obtained":[{"floor":2,"key":"Weak Potion"},{"floor":6,"key":"RobotSpaceExplorer:RecyclePotion"},{"floor":11,"key":"Explosive Potion"},{"floor":22,"key":"Venom Potion"},{"floor":24,"key":"Swift Potion"}],"is_trial":false,"path_per_floor":["M","M","?","$","?","E","R","M","T","?","M","E","M","M","R_BF","B",null,"M","M","?","?","M","R","M","E"],"character_chosen":"RobotSpaceExplorer","items_purchased":["RobotSpaceExplorer:PlasmaMissile"],"campfire_rested":2,"item_purchase_floors":[4],"current_hp_per_floor":[82,82,82,82,71,48,48,48,48,48,46,24,12,7,31,9,82,63,39,23,3,3,27,41,0,0],"gold":462,"neow_bonus":"TEN_PERCENT_HP_BONUS","is_daily":false,"chose_seed":false,"campfire_upgraded":1,"win_rate":0.0,"timestamp":1610494664,"path_taken":["M","M","?","$","?","E","R","?","T","?","?","E","M","M","R_BF","BOSS","M","M","?","?","M","R","M","E"],"items_purchased_type":["Card"],"build_version":"2020-12-22","purchased_purges":0,"victory":false,"max_hp_per_floor":[82,82,82,82,82,82,82,82,82,82,82,82,82,82,82,82,82,82,82,82,82,82,82,82,82,82],"card_choices":[{"not_picked":["RobotSpaceExplorer:FranticSearch","RobotSpaceExplorer:SwiftStep"],"picked":"RobotSpaceExplorer:Pulsar","floor":1},{"not_picked":["RobotSpaceExplorer:FreezingShield","RobotSpaceExplorer:LaserBurst"],"picked":"RobotSpaceExplorer:IronShell","floor":2},{"not_picked":["RobotSpaceExplorer:Discharger","RobotSpaceExplorer:SelfCleaning"],"picked":"RobotSpaceExplorer:Explosion","floor":6},{"not_picked":["RobotSpaceExplorer:Electroshield","RobotSpaceExplorer:Calculate"],"picked":"RobotSpaceExplorer:Ammunition","floor":8},{"not_picked":["RobotSpaceExplorer:GlueSpray","RobotSpaceExplorer:Electroshield"],"picked":"RobotSpaceExplorer:FrostMissile","floor":11},{"not_picked":["RobotSpaceExplorer:FranticSearch","RobotSpaceExplorer:DoubleBlock"],"picked":"RobotSpaceExplorer:ScrapMissile","floor":12},{"not_picked":["RobotSpaceExplorer:ShovelStrike","RobotSpaceExplorer:ScrapMissile"],"picked":"RobotSpaceExplorer:Exploration","floor":13},{"not_picked":["RobotSpaceExplorer:FreezeRay","RobotSpaceExplorer:MiniDrones"],"picked":"RobotSpaceExplorer:DualCore","floor":14},{"not_picked":["RobotSpaceExplorer:Autoloader","RobotSpaceExplorer:DroneSwarm"],"picked":"RobotSpaceExplorer:Arsenal","floor":16},{"not_picked":["RobotSpaceExplorer:ShockKick+1","RobotSpaceExplorer:ShovelStrike+1"],"picked":"RobotSpaceExplorer:Pulsar","floor":18},{"not_picked":["RobotSpaceExplorer:Discharger","RobotSpaceExplorer:SlimeMissile"],"picked":"RobotSpaceExplorer:IronShell","floor":19},{"not_picked":["RobotSpaceExplorer:DualCore","RobotSpaceExplorer:SurgingShield"],"picked":"RobotSpaceExplorer:MiniDrones+1","floor":21},{"not_picked":["RobotSpaceExplorer:PowerCollector+1","RobotSpaceExplorer:Pulsar"],"picked":"RobotSpaceExplorer:JunkDive+1","floor":21},{"not_picked":["RobotSpaceExplorer:ShovelStrike","RobotSpaceExplorer:Pulsar"],"picked":"RobotSpaceExplorer:StunGrenade+1","floor":21},{"not_picked":["RobotSpaceExplorer:SwiftStep","RobotSpaceExplorer:SlimeMissile","RobotSpaceExplorer:Counterblock"],"picked":"SKIP","floor":22},{"not_picked":["RobotSpaceExplorer:ImprovisedAttack","RobotSpaceExplorer:RigExplosive","RobotSpaceExplorer:FranticSearch"],"picked":"SKIP","floor":24},{"not_picked":["RobotSpaceExplorer:RigExplosive","RobotSpaceExplorer:FranticSearch"],"picked":"RobotSpaceExplorer:ImprovisedAttack","floor":24}],"player_experience":325808,"relics_obtained":[{"floor":6,"key":"Lizard Tail"},{"floor":12,"key":"Blue Candle"},{"floor":19,"key":"Grinning Jar"},{"floor":20,"key":"Nilry\u0027s Codex"}],"event_choices":[{"damage_healed":0,"gold_gain":0,"player_choice":"Grow","damage_taken":0,"max_hp_gain":0,"max_hp_loss":0,"event_name":"Living Wall","floor":3,"gold_loss":0,"cards_upgraded":["RobotSpaceExplorer:MiniLasers"]},{"damage_healed":0,"gold_gain":75,"player_choice":"Gather Gold","damage_taken":11,"max_hp_gain":0,"max_hp_loss":0,"event_name":"World of Goop","floor":5,"gold_loss":0},{"damage_healed":0,"gold_gain":0,"player_choice":"Upgraded","damage_taken":0,"max_hp_gain":0,"max_hp_loss":0,"event_name":"Upgrade Shrine","floor":10,"gold_loss":0,"cards_upgraded":["RobotSpaceExplorer:PlasmaMissile"]},{"damage_healed":0,"gold_gain":0,"player_choice":"Obtained Book","damage_taken":16,"max_hp_gain":0,"max_hp_loss":0,"event_name":"Cursed Tome","floor":20,"gold_loss":0}],"is_beta":false,"boss_relics":[{"not_picked":["Ectoplasm","SacredBark"],"picked":"Astrolabe"}],"items_purged_floors":[],"is_endless":false,"potions_floor_spawned":[2,6,11,22,24],"killed_by":"Book of Stabbing","ascension_level":0}}