{"host":"cwd5s03r1oaxs6mx","time":1610457518,"event":{"mods":["Act Like it!","BaseMod","Better Third Choice","BetterRewards","CapriCore","Card Filter","Colored Map","Custom Start","DeckTracker","Friendly Minions","Hubris","Infinite Spire","Marisa£¨Ùöéë¡¡Øª×âÞÞ£©","Minty Spire (QoL Compilation)","Quick Restart","Relic Stats","Shop Mod","Spicy Shops","StSLib","SuperFastMode"],"gold_per_floor":[119,60,78,89,100,129,129,129,129],"floor_reached":8,"playtime":246,"items_purged":[],"score":116,"play_id":"cb7343b1-415d-422d-9800-d1656b4491eb","local_time":"20210112221838","is_ascension_mode":true,"campfire_choices":[{"data":"infinitespire:Neurotoxin","floor":7,"key":"SMITH"}],"circlet_count":0,"master_deck":["AscendersBane","Strike_G","Strike_G","Strike_G","Strike_G","Strike_G","Defend_G","Defend_G","Defend_G","Defend_G","Defend_G","Survivor","Neutralize","Accuracy","Cloak And Dagger","Backstab","Cloak And Dagger","infinitespire:Neurotoxin+1"],"relics":["Ring of the Snake","Vajra","infinitespire:BottledMercury","Ice Cream"],"acts_visited":["Exordium"],"potions_floor_usage":[8],"damage_taken":[{"damage":0.0,"enemies":"Cultist","floor":1.0,"turns":4.0},{"damage":0.0,"enemies":"2 Louse","floor":3.0,"turns":3.0},{"damage":1,"enemies":"Jaw Worm","floor":4,"turns":3},{"damage":1,"enemies":"2 Fungi Beasts","floor":5,"turns":3},{"damage":22,"enemies":"Lagavulin","floor":6,"turns":9},{"damage":55,"enemies":"Gremlin Nob","floor":8,"turns":4}],"seed_played":"8395153716975995520","potions_obtained":[{"floor":5,"key":"Block Potion"}],"is_trial":false,"path_per_floor":["M","$","M","M","M","E","R","E"],"character_chosen":"THE_SILENT","items_purchased":["Accuracy","Vajra","Cloak And Dagger","infinitespire:BottledMercury","Cloak And Dagger"],"campfire_rested":0,"item_purchase_floors":[0,0,0,0,2],"current_hp_per_floor":[59,59,59,58,57,35,35,0,0],"gold":129,"neow_bonus":"","is_daily":false,"chose_seed":false,"campfire_upgraded":1,"win_rate":0.0,"timestamp":1610457518,"path_taken":["M","$","?","M","M","E","R","E"],"items_purchased_type":["Card","Relic","Card","Relic","Card"],"build_version":"2020-12-22","purchased_purges":0,"victory":false,"max_hp_per_floor":[66,66,66,66,66,66,66,66,66],"relic_stats":{"counters":[36,143],"obtain_stats":[{"TwistedFunnel":0,"Ice Cream":6,"Girya":23,"infinitespire:BottledMercury":0,"Regal Pillow":9,"hubris:DuctTape":6,"Vajra":0,"Eternal Feather":0,"StoneCalendar":29,"infinitespire:FocusingShard":12,"infinitespire:Joker Card":26,"Tough Bandages":7,"DollysMirror":19,"Strawberry":12,"Art of War":24,"Membership Card":0,"hubris:CrackedHourglass":17,"Ring of the Snake":0,"Meat on the Bone":26,"infinitespire:Cupcake":17},{"TwistedFunnel":0,"Ice Cream":35,"Girya":12,"infinitespire:BottledMercury":30,"Regal Pillow":20,"hubris:DuctTape":5,"Vajra":30,"Eternal Feather":16,"StoneCalendar":29,"infinitespire:FocusingShard":6,"infinitespire:Joker Card":28,"Tough Bandages":20,"DollysMirror":10,"Strawberry":22,"Art of War":28,"Membership Card":0,"hubris:CrackedHourglass":9,"Ring of the Snake":0,"Meat on the Bone":13,"infinitespire:Cupcake":25},{"TwistedFunnel":0,"Ice Cream":139,"Girya":39,"infinitespire:BottledMercury":117,"Regal Pillow":71,"hubris:DuctTape":12,"Vajra":117,"Eternal Feather":53,"StoneCalendar":116,"infinitespire:FocusingShard":17,"infinitespire:Joker Card":110,"Tough Bandages":71,"DollysMirror":29,"Strawberry":79,"Art of War":110,"Membership Card":0,"hubris:CrackedHourglass":27,"Ring of the Snake":0,"Meat on the Bone":41,"infinitespire:Cupcake":95}],"Ring of the Snake":[72]},"card_choices":[{"not_picked":["Dagger Throw","Heel Hook"],"picked":"Backstab","floor":1.0},{"not_picked":["Flying Knee","Dash","Leg Sweep"],"picked":"SKIP","floor":3},{"not_picked":["Reflex","Poisoned Stab","Noxious Fumes"],"picked":"SKIP","floor":4},{"not_picked":["PiercingWail","Quick Slash","Bane"],"picked":"SKIP","floor":5},{"not_picked":["Dodge and Roll","Bouncing Flask"],"picked":"infinitespire:Neurotoxin","floor":6}],"player_experience":1034785,"relics_obtained":[{"floor":6,"key":"Ice Cream"}],"event_choices":[],"is_beta":false,"boss_relics":[],"items_purged_floors":[],"is_endless":false,"potions_floor_spawned":[5],"killed_by":"Gremlin Nob","ascension_level":20}}