{"host":"zksvs3x2ysy9npnz","time":1610467161,"event":{"mods":["Aspiration","BaseMod","Beaked The Cultist","BetterRewards","Clockwork Mod","Colored Map","Conspire","Downfall","Duelist Mod","Ekko","Energized Spire","Fiend Mod","Halation","Highlight Path","Hubris","Hunter ??","Infinite Spire","Jedi Mod","JesterMod","Magitek Elite","Minty Spire (QoL Compilation)","Permanent Neow","Quick Restart","Relic Stats","Replay The Spire","Retaliation","Shade Mod","Shop Mod","StSLib","The Construct","The Poker Player","The Runesmith","The Witch","thorton"],"gold_per_floor":[111,186,197,27,46,46,46,46,46,63,83,83,93,126,126,126,126],"floor_reached":16,"playtime":1170,"items_purged":[],"score":117,"play_id":"4cf7329c-0773-44ca-8df8-59225513feed","local_time":"20210112165921","is_ascension_mode":true,"campfire_choices":[{"data":"ekkoTheBoyWhoShatteredTime:TimeMaster","floor":6.0,"key":"SMITH"},{"data":"ekkoTheBoyWhoShatteredTime:CommittedStrike","floor":8.0,"key":"SMITH"},{"data":"Pot Of Greed","floor":12.0,"key":"SMITH"},{"data":"ekkoTheBoyWhoShatteredTime:HauntingGuise","floor":15.0,"key":"SMITH"}],"circlet_count":0,"master_deck":["ekkoTheBoyWhoShatteredTime:Strike","ekkoTheBoyWhoShatteredTime:Strike","ekkoTheBoyWhoShatteredTime:Strike","ekkoTheBoyWhoShatteredTime:Strike","ekkoTheBoyWhoShatteredTime:Strike","ekkoTheBoyWhoShatteredTime:Defend","ekkoTheBoyWhoShatteredTime:Defend","ekkoTheBoyWhoShatteredTime:Defend","ekkoTheBoyWhoShatteredTime:Defend","ekkoTheBoyWhoShatteredTime:TimeMaster+1","ekkoTheBoyWhoShatteredTime:Powered","Pot Of Greed+1","ekkoTheBoyWhoShatteredTime:WideSlice","Pot Of Greed","ekkoTheBoyWhoShatteredTime:MicCheck","Poisoned Strike","ekkoTheBoyWhoShatteredTime:CommittedStrike+1","ekkoTheBoyWhoShatteredTime:CalmingWaves","ekkoTheBoyWhoShatteredTime:Overflow","ekkoTheBoyWhoShatteredTime:HauntingGuise+1"],"relics":["ekkoTheBoyWhoShatteredTime:zDriveResonance","Grinning Jar","hubris:Icosahedron","Singing Bowl","jedi:heavyjacket"],"acts_visited":["Exordium"],"potions_floor_usage":[],"damage_taken":[{"damage":2.0,"enemies":"Small Slimes","floor":1.0,"turns":5.0},{"damage":2.0,"enemies":"Cultist","floor":3.0,"turns":3.0},{"damage":2.0,"enemies":"2 Louse","floor":5.0,"turns":2.0},{"damage":7.0,"enemies":"Blue Slaver","floor":10.0,"turns":4.0},{"damage":10.0,"enemies":"3 Louse","floor":11.0,"turns":3.0},{"damage":0.0,"enemies":"Large Slime","floor":13.0,"turns":5.0},{"damage":22.0,"enemies":"Gremlin Nob","floor":14.0,"turns":4.0},{"damage":33,"enemies":"The Guardian","floor":16,"turns":5}],"seed_played":"-2769741091712981430","potions_obtained":[{"floor":3.0,"key":"Energy Potion"},{"floor":10.0,"key":"sneckomod:MuddlingPotion"},{"floor":14.0,"key":"hexamod:EctoCoolerPotion"}],"is_trial":false,"path_per_floor":["M","?","M","$","M","R","?","R","T","M","M","R","M","E","R","B"],"character_chosen":"EKKO_THE_BOY_WHO_SHATTERED_TIME","items_purchased":["Poisoned Strike"],"campfire_rested":0,"item_purchase_floors":[4],"current_hp_per_floor":[76,69,67,67,65,65,65,65,65,60,50,50,50,28,28,0,0],"gold":126,"neow_bonus":"RANDOM_COMMON_RELIC","is_daily":false,"chose_seed":false,"campfire_upgraded":4,"win_rate":0.0,"timestamp":1610467161,"path_taken":["M","?","?","$","M","R","?","R","T","M","M","R","M","E","R","BOSS"],"items_purchased_type":["Card"],"build_version":"2020-12-22","purchased_purges":0,"victory":false,"max_hp_per_floor":[78,78,78,78,78,78,78,78,78,80,80,80,80,80,80,80,80],"relic_stats":{"Singing Bowl":2,"counters":[8,31],"obtain_stats":[{"jedi:heavyjacket":14,"hubris:Icosahedron":7,"Singing Bowl":9,"Grinning Jar":0,"ekkoTheBoyWhoShatteredTime:zDriveResonance":0},{"jedi:heavyjacket":7,"hubris:Icosahedron":3,"Singing Bowl":3,"Grinning Jar":0,"ekkoTheBoyWhoShatteredTime:zDriveResonance":0},{"jedi:heavyjacket":26,"hubris:Icosahedron":10,"Singing Bowl":10,"Grinning Jar":0,"ekkoTheBoyWhoShatteredTime:zDriveResonance":0}]},"card_choices":[{"not_picked":["ekkoTheBoyWhoShatteredTime:PhaseDive","ekkoTheBoyWhoShatteredTime:SpHit"],"picked":"ekkoTheBoyWhoShatteredTime:WideSlice","floor":1.0},{"not_picked":["ekkoTheBoyWhoShatteredTime:SneakHit","ekkoTheBoyWhoShatteredTime:SpHit"],"picked":"ekkoTheBoyWhoShatteredTime:MicCheck","floor":3.0},{"not_picked":["ekkoTheBoyWhoShatteredTime:AfterimageBait","ekkoTheBoyWhoShatteredTime:TimeRecall"],"picked":"ekkoTheBoyWhoShatteredTime:CommittedStrike","floor":5.0},{"not_picked":["ekkoTheBoyWhoShatteredTime:Playful","ekkoTheBoyWhoShatteredTime:SpHit","ekkoTheBoyWhoShatteredTime:ItemsAfterimage"],"picked":"Singing Bowl","floor":10.0},{"not_picked":["ekkoTheBoyWhoShatteredTime:AfterimageHit","ekkoTheBoyWhoShatteredTime:Greed"],"picked":"ekkoTheBoyWhoShatteredTime:CalmingWaves","floor":11.0},{"not_picked":["ekkoTheBoyWhoShatteredTime:HauntingGuise","ekkoTheBoyWhoShatteredTime:LevelUp"],"picked":"ekkoTheBoyWhoShatteredTime:Overflow","floor":13.0},{"not_picked":["ekkoTheBoyWhoShatteredTime:SktSynergy","ekkoTheBoyWhoShatteredTime:NeedlesslyLargeRod"],"picked":"ekkoTheBoyWhoShatteredTime:HauntingGuise","floor":14.0}],"player_experience":2480625,"relics_obtained":[{"floor":9.0,"key":"Singing Bowl"},{"floor":14.0,"key":"jedi:heavyjacket"}],"event_choices":[{"damage_healed":0.0,"max_hp_gain":0.0,"max_hp_loss":0.0,"gold_gain":75.0,"event_name":"FaceTrader","player_choice":"Touch","floor":2.0,"gold_loss":0.0,"damage_taken":7.0}],"is_beta":false,"boss_relics":[],"items_purged_floors":[],"is_endless":false,"potions_floor_spawned":[3,10,14],"killed_by":"The Guardian","ascension_level":3}}