{"host":"87fdiiwflhrwsj8a","time":1610410399,"event":{"mods":["Aspiration","BaseMod","Better Match","Better Third Choice","BetterRewards","Colored Map","Conspire","GifTheSpireLib","Infinite Spire","Minty Spire (QoL Compilation)","Quick Restart","Relic Sorter","Replay The Spire","Robot Space Explorer","StSLib","Stuff the Spire","The Alterego","The Cursed","The Jungle"],"gold_per_floor":[110,110,110,167,167,237,237,310,378,378,378,378,412,476,501,561,561,680,680,738,567,584,584,597,597,627,627,627,641,566,666,666,699,699,778,778,833,665,965,977,977,977,1006,1017,1017,1049,1067,1067,1067,1097,1097,1097,1097],"floor_reached":52,"playtime":1956,"items_purged":["StuffTheSpire:CuriosityCurse"],"score":1558,"play_id":"9e540b66-ae4b-4393-bf0f-eb343ba372f2","local_time":"20210111191319","is_ascension_mode":true,"campfire_choices":[{"data":"Apotheosis","floor":7.0,"key":"SMITH"},{"floor":17.0,"key":"REST"},{"data":"ReplayTheSpireMod:Haul","floor":25.0,"key":"SMITH"},{"data":"Eruption","floor":27.0,"key":"SMITH"},{"floor":32.0,"key":"REST"},{"floor":34.0,"key":"REST"},{"data":"DevaForm","floor":42.0,"key":"SMITH"},{"floor":48.0,"key":"REST"}],"circlet_count":0,"master_deck":["AscendersBane","Strike_P","Strike_P","Strike_P","Strike_P","Defend_P","Defend_P","Defend_P","Defend_P","Eruption+1","Vigilance","FlurryOfBlows","Adaptation+1","Apotheosis+1","FlyingSleeves+1","Consecrate","FlyingSleeves+1","Wireheading","ClearTheMind","SandsOfTime","DeusExMachina","Indignation","SignatureMove","ReplayTheSpireMod:Haul+1","FlurryOfBlows","ClearTheMind+1","Devotion","SashWhip","DevaForm+1","Crescendo","FollowUp","Replay:Fractal Strike","Ragnarok","Halt","FollowUp+1"],"relics":["PureWater","ReplayTheSpireMod:Ring of Challenge","NeowsBlessing","Ring of Misfortune","Whetstone","Replay:Bottled Steam","Question Card","infinitespire:Lucky Rock","Bag of Marbles","Unceasing Top","Ring of Chaos","Onion Ring","StuffTheSpire:BottledEssence","Lee\u0027s Waffle","conspire:DeflatedDodgeball","Simple Rune","conspire:GiftBox","Sundial","Du-Vu Doll","conspire:RunicOctahedron","StuffTheSpire:Gunfinga","Old Coin","StuffTheSpire:GrapeVine","Mercury Hourglass","TeardropLocket","aspiration:ChemicalBlood","infinitespire:Bottled Soul"],"acts_visited":["Exordium","TheCity","TheBeyond"],"potions_floor_usage":[52,52],"damage_taken":[{"damage":0.0,"enemies":"Jaw Worm","floor":1.0,"turns":1.0},{"damage":0.0,"enemies":"2 Louse","floor":4.0,"turns":1.0},{"damage":0.0,"enemies":"Lagavulin","floor":6.0,"turns":1.0},{"damage":25.0,"enemies":"3 Sentries","floor":8.0,"turns":8.0},{"damage":0.0,"enemies":"Gremlin Nob","floor":13.0,"turns":2.0},{"damage":0.0,"enemies":"Cultist","floor":14.0,"turns":3.0},{"damage":14.0,"enemies":"Lagavulin","floor":15.0,"turns":7.0},{"damage":0.0,"enemies":"Looter","floor":16.0,"turns":1.0},{"damage":27.0,"enemies":"Slime Boss","floor":18.0,"turns":7.0},{"damage":40.0,"enemies":"Shell Parasite","floor":20.0,"turns":4.0},{"damage":0.0,"enemies":"2 Thieves","floor":22.0,"turns":2.0},{"damage":0.0,"enemies":"Shelled Parasite and Fungi","floor":24.0,"turns":1.0},{"damage":16.0,"enemies":"Book of Stabbing","floor":26.0,"turns":3.0},{"damage":9.0,"enemies":"Cultist and Chosen","floor":29.0,"turns":3.0},{"damage":10.0,"enemies":"Colosseum Slavers","floor":31.0,"turns":2.0},{"damage":0.0,"enemies":"Colosseum Nobs","floor":31.0,"turns":2.0},{"damage":0.0,"enemies":"Gremlin Leader","floor":33.0,"turns":1.0},{"damage":22.0,"enemies":"conspire:MysteriousRune","floor":35.0,"turns":4.0},{"damage":1.0,"enemies":"Orb Walker","floor":37.0,"turns":3.0},{"damage":14.0,"enemies":"3 Shapes","floor":40.0,"turns":2.0},{"damage":0.0,"enemies":"Nemesis","floor":43.0,"turns":1.0},{"damage":0.0,"enemies":"Maw","floor":44.0,"turns":4.0},{"damage":0.0,"enemies":"R_Hoarder","floor":46.0,"turns":4.0},{"damage":0.0,"enemies":"3 Darklings","floor":47.0,"turns":2.0},{"damage":52.0,"enemies":"Nightmare","floor":50.0,"turns":7.0},{"damage":54,"enemies":"Awakened One","floor":52,"turns":3}],"seed_played":"8970549093516914700","potions_obtained":[{"floor":4.0,"key":"Elixir"},{"floor":8.0,"key":"PowerPotion"},{"floor":13.0,"key":"Venom Potion"},{"floor":15.0,"key":"Energy Potion"},{"floor":20.0,"key":"Fire Potion"},{"floor":24.0,"key":"Swift Potion"},{"floor":33.0,"key":"Milkshake"},{"floor":37.0,"key":"Strength Potion"},{"floor":50.0,"key":"Dexterity Potion"},{"floor":52,"key":"Dexterity Potion"}],"is_trial":false,"path_per_floor":["M","?","?","M","?","E","R","E","T","?","PTL","PTL","E","M","E","M","R","B",null,"M","$","M","AVR","M","R","E","R","T","M","?","?","R","E","R","B",null,"M","$","?","M","AVR","R","E","M","T","E","M","R","?","NM","R_BF","B"],"character_chosen":"WATCHER","items_purchased":["StuffTheSpire:BottledEssence","StuffTheSpire:Gunfinga"],"campfire_rested":4,"item_purchase_floors":[21,38],"current_hp_per_floor":[61,61,57,57,57,57,57,32,32,32,32,32,32,32,18,18,38,11,54,14,14,14,75,75,75,59,59,59,50,50,40,62,62,75,53,70,69,69,69,55,55,55,55,55,55,56,56,76,76,24,46,0,0],"gold":1097,"neow_bonus":"THREE_ENEMY_KILL","is_daily":false,"chose_seed":false,"campfire_upgraded":4,"win_rate":0.0,"timestamp":1610410399,"path_taken":["M","?","?","?","?","E","R","E","T","?","PTL","PTL","E","M","E","M","R","BOSS","M","$","?","AVR","M","R","E","R","T","?","?","?","R","E","R","BOSS","M","$","?","M","AVR","R","E","M","T","E","M","R","?","NM","R_BF","BOSS"],"items_purchased_type":["Relic","Relic"],"build_version":"2020-12-22","purchased_purges":1,"victory":false,"max_hp_per_floor":[68,68,68,68,68,68,68,68,68,68,68,68,68,68,68,68,68,68,68,68,68,68,75,75,75,75,75,75,75,75,75,75,75,75,75,75,75,75,75,75,75,75,75,75,75,76,76,76,76,76,76,76,76],"card_choices":[{"not_picked":["Pray","Collect"],"picked":"FlurryOfBlows","floor":1.0},{"not_picked":["ClearTheMind","DeceiveReality"],"picked":"Adaptation","floor":4.0},{"not_picked":["ReachHeaven","InnerPeace"],"picked":"FlyingSleeves","floor":6.0},{"not_picked":["WreathOfFlame","BowlingBash"],"picked":"Consecrate","floor":8.0},{"not_picked":["FearNoEvil","BattleHymn","Study"],"picked":"FlyingSleeves","floor":13.0},{"not_picked":["Replay:DivineShield","Meditate","SandsOfTime"],"picked":"Wireheading","floor":14.0},{"not_picked":["Swivel","Adaptation","Replay:BluntJabs"],"picked":"ClearTheMind","floor":15.0},{"not_picked":["Worship","WheelKick","CrushJoints"],"picked":"SandsOfTime","floor":16.0},{"not_picked":["Blasphemy","Replay:LoomingThreat","LessonLearned"],"picked":"DeusExMachina","floor":18.0},{"not_picked":["DeceiveReality","Evaluate","SignatureMove"],"picked":"Indignation","floor":20.0},{"not_picked":["FlyingSleeves","Replay:ManipulateFuture","ReachHeaven"],"picked":"SignatureMove","floor":22.0},{"not_picked":["Pray","Replay:AtTheReady","Nirvana"],"picked":"FlurryOfBlows","floor":24.0},{"not_picked":["MentalFortress","Study","WaveOfTheHand+1"],"picked":"ClearTheMind+1","floor":26.0},{"not_picked":["Protect+1","BattleHymn","ClearTheMind","CarveReality"],"picked":"SKIP","floor":29.0},{"not_picked":["Wish","Omniscience","Replay:AllIn"],"picked":"Devotion","floor":31.0},{"not_picked":["Replay:Cycle","Replay:Hum","CutThroughFate"],"picked":"SashWhip","floor":31.0},{"not_picked":["JustLucky","WreathOfFlame+1","Halt","SpiritShield"],"picked":"SKIP","floor":33.0},{"not_picked":["ConjureBlade","Wish","Alpha"],"picked":"DevaForm","floor":35.0},{"not_picked":["CarveReality","CutThroughFate","Replay:BluntJabs+1"],"picked":"Crescendo","floor":37.0},{"not_picked":["Replay:BluntJabs","Evaluate+1","InnerPeace"],"picked":"FollowUp","floor":40.0},{"not_picked":["Evaluate+1","Indignation","EmptyBody"],"picked":"Ragnarok","floor":43.0},{"not_picked":["FollowUp","CrushJoints","Meditate"],"picked":"Halt","floor":44.0},{"not_picked":["Fasting2","PathToVictory","Indignation","Consecrate"],"picked":"SKIP","floor":46.0},{"not_picked":["Fasting2+1","FlyingSleeves","Wallop"],"picked":"FollowUp+1","floor":47.0},{"not_picked":["LikeWater","CutThroughFate","LessonLearned","SashWhip"],"picked":"SKIP","floor":50.0},{"not_picked":["LikeWater","CutThroughFate","LessonLearned","SashWhip"],"picked":"SKIP","floor":50.0}],"player_experience":2675458,"relics_obtained":[{"floor":2.0,"key":"ReplayTheSpireMod:Ring of Challenge"},{"floor":2.0,"key":"Ring of Misfortune"},{"floor":6.0,"key":"Whetstone"},{"floor":8.0,"key":"Replay:Bottled Steam"},{"floor":9.0,"key":"Question Card"},{"floor":13.0,"key":"infinitespire:Lucky Rock"},{"floor":14.0,"key":"Bag of Marbles"},{"floor":15.0,"key":"Unceasing Top"},{"floor":20.0,"key":"Onion Ring"},{"floor":26.0,"key":"conspire:DeflatedDodgeball"},{"floor":28.0,"key":"Simple Rune"},{"floor":31.0,"key":"conspire:GiftBox"},{"floor":31.0,"key":"Sundial"},{"floor":33.0,"key":"Du-Vu Doll"},{"floor":43.0,"key":"Mercury Hourglass"},{"floor":45.0,"key":"TeardropLocket"},{"floor":46.0,"key":"aspiration:ChemicalBlood"},{"floor":50.0,"key":"infinitespire:Bottled Soul"}],"event_choices":[{"damage_healed":0.0,"max_hp_gain":0.0,"max_hp_loss":0.0,"gold_gain":0.0,"event_name":"The Woman in Blue","player_choice":"Bought 0 Potions","floor":3.0,"gold_loss":0.0,"damage_taken":0.0},{"damage_healed":57.0,"max_hp_gain":0.0,"max_hp_loss":68.0,"gold_gain":0.0,"event_name":"betterThird:BetterShining","player_choice":"Embrace","floor":5.0,"gold_loss":0.0,"damage_taken":0.0},{"damage_healed":0.0,"max_hp_gain":0.0,"max_hp_loss":0.0,"gold_gain":0.0,"event_name":"Upgrade Shrine","player_choice":"Upgraded","floor":10.0,"gold_loss":0.0,"damage_taken":0.0,"cards_upgraded":["Adaptation"]},{"cards_removed":["Looming Evil"],"damage_healed":0.0,"max_hp_gain":0.0,"max_hp_loss":0.0,"gold_gain":0.0,"event_name":"Beggar","player_choice":"Gave Gold","floor":30.0,"gold_loss":75.0,"damage_taken":0.0},{"damage_healed":0.0,"max_hp_gain":0.0,"max_hp_loss":0.0,"gold_gain":0.0,"event_name":"Colosseum","player_choice":"Fight","floor":31.0,"gold_loss":0.0,"damage_taken":0.0},{"damage_healed":0.0,"max_hp_gain":0.0,"max_hp_loss":0.0,"gold_gain":0.0,"event_name":"Colosseum","player_choice":"Fought Nobs","floor":31.0,"gold_loss":0.0,"damage_taken":0.0},{"damage_healed":0.0,"max_hp_gain":0.0,"max_hp_loss":0.0,"gold_gain":0.0,"event_name":"Tomb of Lord Red Mask","player_choice":"Ignored","floor":49.0,"gold_loss":0.0,"damage_taken":0.0}],"is_beta":false,"boss_relics":[{"not_picked":["ReplayTheSpireMod:SealedPack","Ectoplasm"],"picked":"Ring of Chaos"},{"not_picked":["Cursed Key","Honey Jar"],"picked":"conspire:RunicOctahedron"}],"items_purged_floors":[41],"is_endless":true,"potions_floor_spawned":[4,8,13,15,20,24,31,33,37,44,46],"killed_by":"Awakened One","ascension_level":20}}