{"host":"2c1pg2m9wpz3w4c0","time":1610491378,"event":{"mods":["AchievementEnabler","Act Like it!","Aspiration","BaseMod","Better Note","BetterRewards","Curses Come First","Disable Question Mark Monsters","Halation","Hubris","Infinite Spire","Lotus Mark","Marisa????????","Minty Spire (QoL Compilation)","Replay The Spire","StSLib","SuperFastMode","The Clintock","The Jungle","The Marked","The Runesmith","Transform Curses"],"gold_per_floor":[110,129,147,147,147,147,158,158,158,169,182,195,208,208,208,311,311,311],"floor_reached":17,"language":"ENG","playtime":462,"items_purged":[],"score":251,"play_id":"56fe6e5d-8e8b-4e53-8817-2354e33dd109","local_time":"20210112154258","is_ascension_mode":false,"campfire_choices":[{"data":"Flame Barrier","floor":6,"key":"SMITH"},{"data":"Iron Wave","floor":8,"key":"SMITH"},{"data":"infinitespire:DeathsTouch","floor":15,"key":"SMITH"}],"circlet_count":0,"master_deck":["Strike_R","Strike_R","Strike_R","Strike_R","Strike_R","Defend_R","Defend_R","Defend_R","Defend_R","Bash","Armaments","Heavy Blade","Flame Barrier+1","Iron Wave+1","ReplayTheSpireMod:LeadingStrike","Sentinel","Thunderclap","Pummel","Warcry","Cleave","Parasite","Languid","infinitespire:DeathsTouch+1","Barricade"],"relics":["Burning Blood","Vajra","Boot"],"acts_visited":["Exordium","theJungle:Jungle"],"potions_floor_usage":[2,7,10,16],"damage_taken":[{"damage":0,"enemies":"2 Louse","floor":1,"turns":2},{"damage":7,"enemies":"infinitespire:Voidling","floor":2,"turns":4},{"damage":0,"enemies":"Jaw Worm","floor":3,"turns":4},{"damage":0,"enemies":"Looter","floor":7,"turns":4},{"damage":2,"enemies":"2 Fungi Beasts","floor":10,"turns":3},{"damage":4,"enemies":"Blue Slaver","floor":11,"turns":4},{"damage":0,"enemies":"Red Slaver","floor":12,"turns":4},{"damage":2,"enemies":"Exordium Wildlife","floor":13,"turns":5},{"damage":60,"enemies":"The Guardian","floor":16,"turns":12}],"seed_played":"-7481480797114588240","potions_obtained":[{"floor":1,"key":"Weak Potion"},{"floor":2,"key":"Elixir"},{"floor":3,"key":"Adrenaline Potion"},{"floor":13,"key":"ElixirPotion"},{"floor":16,"key":"Fire Potion"}],"is_trial":false,"path_per_floor":["M","M","M","?","?","R","M","R","T","M","M","M","M","?","R","B",null],"character_chosen":"IRONCLAD","items_purchased":["Vajra","Armaments","Heavy Blade","DistilledChaos"],"campfire_rested":0,"item_purchase_floors":[0,0,0,0],"current_hp_per_floor":[76,80,80,80,80,80,80,80,80,80,80,80,80,80,80,26,80,80],"gold":311,"neow_bonus":"","is_daily":false,"chose_seed":false,"campfire_upgraded":3,"win_rate":0.0,"timestamp":1610491378,"path_taken":["M","M","M","?","?","R","M","R","T","M","M","M","?","?","R","BOSS"],"items_purchased_type":["Relic","Card","Card","Potion"],"build_version":"2020-12-22","purchased_purges":0,"victory":false,"max_hp_per_floor":[80,80,80,80,80,80,80,80,80,80,80,80,80,80,80,80,80,80],"card_choices":[{"not_picked":["Massacre","Dropkick"],"picked":"Flame Barrier","floor":1},{"not_picked":["Warcry","Sword Boomerang"],"picked":"Iron Wave","floor":2},{"not_picked":["Wild Strike","Dark Embrace"],"picked":"ReplayTheSpireMod:LeadingStrike","floor":3},{"not_picked":["True Grit","Wild Strike"],"picked":"Sentinel","floor":7},{"not_picked":["Uppercut","Armaments"],"picked":"Thunderclap","floor":10},{"not_picked":["Searing Blow","Pommel Strike"],"picked":"Pummel","floor":11},{"not_picked":["Heavy Blade","Armaments"],"picked":"Warcry","floor":12},{"not_picked":["Evolve","Thunderclap"],"picked":"Cleave","floor":13},{"not_picked":["ReplayTheSpireMod:Black Plague","Replay:Fractal Strike"],"picked":"infinitespire:DeathsTouch","floor":14},{"not_picked":["Brutality","Hemogenesis"],"picked":"Barricade","floor":16}],"player_experience":1167618,"relics_obtained":[{"floor":9,"key":"Boot"}],"event_choices":[{"damage_healed":0,"gold_gain":0,"player_choice":"Bought 0 Potions","damage_taken":0,"max_hp_gain":0,"max_hp_loss":0,"event_name":"The Woman in Blue","floor":5,"gold_loss":0}],"is_beta":false,"boss_relics":[{"not_picked":["Replay:Wanted Poster","halation:Yufonium","Electric Blood"]}],"items_purged_floors":[],"is_endless":false,"potions_floor_spawned":[1,2,3,13,16],"ascension_level":0}}