{"host":"izkte3iaxw6lzeie","time":1610480771,"event":{"mods":["BaseMod","Bestiary","Curses Come First","Minty Spire (QoL Compilation)","StSLib","The Alterego","egg"],"gold_per_floor":[113,38,53,71,21,21,51,68,93,93,117,117,50,85,85,186,186,200,210,229,229,259,259,284,311,336,352,366,366,391,52,52,151,151,165,165,65,81,93,124,124,156,156,106,122,122,137,151,151,151,151,151,24,57,57],"floor_reached":56,"playtime":4012,"items_purged":["alterego_mod:Strike","Shame","alterego_mod:Strike","alterego_mod:Strike"],"score":1403,"play_id":"06f1088b-4362-499a-ba9f-f43e39e412f7","local_time":"20210112144611","is_ascension_mode":true,"campfire_choices":[{"data":"alterego_mod:1TonWallop","floor":6,"key":"SMITH"},{"data":"alterego_mod:Nekomimi","floor":10,"key":"SMITH"},{"data":"alterego_mod:TrashNCrash","floor":15,"key":"SMITH"},{"data":"alterego_mod:BrynhildrRomantia","floor":23,"key":"SMITH"},{"data":"alterego_mod:BrynhildrsRune","floor":29,"key":"SMITH"},{"data":"alterego_mod:Palingenesis","floor":32,"key":"SMITH"},{"floor":46,"key":"RECALL"},{"floor":49,"key":"REST"},{"floor":52,"key":"REST"}],"circlet_count":0,"master_deck":["alterego_mod:Strike","alterego_mod:Defend","alterego_mod:Defend","alterego_mod:Defend","alterego_mod:Defend","alterego_mod:Impale","alterego_mod:BigMeatyClaws","alterego_mod:BrynhildrsRune+1","alterego_mod:1TonWallop+1","alterego_mod:Nekomimi+1","alterego_mod:RocketPunch","alterego_mod:MagicResistance+1","alterego_mod:TrashNCrash+1","alterego_mod:SakuraFive","alterego_mod:BrynhildrRomantia+1","alterego_mod:Undulate+1","Apotheosis","alterego_mod:Cushion+1","alterego_mod:Palingenesis+1","alterego_mod:ClassAdvantage","alterego_mod:ChallengeComplete+1","alterego_mod:Schoolgirl+1","Bandage Up","Finesse","alterego_mod:SakuraLabyrinth","alterego_mod:Maid+1"],"relics":["alterego_mod:MasochisticConstitution","NeowsBlessing","Toy Ornithopter","Happy Flower","Odd Mushroom","Pen Nib","SlaversCollar","Anchor","Red Mask","Strawberry","Pantograph","War Paint","Orrery","Fusion Hammer","Smiling Mask","Meat on the Bone","Bottled Flame","Bag of Preparation"],"acts_visited":["Exordium","TheCity","TheBeyond","TheEnding"],"potions_floor_usage":[14,16,22,25,27,30,42,42,47,47,48,50,55],"damage_taken":[{"damage":0,"enemies":"Cultist","floor":1,"turns":1},{"damage":0,"enemies":"Small Slimes","floor":3,"turns":1},{"damage":0,"enemies":"Jaw Worm","floor":4,"turns":1},{"damage":21,"enemies":"Lagavulin","floor":7,"turns":11},{"damage":10,"enemies":"Blue Slaver","floor":8,"turns":5},{"damage":12,"enemies":"The Mushroom Lair","floor":11,"turns":3},{"damage":12,"enemies":"3 Sentries","floor":14,"turns":5},{"damage":26,"enemies":"Hexaghost","floor":16,"turns":7},{"damage":15,"enemies":"Spheric Guardian","floor":18,"turns":4},{"damage":28,"enemies":"Shell Parasite","floor":19,"turns":6},{"damage":33,"enemies":"Snake Plant","floor":20,"turns":8},{"damage":39,"enemies":"Masked Bandits","floor":22,"turns":5},{"damage":4,"enemies":"Gremlin Leader","floor":25,"turns":5},{"damage":38,"enemies":"Shelled Parasite and Fungi","floor":27,"turns":7},{"damage":0,"enemies":"Centurion and Healer","floor":28,"turns":7},{"damage":24,"enemies":"Book of Stabbing","floor":30,"turns":4},{"damage":47,"enemies":"Automaton","floor":33,"turns":9},{"damage":27,"enemies":"3 Darklings","floor":35,"turns":6},{"damage":3,"enemies":"Orb Walker","floor":38,"turns":6},{"damage":21,"enemies":"3 Darklings","floor":39,"turns":8},{"damage":23,"enemies":"Giant Head","floor":40,"turns":11},{"damage":60,"enemies":"Reptomancer","floor":42,"turns":9},{"damage":0,"enemies":"Transient","floor":45,"turns":5},{"damage":18,"enemies":"Sphere and 2 Shapes","floor":47,"turns":10},{"damage":13,"enemies":"Writhing Mass","floor":48,"turns":9},{"damage":22,"enemies":"Donu and Deca","floor":50,"turns":7},{"damage":48,"enemies":"Shield and Spear","floor":54,"turns":7},{"damage":114,"enemies":"The Heart","floor":55,"turns":10}],"seed_played":"-7517526463033353807","potions_obtained":[{"floor":7,"key":"EssenceOfSteel"},{"floor":11,"key":"FearPotion"},{"floor":14,"key":"LiquidMemories"},{"floor":18,"key":"Swift Potion"},{"floor":20,"key":"CultistPotion"},{"floor":25,"key":"Fire Potion"},{"floor":33,"key":"BlessingOfTheForge"},{"floor":39,"key":"EntropicBrew"},{"floor":42,"key":"Swift Potion"},{"floor":47,"key":"SneckoOil"}],"is_trial":false,"path_per_floor":["M","$","M","M","$","R","E","M","T","R","?","?","$","E","R","B",null,"M","M","M","?","?","R","T","E","T","M","M","R","E","$","R","B",null,"M","?","$","M","M","E","?","E","T","$","M","R","M","M","R","B",null,"R","$","E","B",null],"character_chosen":"The_Alterego","items_purchased":["alterego_mod:MagicResistance","alterego_mod:SakuraFive","Apotheosis","Orrery","LiquidMemories"],"campfire_rested":2,"item_purchase_floors":[5,13,31,31,53],"current_hp_per_floor":[70,70,70,70,70,70,50,48,48,48,44,49,49,64,64,44,80,76,59,37,37,21,21,28,51,51,41,63,63,45,45,45,35,127,126,125,125,123,128,113,103,104,104,104,108,108,129,135,147,148,152,152,152,122,64],"gold":57,"neow_bonus":"THREE_ENEMY_KILL","is_daily":false,"chose_seed":false,"campfire_upgraded":6,"win_rate":0.0,"timestamp":1610480771,"path_taken":["M","?","?","M","?","R","E","M","T","R","?","?","$","E","R","BOSS","M","M","M","?","?","R","?","E","T","?","M","R","E","?","R","BOSS","M","?","$","M","M","E","?","E","T","$","M","R","M","M","R","BOSS","R","$","E","BOSS"],"items_purchased_type":["Card","Card","Card","Relic","Potion"],"build_version":"2020-12-22","purchased_purges":4,"victory":true,"max_hp_per_floor":[70,70,70,70,70,70,71,72,72,72,73,78,78,79,79,80,80,84,88,92,92,96,96,103,104,104,113,121,121,122,122,122,127,127,132,125,125,126,131,132,132,137,137,137,137,137,146,147,147,152,152,152,152,157,158],"card_choices":[{"not_picked":["alterego_mod:Cycle","alterego_mod:Mirror"],"picked":"alterego_mod:1TonWallop","floor":1},{"not_picked":["alterego_mod:Schoolgirl","alterego_mod:Complex"],"picked":"alterego_mod:Nekomimi","floor":3},{"not_picked":["alterego_mod:BeGentle","alterego_mod:Skirt"],"picked":"alterego_mod:RocketPunch","floor":4},{"not_picked":["alterego_mod:Crossover","alterego_mod:DiscoLights","alterego_mod:GoddessCore"],"picked":"SKIP","floor":7},{"not_picked":["alterego_mod:RocketPunch","alterego_mod:Maid"],"picked":"alterego_mod:TrashNCrash","floor":8},{"not_picked":["alterego_mod:DeftHands","alterego_mod:Cooking","alterego_mod:Santa"],"picked":"SKIP","floor":14},{"not_picked":["alterego_mod:Palingenesis","alterego_mod:GIGAMILK"],"picked":"alterego_mod:BrynhildrRomantia","floor":16},{"not_picked":["alterego_mod:Clap","alterego_mod:Cooking","alterego_mod:GoddessCore"],"picked":"SKIP","floor":18},{"not_picked":["alterego_mod:Collar","alterego_mod:Jiggle","alterego_mod:IndependentAction"],"picked":"SKIP","floor":19},{"not_picked":["alterego_mod:Exercise","alterego_mod:Complex","alterego_mod:Support"],"picked":"SKIP","floor":20},{"not_picked":["alterego_mod:Smother+1","alterego_mod:Belle"],"picked":"alterego_mod:Undulate","floor":22},{"not_picked":["alterego_mod:Cooking","alterego_mod:Undulate+1","alterego_mod:PresenceConcealment"],"picked":"SKIP","floor":25},{"not_picked":["alterego_mod:BustOut","alterego_mod:Maid+1","alterego_mod:Skirt"],"picked":"SKIP","floor":27},{"not_picked":["alterego_mod:Punishment","alterego_mod:DeftHands","alterego_mod:Jiggle"],"picked":"SKIP","floor":28},{"not_picked":["alterego_mod:BusterCard","alterego_mod:TrashNCrash","alterego_mod:Undulate"],"picked":"SKIP","floor":30},{"not_picked":["alterego_mod:Mirror","alterego_mod:Valentines"],"picked":"alterego_mod:Cushion+1","floor":31},{"not_picked":["alterego_mod:Undulate+1","alterego_mod:Lingerie"],"picked":"alterego_mod:Palingenesis","floor":31},{"not_picked":["alterego_mod:Lift","alterego_mod:SideboobHour"],"picked":"alterego_mod:ClassAdvantage","floor":33},{"not_picked":["alterego_mod:Table+1","alterego_mod:Complex+1","alterego_mod:RocketPunch+1"],"picked":"SKIP","floor":35},{"not_picked":["alterego_mod:Belts+1","alterego_mod:Complex+1"],"picked":"alterego_mod:ChallengeComplete+1","floor":38},{"not_picked":["alterego_mod:HighServant+1","alterego_mod:Undulate+1"],"picked":"alterego_mod:Schoolgirl+1","floor":39},{"not_picked":["alterego_mod:1TonWallop+1","alterego_mod:RidiculouslyBig","alterego_mod:Complex+1"],"picked":"SKIP","floor":40},{"not_picked":["Finesse","Violence"],"picked":"Bandage Up","floor":41},{"not_picked":["Jack Of All Trades","Blind"],"picked":"Finesse","floor":41},{"not_picked":["alterego_mod:Lift","alterego_mod:MagicResistance+1"],"picked":"alterego_mod:SakuraLabyrinth","floor":42},{"not_picked":["alterego_mod:BeGentle","alterego_mod:Skirt+1","alterego_mod:DiscoLights+1"],"picked":"SKIP","floor":45},{"not_picked":["alterego_mod:Undulate+1","alterego_mod:Schoolgirl+1","alterego_mod:Weigh"],"picked":"SKIP","floor":47},{"not_picked":["alterego_mod:DeftHands","alterego_mod:Santa+1","alterego_mod:Cycle+1"],"picked":"SKIP","floor":48},{"not_picked":["alterego_mod:DeftHands","alterego_mod:Santa+1","alterego_mod:Cycle+1"],"picked":"SKIP","floor":48},{"not_picked":["alterego_mod:Jiggle+1","alterego_mod:DeftHands+1"],"picked":"alterego_mod:Maid+1","floor":54}],"player_experience":1676137,"relics_obtained":[{"floor":7,"key":"Toy Ornithopter"},{"floor":9,"key":"Happy Flower"},{"floor":11,"key":"Odd Mushroom"},{"floor":14,"key":"Pen Nib"},{"floor":22,"key":"Red Mask"},{"floor":24,"key":"Strawberry"},{"floor":25,"key":"Pantograph"},{"floor":30,"key":"War Paint"},{"floor":40,"key":"Smiling Mask"},{"floor":42,"key":"Meat on the Bone"},{"floor":43,"key":"Bottled Flame"},{"floor":54,"key":"Bag of Preparation"}],"event_choices":[{"damage_healed":0,"gold_gain":0,"player_choice":"Fought Mushrooms","damage_taken":0,"max_hp_gain":0,"max_hp_loss":0,"event_name":"Mushrooms","floor":11,"gold_loss":0},{"damage_healed":0,"gold_gain":0,"player_choice":"Donut","damage_taken":0,"max_hp_gain":5,"max_hp_loss":0,"event_name":"Big Fish","floor":12,"gold_loss":0},{"damage_healed":0,"gold_gain":0,"player_choice":"Stole Relic","damage_taken":0,"relics_obtained":["Anchor"],"max_hp_gain":0,"max_hp_loss":0,"event_name":"Addict","floor":21,"gold_loss":0,"cards_obtained":["Shame"]},{"damage_healed":0,"gold_gain":0,"player_choice":"Fought Bandits","damage_taken":0,"max_hp_gain":0,"max_hp_loss":0,"event_name":"Masked Bandits","floor":22,"gold_loss":0},{"damage_healed":0,"gold_gain":0,"player_choice":"Max HP","damage_taken":0,"max_hp_gain":0,"max_hp_loss":7,"event_name":"Winding Halls","floor":36,"gold_loss":0},{"damage_healed":0,"gold_gain":0,"player_choice":"Memory 3","damage_taken":10,"max_hp_gain":0,"max_hp_loss":0,"event_name":"SensoryStone","floor":41,"gold_loss":0}],"is_beta":false,"boss_relics":[{"not_picked":["Empty Cage","Ectoplasm"],"picked":"SlaversCollar"},{"not_picked":["Black Star","Runic Dome"],"picked":"Fusion Hammer"}],"items_purged_floors":[2,37,44,53],"is_endless":false,"potions_floor_spawned":[7,11,14,18,20,25,33,39,42,45,47],"ascension_level":1}}