{"host":"w2015cq1v71a9t6a","time":1610485260,"event":{"mods":["AchievementEnabler","BaseMod","BetterRewards","Colored Map","Colored Powertips","Dio Mod","Infinite Spire","Minty Spire (QoL Compilation)","Quick Restart","Replay The Spire","StSLib","Synergy Search","Td1madao Mod"],"gold_per_floor":[112,112,190,206,216,247,247,247,271,271,306,319,319,339,339,339,339],"floor_reached":16,"language":"ENG","playtime":672,"items_purged":[],"score":127,"play_id":"cc7fd94c-2a10-4f67-a9cf-7a4423c8b795","local_time":"20210112220100","is_ascension_mode":true,"campfire_choices":[{"floor":10,"key":"REST"},{"data":"Bite","floor":13,"key":"SMITH"},{"floor":15,"key":"REST"}],"circlet_count":0,"master_deck":["dioMod:Strike+1","dioMod:Strike","dioMod:Strike+1","dioMod:Strike","Bite+1","dioMod:Defend","dioMod:Defend","dioMod:ComboFever","Parasite","dioMod:StreetSign","dioMod:Muda","dioMod:DoubleTime"],"relics":["dioMod:VampireBlood","Whetstone","Blood Vial","Blue Doll","ReplayTheSpireMod:TigerMarble"],"acts_visited":["Exordium"],"potions_floor_usage":[6,16],"damage_taken":[{"damage":1,"enemies":"Cultist","floor":1,"turns":4},{"damage":4,"enemies":"Jaw Worm","floor":4,"turns":3},{"damage":0,"enemies":"Small Slimes","floor":5,"turns":2},{"damage":39,"enemies":"Lagavulin","floor":6,"turns":7},{"damage":42,"enemies":"Gremlin Nob","floor":11,"turns":5},{"damage":6,"enemies":"2 Fungi Beasts","floor":12,"turns":2},{"damage":4,"enemies":"Looter","floor":14,"turns":3},{"damage":84,"enemies":"Hexaghost","floor":16,"turns":10}],"seed_played":"-8291475071063483607","potions_obtained":[{"floor":3,"key":"SmokeBomb"},{"floor":3,"key":"PowerPotion"},{"floor":3,"key":"Ancient Potion"},{"floor":12,"key":"SkillPotion"}],"is_trial":false,"path_per_floor":["M","?","?","M","M","E","?","?","T","R","E","M","R","M","R","B"],"character_chosen":"THE_DEFAULT","items_purchased":[],"campfire_rested":2,"item_purchase_floors":[],"current_hp_per_floor":[75,75,57,60,70,42,35,53,53,75,40,44,44,51,73,6,6],"gold":339,"neow_bonus":"REMOVE_CARD","is_daily":false,"chose_seed":false,"campfire_upgraded":1,"win_rate":0.0,"timestamp":1610485260,"path_taken":["M","?","?","M","?","E","?","?","T","R","E","M","R","M","R","BOSS"],"items_purchased_type":[],"build_version":"2020-12-22","purchased_purges":0,"victory":false,"max_hp_per_floor":[75,75,75,75,75,75,75,75,75,75,75,75,75,75,75,75,75],"card_choices":[{"not_picked":["dioMod:BloodTransfusion","dioMod:StreetSign"],"picked":"dioMod:ComboFever","floor":1},{"not_picked":["dioMod:Refresh","dioMod:CoffinBath","dioMod:BlendIn"],"picked":"SKIP","floor":4},{"not_picked":["dioMod:ComposedMuda","dioMod:Freeze","dioMod:CautiousMuda"],"picked":"SKIP","floor":5},{"not_picked":["dioMod:DisarmingVoice","dioMod:Minions","dioMod:Donut"],"picked":"SKIP","floor":6},{"not_picked":["dioMod:SlashThroughTime","dioMod:Freeze"],"picked":"dioMod:StreetSign","floor":11},{"not_picked":["dioMod:SecretPlan","dioMod:HeavyLifting"],"picked":"dioMod:Muda","floor":12},{"not_picked":["dioMod:CoffinBath","dioMod:ComposedMuda"],"picked":"dioMod:DoubleTime","floor":14}],"player_experience":36251,"relics_obtained":[{"floor":2,"key":"Whetstone"},{"floor":6,"key":"Blood Vial"},{"floor":9,"key":"Blue Doll"},{"floor":11,"key":"ReplayTheSpireMod:TigerMarble"}],"event_choices":[{"cards_removed":["dioMod:Defend"],"damage_healed":0,"gold_gain":0,"player_choice":"Card Removal","damage_taken":7,"max_hp_gain":0,"max_hp_loss":0,"event_name":"Golden Wing","floor":7,"gold_loss":0},{"damage_healed":18,"gold_gain":0,"player_choice":"Healed and dodged fight","damage_taken":0,"max_hp_gain":0,"max_hp_loss":0,"event_name":"Mushrooms","floor":8,"gold_loss":0,"cards_obtained":["Parasite"]}],"is_beta":false,"boss_relics":[],"items_purged_floors":[],"is_endless":false,"potions_floor_spawned":[4,12],"killed_by":"Hexaghost","ascension_level":3}}