{"host":"8by3m8mve9y2rhh4","time":1610435053,"event":{"mods":["BaseMod","Minty Spire (QoL Compilation)","Quick Restart"],"gold_per_floor":[112,33,53,67,82,109,109,39,39,52,52,52,83,98,98,193,193,181,197,216,250,27,27,55,68,68,68,68,23,40,60,60,162,162,172,190,90,110,122,155,155,155,155,184,184,213,9,29,29,29,29,29,29,64,64],"floor_reached":56,"playtime":2035,"items_purged":["Strike_G","Strike_G","Strike_G"],"score":1419,"play_id":"551df0d5-eafa-4232-a257-136e5f3c543f","local_time":"20210112070413","is_ascension_mode":true,"campfire_choices":[{"floor":7,"key":"REST"},{"floor":11,"key":"REST"},{"floor":15,"key":"REST"},{"floor":23,"key":"REST"},{"floor":32,"key":"REST"},{"floor":42,"key":"RECALL"},{"data":"After Image","floor":45,"key":"SMITH"},{"data":"After Image","floor":49,"key":"SMITH"},{"data":"Infinite Blades","floor":52,"key":"SMITH"}],"circlet_count":0,"master_deck":["Strike_G","Defend_G","Defend_G","Defend_G","Defend_G","Defend_G","Survivor","Neutralize","Dagger Spray","Accuracy","Backflip","Blade Dance","Footwork","Prepared","Adrenaline","Noxious Fumes+1","Blade Dance+1","Deflect","Accuracy+1","After Image+1","Storm of Steel","Blade Dance","After Image+1","A Thousand Cuts","Blade Dance+1","Deflect+1","Decay","Infinite Blades+1","Accuracy","Footwork","Cloak And Dagger+1"],"relics":["WristBlade","Anchor","PreservedInsect","Darkstone Periapt","Cursed Key","Red Mask","Orrery","Pantograph","Bottled Lightning","SlaversCollar","Mango","Toy Ornithopter","Ornamental Fan","White Beast Statue"],"acts_visited":["Exordium","TheCity","TheBeyond","TheEnding"],"potions_floor_usage":[10,16,18,33,38,46,55],"damage_taken":[{"damage":0,"enemies":"Cultist","floor":1,"turns":4},{"damage":7,"enemies":"Jaw Worm","floor":3,"turns":6},{"damage":0,"enemies":"Small Slimes","floor":4,"turns":3},{"damage":1,"enemies":"3 Louse","floor":5,"turns":4},{"damage":46,"enemies":"Gremlin Nob","floor":6,"turns":6},{"damage":0,"enemies":"Exordium Thugs","floor":10,"turns":2},{"damage":11,"enemies":"Lagavulin","floor":13,"turns":6},{"damage":2,"enemies":"Blue Slaver","floor":14,"turns":3},{"damage":62,"enemies":"Hexaghost","floor":16,"turns":15},{"damage":12,"enemies":"2 Thieves","floor":18,"turns":4},{"damage":0,"enemies":"Chosen","floor":19,"turns":5},{"damage":0,"enemies":"Centurion and Healer","floor":20,"turns":6},{"damage":29,"enemies":"Masked Bandits","floor":21,"turns":4},{"damage":14,"enemies":"Book of Stabbing","floor":24,"turns":5},{"damage":0,"enemies":"Snecko","floor":25,"turns":3},{"damage":3,"enemies":"Snake Plant","floor":30,"turns":3},{"damage":0,"enemies":"Cultist and Chosen","floor":31,"turns":4},{"damage":31,"enemies":"Champ","floor":33,"turns":8},{"damage":0,"enemies":"3 Shapes","floor":35,"turns":2},{"damage":0,"enemies":"Orb Walker","floor":36,"turns":1},{"damage":0,"enemies":"Sphere and 2 Shapes","floor":38,"turns":6},{"damage":0,"enemies":"3 Darklings","floor":39,"turns":3},{"damage":0,"enemies":"Giant Head","floor":40,"turns":5},{"damage":7,"enemies":"Nemesis","floor":44,"turns":3},{"damage":2,"enemies":"Giant Head","floor":46,"turns":5},{"damage":0,"enemies":"Maw","floor":48,"turns":5},{"damage":71,"enemies":"Time Eater","floor":50,"turns":14},{"damage":0,"enemies":"Shield and Spear","floor":54,"turns":4},{"damage":85,"enemies":"The Heart","floor":55,"turns":9}],"seed_played":"5043130488800713375","potions_obtained":[{"floor":4,"key":"Block Potion"},{"floor":5,"key":"DuplicationPotion"},{"floor":6,"key":"LiquidBronze"},{"floor":13,"key":"FearPotion"},{"floor":18,"key":"LiquidBronze"},{"floor":30,"key":"Weak Potion"},{"floor":33,"key":"AttackPotion"},{"floor":39,"key":"EssenceOfSteel"},{"floor":40,"key":"FairyPotion"},{"floor":46,"key":"Fruit Juice"}],"is_trial":false,"path_per_floor":["M","$","M","M","M","E","R","$","T","M","R","$","E","M","R","B",null,"M","M","M","?","$","R","E","M","T","?","?","$","M","M","R","B",null,"M","M","$","M","M","E","?","R","T","E","R","E","$","M","R","B",null,"R","$","E","B",null],"character_chosen":"THE_SILENT","items_purchased":["Accuracy","Footwork","Orrery","Blade Dance","Accuracy"],"campfire_rested":5,"item_purchase_floors":[2,8,22,29,47],"current_hp_per_floor":[70,70,63,63,62,16,37,37,37,37,58,58,47,45,66,4,70,58,58,58,29,29,50,36,36,42,48,48,48,45,45,68,48,79,79,79,79,79,79,79,93,93,99,92,92,100,100,100,100,33,104,104,104,104,19],"gold":64,"neow_bonus":"BOSS_RELIC","is_daily":false,"chose_seed":false,"campfire_upgraded":3,"win_rate":0.0,"timestamp":1610435053,"path_taken":["M","$","M","M","M","E","R","?","T","M","R","?","E","M","R","BOSS","M","M","M","?","$","R","E","M","T","?","?","$","M","M","R","BOSS","M","M","$","M","M","E","?","R","T","E","R","E","$","M","R","BOSS","R","$","E","BOSS"],"items_purchased_type":["Card","Card","Relic","Card","Card"],"build_version":"2020-12-22","purchased_purges":3,"victory":true,"max_hp_per_floor":[70,70,70,70,70,70,70,70,70,70,70,70,70,70,70,70,70,70,70,70,70,70,70,70,70,76,82,79,79,79,79,79,79,79,79,79,79,79,79,79,93,93,99,99,99,104,104,104,104,104,104,104,104,104,104],"card_choices":[{"not_picked":["Dagger Throw","Reflex"],"picked":"Dagger Spray","floor":1},{"not_picked":["Bane","Deflect"],"picked":"Backflip","floor":3},{"not_picked":["Bouncing Flask","Sucker Punch","Flechettes"],"picked":"SKIP","floor":4},{"not_picked":["Backflip","All Out Attack","Night Terror"],"picked":"SKIP","floor":5},{"not_picked":["Catalyst","Dagger Spray"],"picked":"Blade Dance","floor":6},{"not_picked":["Deflect","Deadly Poison"],"picked":"Prepared","floor":10},{"not_picked":["Bane","Dagger Spray","Flying Knee"],"picked":"SKIP","floor":13},{"not_picked":["Expertise","Acrobatics","Dash"],"picked":"SKIP","floor":14},{"not_picked":["Tools of the Trade","Venomology"],"picked":"Adrenaline","floor":16},{"not_picked":["Poisoned Stab","Eviscerate","Bouncing Flask"],"picked":"SKIP","floor":18},{"not_picked":["Poisoned Stab","Finisher","Backflip+1"],"picked":"SKIP","floor":19},{"not_picked":["Calculated Gamble","Eviscerate+1","Setup"],"picked":"SKIP","floor":20},{"not_picked":["Prepared+1","PiercingWail"],"picked":"Noxious Fumes+1","floor":21},{"not_picked":["Die Die Die","Underhanded Strike"],"picked":"Blade Dance+1","floor":22},{"not_picked":["Poisoned Stab","Heel Hook"],"picked":"Deflect","floor":22},{"not_picked":["Underhanded Strike+1","Dagger Spray+1"],"picked":"Accuracy+1","floor":24},{"not_picked":["Bane","Well Laid Plans","Poisoned Stab"],"picked":"SKIP","floor":25},{"not_picked":["Bane","Deflect+1"],"picked":"After Image","floor":30},{"not_picked":["Sucker Punch","Distraction","Quick Slash+1"],"picked":"SKIP","floor":31},{"not_picked":["Bullet Time","Doppelganger"],"picked":"A Thousand Cuts","floor":33},{"not_picked":["Acrobatics","Calculated Gamble+1"],"picked":"Blade Dance+1","floor":35},{"not_picked":["Well Laid Plans+1","Crippling Poison+1"],"picked":"Deflect+1","floor":36},{"not_picked":["Poisoned Stab+1","Dodge and Roll+1","Tactician"],"picked":"SKIP","floor":38},{"not_picked":["Dagger Spray","Heel Hook+1","Endless Agony"],"picked":"SKIP","floor":39},{"not_picked":["Flying Knee","Grand Finale","Outmaneuver"],"picked":"SKIP","floor":40},{"not_picked":["Burst","Outmaneuver"],"picked":"Infinite Blades","floor":44},{"not_picked":["Setup+1","Flying Knee+1","Quick Slash+1"],"picked":"SKIP","floor":46},{"not_picked":["Concentrate+1","Dash"],"picked":"Footwork","floor":48},{"not_picked":["Malaise","Eviscerate+1"],"picked":"Cloak And Dagger+1","floor":54}],"player_experience":688856,"relics_obtained":[{"floor":6,"key":"Anchor"},{"floor":9,"key":"PreservedInsect"},{"floor":13,"key":"Darkstone Periapt"},{"floor":21,"key":"Red Mask"},{"floor":24,"key":"Pantograph"},{"floor":26,"key":"Bottled Lightning"},{"floor":44,"key":"Toy Ornithopter"},{"floor":46,"key":"Ornamental Fan"},{"floor":54,"key":"White Beast Statue"}],"event_choices":[{"damage_healed":0,"gold_gain":0,"player_choice":"Fought Bandits","damage_taken":0,"max_hp_gain":0,"max_hp_loss":0,"event_name":"Masked Bandits","floor":21,"gold_loss":0},{"damage_healed":0,"gold_gain":0,"cards_transformed":["Strike_G","Normality"],"player_choice":"Became Test Subject","damage_taken":0,"max_hp_gain":0,"max_hp_loss":0,"event_name":"Drug Dealer","floor":27,"gold_loss":0,"cards_obtained":["After Image","Parasite"]},{"cards_removed":["Parasite"],"damage_healed":0,"gold_gain":0,"player_choice":"Took Card","damage_taken":0,"max_hp_gain":0,"max_hp_loss":0,"event_name":"NoteForYourself","floor":28,"gold_loss":0,"cards_obtained":["Storm of Steel"]},{"damage_healed":0,"gold_gain":0,"player_choice":"Gave Potion","damage_taken":0,"relics_obtained":["Mango"],"max_hp_gain":0,"max_hp_loss":0,"event_name":"WeMeetAgain","floor":41,"gold_loss":0}],"is_beta":false,"boss_relics":[{"not_picked":["Coffee Dripper","Runic Pyramid"],"picked":"Cursed Key"},{"not_picked":["Pandora\u0027s Box","Runic Dome"],"picked":"SlaversCollar"}],"items_purged_floors":[22,37,47],"is_endless":false,"potions_floor_spawned":[4,5,6,13,18,30,33,39,40,46],"ascension_level":1}}