{"host":"qytbi1suova0trfd","time":1610422579,"event":{"mods":["ATMod(°¢èªMod)","Act Like it!","BaseMod","Downfall","Energized Spire","Gensokyo","Hallownest","Marisa£¨ìFÓê¡¡Ä§ÀíÉ³£©","Minty Spire (QoL Compilation)","StSLib","Td1madao Mod","The Bug Knight"],"gold_per_floor":[99,112,132,148,148,148,218,493,259,277,127,162,176,276,286,390,390,390,402,402,452,727,759,759,774,797,797,526,544,572,572,582,582,582],"floor_reached":33,"playtime":1585,"items_purged":["Regret","Regret"],"score":344,"play_id":"9728172f-531a-4fce-ab1b-d5b5e69eeb94","local_time":"20210112113619","is_ascension_mode":false,"campfire_choices":[{"data":"sneckomod:SnekBite","floor":1.0,"key":"SMITH"},{"floor":18.0,"key":"RECALL"}],"circlet_count":0,"master_deck":["sneckomod:SnekBite+1","sneckomod:Unknown","sneckomod:Unknown","sneckomod:UnknownCommonAttack","sneckomod:UnknownClassMARISA_COLOR","sneckomod:UnknownClassMARISA_DERIVATIONS","sneckomod:UnknownWeak","sneckomod:Unknown1Cost","sneckomod:UnknownRareSkill+1","sneckomod:Unknown2Cost","sneckomod:Unknown0Cost","sneckomod:Mudshield","sneckomod:UnknownRareAttack","sneckomod:UnknownClassHEXA_GHOST_PURPLE","sneckomod:UnknownBlock+1","sneckomod:UnknownVulnerable+1","sneckomod:DiceBoulder+1","sneckomod:UnknownClassUrban Legend","sneckomod:UnknownClassGUARDIAN","sneckomod:UnknownClassMARISA_DERIVATIONS","sneckomod:UnknownRareAttack","sneckomod:UnknownUncommonPower"],"relics":["sneckomod:SneckoSoul","AT_ATBox","AT_BellowingDragoncrestRing","Bronze Scales","InkBottle","Fusion Hammer","MutagenicStrength","Strawberry","AT_RedTearstoneRing","Eternal Feather"],"acts_visited":["Exordium","TheCity"],"potions_floor_usage":[33],"damage_taken":[{"damage":0.0,"enemies":"Cultist","floor":2.0,"turns":3.0},{"damage":5.0,"enemies":"2 Louse","floor":3.0,"turns":2.0},{"damage":7.0,"enemies":"Small Slimes","floor":4.0,"turns":3.0},{"damage":10.0,"enemies":"downfall:FleeingMerchant","floor":9.0,"turns":4.0},{"damage":10.0,"enemies":"Exordium Thugs","floor":10.0,"turns":5.0},{"damage":37.0,"enemies":"3 Sentries","floor":12.0,"turns":7.0},{"damage":11.0,"enemies":"Lots of Slimes","floor":13.0,"turns":3.0},{"damage":19.0,"enemies":"downfall:Heads","floor":14.0,"turns":5.0},{"damage":0.0,"enemies":"2 Fungi Beasts","floor":15.0,"turns":2.0},{"damage":43.0,"enemies":"downfall:Watcher","floor":16.0,"turns":5.0},{"damage":10.0,"enemies":"Spheric Guardian","floor":19.0,"turns":3.0},{"damage":0.0,"enemies":"Chosen","floor":20.0,"turns":1.0},{"damage":18.0,"enemies":"downfall:Augmenter","floor":21.0,"turns":4.0},{"damage":31.0,"enemies":"Snake Plant","floor":23.0,"turns":4.0},{"damage":11.0,"enemies":"Sentry and Sphere","floor":25.0,"turns":7.0},{"damage":35.0,"enemies":"3 Cultists","floor":26.0,"turns":5.0},{"damage":11.0,"enemies":"downfall:FleeingMerchant","floor":28.0,"turns":4.0},{"damage":0.0,"enemies":"Centurion and Healer","floor":29.0,"turns":3.0},{"damage":14.0,"enemies":"Gremlin Leader","floor":30.0,"turns":3.0},{"damage":6.0,"enemies":"Shelled Parasite and Fungi","floor":32.0,"turns":2.0},{"damage":6,"enemies":"downfall:Defect","floor":33,"turns":1}],"seed_played":"-6346147426950654107","potions_obtained":[{"floor":3.0,"key":"Fire Potion"},{"floor":10.0,"key":"Weak Potion"},{"floor":12.0,"key":"BlessingOfTheForge"},{"floor":13.0,"key":"Fruit Juice"},{"floor":16.0,"key":"ColorlessPotion"},{"floor":19.0,"key":"Fire Potion"},{"floor":25.0,"key":"sneckomod:DiceRollPotion"}],"is_trial":false,"path_per_floor":["R","M","M","M","?","?","T","?","$","M","?","E","M","?","M","B",null,"R","M","M","?","?","M","T","M","M","?","$","M","E","?","M","B"],"character_chosen":"THE_SNECKO","items_purchased":["Bronze Scales","AT_RedTearstoneRing"],"campfire_rested":0,"item_purchase_floors":[9,28],"current_hp_per_floor":[99,100,96,90,90,90,90,90,81,72,114,86,90,73,73,33,123,123,113,114,97,97,67,74,63,28,31,24,25,12,12,6,0,0],"gold":582,"neow_bonus":"TEN_PERCENT_HP_BONUS","is_daily":false,"chose_seed":false,"campfire_upgraded":1,"win_rate":0.0,"timestamp":1610422579,"path_taken":["R","M","M","M","?","?","T","?","$","?","?","E","?","?","M","BOSS","R","M","M","?","?","M","T","M","?","?","$","M","E","?","M","BOSS"],"items_purchased_type":["Relic","Relic"],"build_version":"2020-12-22","purchased_purges":2,"victory":false,"max_hp_per_floor":[99,100,101,102,102,102,102,102,103,104,114,115,120,122,122,123,123,123,123,124,125,125,126,133,133,133,136,136,137,138,138,138,138,138],"card_choices":[{"not_picked":["sneckomod:DiceBlock","sneckomod:DiceCrush"],"picked":"sneckomod:UnknownCommonAttack","floor":2.0},{"not_picked":["sneckomod:DiceBlock","sneckomod:UnknownVulnerable"],"picked":"sneckomod:UnknownClassMARISA_COLOR","floor":3.0},{"not_picked":["sneckomod:TrashToTreasure","sneckomod:UnknownCommonSkill"],"picked":"sneckomod:UnknownClassMARISA_DERIVATIONS","floor":4.0},{"not_picked":["sneckomod:SerpentMind","sneckomod:DiceCrush"],"picked":"sneckomod:UnknownWeak","floor":9.0},{"not_picked":["sneckomod:CheapStock","sneckomod:UnknownCommonSkill"],"picked":"sneckomod:Unknown1Cost","floor":10.0},{"not_picked":["sneckomod:UnknownWeak","sneckomod:UnknownClassTHE_CHAMP_GRAY"],"picked":"sneckomod:UnknownRareSkill","floor":12.0},{"not_picked":["sneckomod:UnknownClassGUARDIAN","sneckomod:UnknownClassGREEN","sneckomod:UnknownWeak"],"picked":"SKIP","floor":13.0},{"not_picked":["sneckomod:SerpentIdol","sneckomod:Nope"],"picked":"sneckomod:Unknown0Cost","floor":14.0},{"not_picked":["sneckomod:DiceBlock","sneckomod:QuickBite"],"picked":"sneckomod:Mudshield","floor":15.0},{"not_picked":["sneckomod:SerpentMind","sneckomod:Restock"],"picked":"sneckomod:UnknownRareAttack","floor":16.0},{"not_picked":["sneckomod:UnknownClassShop Special","sneckomod:Nope","sneckomod:QuickMove"],"picked":"SKIP","floor":19.0},{"not_picked":["sneckomod:UnknownVulnerable","sneckomod:QuickBite+1"],"picked":"sneckomod:UnknownClassHEXA_GHOST_PURPLE","floor":20.0},{"not_picked":["sneckomod:UnknownCommonSkill","sneckomod:ImprovisedAttack"],"picked":"sneckomod:UnknownBlock+1","floor":21.0},{"not_picked":["sneckomod:QuickMove","sneckomod:RainOfDice"],"picked":"sneckomod:UnknownVulnerable+1","floor":23.0},{"not_picked":["sneckomod:Nope","sneckomod:UnknownClassRED+1"],"picked":"sneckomod:DiceBoulder+1","floor":25.0},{"not_picked":["sneckomod:UnknownClassLunar","sneckomod:Nope","sneckomod:UnknownBlock"],"picked":"SKIP","floor":26.0},{"not_picked":["sneckomod:UnknownClassRED","sneckomod:SoulRoll","sneckomod:CheapStock+1"],"picked":"SKIP","floor":28.0},{"not_picked":["sneckomod:UnknownCommonSkill","sneckomod:UnknownStrike"],"picked":"sneckomod:UnknownRareAttack","floor":29.0},{"not_picked":["sneckomod:DiceBoulder+1","sneckomod:SoulDraw"],"picked":"sneckomod:UnknownUncommonPower","floor":30.0},{"not_picked":["sneckomod:RainOfDice","sneckomod:ImprovisedAttack","sneckomod:UnknownCommonSkill"],"picked":"SKIP","floor":32.0}],"player_experience":153969,"relics_obtained":[{"floor":7.0,"key":"AT_BellowingDragoncrestRing"},{"floor":12.0,"key":"InkBottle"},{"floor":21.0,"key":"MutagenicStrength"},{"floor":24.0,"key":"Strawberry"},{"floor":30.0,"key":"Eternal Feather"}],"event_choices":[{"cards_removed":["sneckomod:Strike"],"damage_healed":0.0,"max_hp_gain":0.0,"max_hp_loss":0.0,"gold_gain":0.0,"event_name":"The Cleric","player_choice":"Card Removal","floor":6.0,"gold_loss":0.0,"damage_taken":0.0},{"cards_removed":["sneckomod:TailWhip"],"damage_healed":0.0,"max_hp_gain":0.0,"max_hp_loss":0.0,"gold_gain":0.0,"event_name":"The Cleric","player_choice":"Card Removal","floor":21.0,"gold_loss":50.0,"damage_taken":0.0}],"is_beta":false,"boss_relics":[{"not_picked":["energizedSpire:OgreHead","Runic Pyramid"],"picked":"Fusion Hammer"}],"items_purged_floors":[9,28],"is_endless":false,"potions_floor_spawned":[3,10,12,13,16,19,23,25],"killed_by":"downfall:Defect","ascension_level":0}}