{"host":"q8niu1x2pgv94o1d","time":1610472190,"event":{"mods":["AchievementEnabler","BaseMod","Colored Map","Colored Powertips","Minty Spire (QoL Compilation)","StSLib"],"gold_per_floor":[112,187,201,201,201,234,262,274,310,335,347,376,13,13,13],"floor_reached":14,"playtime":1353,"items_purged":[],"score":180,"play_id":"5ff04df1-84c5-480d-a992-5faa15a544a1","local_time":"20210112182310","is_ascension_mode":true,"campfire_choices":[{"floor":8,"key":"REST"},{"data":"Blade Dance","floor":11,"key":"SMITH"}],"circlet_count":0,"master_deck":["AscendersBane","Strike_G","Strike_G","Strike_G","Strike_G","Defend_G","Defend_G","Defend_G","Defend_G","Defend_G","Survivor","Neutralize","Dagger Spray","Backstab","Deflect","Sucker Punch","Cloak And Dagger","Blade Dance+1","Outmaneuver","Footwork","Adrenaline"],"relics":["Ring of the Snake","Oddly Smooth Stone","MawBank","Omamori","MealTicket"],"acts_visited":["Exordium"],"potions_floor_usage":[6,12,14],"damage_taken":[{"damage":15.0,"enemies":"Jaw Worm","floor":1.0,"turns":7.0},{"damage":0.0,"enemies":"2 Louse","floor":3.0,"turns":3.0},{"damage":3,"enemies":"Lagavulin","floor":6,"turns":6},{"damage":0,"enemies":"Cultist","floor":7,"turns":4},{"damage":0,"enemies":"Exordium Wildlife","floor":10,"turns":4},{"damage":3,"enemies":"Exordium Thugs","floor":12,"turns":3},{"damage":39,"enemies":"Gremlin Nob","floor":14,"turns":4}],"seed_played":"2538024655838752681","potions_obtained":[{"floor":1.0,"key":"ColorlessPotion"},{"floor":6,"key":"EssenceOfSteel"},{"floor":7,"key":"FearPotion"}],"is_trial":false,"path_per_floor":["M","?","M","?","?","E","M","R","T","M","R","M","$","E"],"character_chosen":"THE_SILENT","items_purchased":["Footwork","Adrenaline","MealTicket"],"campfire_rested":1,"item_purchase_floors":[13,13,13],"current_hp_per_floor":[44,33,33,15,15,12,12,31,31,31,31,28,28,0,0],"gold":13,"neow_bonus":"THREE_CARDS","is_daily":false,"chose_seed":false,"campfire_upgraded":1,"win_rate":0.0,"timestamp":1610472190,"path_taken":["M","?","M","?","?","E","M","R","T","M","R","M","?","E"],"items_purchased_type":["Card","Card","Relic"],"build_version":"2020-12-22","purchased_purges":0,"victory":false,"max_hp_per_floor":[66,66,66,66,66,66,66,66,66,66,66,66,66,66,66],"card_choices":[{"not_picked":["Accuracy","Blur"],"picked":"Dagger Spray","floor":0.0},{"not_picked":["Well Laid Plans","Backflip","Heel Hook"],"picked":"SKIP","floor":1.0},{"not_picked":["Dagger Spray","Cloak And Dagger"],"picked":"Backstab","floor":3.0},{"not_picked":["Accuracy","Caltrops"],"picked":"Sucker Punch","floor":6},{"not_picked":["Concentrate","Prepared"],"picked":"Cloak And Dagger","floor":7},{"not_picked":["Concentrate","Dagger Throw"],"picked":"Blade Dance","floor":10},{"not_picked":["Choke","Sucker Punch"],"picked":"Outmaneuver","floor":12}],"player_experience":1801310,"relics_obtained":[{"floor":6,"key":"MawBank"},{"floor":9,"key":"Omamori"}],"event_choices":[{"damage_healed":0.0,"max_hp_gain":0.0,"max_hp_loss":0.0,"gold_gain":75.0,"event_name":"World of Goop","player_choice":"Gather Gold","floor":2.0,"gold_loss":0.0,"damage_taken":11.0},{"damage_healed":0.0,"max_hp_gain":0.0,"max_hp_loss":0.0,"gold_gain":0.0,"event_name":"Scrap Ooze","player_choice":"Success","floor":4.0,"gold_loss":0.0,"damage_taken":18.0,"relics_obtained":["Oddly Smooth Stone"]},{"damage_healed":0.0,"max_hp_gain":0.0,"max_hp_loss":0.0,"gold_gain":0.0,"cards_transformed":["Strike_G"],"event_name":"Living Wall","player_choice":"Change","floor":5.0,"gold_loss":0.0,"damage_taken":0.0,"cards_obtained":["Deflect"]}],"is_beta":false,"boss_relics":[],"items_purged_floors":[],"is_endless":false,"potions_floor_spawned":[1,6,7],"killed_by":"Gremlin Nob","ascension_level":20}}