{"host":"8rqsnaeml9gxb0kp","time":1610420473,"event":{"mods":["AchievementEnabler","BaseMod","Dark Map","Minty Spire (QoL Compilation)","StSLib"],"gold_per_floor":[114,124,134,134,134,134,165,176,176,24,24,42,76,101,101,201,201,221,221,231,248,259,292,83,99,99,109,124,134,134,145,145,245,245,261,38,100,119,119,119],"floor_reached":39,"playtime":3128,"items_purged":["Bite"],"score":492,"play_id":"0cfc5f39-0cdf-4fd2-9fea-61e71ae2ed06","local_time":"20210111190113","is_ascension_mode":true,"campfire_choices":[{"data":"Rampage","floor":6.0,"key":"SMITH"},{"floor":11.0,"key":"REST"},{"data":"Cleave","floor":15.0,"key":"SMITH"},{"floor":32.0,"key":"REST"}],"circlet_count":0,"master_deck":["Defend_R","Defend_R","Defend_R","Defend_R","Bash","Apotheosis+1","Rampage+1","Intimidate","Pommel Strike","Spot Weakness","Iron Wave","Uppercut","Cleave+1","Barricade","Body Slam","Flex+1","Thunderclap","Shrug It Off","Headbutt+1","Jack Of All Trades","ThirdEye","Leg Sweep","PiercingWail","Bite","ReachHeaven+1","Panache","Deep Breath+1","Jack Of All Trades+1","HandOfGreed+1","Shrug It Off+1","Footwork","Meditate+1"],"relics":["Burning Blood","Happy Flower","Mercury Hourglass","Letter Opener","Lantern","Bronze Scales","Vajra","Mark of Pain","MealTicket","PrismaticShard","Ornamental Fan","Astrolabe","Omamori"],"acts_visited":["TheCity","TheBeyond"],"potions_floor_usage":[38,39],"damage_taken":[{"damage":3.0,"enemies":"Small Slimes","floor":1.0,"turns":3.0},{"damage":3.0,"enemies":"Jaw Worm","floor":2.0,"turns":3.0},{"damage":0.0,"enemies":"Cultist","floor":3.0,"turns":3.0},{"damage":28.0,"enemies":"Gremlin Nob","floor":7.0,"turns":4.0},{"damage":20.0,"enemies":"Gremlin Gang","floor":8.0,"turns":3.0},{"damage":1.0,"enemies":"Lots of Slimes","floor":12.0,"turns":3.0},{"damage":20.0,"enemies":"3 Sentries","floor":13.0,"turns":5.0},{"damage":11.0,"enemies":"Slime Boss","floor":16.0,"turns":8.0},{"damage":20.0,"enemies":"Spheric Guardian","floor":18.0,"turns":4.0},{"damage":2.0,"enemies":"Shell Parasite","floor":20.0,"turns":3.0},{"damage":18.0,"enemies":"Centurion and Healer","floor":21.0,"turns":5.0},{"damage":2.0,"enemies":"Cultist and Chosen","floor":22.0,"turns":3.0},{"damage":29.0,"enemies":"Book of Stabbing","floor":23.0,"turns":5.0},{"damage":20.0,"enemies":"Snecko","floor":25.0,"turns":4.0},{"damage":0.0,"enemies":"Snake Plant","floor":27.0,"turns":2.0},{"damage":27.0,"enemies":"Sentry and Sphere","floor":28.0,"turns":5.0},{"damage":6.0,"enemies":"Shelled Parasite and Fungi","floor":29.0,"turns":3.0},{"damage":4.0,"enemies":"Centurion and Healer","floor":31.0,"turns":4.0},{"damage":0.0,"enemies":"Automaton","floor":33.0,"turns":9.0},{"damage":10,"enemies":"Orb Walker","floor":35,"turns":3},{"damage":10,"enemies":"3 Shapes","floor":37,"turns":5},{"damage":14,"enemies":"Transient","floor":38,"turns":5},{"damage":46,"enemies":"Writhing Mass","floor":39,"turns":4}],"seed_played":"-293932653493588265","potions_obtained":[{"floor":1.0,"key":"BloodPotion"},{"floor":7.0,"key":"GamblersBrew"},{"floor":16.0,"key":"Explosive Potion"},{"floor":21.0,"key":"Swift Potion"},{"floor":22.0,"key":"SteroidPotion"},{"floor":27.0,"key":"Explosive Potion"},{"floor":28.0,"key":"LiquidMemories"},{"floor":29.0,"key":"EntropicBrew"},{"floor":35,"key":"Weak Potion"},{"floor":38,"key":"AttackPotion"}],"is_trial":false,"path_per_floor":["M","M","M","?","?","R","E","M","T","$","R","M","E","T","R","B",null,"M","?","M","M","M","E","$","M","T","M","M","M","?","M","R","B",null,"M","$","M","M","M"],"character_chosen":"IRONCLAD","items_purchased":["Lantern","PrismaticShard","SkillPotion","Omamori"],"campfire_rested":2,"item_purchase_floors":[10,24,24,36],"current_hp_per_floor":[72,72,72,65,62,62,40,26,26,26,47,52,38,38,38,47,72,58,58,62,50,54,31,46,32,32,38,17,17,17,27,42,50,50,46,50,46,42,0,0],"gold":119,"neow_bonus":"RANDOM_COLORLESS_2","is_daily":false,"chose_seed":false,"campfire_upgraded":2,"win_rate":0.0,"timestamp":1610420473,"path_taken":["M","M","M","?","?","R","E","M","T","$","R","M","E","?","R","BOSS","M","?","?","M","M","E","$","M","T","M","?","?","?","M","R","BOSS","M","$","M","M","M"],"items_purchased_type":["Relic","Relic","Potion","Relic"],"build_version":"2020-12-22","purchased_purges":1,"victory":false,"max_hp_per_floor":[72,72,72,72,72,72,72,72,72,72,72,72,72,72,72,72,72,72,72,72,72,72,72,72,72,72,72,72,72,50,50,50,50,50,50,50,50,50,50,50],"card_choices":[{"not_picked":["Mayhem","Magnetism"],"picked":"Apotheosis","floor":0.0},{"not_picked":["Heavy Blade","Battle Trance"],"picked":"Rampage","floor":1.0},{"not_picked":["Wild Strike","Headbutt"],"picked":"Intimidate","floor":2.0},{"not_picked":["Flex","Perfected Strike"],"picked":"Pommel Strike","floor":3.0},{"not_picked":["Wild Strike","Blood for Blood"],"picked":"Spot Weakness","floor":7.0},{"not_picked":["Ghostly Armor","Armaments"],"picked":"Iron Wave","floor":8.0},{"not_picked":["Warcry","Wild Strike"],"picked":"Uppercut","floor":12.0},{"not_picked":["Iron Wave","Dropkick"],"picked":"Cleave","floor":13.0},{"not_picked":["Impervious","Fiend Fire"],"picked":"Barricade","floor":16.0},{"not_picked":["Sword Boomerang","Clash"],"picked":"Body Slam","floor":18.0},{"not_picked":["Thunderclap","Combust"],"picked":"Flex+1","floor":20.0},{"not_picked":["Clash","Armaments+1"],"picked":"Thunderclap","floor":21.0},{"not_picked":["Armaments+1","True Grit"],"picked":"Shrug It Off","floor":22.0},{"not_picked":["Thunderclap","Perfected Strike+1"],"picked":"Headbutt+1","floor":23.0},{"not_picked":["Clothesline","Reckless Charge"],"picked":"Jack Of All Trades","floor":25.0},{"not_picked":["Carnage","Barricade"],"picked":"ThirdEye","floor":27.0},{"not_picked":["Leap","Cleave"],"picked":"Leg Sweep","floor":28.0},{"not_picked":["Compile Driver+1","Body Slam"],"picked":"PiercingWail","floor":29.0},{"not_picked":["Iron Wave","Quick Slash+1"],"picked":"ReachHeaven+1","floor":31.0},{"not_picked":["Impervious","Vault"],"picked":"Panache","floor":33.0},{"not_picked":["Leap+1","Havoc"],"picked":"Shrug It Off+1","floor":35},{"not_picked":["Hologram+1","Headbutt+1"],"picked":"Footwork","floor":37},{"not_picked":["ThirdEye","CrushJoints+1"],"picked":"Meditate+1","floor":38}],"player_experience":43016,"relics_obtained":[{"floor":7.0,"key":"Mercury Hourglass"},{"floor":9.0,"key":"Letter Opener"},{"floor":13.0,"key":"Bronze Scales"},{"floor":14.0,"key":"Vajra"},{"floor":23.0,"key":"MealTicket"},{"floor":26.0,"key":"Ornamental Fan"}],"event_choices":[{"cards_removed":["Strike_R"],"damage_healed":0.0,"max_hp_gain":0.0,"max_hp_loss":0.0,"gold_gain":0.0,"event_name":"Golden Wing","player_choice":"Card Removal","floor":4.0,"gold_loss":0.0,"damage_taken":7.0},{"damage_healed":0.0,"max_hp_gain":0.0,"max_hp_loss":0.0,"gold_gain":0.0,"event_name":"Scrap Ooze","player_choice":"Success","floor":5.0,"gold_loss":0.0,"damage_taken":3.0,"relics_obtained":["Happy Flower"]},{"damage_healed":0.0,"max_hp_gain":0.0,"max_hp_loss":0.0,"gold_gain":0.0,"event_name":"Upgrade Shrine","player_choice":"Upgraded","floor":19.0,"gold_loss":0.0,"damage_taken":0.0,"cards_upgraded":["Apotheosis"]},{"damage_healed":0.0,"max_hp_gain":0.0,"max_hp_loss":22.0,"gold_gain":0.0,"event_name":"Vampires","player_choice":"Became a vampire","floor":30.0,"gold_loss":0.0,"damage_taken":0.0,"cards_obtained":["Bite","Bite","Bite","Bite","Bite"]}],"is_beta":false,"boss_relics":[{"not_picked":["Coffee Dripper","Runic Cube"],"picked":"Mark of Pain"},{"not_picked":["Sozu","Runic Dome"],"picked":"Astrolabe"}],"items_purged_floors":[36],"is_endless":false,"potions_floor_spawned":[1,7,16,21,22,27,28,29,35,38],"killed_by":"Writhing Mass","ascension_level":1}}