{"host":"6hzrz31j95f2y1pa","time":1610415872,"event":{"mods":["BaseMod","Colored Map","Downfall","Minty Spire (QoL Compilation)","StSLib"],"gold_per_floor":[99,99,99,99,24,51,51,51,71,98,114,143,52,72,90,172,172,172,184,14,27,39,66,143,143,171,191,191,41,69,69,80,158,158,158,175,187,85,105,120,120,120,120,120],"floor_reached":42,"playtime":2145,"items_purged":["hexamod:Defend","hexamod:Defend"],"score":997,"play_id":"2c5158f5-689d-475c-83ed-a9642d6eee3d","local_time":"20210111204432","is_ascension_mode":true,"campfire_choices":[{"data":"hexamod:Float","floor":1.0,"key":"SMITH"},{"floor":18,"key":"RECALL"},{"floor":29,"key":"REST"},{"data":"hexamod:GhostLash","floor":35,"key":"SMITH"}],"circlet_count":0,"master_deck":["AscendersBane","hexamod:Defend","hexamod:Defend+1","hexamod:Sear+1","hexamod:Float+1","hexamod:FastForward","hexamod:CrushingStance+1","hexamod:FastForward+1","hexamod:NecessarySacrifice+1","hexamod:SoulSteal+1","hexamod:NightmareGuise+1","hexamod:SoulSteal+1","hexamod:StepThrough","hexamod:FastForward+1","hexamod:ShieldOfDarkness+1","hexamod:Again+1","hexamod:NightmareStrike","hexamod:FastForward+1","hexamod:Firestarter","hexamod:SpectralAdrenaline+1","hexamod:SuperheatedStrike+1","hexamod:RetreatToShadows+1","hexamod:HauntingEcho","hexamod:NightmareGuise+1","Bite","Bite","Bite","Bite","Bite","hexamod:GhostLash+1","hexamod:GiftsFromTheDead","hexamod:UnlimitedPower+1","hexamod:NightmareGuise+1"],"relics":["hexamod:SpiritBrand","downfall:HeartsMalice","Question Card","Toxic Egg 2","Regal Pillow","TungstenRod","hexamod:TheBrokenSeal","Philosopher\u0027s Stone","Juzu Bracelet","Pear","Nunchaku","downfall:HeartBlessingRed","downfall:HeartBlessingGreen","Du-Vu Doll","hexamod:IceCube","Torii"],"acts_visited":["Exordium","TheCity","TheBeyond"],"potions_floor_usage":[22,23],"damage_taken":[{"damage":0.0,"enemies":"Small Slimes","floor":2.0,"turns":1.0},{"damage":0.0,"enemies":"downfall:FleeingMerchant","floor":5.0,"turns":1.0},{"damage":0.0,"enemies":"Gremlin Nob","floor":6.0,"turns":1.0},{"damage":1.0,"enemies":"Jaw Worm","floor":9.0,"turns":3.0},{"damage":14.0,"enemies":"3 Sentries","floor":10.0,"turns":7.0},{"damage":0.0,"enemies":"Cultist","floor":11.0,"turns":3.0},{"damage":14.0,"enemies":"Lagavulin","floor":12.0,"turns":5.0},{"damage":5,"enemies":"downfall:FleeingMerchant","floor":13,"turns":4},{"damage":3,"enemies":"3 Louse","floor":14,"turns":3},{"damage":25,"enemies":"Large Slime","floor":15,"turns":8},{"damage":49,"enemies":"downfall:Silent","floor":16,"turns":10},{"damage":0,"enemies":"Shell Parasite","floor":19,"turns":5},{"damage":3,"enemies":"downfall:FleeingMerchant","floor":20,"turns":4},{"damage":0,"enemies":"3 Cultists","floor":21,"turns":5},{"damage":13,"enemies":"Snake Plant","floor":22,"turns":2},{"damage":17,"enemies":"Book of Stabbing","floor":23,"turns":5},{"damage":31,"enemies":"Gremlin Leader","floor":26,"turns":6},{"damage":0,"enemies":"Chosen and Byrds","floor":27,"turns":4},{"damage":2,"enemies":"Slavers","floor":30,"turns":3},{"damage":0,"enemies":"3 Cultists","floor":32,"turns":3},{"damage":7,"enemies":"downfall:Defect","floor":33,"turns":6},{"damage":0,"enemies":"3 Shapes","floor":36,"turns":4},{"damage":12,"enemies":"Orb Walker","floor":37,"turns":3},{"damage":0,"enemies":"downfall:FleeingMerchant","floor":38,"turns":4},{"damage":19,"enemies":"3 Darklings","floor":39,"turns":4},{"damage":21,"enemies":"Jaw Worm Horde","floor":40,"turns":4},{"damage":42,"enemies":"Giant Head","floor":42,"turns":6}],"seed_played":"-5109851809188473134","potions_obtained":[{"floor":8.0,"key":"BlessingOfTheForge"},{"floor":8.0,"key":"FairyPotion"},{"floor":16,"key":"DistilledChaos"},{"floor":19,"key":"LiquidBronze"},{"floor":23,"key":"Explosive Potion"},{"floor":26,"key":"Fire Potion"},{"floor":27,"key":"SpeedPotion"},{"floor":37,"key":"hexamod:InfernoChargePotion"}],"is_trial":false,"path_per_floor":["R","M","?","?","$","E","T","?","M","E","M","E","$","M","M","B",null,"R","M","$","M","M","E","T","?","E","M","?","R","E","?","M","B",null,"R","M","M","$","M","M","T","E"],"character_chosen":"THE_SPIRIT","items_purchased":["hexamod:StepThrough","hexamod:Firestarter","Torii","CultistPotion"],"campfire_rested":1,"item_purchase_floors":[13,20,38,38],"current_hp_per_floor":[57,57,62,62,62,62,62,62,61,54,54,40,42,46,28,59,73,73,73,70,70,57,40,50,50,19,19,19,52,54,54,58,59,61,61,61,53,61,46,31,31,0,0,0],"gold":120,"neow_bonus":"THREE_ENEMY_KILL","is_daily":false,"chose_seed":false,"campfire_upgraded":2,"win_rate":0.0,"timestamp":1610415872,"path_taken":["R","M","?","?","$","E","T","?","M","E","M","E","$","M","M","BOSS","R","M","$","M","?","E","T","?","E","M","?","R","E","?","M","BOSS","R","M","M","$","M","M","T","E"],"items_purchased_type":["Card","Card","Relic","Potion"],"build_version":"2020-12-22","purchased_purges":2,"victory":false,"max_hp_per_floor":[63,63,68,68,68,68,68,68,68,68,68,68,68,68,68,78,78,78,78,78,78,78,78,88,88,88,88,61,61,61,61,61,61,61,61,61,61,61,61,61,61,61,61,61],"card_choices":[{"not_picked":["hexamod:BurningTouch","hexamod:EtherealExpedition"],"picked":"hexamod:FirstSeal","floor":2.0},{"not_picked":["hexamod:NightmareStrike","hexamod:PhantomFireball"],"picked":"hexamod:FastForward","floor":5.0},{"not_picked":["hexamod:Firestarter","hexamod:SwordOfDarkness"],"picked":"hexamod:CrushingStance","floor":6.0},{"not_picked":["hexamod:Firestarter","hexamod:SpectersWail","hexamod:BurningTouch+1"],"picked":"hexamod:FastForward+1","floor":9.0},{"not_picked":["hexamod:DynamicBlow","hexamod:RainOfEmbers","hexamod:SpectersWail"],"picked":"hexamod:FifthSeal","floor":10.0},{"not_picked":["hexamod:ThirdSeal","hexamod:FourthSeal","hexamod:FirstSeal"],"picked":"hexamod:SixthSeal","floor":11.0},{"not_picked":["hexamod:NightmareStrike","hexamod:GhostLash","hexamod:PhantomFireball"],"picked":"hexamod:NecessarySacrifice+1","floor":11.0},{"not_picked":["hexamod:SixthSeal","hexamod:SecondSeal","hexamod:FirstSeal"],"picked":"hexamod:ThirdSeal","floor":12.0},{"not_picked":["hexamod:EmpoweredFlame","hexamod:BurningTouch+1","hexamod:SwordOfDarkness"],"picked":"hexamod:SoulSteal+1","floor":12.0},{"not_picked":["hexamod:HauntingEcho","hexamod:HeatShield+1","hexamod:SixthSeal"],"picked":"hexamod:NightmareGuise+1","floor":13},{"not_picked":["hexamod:RadiantFlame","hexamod:HauntingEcho","hexamod:GhostLash"],"picked":"hexamod:SoulSteal+1","floor":13},{"not_picked":["hexamod:SixthSeal","hexamod:FirstSeal","hexamod:ThirdSeal"],"picked":"hexamod:SecondSeal","floor":13},{"not_picked":["hexamod:ThermalTransfer","hexamod:GhostLash","hexamod:RainOfEmbers"],"picked":"hexamod:FastForward+1","floor":14},{"not_picked":["hexamod:RainOfEmbers","hexamod:Incineration","hexamod:Firestarter"],"picked":"hexamod:ShieldOfDarkness+1","floor":14},{"not_picked":["hexamod:SuperheatedStrike","hexamod:ThermalTransfer","hexamod:HauntingEcho"],"picked":"hexamod:Again+1","floor":15},{"not_picked":["hexamod:SixthSeal","hexamod:SecondSeal","hexamod:FirstSeal"],"picked":"hexamod:FourthSeal","floor":15},{"not_picked":["hexamod:BurningTouch+1","hexamod:ShieldOfDarkness+1","hexamod:Firestarter","hexamod:NightmareStrike"],"picked":"SKIP","floor":15},{"not_picked":["hexamod:SoulSteal+1","hexamod:GhostLash","hexamod:SwordOfDarkness"],"picked":"hexamod:NightmareStrike","floor":19},{"not_picked":["hexamod:SwordOfDarkness","hexamod:AdvancingGuard+1","hexamod:Firestarter+1"],"picked":"hexamod:FastForward+1","floor":20},{"not_picked":["hexamod:Hexaguard+1","hexamod:RecurringNightmare+1","hexamod:UnleashSpirits"],"picked":"hexamod:SpectralAdrenaline+1","floor":21},{"not_picked":["hexamod:SpectralAdrenaline+1","hexamod:SwordOfDarkness","hexamod:NightmareGuise+1","hexamod:RainOfEmbers"],"picked":"SKIP","floor":22},{"not_picked":["hexamod:HauntingEcho","hexamod:NightmareStrike","hexamod:ShieldOfDarkness+1"],"picked":"hexamod:SuperheatedStrike+1","floor":23},{"not_picked":["hexamod:PhantomFireball","hexamod:FirstSeal","hexamod:ShieldOfDarkness+1"],"picked":"hexamod:HauntingEcho","floor":26},{"not_picked":["hexamod:Firestarter","hexamod:NightmareStrike","hexamod:InspiringFlames+1"],"picked":"hexamod:NightmareGuise+1","floor":27},{"not_picked":["hexamod:RecurringNightmare+1","hexamod:Haunt+1","hexamod:NightmareStrike"],"picked":"hexamod:GhostLash","floor":30},{"not_picked":["hexamod:DynamicBlow","hexamod:RainOfEmbers","hexamod:BacktrackSmack"],"picked":"hexamod:GiftsFromTheDead","floor":32},{"not_picked":["hexamod:ApocalypseNow+1","hexamod:WildfireWeapon","hexamod:VolcanoVisage"],"picked":"hexamod:UnlimitedPower+1","floor":33},{"not_picked":["hexamod:Hexaguard+1","hexamod:BurningTouch+1","hexamod:GhostOfSpirePast","hexamod:ShieldOfDarkness+1"],"picked":"SKIP","floor":36},{"not_picked":["hexamod:SpectersWail+1","hexamod:CatchUp+1","hexamod:NightmareStrike+1"],"picked":"hexamod:NightmareGuise+1","floor":37},{"not_picked":["hexamod:Firestarter","hexamod:FastForward+1","hexamod:Incineration","hexamod:GhostShield+1"],"picked":"SKIP","floor":38},{"not_picked":["hexamod:NightmareGuise+1","hexamod:HeatMetal","hexamod:NightmareStrike","hexamod:ThirdSeal"],"picked":"SKIP","floor":39},{"not_picked":["hexamod:GhostLash+1","hexamod:ThirdSeal","hexamod:FourthSeal","hexamod:TurnItUp+1"],"picked":"SKIP","floor":40}],"player_experience":1319245,"relics_obtained":[{"floor":6.0,"key":"Question Card"},{"floor":7.0,"key":"Toxic Egg 2"},{"floor":10.0,"key":"Regal Pillow"},{"floor":12.0,"key":"TungstenRod"},{"floor":23,"key":"Juzu Bracelet"},{"floor":24,"key":"Pear"},{"floor":26,"key":"Nunchaku"},{"floor":30,"key":"Du-Vu Doll"}],"event_choices":[{"damage_healed":0.0,"max_hp_gain":5.0,"max_hp_loss":0.0,"gold_gain":0.0,"event_name":"Big Fish","player_choice":"Donut","floor":3.0,"gold_loss":0.0,"damage_taken":0.0},{"damage_healed":0.0,"max_hp_gain":0.0,"max_hp_loss":0.0,"gold_gain":0.0,"event_name":"Lab","player_choice":"Got Potions","floor":8.0,"gold_loss":0.0,"damage_taken":0.0},{"damage_healed":0,"gold_gain":0,"player_choice":"Read","damage_taken":0,"max_hp_gain":0,"max_hp_loss":0,"event_name":"The Library","floor":25,"gold_loss":0,"cards_obtained":["hexamod:RetreatToShadows"]},{"damage_healed":0,"gold_gain":0,"player_choice":"Became a vampire","damage_taken":0,"max_hp_gain":0,"max_hp_loss":27,"event_name":"Vampires","floor":28,"gold_loss":0,"cards_obtained":["Bite","Bite","Bite","Bite","Bite"]}],"is_beta":false,"boss_relics":[{"not_picked":["Astrolabe","Sozu"],"picked":"Philosopher\u0027s Stone"},{"not_picked":["Runic Pyramid","Coffee Dripper"],"picked":"hexamod:IceCube"}],"items_purged_floors":[5,20],"is_endless":false,"potions_floor_spawned":[9,10,11,14,15,19,23,26,27,32,33,37,39],"killed_by":"Giant Head","ascension_level":16}}