{"host":"6hzrz31j95f2y1pa","time":1610474871,"event":{"mods":["BaseMod","Colored Map","Downfall","Minty Spire (QoL Compilation)","StSLib"],"gold_per_floor":[0,18,28,128,142,172,172,172,192,242,242,260,260,274,291,370,370,370,386,405,405,78,78,78,78],"floor_reached":23,"playtime":827,"items_purged":["hexamod:Strike"],"score":347,"play_id":"7f145eea-a004-4609-ab8d-882a2ca40dfc","local_time":"20210112130751","is_ascension_mode":true,"campfire_choices":[{"data":"hexamod:Float","floor":1.0,"key":"SMITH"},{"data":"hexamod:RadiantFlame","floor":11.0,"key":"SMITH"},{"floor":13.0,"key":"REST"},{"data":"hexamod:HeatShield","floor":18,"key":"SMITH"}],"circlet_count":0,"master_deck":["AscendersBane","hexamod:Strike","hexamod:Defend","hexamod:Defend","hexamod:Defend","hexamod:Sear","hexamod:Float+1","hexamod:Incineration","hexamod:RadiantFlame+1","hexamod:SwordOfDarkness+1","hexamod:EmpoweredFlame","hexamod:FastForward+1","hexamod:FastForward","hexamod:HeatShield+1","hexamod:SixthSeal","hexamod:PhantomFireball"],"relics":["hexamod:SpiritBrand","hexamod:SoulOfChaos","Mango","hexamod:SoulConsumer","Empty Cage","Anchor"],"acts_visited":["Exordium","TheCity"],"potions_floor_usage":[16,23],"damage_taken":[{"damage":4.0,"enemies":"Small Slimes","floor":2.0,"turns":4.0},{"damage":1.0,"enemies":"Jaw Worm","floor":3.0,"turns":3.0},{"damage":0.0,"enemies":"Cultist","floor":5.0,"turns":3.0},{"damage":24.0,"enemies":"Lagavulin","floor":6.0,"turns":6.0},{"damage":0.0,"enemies":"Large Slime","floor":9.0,"turns":5.0},{"damage":13.0,"enemies":"Exordium Thugs","floor":12.0,"turns":6.0},{"damage":3.0,"enemies":"Red Slaver","floor":14.0,"turns":3.0},{"damage":0.0,"enemies":"3 Louse","floor":15.0,"turns":3.0},{"damage":23,"enemies":"downfall:Silent","floor":16,"turns":6},{"damage":10,"enemies":"Spheric Guardian","floor":19,"turns":4},{"damage":24,"enemies":"Sentry and Sphere","floor":20,"turns":7},{"damage":0,"enemies":"downfall:FleeingMerchant","floor":22,"turns":4},{"damage":30,"enemies":"Slavers","floor":23,"turns":4}],"seed_played":"1849430285707559330","potions_obtained":[{"floor":2.0,"key":"DistilledChaos"},{"floor":6.0,"key":"Guardian:BlockOnCardUsePotion"},{"floor":12.0,"key":"Block Potion"},{"floor":19,"key":"SpeedPotion"},{"floor":20,"key":"Swift Potion"}],"is_trial":false,"path_per_floor":["R","M","M","?","M","E","T","?","M","?","R","M","R","M","M","B",null,"R","M","M","?","$","E"],"character_chosen":"THE_SPIRIT","items_purchased":["hexamod:PhantomFireball","Anchor"],"campfire_rested":1,"item_purchase_floors":[22,22],"current_hp_per_floor":[57,53,52,52,52,42,42,42,42,42,42,29,52,49,49,26,64,64,54,30,30,30,0,0,0],"gold":78,"neow_bonus":"ONE_RARE_RELIC","is_daily":false,"chose_seed":false,"campfire_upgraded":3,"win_rate":0.0,"timestamp":1610474871,"path_taken":["R","M","M","?","M","E","T","?","?","?","R","M","R","M","M","BOSS","R","M","M","?","?","E"],"items_purchased_type":["Card","Relic"],"build_version":"2020-12-22","purchased_purges":1,"victory":false,"max_hp_per_floor":[63,63,63,63,63,77,77,77,77,77,77,77,77,77,77,77,77,77,77,77,77,77,77,77,77],"card_choices":[{"not_picked":["hexamod:NightmareGuise","hexamod:ShieldOfDarkness"],"picked":"hexamod:Incineration","floor":2.0},{"not_picked":["hexamod:GhostShield","hexamod:NightmareGuise"],"picked":"hexamod:RadiantFlame","floor":3.0},{"not_picked":["hexamod:HauntingEcho","hexamod:Hexaguard"],"picked":"hexamod:SwordOfDarkness","floor":5.0},{"not_picked":["hexamod:HauntingEcho","hexamod:SuperheatedStrike"],"picked":"hexamod:EmpoweredFlame","floor":6.0},{"not_picked":["hexamod:NecessarySacrifice","hexamod:Incineration"],"picked":"hexamod:FastForward","floor":9.0},{"not_picked":["hexamod:HeatCrush","hexamod:NightmareGuise"],"picked":"hexamod:FastForward","floor":12.0},{"not_picked":["hexamod:BurningTouch","hexamod:TurnItUp","hexamod:SuperheatedStrike"],"picked":"SKIP","floor":14.0},{"not_picked":["hexamod:SwordOfDarkness","hexamod:PowerFromBeyond"],"picked":"hexamod:HeatShield","floor":15.0},{"not_picked":["hexamod:ApocalypticArmor","hexamod:TimeOfNeed"],"picked":"hexamod:SixthSeal","floor":16},{"not_picked":["hexamod:EmpoweredFlame","hexamod:HeatCrush","hexamod:SpectersWail"],"picked":"SKIP","floor":19},{"not_picked":["hexamod:BacktrackSmack","hexamod:NightmareStrike","hexamod:SwordOfDarkness"],"picked":"SKIP","floor":20},{"not_picked":["hexamod:ThirdSeal","hexamod:SwordOfDarkness","hexamod:FourthSeal"],"picked":"SKIP","floor":22}],"player_experience":1321390,"relics_obtained":[{"floor":6.0,"key":"Mango"},{"floor":7.0,"key":"hexamod:SoulConsumer"}],"event_choices":[{"cards_removed":["hexamod:Strike"],"damage_healed":0.0,"max_hp_gain":0.0,"max_hp_loss":0.0,"gold_gain":0.0,"event_name":"Wheel of Change","player_choice":"Card Removal","floor":8.0,"gold_loss":0.0,"damage_taken":0.0}],"is_beta":false,"boss_relics":[{"not_picked":["Busted Crown","SacredBark"],"picked":"Empty Cage"}],"items_purged_floors":[22],"is_endless":false,"potions_floor_spawned":[2,6,12,14,19,20],"killed_by":"Slavers","ascension_level":16}}