{"host":"xbs6xfa3tvu21mfl","time":1610451440,"event":{"mods":["BaseMod","Downfall","Lobotomy","Marisa£®ÏF”Í°°ƒß¿Ì…≥£©","Minty Spire (QoL Compilation)","Quick Restart","Reimu£®≤©¿ˆ¡È√Œ£©","Remilia£®¿Ÿ√◊¿Ú—«£©","StSLib"],"gold_per_floor":[99,117,129,143,154,185,185,202,237,237,237,337,337,350,368,464,464,464,482,499,518,503,514,514,530,530,530,530],"floor_reached":26,"playtime":2084,"items_purged":[],"score":249,"play_id":"9b0eafb1-0f33-4a59-a149-bf999707f053","local_time":"20210112193720","is_ascension_mode":false,"campfire_choices":[{"data":"expansioncontent:Chronoboost","floor":1.0,"key":"SMITH"},{"floor":10.0,"key":"REST"},{"data":"hexamod:UnlimitedPower","floor":18.0,"key":"SMITH"}],"circlet_count":0,"master_deck":["hexamod:Strike","hexamod:Strike","hexamod:Strike","hexamod:Defend","hexamod:Defend","hexamod:Defend","hexamod:Sear","hexamod:Float","expansioncontent:Chronoboost+1","hexamod:ThirdSeal","hexamod:EtherealExpedition","hexamod:HauntingEcho","hexamod:ThermalTransfer","hexamod:FastForward+1","hexamod:HauntingEcho","hexamod:HexaLevel","hexamod:NightmareStrike","hexamod:DynamicBlow","hexamod:GhostOfSpireFuture","hexamod:GhostOfSpireFuture","hexamod:PhantomCloak","hexamod:EtherealExpedition","hexamod:InspiringFlames","hexamod:SuperheatedStrike","hexamod:Toasty","hexamod:AdvancingGuard","hexamod:EmpoweredFlame","hexamod:ThermalTransfer","hexamod:UnlimitedPower+1","hexamod:EmpoweringStance","hexamod:Hexaguard+1","hexamod:HauntingEcho+1","hexamod:WildfireWeapon","hexamod:FourthSeal","hexamod:Hexaguard"],"relics":["hexamod:SpiritBrand","Omamori","Eternal Feather","Shovel","Philosopher\u0027s Stone","TungstenRod"],"acts_visited":["Exordium","TheCity"],"potions_floor_usage":[26],"damage_taken":[{"damage":0.0,"enemies":"Jaw Worm","floor":2.0,"turns":4.0},{"damage":0.0,"enemies":"Small Slimes","floor":3.0,"turns":3.0},{"damage":0.0,"enemies":"2 Louse","floor":4.0,"turns":3.0},{"damage":12.0,"enemies":"Blue Slaver","floor":5.0,"turns":3.0},{"damage":12.0,"enemies":"Gremlin Nob","floor":6.0,"turns":5.0},{"damage":16.0,"enemies":"Exordium Wildlife","floor":8.0,"turns":3.0},{"damage":7.0,"enemies":"3 Sentries","floor":9.0,"turns":7.0},{"damage":15.0,"enemies":"downfall:Heads","floor":12.0,"turns":7.0},{"damage":10.0,"enemies":"Large Slime","floor":14.0,"turns":3.0},{"damage":17.0,"enemies":"Exordium Thugs","floor":15.0,"turns":6.0},{"damage":32.0,"enemies":"downfall:Silent","floor":16.0,"turns":11.0},{"damage":6.0,"enemies":"Chosen","floor":19.0,"turns":3.0},{"damage":7.0,"enemies":"3 Byrds","floor":20.0,"turns":5.0},{"damage":3.0,"enemies":"Centurion and Healer","floor":21.0,"turns":6.0},{"damage":0.0,"enemies":"downfall:FleeingMerchant","floor":22.0,"turns":4.0},{"damage":17.0,"enemies":"Snake Plant","floor":23.0,"turns":4.0},{"damage":9.0,"enemies":"Shelled Parasite and Fungi","floor":25.0,"turns":5.0},{"damage":43,"enemies":"Gremlin Leader","floor":26,"turns":6}],"seed_played":"6678095394754819720","potions_obtained":[{"floor":2.0,"key":"Fire Potion"},{"floor":4.0,"key":"Energy Potion"},{"floor":5.0,"key":"SpeedPotion"},{"floor":8.0,"key":"LiquidBronze"},{"floor":9.0,"key":"ZuzhouPotion:ReiMu"},{"floor":20.0,"key":"Fire Potion"},{"floor":21.0,"key":"ZuzhouPotion:ReiMu"},{"floor":23.0,"key":"Fire Potion"},{"floor":25.0,"key":"Energy Potion"}],"is_trial":false,"path_per_floor":["R","M","M","M","M","E","T","M","E","R","?","?","?","M","M","B",null,"R","M","M","M","$","M","T","M","E"],"character_chosen":"THE_SPIRIT","items_purchased":[],"campfire_rested":1,"item_purchase_floors":[],"current_hp_per_floor":[70,70,70,70,58,46,46,30,23,56,61,46,64,54,37,5,75,75,69,62,59,59,42,42,33,0,0,0],"gold":530,"neow_bonus":"RANDOM_COLORLESS","is_daily":false,"chose_seed":false,"campfire_upgraded":2,"win_rate":0.0,"timestamp":1610451440,"path_taken":["R","M","M","M","M","E","T","M","E","R","?","?","?","M","M","BOSS","R","M","M","M","$","M","T","M","E"],"items_purchased_type":[],"build_version":"2020-12-22","purchased_purges":0,"victory":false,"max_hp_per_floor":[70,70,70,70,70,70,70,70,70,70,75,75,75,75,75,75,75,75,75,75,75,75,75,75,75,75,75,75],"card_choices":[{"not_picked":["expansioncontent:TimeRipple","expansioncontent:ManipulateTime"],"picked":"expansioncontent:Chronoboost","floor":0.0},{"not_picked":["hexamod:HeatShield","hexamod:GhostflameBarrier"],"picked":"hexamod:ThirdSeal","floor":2.0},{"not_picked":["hexamod:BacktrackSmack","hexamod:BurningTouch"],"picked":"hexamod:EtherealExpedition","floor":3.0},{"not_picked":["hexamod:NightmareGuise","hexamod:GhostShield"],"picked":"hexamod:HauntingEcho","floor":3.0},{"not_picked":["hexamod:SpectersWail","hexamod:BurningTouch"],"picked":"hexamod:ThermalTransfer","floor":4.0},{"not_picked":["hexamod:NightmareStrike","hexamod:Again"],"picked":"hexamod:FastForward","floor":4.0},{"not_picked":["hexamod:BacktrackSmack","hexamod:ShieldOfDarkness"],"picked":"hexamod:HauntingEcho","floor":5.0},{"not_picked":["hexamod:DynamicBlow","hexamod:RecurringNightmare"],"picked":"hexamod:HexaLevel","floor":5.0},{"not_picked":["hexamod:NightmareGuise","hexamod:UnleashSpirits"],"picked":"hexamod:NightmareStrike","floor":6.0},{"not_picked":["hexamod:HeatShield","hexamod:HeatCrush"],"picked":"hexamod:DynamicBlow","floor":6.0},{"not_picked":["hexamod:ShieldOfDarkness","hexamod:ChargedBarrage"],"picked":"hexamod:GhostOfSpireFuture","floor":8.0},{"not_picked":["hexamod:HauntingEcho","hexamod:NightmareStrike"],"picked":"hexamod:GhostOfSpireFuture","floor":8.0},{"not_picked":["hexamod:NightmareStrike","hexamod:PhantomFireball"],"picked":"hexamod:PhantomCloak","floor":9.0},{"not_picked":["hexamod:ShieldOfDarkness","hexamod:BurningTouch"],"picked":"hexamod:EtherealExpedition","floor":9.0},{"not_picked":["hexamod:GhostShield","hexamod:ThermalTransfer"],"picked":"hexamod:SuperheatedStrike","floor":12.0},{"not_picked":["hexamod:NightmareStrike","hexamod:SuperheatedStrike"],"picked":"hexamod:Toasty","floor":12.0},{"not_picked":["hexamod:Firestarter","hexamod:InspiringFlames"],"picked":"hexamod:AdvancingGuard","floor":14.0},{"not_picked":["hexamod:GhostOfSpirePresent","hexamod:InspiringFlames"],"picked":"hexamod:EmpoweredFlame","floor":14.0},{"not_picked":["hexamod:Firestarter","hexamod:GhostShield"],"picked":"hexamod:ThermalTransfer","floor":15.0},{"not_picked":["hexamod:SwordOfDarkness","hexamod:GhostShield","hexamod:Firestarter"],"picked":"SKIP","floor":15.0},{"not_picked":["hexamod:HexaLevel","hexamod:VolcanoVisage"],"picked":"hexamod:UnlimitedPower","floor":16.0},{"not_picked":["hexamod:TurnItUp","hexamod:Toasty"],"picked":"hexamod:EmpoweringStance","floor":16.0},{"not_picked":["hexamod:ThermalTransfer","hexamod:NightmareStrike","hexamod:Firestarter+1"],"picked":"SKIP","floor":19.0},{"not_picked":["hexamod:ExtraCrispy","hexamod:ThirdSeal"],"picked":"hexamod:Hexaguard+1","floor":20.0},{"not_picked":["hexamod:SuperheatedStrike","hexamod:SwordOfDarkness"],"picked":"hexamod:HauntingEcho+1","floor":20.0},{"not_picked":["hexamod:BacktrackSmack","hexamod:SpectralAdrenaline","hexamod:GhostOfSpirePresent"],"picked":"SKIP","floor":21.0},{"not_picked":["hexamod:SwordOfDarkness","hexamod:ShieldOfDarkness","hexamod:Incineration+1"],"picked":"SKIP","floor":21.0},{"not_picked":["hexamod:Hexaguard","hexamod:ThirdSeal"],"picked":"hexamod:WildfireWeapon","floor":22.0},{"not_picked":["hexamod:HeatCrush","hexamod:SwordOfDarkness","hexamod:NightmareGuise"],"picked":"SKIP","floor":23.0},{"not_picked":["hexamod:SpectralSpark+1","hexamod:HauntingEcho"],"picked":"hexamod:FourthSeal","floor":25.0},{"not_picked":["hexamod:DynamicBlow+1","hexamod:NightmareGuise"],"picked":"hexamod:Hexaguard","floor":25.0}],"player_experience":156850,"relics_obtained":[{"floor":6.0,"key":"Omamori"},{"floor":7.0,"key":"Eternal Feather"},{"floor":9.0,"key":"Shovel"},{"floor":24.0,"key":"TungstenRod"}],"event_choices":[{"damage_healed":0.0,"max_hp_gain":5.0,"max_hp_loss":0.0,"gold_gain":0.0,"event_name":"Big Fish","player_choice":"Donut","floor":11.0,"gold_loss":0.0,"damage_taken":0.0},{"damage_healed":18.0,"max_hp_gain":0.0,"max_hp_loss":0.0,"gold_gain":0.0,"event_name":"Mushrooms","player_choice":"Healed and dodged fight","floor":13.0,"gold_loss":0.0,"damage_taken":0.0,"cards_obtained":["Parasite"]}],"is_beta":false,"boss_relics":[{"not_picked":["Runic Dome","Astrolabe"],"picked":"Philosopher\u0027s Stone"}],"items_purged_floors":[],"is_endless":false,"potions_floor_spawned":[2,4,5,8,9,20,21,23,25],"killed_by":"Gremlin Leader","ascension_level":0}}