{"host":"grklf728wqifs9z9","time":1610422823,"event":{"mods":["BaseMod","Downfall","MarisaÅiñ∂âJÅ@ñÇóùçπÅj","Minty Spire (QoL Compilation)","Replay The Spire","Shop Mod","StSLib","The Animator","The Bug Knight","The Cursed","The Disciple","The Necromancer","The Servant 0.9.4"],"gold_per_floor":[128,128,147,147,147,147,167,167,167,198,39,56,76,89,89,185,210,225,225,241,56,75,75,41,41,41],"floor_reached":25,"playtime":1905,"items_purged":[],"score":195,"play_id":"0d090f55-6a90-40a6-9a44-43c09deca8f2","local_time":"20210112124023","is_ascension_mode":false,"campfire_choices":[{"floor":6,"key":"RECALL"},{"floor":15,"key":"REST"},{"floor":23,"key":"REST"}],"circlet_count":0,"master_deck":["animator:Strike_NoGameNoLife","animator:Defend_NoGameNoLife","animator:Strike+1","animator:Strike","animator:Strike","animator:Defend+1","animator:Defend","animator:DolaSchwi+1","animator:DolaCouronne","Defend_MRS","animator:Defend","animator:Albedo+1","animator:ShinjiMatou","animator:Sebas","Normality","animator:AcuraAkari","animator:IzunaHatsuse","animator:Urushihara","animator:Kaijin","animator:UneriGinkaku","animator:HiiragiShinya","animator:Caster","animator:Gilgamesh+1","animator:ChlammyZell","RitualDagger","animator:AcuraTooru","animator:KrulTepes","animator:Vesta","animator:Kaijin"],"relics":["animator:VividPicture","animator:TheMissingPiece","animator:PurgingStone","Ring of Searing","Ring of Peace","Incense Burner","Regal Pillow"],"acts_visited":["Exordium","TheCity"],"potions_floor_usage":[13,16,22,25],"damage_taken":[{"damage":3,"enemies":"Small Slimes","floor":1,"turns":4},{"damage":0,"enemies":"Cultist","floor":3,"turns":4},{"damage":0,"enemies":"2 Louse","floor":7,"turns":2},{"damage":15,"enemies":"Gremlin Gang","floor":10,"turns":6},{"damage":6,"enemies":"2 Fungi Beasts","floor":12,"turns":4},{"damage":0,"enemies":"Exordium Thugs","floor":13,"turns":4},{"damage":0,"enemies":"Blue Slaver","floor":14,"turns":3},{"damage":25,"enemies":"The Guardian","floor":16,"turns":8},{"damage":35,"enemies":"2 Thieves","floor":18,"turns":5},{"damage":2,"enemies":"Chosen","floor":20,"turns":5},{"damage":34,"enemies":"3 Cultists","floor":22,"turns":6},{"damage":60,"enemies":"Gremlin Leader","floor":25,"turns":6}],"seed_played":"8681723504197611211","potions_obtained":[{"floor":10,"key":"LiquidMemories"},{"floor":12,"key":"PowerPotion"},{"floor":14,"key":"Reflective Coating"},{"floor":16,"key":"FairyPotion"},{"floor":22,"key":"Cursed Concoction"}],"is_trial":false,"path_per_floor":["M","?","M","?","?","R","M","?","T","M","$","M","M","M","R","B",null,"M","?","M","$","M","R","$","E"],"character_chosen":"THE_ANIMATOR","items_purchased":["animator:Urushihara","animator:Kaijin","animator:KrulTepes","Regal Pillow","animator:Kaijin"],"campfire_rested":2,"item_purchase_floors":[11,11,21,21,24],"current_hp_per_floor":[63,63,64,64,64,64,64,64,64,49,49,43,43,43,63,38,67,33,27,25,25,20,55,55,0,0],"gold":41,"neow_bonus":"THREE_RARE_CARDS","is_daily":false,"chose_seed":false,"campfire_upgraded":0,"win_rate":0.0,"timestamp":1610422823,"path_taken":["M","?","?","?","?","R","M","?","T","M","$","M","?","M","R","BOSS","M","?","M","$","M","R","?","E"],"items_purchased_type":["Card","Card","Card","Relic","Card"],"build_version":"2020-12-22","purchased_purges":0,"victory":false,"max_hp_per_floor":[66,66,67,67,67,67,67,67,67,67,67,67,67,67,67,67,67,68,68,68,68,68,68,68,68,68],"card_choices":[{"not_picked":["animator:Boros","animator:Saber"],"picked":"animator:Albedo","floor":0},{"not_picked":["animator:SilverFang","animator:MumenRider"],"picked":"animator:ShinjiMatou","floor":1},{"not_picked":["animator:Illya","animator:Millim"],"picked":"animator:Sebas","floor":3},{"not_picked":["animator:ChaikaBohdan","animator:Hitei"],"picked":"animator:AcuraAkari","floor":7},{"not_picked":["animator:DolaCouronne","animator:Jibril"],"picked":"animator:IzunaHatsuse","floor":10},{"not_picked":["animator:Millim","animator:Assassin"],"picked":"animator:UneriGinkaku","floor":12},{"not_picked":["animator:RinTohsaka","animator:Melzalgald"],"picked":"animator:HiiragiShinya","floor":13},{"not_picked":["animator:Mikaela","animator:Viivi"],"picked":"animator:Caster","floor":14},{"not_picked":["animator:Rimuru","animator:Saber"],"picked":"animator:Gilgamesh","floor":16},{"not_picked":["animator:Jibril","animator:DolaRiku"],"picked":"animator:ChlammyZell","floor":18},{"not_picked":["animator:Demiurge","animator:Shinoa+1"],"picked":"animator:AcuraTooru","floor":20},{"not_picked":["animator:Viivi","animator:Konayuki"],"picked":"animator:Vesta","floor":22}],"player_experience":111546,"relics_obtained":[{"floor":4,"key":"Ring of Searing"},{"floor":4,"key":"Ring of Peace"},{"floor":9,"key":"Incense Burner"}],"event_choices":[{"cards_removed":["animator:Defend"],"damage_healed":0,"gold_gain":0,"player_choice":"Card Removal","damage_taken":0,"max_hp_gain":0,"max_hp_loss":0,"event_name":"Wheel of Change","floor":2,"gold_loss":0},{"damage_healed":0,"gold_gain":0,"player_choice":"Forge","damage_taken":0,"max_hp_gain":0,"max_hp_loss":0,"event_name":"Accursed Blacksmith","floor":8,"gold_loss":0,"cards_upgraded":["animator:Albedo"]},{"damage_healed":0,"gold_gain":0,"player_choice":"Joined the Cult","damage_taken":6,"max_hp_gain":0,"max_hp_loss":0,"event_name":"Nest","floor":19,"gold_loss":0,"cards_obtained":["RitualDagger"]}],"is_beta":false,"boss_relics":[{"not_picked":["Cursed Key","Runic Dome"],"picked":"animator:VividPicture"}],"items_purged_floors":[],"is_endless":false,"potions_floor_spawned":[10,12,14,16,22],"killed_by":"Gremlin Leader","ascension_level":0}}