{"host":"ikjt6v4q6zrcj3if","time":1610420813,"event":{"mods":["100% Spire Juice","Arknights The Spire","BaseMod","CapriCore","Colored Map","Downfall","Jorbs\u0027s Wanderer Trilogy","Koishi","Luminous","Minty Spire (QoL Compilation)","Permanent Neow","Quick Restart","Replay The Spire","StSLib","SuperFastMode","The Marked","The Necromancer","The Runesmith"],"gold_per_floor":[116,116,116,41,59,88,88,123,175,204,218,251,201,201,201,306,306,324,335,434,223,240,240,257,257,257,62,81,100,131,131,131,235,285,305,219,229,241,252,252,269,287,287,333,333,119,153,166,166,166,166],"floor_reached":50,"playtime":2475,"items_purged":["Detonate_Bones+1","Strike_W","Defend_W","Blood_for_Blood+1","Defend_W+1","Decay"],"score":716,"play_id":"04cfd324-aecf-4b3d-a601-4a24dcba63c6","local_time":"20210112120653","is_ascension_mode":true,"campfire_choices":[{"data":"Siphon_Strength","floor":7,"key":"SMITH"},{"data":"Spectral_Armor","floor":15,"key":"SMITH"},{"data":"Cloudkill","floor":23,"key":"SMITH"},{"data":"Blood_Curse","floor":25,"key":"SMITH"},{"data":"Bone_Prison","floor":32,"key":"SMITH"},{"data":"Summon_Vampire_Lady","floor":40,"key":"SMITH"},{"data":"Cloudkill","floor":49,"key":"SMITH"}],"circlet_count":0,"master_deck":["Negative_Energy_Arrows","Bone_Wall+1","Summon_Lich+1","Vampiric_Strike+1","Siphon_Strength+1","Spectral_Armor+1","Stop_Heart+1","Consume_Illness","Bone_Armor+1","Cloudkill+1","Bone_Prison+1","Blood_Curse+1","Spectral_Armor+1","Summon_Vampire_Lady+1","Summon_Lich","Uncharnel","Parasite","Siphon_Strength","Summon_Undead+1","Cloudkill+1","Summon_Undead"],"relics":["Astrolabe","Regal Pillow","ReplayTheSpireMod:Ninjato","Smiling Mask","Replay:Accelerometer","Vajra","White Beast Statue","Guide Book","Centennial Puzzle","Tiny House","Counterbalance","Torii","Thread and Needle"],"acts_visited":["Exordium","TheCity","TheBeyond"],"potions_floor_usage":[19,19,29,41,44,44,48,50],"damage_taken":[{"damage":6,"enemies":"2 Louse","floor":1,"turns":2},{"damage":0,"enemies":"Cultist","floor":5,"turns":3},{"damage":9,"enemies":"3 Sentries","floor":6,"turns":5},{"damage":13,"enemies":"Lagavulin","floor":8,"turns":6},{"damage":8,"enemies":"3 Sentries","floor":10,"turns":5},{"damage":4,"enemies":"Jaw Worm","floor":11,"turns":3},{"damage":14,"enemies":"Lagavulin","floor":12,"turns":5},{"damage":0,"enemies":"The Guardian","floor":16,"turns":8},{"damage":1,"enemies":"Chosen","floor":18,"turns":4},{"damage":9,"enemies":"2 Thieves","floor":19,"turns":4},{"damage":14,"enemies":"Snake Plant","floor":22,"turns":5},{"damage":16,"enemies":"Sentry and Sphere","floor":24,"turns":7},{"damage":0,"enemies":"Shelled Parasite and Fungi","floor":28,"turns":4},{"damage":2,"enemies":"3 Cultists","floor":29,"turns":4},{"damage":0,"enemies":"Gremlin Leader","floor":30,"turns":7},{"damage":9,"enemies":"Pondfish","floor":33,"turns":9},{"damage":1,"enemies":"3 Darklings","floor":35,"turns":5},{"damage":2,"enemies":"Orb Walker","floor":37,"turns":4},{"damage":8,"enemies":"Maw","floor":38,"turns":8},{"damage":12,"enemies":"Writhing Mass","floor":39,"turns":7},{"damage":13,"enemies":"Transient","floor":41,"turns":5},{"damage":0,"enemies":"4 Shapes","floor":42,"turns":5},{"damage":81,"enemies":"2 Orb Walkers","floor":44,"turns":6},{"damage":40,"enemies":"Giant Head","floor":47,"turns":9},{"damage":9,"enemies":"3 Darklings","floor":48,"turns":4},{"damage":40,"enemies":"Replay:Hell Engine","floor":50,"turns":5}],"seed_played":"1931400439067456049","potions_obtained":[{"floor":5,"key":"Adrenaline Potion"},{"floor":10,"key":"Venom Potion"},{"floor":11,"key":"PowerPotion"},{"floor":16,"key":"Block Potion"},{"floor":19,"key":"Reflective Coating"},{"floor":22,"key":"SpeedPotion"},{"floor":29,"key":"PowerPotion"},{"floor":30,"key":"Block Potion"},{"floor":39,"key":"Energy Potion"},{"floor":41,"key":"Reflective Coating"},{"floor":44,"key":"BlessingOfTheForge"},{"floor":47,"key":"SkillPotion"},{"floor":48,"key":"sneckomod:MuddlingPotion"}],"is_trial":false,"path_per_floor":["M","?","?","$","M","E","R","E","T","E","M","E","$","?","R","B",null,"M","M","?","$","M","R","M","R","T","$","M","M","E","?","R","B",null,"M","$","M","M","M","R","M","M","T","?","?","$","E","M","R","B"],"character_chosen":"NECROMANCER","items_purchased":["Cloudkill","Guide Book","Summon_Lich","Cloudkill"],"campfire_rested":0,"item_purchase_floors":[21,27,36,46],"current_hp_per_floor":[69,69,69,69,72,66,66,57,57,49,48,40,40,40,40,53,75,75,67,67,67,59,59,52,52,52,52,56,59,59,59,59,55,80,79,79,78,80,71,71,78,78,78,11,11,11,24,15,15,0,0],"gold":166,"neow_bonus":"BOSS_RELIC","is_daily":false,"chose_seed":false,"campfire_upgraded":7,"win_rate":0.0,"timestamp":1610420813,"path_taken":["M","?","?","$","M","E","R","E","T","E","?","E","$","?","R","BOSS","M","M","?","$","M","R","M","R","T","$","M","M","E","?","R","BOSS","M","$","M","M","M","R","M","M","T","?","?","$","E","M","R","BOSS"],"items_purchased_type":["Card","Relic","Card","Card"],"build_version":"2020-12-22","purchased_purges":6,"victory":false,"max_hp_per_floor":[75,75,75,75,75,75,75,75,75,75,75,75,75,75,75,75,75,75,75,75,75,75,75,75,75,75,75,75,75,75,75,75,75,80,80,80,80,80,80,80,80,80,80,80,80,80,80,80,80,80,80],"card_choices":[{"not_picked":["Death_Coil","Negative_Energy_Mist","Bone_Bullets"],"picked":"SKIP","floor":1},{"not_picked":["Shackles_Of_Pain","Negative_Energy_Javelin","Negative_Energy_Mist"],"picked":"SKIP","floor":5},{"not_picked":["Bone_Armor","Pandemic"],"picked":"Siphon_Strength","floor":6},{"not_picked":["Negative_Energy_Bomb","Flesh_Made_Foul"],"picked":"Spectral_Armor","floor":8},{"not_picked":["Bone_Bullets","Cloudkill"],"picked":"Stop_Heart","floor":10},{"not_picked":["Negative_Energy_Burst","Negative_Energy_Mist","Negative_Energy_Sphere"],"picked":"SKIP","floor":11},{"not_picked":["Epidemic","Life_Drain","Death_March_Dance"],"picked":"SKIP","floor":12},{"not_picked":["Toxic_Smoke_Screen","Negative_Energy_Javelin"],"picked":"Consume_Illness","floor":18},{"not_picked":["Death_Coil","Negative_Energy_Sphere"],"picked":"Bone_Armor+1","floor":19},{"not_picked":["Requiem","Chill_Blood"],"picked":"Bone_Prison","floor":22},{"not_picked":["Stop_Heart","Consume_Illness"],"picked":"Blood_Curse","floor":24},{"not_picked":["Exploit","Toxic_Smoke_Screen","Deaths_Shadow+1"],"picked":"SKIP","floor":28},{"not_picked":["Bone_Armor","Death_March_Dance+1"],"picked":"Spectral_Armor+1","floor":29},{"not_picked":["Negative_Energy_Sphere","Death_Coil","Death_March_Dance+1"],"picked":"SKIP","floor":30},{"not_picked":["Negative_Energy_Sphere","Death_Coil","Death_March_Dance+1"],"picked":"SKIP","floor":30},{"not_picked":["Cloudkill","Requiem"],"picked":"Summon_Vampire_Lady","floor":33},{"not_picked":["Chill_Blood+1","Necromantic_Selection+1","Stop_Heart"],"picked":"SKIP","floor":35},{"not_picked":["Bone_Spikes+1","Death_March_Dance+1","Acid_Javelin"],"picked":"SKIP","floor":37},{"not_picked":["Bone_Bullets","Blood_Whip+1"],"picked":"Uncharnel","floor":38},{"not_picked":["Negative_Energy_Javelin+1","Vampiric_Strike+1","Shackles_Of_Pain+1"],"picked":"SKIP","floor":39},{"not_picked":["Stop_Heart+1","Negative_Energy_Sphere"],"picked":"Siphon_Strength","floor":41},{"not_picked":["Life_Drain+1","Bone_Bullets+1","Blood_Curse"],"picked":"SKIP","floor":42},{"not_picked":["Blood_Shield","Bone_Shift"],"picked":"Summon_Undead+1","floor":44},{"not_picked":["Negative_Energy_Javelin+1","Bone_Armor+1","Death_Coil+1"],"picked":"SKIP","floor":47},{"not_picked":["Negative_Energy_Burst","Thousand_Bone_Knives"],"picked":"Summon_Undead","floor":48}],"player_experience":411972,"relics_obtained":[{"floor":6,"key":"Regal Pillow"},{"floor":8,"key":"ReplayTheSpireMod:Ninjato"},{"floor":9,"key":"Smiling Mask"},{"floor":10,"key":"Replay:Accelerometer"},{"floor":12,"key":"Vajra"},{"floor":26,"key":"White Beast Statue"},{"floor":30,"key":"Centennial Puzzle"},{"floor":43,"key":"Counterbalance"},{"floor":44,"key":"Torii"},{"floor":47,"key":"Thread and Needle"}],"event_choices":[{"damage_healed":0,"gold_gain":0,"player_choice":"Forge","damage_taken":0,"max_hp_gain":0,"max_hp_loss":0,"event_name":"Accursed Blacksmith","floor":3,"gold_loss":0,"cards_upgraded":["Bone_Wall"]},{"damage_healed":0,"gold_gain":0,"cards_transformed":["Strike_W"],"player_choice":"Change","damage_taken":0,"max_hp_gain":0,"max_hp_loss":0,"event_name":"Living Wall","floor":14,"gold_loss":0,"cards_obtained":["Blood_for_Blood"]},{"damage_healed":0,"gold_gain":99,"player_choice":"Stole From Cult","damage_taken":0,"max_hp_gain":0,"max_hp_loss":0,"event_name":"Nest","floor":20,"gold_loss":0},{"damage_healed":0,"gold_gain":0,"player_choice":"Fight","damage_taken":0,"max_hp_gain":0,"max_hp_loss":0,"event_name":"Mysterious Sphere","floor":44,"gold_loss":0},{"damage_healed":0,"gold_gain":0,"player_choice":"Cursed","damage_taken":0,"max_hp_gain":0,"max_hp_loss":0,"event_name":"Wheel of Change","floor":45,"gold_loss":0,"cards_obtained":["Decay"]}],"is_beta":false,"boss_relics":[{"not_picked":["Replay:Bronze Core","ChewingGum","Runic Dome"]},{"not_picked":["Runesmith:UraniumAnvil","Calling Bell"],"picked":"Tiny House"}],"items_purged_floors":[4,13,21,27,36,46],"is_endless":false,"potions_floor_spawned":[5,10,11,16,19,22,28,29,30,33,35,37,38,39,41,42,44,47,48],"killed_by":"Replay:Hell Engine","ascension_level":4}}