{"host":"gf95gjygaqy6b70i","time":1610470290,"event":{"mods":["BaseMod","Colored Map","Colored Powertips","Minty Spire (QoL Compilation)"],"gold_per_floor":[117,117,117,128,128,160,160,160,186,186,201,214,226,244,244,346,346,364,374,374,374,390,416,5,21,44,44,55,55,55,75,75,175,175,188,2,2,19,19,45,45,70,70,70,70,80,97,115,115,115,115,115,31,60,60,60],"floor_reached":55,"playtime":2095,"items_purged":["Strike_R","Strike_R","Pain"],"score":774,"play_id":"c481a181-826c-4797-9f18-cdde4d956227","local_time":"20210112175130","is_ascension_mode":false,"campfire_choices":[{"floor":8.0,"key":"REST"},{"floor":15.0,"key":"REST"},{"floor":29.0,"key":"REST"},{"floor":32.0,"key":"RECALL"},{"floor":41,"key":"REST"},{"floor":44,"key":"REST"},{"floor":49,"key":"REST"},{"floor":52,"key":"REST"}],"circlet_count":0,"master_deck":["Strike_R","Strike_R","Strike_R","Defend_R+1","Defend_R","Defend_R","Defend_R+1","Bash+1","Ghostly Armor","Flame Barrier","Barricade","Headbutt+1","Cleave+1","Twin Strike+1","Dropkick+1","Double Tap","Inflame","Body Slam+1","Power Through","Inflame+1","The Bomb","Iron Wave+1","Clothesline+1","Berserk","Thunderclap+1","Evolve","Cleave+1","Uppercut+1","Clothesline+1","Pain","Rage","Battle Trance","Headbutt+1","Metallicize","Ghostly Armor"],"relics":["Burning Blood","Tiny Chest","Lantern","Molten Egg 2","Fusion Hammer","TungstenRod","Pen Nib","Bronze Scales","Smiling Mask","Cursed Key","Paper Frog","Torii","Anchor","White Beast Statue","Toy Ornithopter"],"acts_visited":["Exordium","TheCity","TheBeyond","TheEnding"],"potions_floor_usage":[42,47,50,54,55],"damage_taken":[{"damage":5.0,"enemies":"2 Louse","floor":1.0,"turns":2.0},{"damage":6.0,"enemies":"Jaw Worm","floor":4.0,"turns":3.0},{"damage":45.0,"enemies":"3 Sentries","floor":6.0,"turns":15.0},{"damage":2.0,"enemies":"Small Slimes","floor":11.0,"turns":4.0},{"damage":0.0,"enemies":"Exordium Wildlife","floor":12.0,"turns":5.0},{"damage":2.0,"enemies":"Blue Slaver","floor":13.0,"turns":3.0},{"damage":8.0,"enemies":"Large Slime","floor":14.0,"turns":7.0},{"damage":0.0,"enemies":"The Guardian","floor":16.0,"turns":10.0},{"damage":4.0,"enemies":"Spheric Guardian","floor":18.0,"turns":4.0},{"damage":12.0,"enemies":"3 Byrds","floor":19.0,"turns":4.0},{"damage":16.0,"enemies":"3 Cultists","floor":22.0,"turns":5.0},{"damage":16.0,"enemies":"Book of Stabbing","floor":23.0,"turns":7.0},{"damage":4.0,"enemies":"Centurion and Healer","floor":25.0,"turns":6.0},{"damage":22.0,"enemies":"Shelled Parasite and Fungi","floor":28.0,"turns":5.0},{"damage":2.0,"enemies":"Snake Plant","floor":31.0,"turns":3.0},{"damage":37.0,"enemies":"Champ","floor":33.0,"turns":13.0},{"damage":0.0,"enemies":"Orb Walker","floor":35.0,"turns":2.0},{"damage":26.0,"enemies":"3 Darklings","floor":38.0,"turns":4.0},{"damage":45,"enemies":"Giant Head","floor":40,"turns":7},{"damage":13,"enemies":"Nemesis","floor":42,"turns":5},{"damage":15,"enemies":"Transient","floor":46,"turns":5},{"damage":0,"enemies":"4 Shapes","floor":47,"turns":6},{"damage":9,"enemies":"Sphere and 2 Shapes","floor":48,"turns":3},{"damage":28,"enemies":"Time Eater","floor":50,"turns":9},{"damage":45,"enemies":"Shield and Spear","floor":54,"turns":8},{"damage":81,"enemies":"The Heart","floor":55,"turns":6}],"seed_played":"5218263739128953347","potions_obtained":[{"floor":1.0,"key":"BlessingOfTheForge"},{"floor":11.0,"key":"AttackPotion"},{"floor":12.0,"key":"Strength Potion"},{"floor":13.0,"key":"EssenceOfSteel"},{"floor":19.0,"key":"Block Potion"},{"floor":25.0,"key":"ColorlessPotion"},{"floor":40,"key":"BlessingOfTheForge"},{"floor":46,"key":"Block Potion"},{"floor":47,"key":"Dexterity Potion"},{"floor":48,"key":"Explosive Potion"},{"floor":54,"key":"ColorlessPotion"}],"is_trial":false,"path_per_floor":["M","?","?","M","?","E","T","R","T","?","M","M","M","M","R","B",null,"M","M","?","T","M","E","$","M","T","$","M","R","?","M","R","B",null,"M","$","?","M","T","E","R","E","T","R","?","M","M","M","R","B",null,"R","$","E","B"],"character_chosen":"IRONCLAD","items_purchased":["Bronze Scales","The Bomb","Fruit Juice","Evolve","Metallicize"],"campfire_rested":7,"item_purchase_floors":[24,24,36,36,53],"current_hp_per_floor":[80,80,85,85,85,46,46,71,71,54,58,64,68,66,85,85,85,85,79,79,79,69,59,59,61,61,61,45,70,70,74,74,43,85,85,90,85,65,65,26,51,44,44,69,69,60,66,63,85,63,85,85,85,46,0,0],"gold":60,"neow_bonus":"RANDOM_COMMON_RELIC","is_daily":false,"chose_seed":false,"campfire_upgraded":0,"win_rate":0.0,"timestamp":1610470290,"path_taken":["M","?","?","M","?","E","?","R","T","?","?","M","M","M","R","BOSS","M","M","?","?","M","E","?","M","T","$","M","R","?","M","R","BOSS","M","$","?","M","?","E","R","E","T","R","?","M","M","M","R","BOSS","R","$","E","BOSS"],"items_purchased_type":["Relic","Card","Potion","Card","Card"],"build_version":"2020-12-22","purchased_purges":3,"victory":false,"max_hp_per_floor":[80,80,85,85,85,85,85,85,85,85,85,85,85,85,85,85,85,85,85,85,85,85,85,85,85,85,85,85,85,85,85,85,85,85,85,90,85,85,85,85,85,85,85,85,85,85,85,85,85,85,85,85,85,85,85,85],"card_choices":[{"not_picked":["Clothesline","Iron Wave"],"picked":"Ghostly Armor","floor":1.0},{"not_picked":["Flex","Headbutt"],"picked":"Flame Barrier","floor":4.0},{"not_picked":["Reckless Charge","Havoc"],"picked":"Barricade","floor":6.0},{"not_picked":["Wild Strike+1","Reckless Charge+1"],"picked":"Headbutt+1","floor":11.0},{"not_picked":["Havoc","Shrug It Off"],"picked":"Cleave+1","floor":12.0},{"not_picked":["Cleave+1","Clothesline+1"],"picked":"Twin Strike+1","floor":13.0},{"not_picked":["Infernal Blade","Flame Barrier"],"picked":"Dropkick+1","floor":14.0},{"not_picked":["Exhume","Reaper+1"],"picked":"Double Tap","floor":16.0},{"not_picked":["Fire Breathing","Warcry"],"picked":"Inflame","floor":18.0},{"not_picked":["Cleave+1","Armaments"],"picked":"Body Slam+1","floor":19.0},{"not_picked":["Cleave+1","Blood for Blood+1"],"picked":"Power Through","floor":22.0},{"not_picked":["Warcry+1","Carnage+1"],"picked":"Inflame+1","floor":23.0},{"not_picked":["Perfected Strike+1","Spot Weakness+1"],"picked":"Iron Wave+1","floor":25.0},{"not_picked":["Offering","Body Slam+1","Dark Embrace"],"picked":"SKIP","floor":28.0},{"not_picked":["Warcry","Headbutt+1"],"picked":"Clothesline+1","floor":31.0},{"not_picked":["Exhume","Double Tap"],"picked":"Berserk","floor":33.0},{"not_picked":["Blood for Blood+1","Sentinel"],"picked":"Thunderclap+1","floor":35.0},{"not_picked":["Feel No Pain+1","Sentinel+1"],"picked":"Cleave+1","floor":38.0},{"not_picked":["Power Through","True Grit+1"],"picked":"Uppercut+1","floor":40},{"not_picked":["Flex","Thunderclap+1"],"picked":"Clothesline+1","floor":42},{"not_picked":["Wild Strike+1","Body Slam+1"],"picked":"Rage","floor":46},{"not_picked":["Power Through","Burning Pact"],"picked":"Battle Trance","floor":47},{"not_picked":["Perfected Strike+1","Clothesline+1"],"picked":"Headbutt+1","floor":48},{"not_picked":["Sentinel","Juggernaut"],"picked":"Ghostly Armor","floor":54}],"player_experience":55181,"relics_obtained":[{"floor":6.0,"key":"Lantern"},{"floor":7.0,"key":"Molten Egg 2"},{"floor":21.0,"key":"TungstenRod"},{"floor":23.0,"key":"Pen Nib"},{"floor":26.0,"key":"Smiling Mask"},{"floor":39.0,"key":"Paper Frog"},{"floor":40,"key":"Torii"},{"floor":42,"key":"Anchor"},{"floor":43,"key":"White Beast Statue"},{"floor":54,"key":"Toy Ornithopter"}],"event_choices":[{"damage_healed":0.0,"max_hp_gain":0.0,"max_hp_loss":0.0,"gold_gain":0.0,"event_name":"Living Wall","player_choice":"Grow","floor":2.0,"gold_loss":0.0,"damage_taken":0.0,"cards_upgraded":["Bash"]},{"damage_healed":0.0,"max_hp_gain":5.0,"max_hp_loss":0.0,"gold_gain":0.0,"event_name":"Big Fish","player_choice":"Donut","floor":3.0,"gold_loss":0.0,"damage_taken":0.0},{"damage_healed":0.0,"max_hp_gain":0.0,"max_hp_loss":0.0,"gold_gain":0.0,"event_name":"Liars Game","player_choice":"Ignored","floor":5.0,"gold_loss":0.0,"damage_taken":0.0},{"damage_healed":0.0,"max_hp_gain":0.0,"max_hp_loss":0.0,"gold_gain":0.0,"event_name":"Shining Light","player_choice":"Entered Light","floor":10.0,"gold_loss":0.0,"damage_taken":17.0,"cards_upgraded":["Defend_R","Defend_R"]},{"damage_healed":0.0,"max_hp_gain":0.0,"max_hp_loss":0.0,"gold_gain":0.0,"event_name":"Ghosts","player_choice":"Ignored","floor":20.0,"gold_loss":0.0,"damage_taken":0.0},{"damage_healed":0.0,"max_hp_gain":0.0,"max_hp_loss":0.0,"gold_gain":0.0,"event_name":"The Library","player_choice":"Read","floor":30.0,"gold_loss":0.0,"damage_taken":0.0,"cards_obtained":["Fire Breathing"]},{"damage_healed":0.0,"max_hp_gain":0.0,"max_hp_loss":5.0,"gold_gain":0.0,"event_name":"Winding Halls","player_choice":"Max HP","floor":37.0,"gold_loss":0.0,"damage_taken":0.0},{"cards_removed":["Fire Breathing"],"damage_healed":0,"gold_gain":0,"player_choice":"Removed Power","damage_taken":0,"max_hp_gain":0,"max_hp_loss":0,"event_name":"Falling","floor":45,"gold_loss":0}],"is_beta":false,"boss_relics":[{"not_picked":["SacredBark","Runic Cube"],"picked":"Fusion Hammer"},{"not_picked":["Snecko Eye","Black Blood"],"picked":"Cursed Key"}],"items_purged_floors":[24,36,53],"is_endless":false,"potions_floor_spawned":[1,11,12,13,19,25,40,46,47,48,54],"killed_by":"The Heart","ascension_level":0}}