{"host":"dm4yvegl9um2tlqd","time":1610455950,"event":{"mods":["2.2 Compatiblity","AchievementEnabler","BaseMod","Colored Map","DeckTracker","Highlight Path","KOR Keyword Fix","Keyboard Shortcuts","Minty Spire (QoL Compilation)","Permanent Neow","Quick Restart","Random Character Button","StSLib","SuperFastMode","everything is the same but u backflip on backflip"],"gold_per_floor":[111,131,50,61,29,29,29,45,90,103,113,113,113,131,131,232,232,246,161,172,172,7,7,7],"floor_reached":23,"playtime":949,"items_purged":[],"score":222,"play_id":"216918e3-8436-4c2d-a25a-ca38d082fbc6","local_time":"20210112215230","is_ascension_mode":true,"campfire_choices":[{"data":"Acrobatics","floor":6.0,"key":"SMITH"},{"data":"Tactician","floor":13.0,"key":"SMITH"},{"data":"Noxious Fumes","floor":15.0,"key":"SMITH"}],"circlet_count":0,"master_deck":["Strike_G+1","Defend_G","Defend_G","Defend_G","Defend_G","Defend_G","Survivor","Neutralize","Impatience","Acrobatics+1","Reflex","Tactician+1","Underhanded Strike+1","Blur","Dagger Throw","Glass Knife","Noxious Fumes+1","Glass Knife","Tactician","Deadly Poison","Metamorphosis"],"relics":["Ring of the Snake","Whetstone","Empty Cage","Mummified Hand"],"acts_visited":["Exordium","TheCity"],"potions_floor_usage":[],"damage_taken":[{"damage":0.0,"enemies":"Cultist","floor":1.0,"turns":5.0},{"damage":9.0,"enemies":"Small Slimes","floor":2.0,"turns":6.0},{"damage":1.0,"enemies":"2 Louse","floor":4.0,"turns":3.0},{"damage":17.0,"enemies":"Exordium Thugs","floor":5.0,"turns":5.0},{"damage":0.0,"enemies":"2 Fungi Beasts","floor":8.0,"turns":4.0},{"damage":4.0,"enemies":"Blue Slaver","floor":10.0,"turns":3.0},{"damage":5.0,"enemies":"Gremlin Gang","floor":11.0,"turns":3.0},{"damage":0.0,"enemies":"Red Slaver","floor":14.0,"turns":1.0},{"damage":15.0,"enemies":"Hexaghost","floor":16.0,"turns":11.0},{"damage":7.0,"enemies":"Shell Parasite","floor":18.0,"turns":6.0},{"damage":24,"enemies":"Spheric Guardian","floor":20,"turns":5},{"damage":39,"enemies":"Book of Stabbing","floor":23,"turns":5}],"seed_played":"8449872328758611010","potions_obtained":[{"floor":2.0,"key":"GamblersBrew"},{"floor":4.0,"key":"EssenceOfSteel"},{"floor":8.0,"key":"SpeedPotion"},{"floor":10.0,"key":"BlessingOfTheForge"},{"floor":11.0,"key":"Energy Potion"},{"floor":18.0,"key":"Explosive Potion"}],"is_trial":false,"path_per_floor":["M","M","$","M","M","R","$","M","T","M","M","?","R","M","R","B",null,"M","?","M","?","$","E"],"character_chosen":"THE_SILENT","items_purchased":["Tactician","Metamorphosis"],"campfire_rested":0,"item_purchase_floors":[3,22],"current_hp_per_floor":[70,61,61,60,43,43,43,43,43,39,34,34,34,34,34,19,70,63,63,39,39,39,0,0],"gold":7,"neow_bonus":"RANDOM_COLORLESS","is_daily":false,"chose_seed":false,"campfire_upgraded":3,"win_rate":0.0,"timestamp":1610455950,"path_taken":["M","M","$","?","M","R","?","?","T","M","M","?","R","M","R","BOSS","M","?","M","?","$","E"],"items_purchased_type":["Card","Card"],"build_version":"2020-12-22","purchased_purges":0,"victory":false,"max_hp_per_floor":[70,70,70,70,70,70,70,70,70,70,70,70,70,70,70,70,70,70,70,70,70,70,70,70],"card_choices":[{"not_picked":["Purity","Mind Blast"],"picked":"Impatience","floor":0.0},{"not_picked":["Underhanded Strike","Backflip"],"picked":"Acrobatics","floor":1.0},{"not_picked":["Poisoned Stab","Escape Plan"],"picked":"Reflex","floor":2.0},{"not_picked":["Skewer","Finisher"],"picked":"Underhanded Strike","floor":4.0},{"not_picked":["Sucker Punch","Bane"],"picked":"Blur","floor":5.0},{"not_picked":["Blade Dance","Sucker Punch"],"picked":"Dagger Throw","floor":8.0},{"not_picked":["Accuracy","Sucker Punch"],"picked":"Glass Knife","floor":10.0},{"not_picked":["Dagger Throw","Blade Dance"],"picked":"Noxious Fumes","floor":11.0},{"not_picked":["Blade Dance","Poisoned Stab","Riddle With Holes"],"picked":"SKIP","floor":14.0},{"not_picked":["Venomology","Unload"],"picked":"Glass Knife","floor":16.0},{"not_picked":["Backstab","All Out Attack"],"picked":"Tactician","floor":18.0},{"not_picked":["Prepared","Outmaneuver"],"picked":"Deadly Poison","floor":20}],"player_experience":31105,"relics_obtained":[{"floor":9.0,"key":"Whetstone"}],"event_choices":[{"cards_removed":["Strike_G"],"damage_healed":0.0,"max_hp_gain":0.0,"max_hp_loss":0.0,"gold_gain":0.0,"event_name":"Living Wall","player_choice":"Forget","floor":12.0,"gold_loss":0.0,"damage_taken":0.0},{"damage_healed":0.0,"max_hp_gain":0.0,"max_hp_loss":0.0,"gold_gain":0.0,"event_name":"Addict","player_choice":"Obtained Relic","floor":19.0,"gold_loss":85.0,"damage_taken":0.0,"relics_obtained":["Mummified Hand"]},{"cards_removed":["Strike_G"],"damage_healed":0,"gold_gain":0,"player_choice":"Elegance","damage_taken":0,"max_hp_gain":0,"max_hp_loss":0,"event_name":"Back to Basics","floor":21,"gold_loss":0}],"is_beta":false,"boss_relics":[{"not_picked":["Ring of the Serpent","Black Star"],"picked":"Empty Cage"}],"items_purged_floors":[],"is_endless":false,"potions_floor_spawned":[2,4,8,10,11,18],"killed_by":"Book of Stabbing","ascension_level":4}}