{"host":"8rqsnaeml9gxb0kp","time":1610438212,"event":{"mods":["AchievementEnabler","BaseMod","Dark Map","Minty Spire (QoL Compilation)","StSLib"],"gold_per_floor":[116,128,128,78,96,129,54,54,81,81,101,121,152,6,6,106,106,116,131,147,147,164,164,176,196,196,111,111,126,143,153,153,254,254,274,574,587,497,510,510,524,524,524,524,550,560,574,574,574],"floor_reached":48,"playtime":3726,"items_purged":["Strike_B","Strike_B"],"score":480,"play_id":"022cd322-aeeb-42c8-a007-2f7185e1adca","local_time":"20210111235652","is_ascension_mode":false,"campfire_choices":[{"floor":8,"key":"REST"},{"data":"Glacier","floor":10,"key":"SMITH"},{"floor":15,"key":"REST"},{"data":"Genetic Algorithm","floor":23,"key":"SMITH"},{"floor":32,"key":"REST"},{"floor":40,"key":"REST"},{"data":"Doom and Gloom","floor":42,"key":"SMITH"},{"floor":44,"key":"REST"}],"circlet_count":0,"master_deck":["Zap","Dualcast","Ball Lightning","Barrage","Reprogram","Sweeping Beam","Glacier+1","Go for the Eyes","Coolheaded","Genetic Algorithm+1","Leap","Buffer","Conserve Battery","Chaos","Auto Shields","BootSequence+1","Force Field+1","Streamline+1","Parasite","Defragment","Buffer","Beam Cell+1","Rebound+1","Beam Cell+1","Fission","Compile Driver+1","Darkness+1","Aggregate+1","Doom and Gloom+1","Shame","Steam+1","Fission+1","Melter+1"],"relics":["Cracked Core","Anchor","Vajra","Boot","Cursed Key","Du-Vu Doll","Gremlin Horn","Empty Cage","Toxic Egg 2","Shovel"],"acts_visited":["Exordium","TheCity","TheBeyond"],"potions_floor_usage":[16,25,31,33,33,33,39,47],"damage_taken":[{"damage":1,"enemies":"Cultist","floor":1,"turns":3},{"damage":5,"enemies":"Small Slimes","floor":2,"turns":3},{"damage":11,"enemies":"Jaw Worm","floor":5,"turns":2},{"damage":21,"enemies":"Lagavulin","floor":6,"turns":6},{"damage":0,"enemies":"Exordium Thugs","floor":11,"turns":4},{"damage":0,"enemies":"Red Slaver","floor":12,"turns":3},{"damage":21,"enemies":"Gremlin Nob","floor":13,"turns":4},{"damage":40,"enemies":"Hexaghost","floor":16,"turns":11},{"damage":0,"enemies":"2 Thieves","floor":18,"turns":5},{"damage":0,"enemies":"Spheric Guardian","floor":19,"turns":5},{"damage":27,"enemies":"Cultist and Chosen","floor":20,"turns":9},{"damage":5,"enemies":"Snake Plant","floor":22,"turns":5},{"damage":0,"enemies":"Shelled Parasite and Fungi","floor":24,"turns":12},{"damage":11,"enemies":"Cultist and Chosen","floor":25,"turns":8},{"damage":6,"enemies":"Snake Plant","floor":29,"turns":5},{"damage":1,"enemies":"Shelled Parasite and Fungi","floor":30,"turns":7},{"damage":10,"enemies":"Snecko","floor":31,"turns":5},{"damage":19,"enemies":"Collector","floor":33,"turns":17},{"damage":21,"enemies":"Orb Walker","floor":35,"turns":5},{"damage":36,"enemies":"3 Shapes","floor":37,"turns":6},{"damage":0,"enemies":"Transient","floor":39,"turns":5},{"damage":16,"enemies":"Sphere and 2 Shapes","floor":41,"turns":6},{"damage":36,"enemies":"Nemesis","floor":45,"turns":7},{"damage":0,"enemies":"4 Shapes","floor":46,"turns":7},{"damage":17,"enemies":"Transient","floor":47,"turns":5},{"damage":6,"enemies":"Giant Head","floor":48,"turns":5}],"seed_played":"4075957433935255972","potions_obtained":[{"floor":2,"key":"Weak Potion"},{"floor":5,"key":"LiquidBronze"},{"floor":11,"key":"PowerPotion"},{"floor":20,"key":"SmokeBomb"},{"floor":24,"key":"Fire Potion"},{"floor":25,"key":"SteroidPotion"},{"floor":31,"key":"AttackPotion"},{"floor":33,"key":"LiquidMemories"},{"floor":39,"key":"Dexterity Potion"}],"is_trial":false,"path_per_floor":["M","M","?","?","M","E","$","R","T","R","M","M","E","$","R","B",null,"M","M","M","?","M","R","M","M","T","?","?","M","M","M","R","B",null,"M","?","M","?","M","R","M","R","T","R","E","M","M","E"],"character_chosen":"DEFECT","items_purchased":["Leap"],"campfire_rested":5,"item_purchase_floors":[14],"current_hp_per_floor":[81,76,76,76,65,44,44,68,68,68,68,68,47,47,71,31,82,82,82,55,55,50,50,50,39,39,39,39,33,32,22,46,27,82,61,61,25,25,25,49,33,33,33,57,21,21,4,0,0],"gold":574,"neow_bonus":"TEN_PERCENT_HP_BONUS","is_daily":false,"chose_seed":false,"campfire_upgraded":3,"win_rate":0.0,"timestamp":1610438212,"path_taken":["M","M","?","?","M","E","?","R","T","R","M","M","E","$","R","BOSS","M","M","M","?","M","R","M","?","T","?","?","M","M","M","R","BOSS","M","?","?","?","?","R","M","R","T","R","E","?","M","E"],"items_purchased_type":["Card"],"build_version":"2020-12-22","purchased_purges":2,"victory":false,"max_hp_per_floor":[82,82,82,82,82,82,82,82,82,82,82,82,82,82,82,82,82,82,82,82,82,82,82,82,82,82,82,82,82,82,82,82,82,82,82,82,82,82,82,82,82,82,82,82,82,82,82,82,82],"card_choices":[{"not_picked":["Compile Driver","Blizzard"],"picked":"Ball Lightning","floor":1},{"not_picked":["Stack","Storm"],"picked":"Barrage","floor":2},{"not_picked":["Barrage","Heatsinks"],"picked":"Sweeping Beam","floor":5},{"not_picked":["Fission","Steam"],"picked":"Glacier","floor":6},{"not_picked":["Double Energy","Redo"],"picked":"Go for the Eyes","floor":11},{"not_picked":["Hologram","Ball Lightning"],"picked":"Coolheaded","floor":12},{"not_picked":["Coolheaded","Stack"],"picked":"Genetic Algorithm","floor":13},{"not_picked":["Seek","All For One"],"picked":"Buffer","floor":16},{"not_picked":["Skim","Redo+1"],"picked":"Conserve Battery","floor":18},{"not_picked":["Steam Power","Beam Cell"],"picked":"Chaos","floor":19},{"not_picked":["Go for the Eyes+1","Leap"],"picked":"Auto Shields","floor":20},{"not_picked":["Compile Driver+1","Conserve Battery+1"],"picked":"BootSequence+1","floor":22},{"not_picked":["Genetic Algorithm","White Noise"],"picked":"Force Field+1","floor":24},{"not_picked":["Capacitor","Force Field"],"picked":"Streamline","floor":25},{"not_picked":["Gash","Barrage"],"picked":"Beam Cell+1","floor":29},{"not_picked":["Steam","BootSequence"],"picked":"Rebound+1","floor":30},{"not_picked":["Rebound","Aggregate"],"picked":"Beam Cell+1","floor":31},{"not_picked":["Thunder Strike","Buffer"],"picked":"Fission","floor":33},{"not_picked":["White Noise+1","Chaos"],"picked":"Compile Driver+1","floor":35},{"not_picked":["Redo+1","Self Repair"],"picked":"Darkness+1","floor":37},{"not_picked":["Defragment","Rebound+1"],"picked":"Aggregate+1","floor":39},{"not_picked":["Beam Cell+1","Steam+1"],"picked":"Doom and Gloom","floor":41},{"not_picked":["Undo+1","Storm"],"picked":"Steam+1","floor":45},{"not_picked":["Undo+1","Barrage"],"picked":"Fission+1","floor":46},{"not_picked":["Ball Lightning","Capacitor"],"picked":"Melter+1","floor":47}],"player_experience":55164,"relics_obtained":[{"floor":6,"key":"Anchor"},{"floor":9,"key":"Vajra"},{"floor":13,"key":"Boot"},{"floor":26,"key":"Du-Vu Doll"},{"floor":43,"key":"Toxic Egg 2"},{"floor":45,"key":"Shovel"}],"event_choices":[{"damage_healed":0,"gold_gain":0,"cards_transformed":["Strike_B"],"player_choice":"Change","damage_taken":0,"max_hp_gain":0,"max_hp_loss":0,"event_name":"Living Wall","floor":3,"gold_loss":0,"cards_obtained":["Reprogram"]},{"cards_removed":["Defend_B"],"damage_healed":0,"gold_gain":0,"player_choice":"Card Removal","damage_taken":0,"max_hp_gain":0,"max_hp_loss":0,"event_name":"The Cleric","floor":4,"gold_loss":50},{"cards_removed":["Strike_B"],"damage_healed":0,"gold_gain":0,"player_choice":"Purged","damage_taken":0,"max_hp_gain":0,"max_hp_loss":0,"event_name":"Purifier","floor":21,"gold_loss":0},{"damage_healed":0,"gold_gain":0,"player_choice":"Obtained Relic","damage_taken":0,"relics_obtained":["Gremlin Horn"],"max_hp_gain":0,"max_hp_loss":0,"event_name":"Addict","floor":27,"gold_loss":85},{"damage_healed":0,"gold_gain":0,"player_choice":"2 cards matched","damage_taken":0,"max_hp_gain":0,"max_hp_loss":0,"event_name":"Match and Keep!","floor":28,"gold_loss":0,"cards_obtained":["Defragment","Buffer"]},{"damage_healed":0,"gold_gain":300,"player_choice":"Gold","damage_taken":0,"max_hp_gain":0,"max_hp_loss":0,"event_name":"Wheel of Change","floor":36,"gold_loss":0},{"cards_removed":["Defend_B"],"damage_healed":0,"gold_gain":0,"player_choice":"Upgrade and Remove","damage_taken":0,"max_hp_gain":0,"max_hp_loss":0,"event_name":"Designer","floor":38,"gold_loss":90,"cards_upgraded":["Streamline"]}],"is_beta":false,"boss_relics":[{"not_picked":["Philosopher\u0027s Stone","Coffee Dripper"],"picked":"Cursed Key"},{"not_picked":["Snecko Eye","FrozenCore"],"picked":"Empty Cage"}],"items_purged_floors":[7,14],"is_endless":false,"potions_floor_spawned":[2,5,11,13,20,24,25,31,33,39],"killed_by":"Giant Head","ascension_level":0}}