{"host":"3l94tha3a4jgu0q4","time":1610433682,"event":{"mods":["2.2 Compatiblity","AchievementEnabler","BaseMod","Colored Map","Colored Powertips","Highlight Path","Minty Spire (QoL Compilation)","Permanent Neow","StSLib","SuperFastMode","The IronCluck","slay the spire mod where everything is the same but ironclad has a cowboy hat"],"gold_per_floor":[119,132,132,132,155,191,191,215,215,230,230,102,102,125,125,125,125],"floor_reached":16,"playtime":307,"items_purged":["Strike_R"],"score":102,"play_id":"bc45d1db-dde2-43d6-8bdd-3e7ebb538b09","local_time":"20210111224122","is_ascension_mode":false,"campfire_choices":[{"data":"True Grit","floor":7,"key":"SMITH"},{"data":"Armaments","floor":15,"key":"SMITH"}],"circlet_count":0,"master_deck":["Strike_R","Strike_R+1","Strike_R","Strike_R","Defend_R","Defend_R","Defend_R","Defend_R","Bash","CurseOfTheBell","Reckless Charge","Entrench","True Grit+1","Headbutt","Rage+1","Uppercut","Armaments+1","Juggernaut","Shockwave"],"relics":["Calling Bell","Red Skull","Eternal Feather","Mango","Pen Nib","Golden Idol","Blue Candle","Toy Ornithopter"],"acts_visited":["Exordium"],"potions_floor_usage":[6,8,14,14],"damage_taken":[{"damage":10,"enemies":"Small Slimes","floor":1,"turns":5},{"damage":0,"enemies":"Cultist","floor":2,"turns":4},{"damage":3,"enemies":"Jaw Worm","floor":5,"turns":3},{"damage":53,"enemies":"Gremlin Nob","floor":6,"turns":6},{"damage":2,"enemies":"3 Louse","floor":8,"turns":2},{"damage":7,"enemies":"Blue Slaver","floor":10,"turns":3},{"damage":0,"enemies":"Exordium Wildlife","floor":14,"turns":3},{"damage":28,"enemies":"The Guardian","floor":16,"turns":5}],"seed_played":"4174525788956651023","potions_obtained":[{"floor":1,"key":"HeartOfIron"},{"floor":5,"key":"DistilledChaos"},{"floor":6,"key":"Energy Potion"},{"floor":8,"key":"BlessingOfTheForge"}],"is_trial":false,"path_per_floor":["M","M","?","?","M","E","R","M","T","M","?","$","?","M","R","B"],"character_chosen":"IRONCLAD","items_purchased":["Armaments"],"campfire_rested":0,"item_purchase_floors":[12],"current_hp_per_floor":[84,84,77,77,74,21,30,28,28,21,4,4,4,14,23,0,0],"gold":125,"neow_bonus":"BOSS_RELIC","is_daily":false,"chose_seed":false,"campfire_upgraded":2,"win_rate":0.0,"timestamp":1610433682,"path_taken":["M","M","?","?","M","E","R","M","T","M","?","$","?","M","R","BOSS"],"items_purchased_type":["Card"],"build_version":"2020-12-22","purchased_purges":1,"victory":false,"max_hp_per_floor":[94,94,94,87,87,87,87,87,87,87,87,87,87,87,87,87,87],"card_choices":[{"not_picked":["Inflame","Thunderclap"],"picked":"Reckless Charge","floor":1},{"not_picked":["Rupture","Dropkick"],"picked":"Entrench","floor":2},{"not_picked":["Flame Barrier","Perfected Strike"],"picked":"True Grit","floor":5},{"not_picked":["Hemokinesis","Rampage"],"picked":"Headbutt","floor":6},{"not_picked":["Pummel","Pommel Strike"],"picked":"Rage","floor":8},{"not_picked":["Anger","Brutality"],"picked":"Uppercut","floor":10},{"not_picked":["Second Wind","Evolve"],"picked":"Shockwave","floor":14}],"player_experience":1925439,"relics_obtained":[{"floor":0,"key":"Red Skull"},{"floor":0,"key":"Eternal Feather"},{"floor":0,"key":"Mango"},{"floor":6,"key":"Blue Candle"},{"floor":9,"key":"Toy Ornithopter"}],"event_choices":[{"damage_healed":0,"gold_gain":0,"player_choice":"Success","damage_taken":7,"relics_obtained":["Pen Nib"],"max_hp_gain":0,"max_hp_loss":0,"event_name":"Scrap Ooze","floor":3,"gold_loss":0},{"damage_healed":0,"gold_gain":0,"player_choice":"Lose Max HP","damage_taken":0,"relics_obtained":["Golden Idol"],"max_hp_gain":0,"max_hp_loss":7,"event_name":"Golden Idol","floor":4,"gold_loss":0},{"damage_healed":0,"gold_gain":0,"player_choice":"Entered Light","damage_taken":17,"max_hp_gain":0,"max_hp_loss":0,"event_name":"Shining Light","floor":11,"gold_loss":0,"cards_upgraded":["Strike_R","Rage"]},{"damage_healed":0,"gold_gain":0,"player_choice":"1 cards matched","damage_taken":0,"max_hp_gain":0,"max_hp_loss":0,"event_name":"Match and Keep!","floor":13,"gold_loss":0,"cards_obtained":["Juggernaut"]}],"is_beta":false,"boss_relics":[],"items_purged_floors":[12],"is_endless":false,"potions_floor_spawned":[1,5,6,8],"killed_by":"The Guardian","ascension_level":0}}