{"host":"gf95gjygaqy6b70i","time":1610436972,"event":{"mods":["BaseMod","Colored Map","Colored Powertips","Minty Spire (QoL Compilation)"],"gold_per_floor":[118,137,6,23,23,56,56,86,386,24,24,81,81,92,92,189,189,189,209,209,12,12,12,25,49,73,83,95,95,111,17,17,116,116,129,147,147,53,53,84,84,101,101,101,101,101],"floor_reached":45,"playtime":1882,"items_purged":[],"score":501,"play_id":"d9ee3726-a298-45dc-a486-f15a5cd93675","local_time":"20210112083612","is_ascension_mode":false,"campfire_choices":[{"data":"Carnage","floor":7.0,"key":"SMITH"},{"floor":11.0,"key":"REST"},{"floor":15.0,"key":"REST"},{"floor":23.0,"key":"RECALL"},{"floor":29.0,"key":"REST"},{"data":"Fire Breathing","floor":32.0,"key":"SMITH"},{"floor":41.0,"key":"REST"}],"circlet_count":0,"master_deck":["Strike_R+1","Strike_R+1","Strike_R+1","Strike_R+1","Strike_R+1","Defend_R+1","Defend_R+1","Defend_R+1","Defend_R+1","Bash+1","Carnage+1","Fire Breathing+1","Shrug It Off+1","Spot Weakness","Cleave","Pummel","Dark Embrace+1","Flex","Reaper","Metallicize","Ghostly Armor+1","Metamorphosis","Battle Trance","Anger","Iron Wave","Shockwave","Metallicize","Iron Wave","Limit Break","Juggernaut+1","Burning Pact+1","Warcry+1","Metallicize+1","Flex+1","Metallicize","Cleave","Reckless Charge","Ghostly Armor"],"relics":["Burning Blood","Champion Belt","StoneCalendar","Old Coin","Self Forming Clay","Ancient Tea Set","Philosopher\u0027s Stone","War Paint","Astrolabe","Happy Flower","Mercury Hourglass"],"acts_visited":["Exordium","TheCity","TheBeyond"],"potions_floor_usage":[45,45],"damage_taken":[{"damage":5.0,"enemies":"2 Louse","floor":1.0,"turns":2.0},{"damage":5.0,"enemies":"Small Slimes","floor":2.0,"turns":3.0},{"damage":0.0,"enemies":"Cultist","floor":4.0,"turns":2.0},{"damage":13.0,"enemies":"3 Sentries","floor":6.0,"turns":5.0},{"damage":26.0,"enemies":"Lagavulin","floor":8.0,"turns":5.0},{"damage":28.0,"enemies":"3 Sentries","floor":12.0,"turns":5.0},{"damage":8.0,"enemies":"3 Louse","floor":14.0,"turns":3.0},{"damage":41.0,"enemies":"The Guardian","floor":16.0,"turns":7.0},{"damage":0.0,"enemies":"3 Byrds","floor":18.0,"turns":1.0},{"damage":22.0,"enemies":"Spheric Guardian","floor":19.0,"turns":4.0},{"damage":20.0,"enemies":"Snake Plant","floor":24.0,"turns":4.0},{"damage":17.0,"enemies":"3 Cultists","floor":27.0,"turns":5.0},{"damage":31.0,"enemies":"Centurion and Healer","floor":28.0,"turns":7.0},{"damage":6.0,"enemies":"Chosen and Byrds","floor":30.0,"turns":4.0},{"damage":65.0,"enemies":"Champ","floor":33.0,"turns":11.0},{"damage":34.0,"enemies":"3 Darklings","floor":35.0,"turns":5.0},{"damage":16.0,"enemies":"3 Shapes","floor":36.0,"turns":5.0},{"damage":44.0,"enemies":"Reptomancer","floor":40.0,"turns":9.0},{"damage":58,"enemies":"Writhing Mass","floor":42,"turns":6},{"damage":85,"enemies":"Giant Head","floor":45,"turns":10}],"seed_played":"-4538905584470424424","potions_obtained":[{"floor":4.0,"key":"Energy Potion"},{"floor":8.0,"key":"SteroidPotion"},{"floor":12.0,"key":"GamblersBrew"},{"floor":14.0,"key":"SmokeBomb"},{"floor":16.0,"key":"GamblersBrew"},{"floor":19.0,"key":"Energy Potion"},{"floor":27.0,"key":"BloodPotion"},{"floor":28.0,"key":"Energy Potion"},{"floor":44,"key":"BloodPotion"},{"floor":44,"key":"FairyPotion"},{"floor":44,"key":"AttackPotion"}],"is_trial":false,"path_per_floor":["M","M","$","M","?","E","R","E","T","$","R","?","?","M","R","B",null,"M","M","?","$","?","R","M","T","T","M","M","R","M","$","R","B",null,"M","M","?","$","?","E","R","M","T","?","E"],"character_chosen":"IRONCLAD","items_purchased":["Fire Breathing","Shrug It Off","Self Forming Clay","Pummel","Dark Embrace","Ghostly Armor","Metamorphosis","Metallicize","Iron Wave","Metallicize","Cleave"],"campfire_rested":4,"item_purchase_floors":[3,3,10,10,10,21,21,31,31,38,38],"current_hp_per_floor":[80,80,80,80,80,73,73,53,53,53,77,55,55,53,77,42,80,80,71,71,71,71,71,60,60,60,57,56,80,80,80,80,25,80,52,42,42,42,42,32,56,9,9,9,0,0],"gold":101,"neow_bonus":"UPGRADE_CARD","is_daily":false,"chose_seed":false,"campfire_upgraded":2,"win_rate":0.0,"timestamp":1610436972,"path_taken":["M","M","$","M","?","E","R","E","T","$","R","?","?","M","R","BOSS","M","?","?","$","?","R","M","?","T","M","M","R","?","$","R","BOSS","M","?","?","?","?","E","R","?","T","?","E"],"items_purchased_type":["Card","Card","Relic","Card","Card","Card","Card","Card","Card","Card","Card"],"build_version":"2020-12-22","purchased_purges":0,"victory":false,"max_hp_per_floor":[80,80,80,80,80,80,80,80,80,80,80,80,80,80,80,80,80,80,80,80,80,80,80,80,80,80,80,80,80,80,80,80,80,80,80,80,80,80,80,80,80,80,80,80,80,80],"card_choices":[{"not_picked":["Heavy Blade","Clothesline"],"picked":"Intimidate","floor":1.0},{"not_picked":["Combust","Reckless Charge"],"picked":"Carnage","floor":2.0},{"not_picked":["Anger","Thunderclap"],"picked":"Spot Weakness","floor":4.0},{"not_picked":["Combust","Clothesline"],"picked":"Cleave","floor":6.0},{"not_picked":["Clothesline","Heavy Blade"],"picked":"Sword Boomerang","floor":8.0},{"not_picked":["Twin Strike","Second Wind"],"picked":"Dark Embrace","floor":12.0},{"not_picked":["Cleave","Second Wind"],"picked":"Flex","floor":14.0},{"not_picked":["Immolate","Limit Break"],"picked":"Reaper","floor":16.0},{"not_picked":["Cleave","Heavy Blade+1"],"picked":"Metallicize","floor":19.0},{"not_picked":["Reckless Charge","Shrug It Off"],"picked":"Battle Trance","floor":24.0},{"not_picked":["Dark Embrace","Heavy Blade"],"picked":"Anger","floor":27.0},{"not_picked":["Burning Pact","Fire Breathing"],"picked":"Iron Wave","floor":28.0},{"not_picked":["Rage","True Grit+1"],"picked":"Shockwave","floor":30.0},{"not_picked":["Bludgeon","Impervious"],"picked":"Limit Break","floor":33.0},{"not_picked":["Heavy Blade","True Grit+1"],"picked":"Metallicize+1","floor":35.0},{"not_picked":["Headbutt","Body Slam+1"],"picked":"Flex+1","floor":36.0},{"not_picked":["Anger+1","Flex+1"],"picked":"Reckless Charge","floor":40.0},{"not_picked":["Rage","Power Through"],"picked":"Ghostly Armor","floor":42}],"player_experience":39421,"relics_obtained":[{"floor":6.0,"key":"Champion Belt"},{"floor":8.0,"key":"StoneCalendar"},{"floor":9.0,"key":"Old Coin"},{"floor":12.0,"key":"Ancient Tea Set"},{"floor":26.0,"key":"War Paint"},{"floor":40.0,"key":"Happy Flower"},{"floor":43,"key":"Mercury Hourglass"}],"event_choices":[{"damage_healed":0.0,"max_hp_gain":0.0,"max_hp_loss":0.0,"gold_gain":0.0,"event_name":"Liars Game","player_choice":"Ignored","floor":5.0,"gold_loss":0.0,"damage_taken":0.0},{"damage_healed":0.0,"max_hp_gain":0.0,"max_hp_loss":0.0,"gold_gain":0.0,"event_name":"Dead Adventurer","player_choice":"Searched \u00272\u0027 times","floor":12.0,"gold_loss":0.0,"damage_taken":0.0},{"damage_healed":0.0,"max_hp_gain":0.0,"max_hp_loss":0.0,"gold_gain":0.0,"event_name":"Accursed Blacksmith","player_choice":"Forge","floor":13.0,"gold_loss":0.0,"damage_taken":0.0,"cards_upgraded":["Dark Embrace"]},{"damage_healed":0.0,"max_hp_gain":0.0,"max_hp_loss":0.0,"gold_gain":0.0,"event_name":"Vampires","player_choice":"Ignored","floor":20.0,"gold_loss":0.0,"damage_taken":0.0},{"damage_healed":0.0,"max_hp_gain":0.0,"max_hp_loss":0.0,"gold_gain":0.0,"event_name":"Back to Basics","player_choice":"Simplicity","floor":22.0,"gold_loss":0.0,"damage_taken":0.0,"cards_upgraded":["Strike_R","Strike_R","Strike_R","Strike_R","Strike_R","Defend_R","Defend_R","Defend_R","Defend_R"]},{"damage_healed":0.0,"max_hp_gain":0.0,"max_hp_loss":0.0,"gold_gain":0.0,"event_name":"Tomb of Lord Red Mask","player_choice":"Ignored","floor":37.0,"gold_loss":0.0,"damage_taken":0.0},{"damage_healed":0.0,"max_hp_gain":0.0,"max_hp_loss":0.0,"gold_gain":0.0,"event_name":"Transmorgrifier","player_choice":"Ignored","floor":39.0,"gold_loss":0.0,"damage_taken":0.0},{"damage_healed":0,"gold_gain":0,"player_choice":"Got Potions","damage_taken":0,"max_hp_gain":0,"max_hp_loss":0,"event_name":"Lab","floor":44,"gold_loss":0}],"is_beta":false,"boss_relics":[{"not_picked":["Black Star","Mark of Pain"],"picked":"Philosopher\u0027s Stone"},{"not_picked":["Runic Cube","Black Blood"],"picked":"Astrolabe"}],"items_purged_floors":[],"is_endless":false,"potions_floor_spawned":[4,8,12,14,16,19,27,28],"killed_by":"Giant Head","ascension_level":0}}