{"host":"k2mw1od0xoi9pcfj","time":1610415615,"event":{"mods":["100% Spire Juice","AchievementEnabler","Act Like it!","Aspiration","BaseMod","Better Altar","Better Match","Better Note","Better Sensory Stone","Better Skull","Better Third Choice","Conspire","Defuse TimeMaze Blight","Downfall","Energized Spire","Friendly Minions","Gensokyo","Halation","Hallownest","Highlight Path","Infinite Spire","Minty Spire (QoL Compilation)","Permanent Neow","Prisma Mod","Quick Restart","Random Character Button","Relic Sorter","Relic Stats","Replay The Spire","Spicy Shops","StSLib","Synergy Search","The Hierophant","Treasure Hunter","everything is the same but u backflip on backflip","slay the spire mod where everything is the same but ironclad has a cowboy hat"],"gold_per_floor":[119,137,153,166,266,266,278,278,303,315,333,363,363,379,379,480,480,490,490,490,315,326,358,358,373,373,373,373],"floor_reached":27,"playtime":3314,"items_purged":[],"score":262,"play_id":"c0157db7-76cf-4575-bffa-e4685beac29d","local_time":"20210111194015","is_ascension_mode":false,"campfire_choices":[{"data":"PrismaMod:IllyaUberChannel","floor":6,"key":"SMITH"},{"data":"PrismaMod:IllyaPoisonTippedWeapons","floor":8,"key":"SMITH"},{"data":"PrismaMod:IllyaPoisonBomb","floor":13,"key":"SMITH"},{"floor":15,"key":"DIG"}],"circlet_count":0,"master_deck":["PrismaMod:IllyaCommonAttack","PrismaMod:IllyaCommonDefend","PrismaMod:IllyaCommonAttack","PrismaMod:IllyaCommonDefend","PrismaMod:IllyaCommonAttack","PrismaMod:IllyaCommonDefend","PrismaMod:IllyaCommonAttack","PrismaMod:IllyaCommonDefend","PrismaMod:IllyaUncommonDefend","PrismaMod:IllyaUncommonDefend","PrismaMod:IllyaPoisonBomb+1","PrismaMod:IllyaPoisonTippedWeapons+1","PrismaMod:IllyaInstallSaber","TH:BikiniMail","PrismaMod:IllyaRapidFire","PrismaMod:IllyaUncommonDefend","TH:DeckOfManyThings","TH:ArmorSpikes","PrismaMod:IllyaUberPoisonChannel","PrismaMod:IllyaPoisonBomb+1","PrismaMod:IllyaBlindPoisonToss","TH:DeckOfManyThings","PrismaMod:IllyaInstallBerserker","PrismaMod:IllyaAlice","TH:CopperCoins"],"relics":["Empty Cage","Nunchaku","infinitespire:CheckeredPen","Coffee Dripper","TH:HealthInsurance","ReplayFunnel","conspire:DecoderRing"],"acts_visited":["Exordium","TheCity"],"potions_floor_usage":[4,16,21,23,25],"damage_taken":[{"damage":0,"enemies":"Cultist","floor":1,"turns":6},{"damage":0,"enemies":"Small Slimes","floor":2,"turns":6},{"damage":0,"enemies":"2 Louse","floor":3,"turns":7},{"damage":0,"enemies":"Looter","floor":4,"turns":4},{"damage":0,"enemies":"Large Slime","floor":7,"turns":6},{"damage":0,"enemies":"Exordium Wildlife","floor":10,"turns":5},{"damage":9,"enemies":"Lots of Slimes","floor":11,"turns":2},{"damage":0,"enemies":"Lagavulin","floor":12,"turns":8},{"damage":13,"enemies":"3 Louse","floor":14,"turns":2},{"damage":26,"enemies":"Hexaghost","floor":16,"turns":8},{"damage":7,"enemies":"3 Byrds","floor":18,"turns":4},{"damage":7,"enemies":"Shell Parasite","floor":22,"turns":7},{"damage":8,"enemies":"conspire:SneckoGhost","floor":23,"turns":8},{"damage":1,"enemies":"conspire:HollyBat","floor":25,"turns":8},{"damage":0,"enemies":"Snecko","floor":27,"turns":3}],"seed_played":"-6424545942352885765","potions_obtained":[{"floor":1,"key":"Fire Potion"},{"floor":3,"key":"EntropicBrew"},{"floor":11,"key":"LifebloodPotion"},{"floor":14,"key":"hexamod:EctoCoolerPotion"},{"floor":22,"key":"FairyPotion"},{"floor":23,"key":"Adrenaline Potion"},{"floor":25,"key":"Fruit Juice"}],"is_trial":false,"path_per_floor":["M","M","M","M","?","R","M","R","T","M","M","E","R","M","R","B",null,"M","?","?","$","M","E","?","M","T","M"],"character_chosen":"ILLYA","items_purchased":["TH:HealthInsurance","Fruit Juice"],"campfire_rested":0,"item_purchase_floors":[21,21],"current_hp_per_floor":[75,75,75,75,75,75,75,75,75,75,69,72,72,59,59,36,75,68,68,75,80,73,68,68,75,75,80,80],"gold":373,"neow_bonus":"BOSS_RELIC","is_daily":false,"chose_seed":false,"campfire_upgraded":3,"win_rate":0.0,"timestamp":1610415615,"path_taken":["M","M","M","M","?","R","?","R","T","M","M","E","R","M","R","BOSS","M","?","?","$","M","E","?","M","T","M"],"items_purchased_type":["Relic","Potion"],"build_version":"2020-12-22","purchased_purges":0,"victory":false,"max_hp_per_floor":[75,75,75,75,75,75,75,75,75,75,75,75,75,75,75,75,75,75,75,75,80,80,80,80,85,85,85,85],"relic_stats":{"Nunchaku":[2],"counters":[15,84],"obtain_stats":[{"ReplayFunnel":23,"PrismaMod:PrismaRuby":0,"Nunchaku":12,"conspire:DecoderRing":26,"Coffee Dripper":17,"TH:HealthInsurance":21,"infinitespire:CheckeredPen":15,"Empty Cage":0},{"ReplayFunnel":13,"PrismaMod:PrismaRuby":0,"Nunchaku":8,"conspire:DecoderRing":14,"Coffee Dripper":10,"TH:HealthInsurance":11,"infinitespire:CheckeredPen":9,"Empty Cage":0},{"ReplayFunnel":73,"PrismaMod:PrismaRuby":0,"Nunchaku":44,"conspire:DecoderRing":81,"Coffee Dripper":54,"TH:HealthInsurance":58,"infinitespire:CheckeredPen":46,"Empty Cage":0}]},"card_choices":[{"not_picked":["PrismaMod:IllyaUberPoisonBlock","PrismaMod:IllyaRubysPotion"],"picked":"PrismaMod:IllyaUncommonDefend","floor":1},{"not_picked":["PrismaMod:IllyaDualEvoke","PrismaMod:IllyaPoisonBlock"],"picked":"PrismaMod:IllyaPoisonBomb","floor":2},{"not_picked":["PrismaMod:IllyaAOECommonAttack","PrismaMod:IllyaCheapAttack"],"picked":"PrismaMod:IllyaPoisonTippedWeapons","floor":3},{"not_picked":["PrismaMod:IllyaReinForce","PrismaMod:IllyaGun"],"picked":"PrismaMod:IllyaUberChannel","floor":4},{"not_picked":["PrismaMod:IllyaSaphire","PrismaMod:IllyaFriendMaker"],"picked":"PrismaMod:IllyaInstallSaber","floor":7},{"not_picked":["TH:ArmorSpikes"],"picked":"TH:BikiniMail","floor":9},{"not_picked":["PrismaMod:IllyaCheapChannelAttack","PrismaMod:IllyaDetonatingBlow"],"picked":"PrismaMod:IllyaRapidFire","floor":10},{"not_picked":["PrismaMod:IllyaGun","PrismaMod:IllyaTestament"],"picked":"PrismaMod:IllyaUncommonDefend","floor":11},{"not_picked":["TH:ArmorSpikes"],"picked":"TH:DeckOfManyThings","floor":12},{"not_picked":["PrismaMod:IllyaUpgradeOrbs","PrismaMod:IllyaAOECommonAttack","PrismaMod:IllyaCommonEvoke"],"picked":"SKIP","floor":12},{"not_picked":["PrismaMod:IllyaRapidFire","PrismaMod:IllyaCheapChannelAttack","PrismaMod:IllyaPartialInstallAssassin"],"picked":"SKIP","floor":14},{"not_picked":["TH:PixieDust"],"picked":"TH:ArmorSpikes","floor":16},{"not_picked":["PrismaMod:IllyaUberDefendChannel","PrismaMod:IllyaInstallForeigner"],"picked":"PrismaMod:IllyaUberPoisonChannel","floor":16},{"not_picked":["PrismaMod:IllyaPartialInstallAssassin","PrismaMod:IllyaTestament"],"picked":"PrismaMod:IllyaPoisonBomb+1","floor":18},{"not_picked":["PrismaMod:IllyaPoisoningPhantasm","PrismaMod:IllyaGrail"],"picked":"PrismaMod:IllyaBlindPoisonToss","floor":22},{"not_picked":["TH:CursedSword"],"picked":"TH:DeckOfManyThings","floor":23},{"not_picked":["PrismaMod:IllyaCheapChannelPoison+1","PrismaMod:IllyaEvokeAll","PrismaMod:IllyaMinorZwei"],"picked":"SKIP","floor":23},{"not_picked":["PrismaMod:IllyaGun","PrismaMod:IllyaCheapChannelAttack+1"],"picked":"PrismaMod:IllyaAlice","floor":25},{"not_picked":["TH:EnergyPotion"],"picked":"TH:CopperCoins","floor":26}],"player_experience":876126,"relics_obtained":[{"floor":12,"key":"Nunchaku"},{"floor":15,"key":"infinitespire:CheckeredPen"},{"floor":23,"key":"ReplayFunnel"},{"floor":26,"key":"conspire:DecoderRing"}],"event_choices":[{"damage_healed":0,"gold_gain":100,"player_choice":"Pray","damage_taken":0,"max_hp_gain":0,"max_hp_loss":0,"event_name":"Golden Shrine","floor":5,"gold_loss":0},{"damage_healed":0,"gold_gain":0,"player_choice":"Bought 0 Potions","damage_taken":0,"max_hp_gain":0,"max_hp_loss":0,"event_name":"The Woman in Blue","floor":19,"gold_loss":0},{"cards_removed":["PrismaMod:IllyaUberChannel"],"damage_healed":7,"gold_gain":0,"player_choice":"Offered Uncommon","damage_taken":0,"max_hp_gain":0,"max_hp_loss":0,"event_name":"Bonfire Elementals","floor":20,"gold_loss":0},{"damage_healed":0,"gold_gain":0,"cards_transformed":["PrismaMod:IllyaUncommonAttack"],"player_choice":"Transformed","damage_taken":0,"max_hp_gain":0,"max_hp_loss":0,"event_name":"Transmorgrifier","floor":24,"gold_loss":0,"cards_obtained":["PrismaMod:IllyaInstallBerserker"]}],"is_beta":false,"boss_relics":[{"not_picked":["halation:Yufonium","Replay:Drink Me"],"picked":"Coffee Dripper"}],"items_purged_floors":[],"is_endless":false,"potions_floor_spawned":[1,3,11,14,22,23,25],"killed_by":"Snecko","ascension_level":0}}