{"host":"suaetoo57rt99mh0","time":1610425407,"event":{"mods":["Aspiration","BaseMod","Conspire","Downfall","Energized Spire","Infinite Spire","Jedi Mod","Minty Spire (QoL Compilation)","Potionbrewer","Quarter Circle Forward PUNCH!","Replay The Spire","ShortenTheSpire","StSLib"],"gold_per_floor":[108,108,56,114,39,39,39,50,120,120,132,139,139,140,140,181,181,198,198,198,198,217,217,258,248,248,248,248,248],"floor_reached":28,"playtime":3265,"items_purged":[],"score":239,"play_id":"7c024dad-3c9e-4f76-adf8-813c0d274b0a","local_time":"20210111222327","daily_mods":["SealedDeck","Allstar","Colorless Cards","Flight"],"is_ascension_mode":false,"campfire_choices":[{"floor":6,"key":"REST"},{"data":"Demon Form","floor":10,"key":"SMITH"},{"floor":15,"key":"REST"},{"floor":23,"key":"REST"},{"floor":27,"key":"REST"}],"circlet_count":0,"master_deck":["Demon Form+1","Wraith Form v2","Echo Form+1","DevaForm+1","Guardian:ConstructionForm","Slimebound:DuplicatedForm+1","potionbrewer:AlchemistForm+1","sneckomod:SerpentMind","potionbrewer:Biohazard","jedi:forcepull","potionbrewer:FortifiedSerum","potionbrewer:Shovel","potionbrewer:CausticBarrier","potionbrewer:Shovel","potionbrewer:OneTwoPunch","potionbrewer:UnstableFormula","potionbrewer:QuickStep","potionbrewer:TimeBomb","Bandage Up","potionbrewer:UnstableFormula+1","potionbrewer:TestFormula","potionbrewer:ChoosePotion","Panacea","Mind Blast","potionbrewer:UnstableFormula","potionbrewer:OneTwoPunch","Pain","potionbrewer:Prototype","ReplayUltimateDefense","potionbrewer:Contingency+1","Shame","Bandage Up+1","potionbrewer:Prototype","Bandage Up+1","potionbrewer:Shovel"],"relics":["potionbrewer:PotionKit","qcfpunch:Duffel_Bag","qcfpunch:Fighting_Gloves","qcfpunch:Red_Headband","jedi:maincommand","replay:Trail_Library","White Beast Statue","Potion Belt","qcfpunch:Handcuffs","potionbrewer:BunsenBurner","WarpedTongs","HolyWater","aspiration:SeaSaltIceCream","aspiration:Nostalgia","infinitespire:DarkRift","Vajra","champ:FightingForDummies"],"acts_visited":["Exordium","TheCity"],"potions_floor_usage":[1,8,8,8,11,12,12,12,14,16,16,16,16,16,16,16,16,16,16,16,18,18,18,22,22,24,24,24,24,25,25,28,28],"damage_taken":[{"damage":23,"enemies":"Small Slimes","floor":1,"turns":7},{"damage":26,"enemies":"Jaw Worm","floor":8,"turns":7},{"damage":7,"enemies":"2 Louse","floor":11,"turns":2},{"damage":48,"enemies":"Lagavulin","floor":12,"turns":6},{"damage":21,"enemies":"Red Slaver","floor":14,"turns":4},{"damage":31,"enemies":"The Guardian","floor":16,"turns":9},{"damage":5,"enemies":"Shell Parasite","floor":18,"turns":7},{"damage":39,"enemies":"3 Byrds","floor":22,"turns":7},{"damage":48,"enemies":"conspire:MimicChest","floor":24,"turns":9},{"damage":12,"enemies":"Sentry and Sphere","floor":25,"turns":6},{"damage":0,"enemies":"3 Cultists","floor":28,"turns":1}],"seed_played":"39651861413991245","potions_obtained":[{"floor":1,"key":"potionbrewer:DiscountPotion"},{"floor":11,"key":"PowerPotion"},{"floor":12,"key":"jedi:wingpotion"},{"floor":14,"key":"BlessingOfTheForge"},{"floor":16,"key":"jedi:holywater"},{"floor":18,"key":"potionbrewer:ToxicPotion"},{"floor":22,"key":"Languid Potion"},{"floor":24,"key":"Reflective Coating"},{"floor":25,"key":"EntropicBrew"}],"is_trial":true,"path_per_floor":["M","?","$","?","$","R","?","M","T","R","M","E","?","M","R","B",null,"M","?","?","?","M","R","?","M","T","R","M"],"character_chosen":"POTIONBREWER","items_purchased":["potionbrewer:TestFormula","potionbrewer:BottomlessFlask"],"campfire_rested":4,"item_purchase_floors":[3,5],"current_hp_per_floor":[67,52,52,52,52,74,85,78,78,78,71,46,46,29,54,44,85,80,80,80,80,49,74,36,34,34,59,59,59],"gold":248,"neow_bonus":"","is_daily":false,"chose_seed":false,"campfire_upgraded":1,"win_rate":0.0,"timestamp":1610425407,"path_taken":["M","?","?","?","$","R","?","M","T","R","?","E","?","?","R","BOSS","M","?","?","?","?","R","?","?","T","R","?"],"items_purchased_type":["Card","Card"],"build_version":"2020-12-22","purchased_purges":0,"victory":false,"max_hp_per_floor":[75,75,75,75,75,75,85,85,85,85,85,85,85,85,85,85,85,85,85,85,85,85,85,85,85,85,85,85,85],"card_choices":[{"not_picked":[],"picked":"Bandage Up","floor":1},{"not_picked":["potionbrewer:OneTwoPunch","potionbrewer:ExothermicReaction"],"picked":"potionbrewer:UnstableFormula","floor":1},{"not_picked":[],"picked":"Panacea","floor":8},{"not_picked":["potionbrewer:Biohazard","potionbrewer:VolatileSolution"],"picked":"Mind Blast","floor":8},{"not_picked":["Replay:Parry","expansioncontent:Sear"],"picked":"potionbrewer:UnstableFormula","floor":11},{"not_picked":["potionbrewer:FlashPowder","potionbrewer:FlareUp"],"picked":"potionbrewer:OneTwoPunch","floor":12},{"not_picked":["potionbrewer:Refill","Purity","potionbrewer:TimeBomb"],"picked":"potionbrewer:Prototype","floor":14},{"not_picked":["potionbrewer:EquivalentExchange","potionbrewer:Transmute"],"picked":"ReplayUltimateDefense","floor":16},{"not_picked":["potionbrewer:UnstableFormula","potionbrewer:Smack"],"picked":"potionbrewer:Contingency+1","floor":18},{"not_picked":["Replay:SS_hec_1+1","Dramatic Entrance"],"picked":"Bandage Up+1","floor":22},{"not_picked":["potionbrewer:ChokingPowder","potionbrewer:QuickStep","Impatience"],"picked":"potionbrewer:Prototype","floor":24},{"not_picked":["potionbrewer:Refill","expansioncontent:DefensiveMode"],"picked":"Bandage Up+1","floor":25}],"player_experience":61705,"relics_obtained":[{"floor":9,"key":"jedi:command_uncommon"},{"floor":11,"key":"jedi:command_common"},{"floor":12,"key":"jedi:command_rare"},{"floor":12,"key":"jedi:command_common"},{"floor":24,"key":"jedi:command_common"},{"floor":26,"key":"jedi:command_common"}],"event_choices":[{"damage_healed":0,"gold_gain":0,"player_choice":"Entered Light","damage_taken":15,"max_hp_gain":0,"max_hp_loss":0,"event_name":"Shining Light","floor":2,"gold_loss":0,"cards_upgraded":["potionbrewer:UnstableFormula","hexamod:ParanormalForm"]},{"damage_healed":0,"gold_gain":58,"player_choice":"Gained Gold","damage_taken":0,"max_hp_gain":0,"max_hp_loss":0,"event_name":"Golden Wing","floor":4,"gold_loss":0},{"cards_removed":["hexamod:ParanormalForm"],"damage_healed":1,"gold_gain":0,"player_choice":"Offered Rare","damage_taken":0,"max_hp_gain":10,"max_hp_loss":0,"event_name":"Bonfire Elementals","floor":7,"gold_loss":0},{"damage_healed":0,"gold_gain":0,"player_choice":"Rummage","damage_taken":0,"relics_obtained":["WarpedTongs"],"max_hp_gain":0,"max_hp_loss":0,"event_name":"Accursed Blacksmith","floor":13,"gold_loss":0,"cards_obtained":["Pain"]},{"damage_healed":0,"gold_gain":0,"player_choice":"Stole Relic","damage_taken":0,"relics_obtained":["jedi:command_uncommon"],"max_hp_gain":0,"max_hp_loss":0,"event_name":"Addict","floor":19,"gold_loss":0,"cards_obtained":["Shame"]},{"damage_healed":0,"gold_gain":0,"player_choice":"Ignored","damage_taken":0,"max_hp_gain":0,"max_hp_loss":0,"event_name":"Vampires","floor":20,"gold_loss":0},{"damage_healed":0,"gold_gain":0,"player_choice":"Simplicity","damage_taken":0,"max_hp_gain":0,"max_hp_loss":0,"event_name":"Back to Basics","floor":21,"gold_loss":0,"cards_upgraded":[]}],"is_beta":false,"boss_relics":[{"not_picked":["jedi:command_boss","jedi:command_boss"],"picked":"jedi:command_boss"}],"items_purged_floors":[],"is_endless":false,"potions_floor_spawned":[1,11,12,14,16,18,22,24,25],"killed_by":"3 Cultists","ascension_level":0}}