{"host":"wgmbtq7u7cgqo6r7","time":1610429663,"event":{"mods":["BaseMod","Colored Powertips","Minty Spire (QoL Compilation)","Rare Cards Sparkle","StSLib","everything is the same but u backflip on backflip"],"gold_per_floor":[113,128,142,217,228,228,260,260,260,287,307,338,357,370,370,472,472,482,482,106,205,120,149,149,149,149,159,172,172,200,220,220,318,318,336,390,406,17,17,17,17,17,44,73,73,73,101,101,101,101,101,101,49,75,75,75],"floor_reached":55,"playtime":4442,"items_purged":["Strike_G","Strike_G+1"],"score":847,"play_id":"fbca349a-6c7a-412b-8bb2-e53aedd3e10f","local_time":"20210112003423","is_ascension_mode":true,"campfire_choices":[{"floor":6,"key":"REST"},{"floor":8,"key":"RECALL"},{"floor":15,"key":"REST"},{"floor":25,"key":"REST"},{"data":"Crippling Poison","floor":29,"key":"SMITH"},{"data":"Dash","floor":32,"key":"SMITH"},{"data":"Eviscerate","floor":40,"key":"SMITH"},{"data":"Dash","floor":45,"key":"SMITH"},{"data":"Malaise","floor":49,"key":"SMITH"},{"data":"Survivor","floor":52,"key":"SMITH"}],"circlet_count":0,"master_deck":["Strike_G+1","Strike_G+1","Strike_G+1","Defend_G+1","Defend_G+1","Defend_G+1","Defend_G+1","Defend_G+1","Survivor+1","Neutralize","Infinite Blades","Poisoned Stab","Dagger Spray","Wraith Form v2+1","Dash+1","Dash+1","Eviscerate+1","Die Die Die","Footwork+1","Crippling Poison+1","Riddle With Holes+1","A Thousand Cuts+1","Underhanded Strike+1","Malaise+1","Bouncing Flask"],"relics":["Snecko Eye","Pear","Frozen Egg 2","Meat on the Bone","Eternal Feather","Philosopher\u0027s Stone","MutagenicStrength","StoneCalendar","Bird Faced Urn","HornCleat","Molten Egg 2","WristBlade","Prayer Wheel","Lee\u0027s Waffle","Strawberry","The Specimen","Juzu Bracelet","Shuriken","Letter Opener","Sundial"],"acts_visited":["Exordium","TheCity","TheBeyond","TheEnding"],"potions_floor_usage":[10,12,12,16,30,33,33,48,48,55,55,55],"damage_taken":[{"damage":1,"enemies":"Jaw Worm","floor":1,"turns":5},{"damage":6,"enemies":"Small Slimes","floor":2,"turns":5},{"damage":0,"enemies":"2 Louse","floor":3,"turns":2},{"damage":11,"enemies":"Exordium Wildlife","floor":5,"turns":5},{"damage":12,"enemies":"3 Sentries","floor":7,"turns":6},{"damage":17,"enemies":"Gremlin Nob","floor":10,"turns":4},{"damage":0,"enemies":"Lots of Slimes","floor":11,"turns":2},{"damage":3,"enemies":"3 Sentries","floor":12,"turns":5},{"damage":11,"enemies":"Gremlin Gang","floor":13,"turns":4},{"damage":1,"enemies":"Red Slaver","floor":14,"turns":3},{"damage":21,"enemies":"Hexaghost","floor":16,"turns":10},{"damage":0,"enemies":"3 Byrds","floor":18,"turns":3},{"damage":18,"enemies":"Gremlin Leader","floor":23,"turns":7},{"damage":4,"enemies":"2 Thieves","floor":27,"turns":3},{"damage":5,"enemies":"Sentry and Sphere","floor":28,"turns":4},{"damage":0,"enemies":"Book of Stabbing","floor":30,"turns":4},{"damage":4,"enemies":"Centurion and Healer","floor":31,"turns":5},{"damage":37,"enemies":"Collector","floor":33,"turns":10},{"damage":0,"enemies":"3 Shapes","floor":35,"turns":3},{"damage":4,"enemies":"2 Orb Walkers","floor":36,"turns":4},{"damage":0,"enemies":"Orb Walker","floor":37,"turns":2},{"damage":0,"enemies":"Nemesis","floor":44,"turns":5},{"damage":10,"enemies":"Giant Head","floor":47,"turns":7},{"damage":0,"enemies":"Spire Growth","floor":48,"turns":2},{"damage":60,"enemies":"Donu and Deca","floor":50,"turns":7},{"damage":46,"enemies":"Shield and Spear","floor":54,"turns":8},{"damage":63,"enemies":"The Heart","floor":55,"turns":9}],"seed_played":"-1677242454546861491","potions_obtained":[{"floor":2,"key":"ColorlessPotion"},{"floor":10,"key":"Poison Potion"},{"floor":11,"key":"EntropicBrew"},{"floor":13,"key":"Regen Potion"},{"floor":27,"key":"SmokeBomb"},{"floor":30,"key":"Strength Potion"},{"floor":37,"key":"Weak Potion"},{"floor":44,"key":"SkillPotion"},{"floor":54,"key":"Swift Potion"}],"is_trial":false,"path_per_floor":["M","M","M","?","M","R","E","R","T","E","M","E","M","M","R","B",null,"M","?","$","?","?","E","?","R","T","M","M","R","E","M","R","B",null,"M","?","M","$","?","R","T","$","T","E","R","$","E","M","R","B",null,"R","$","E","B"],"character_chosen":"THE_SILENT","items_purchased":["StoneCalendar","Lee\u0027s Waffle","Strawberry","AttackPotion"],"campfire_rested":3,"item_purchase_floors":[20,38,38,53],"current_hp_per_floor":[69,63,63,52,41,62,60,60,60,43,43,52,41,52,80,59,80,80,80,80,80,80,62,62,80,80,76,75,80,80,79,80,55,80,80,76,78,94,94,94,94,94,94,94,94,94,88,88,94,50,94,94,94,52,0,0],"gold":75,"neow_bonus":"BOSS_RELIC","is_daily":false,"chose_seed":false,"campfire_upgraded":6,"win_rate":0.0,"timestamp":1610429663,"path_taken":["M","M","M","?","M","R","E","R","T","E","M","E","M","M","R","BOSS","M","?","$","?","?","E","?","R","T","M","M","R","E","M","R","BOSS","M","?","M","$","?","R","?","$","T","E","R","$","E","M","R","BOSS","R","$","E","BOSS"],"items_purchased_type":["Relic","Relic","Relic","Potion"],"build_version":"2020-12-22","purchased_purges":2,"victory":false,"max_hp_per_floor":[70,70,70,70,70,70,80,80,80,80,80,80,80,80,80,80,80,80,80,80,80,80,80,80,80,80,80,80,80,80,80,80,80,80,80,80,80,94,94,94,94,94,94,94,94,94,94,94,94,94,94,94,94,94,94,94],"card_choices":[{"not_picked":["Slice","Crippling Poison"],"picked":"Infinite Blades","floor":1},{"not_picked":["Dodge and Roll","Acrobatics"],"picked":"Poisoned Stab","floor":2},{"not_picked":["Cloak And Dagger","Sucker Punch","Blade Dance"],"picked":"SKIP","floor":3},{"not_picked":["Dodge and Roll","Calculated Gamble"],"picked":"Dagger Spray","floor":5},{"not_picked":["PiercingWail","Footwork","Deflect"],"picked":"SKIP","floor":7},{"not_picked":["Tactician","Reflex"],"picked":"Wraith Form v2+1","floor":10},{"not_picked":["Cloak And Dagger","Quick Slash"],"picked":"Dash","floor":11},{"not_picked":["Expertise","Footwork+1"],"picked":"Dash","floor":12},{"not_picked":["Flying Knee","PiercingWail","Prepared"],"picked":"SKIP","floor":13},{"not_picked":["Poisoned Stab","Cloak And Dagger"],"picked":"Eviscerate","floor":14},{"not_picked":["Wraith Form v2+1","Venomology"],"picked":"Die Die Die","floor":16},{"not_picked":["Dagger Throw+1","Blade Dance+1"],"picked":"Footwork+1","floor":18},{"not_picked":["Slice","Cloak And Dagger+1","Accuracy+1"],"picked":"SKIP","floor":23},{"not_picked":["Distraction","Acrobatics","Quick Slash"],"picked":"SKIP","floor":27},{"not_picked":["Prepared","Terror"],"picked":"Crippling Poison","floor":28},{"not_picked":["Expertise","Deflect+1","Noxious Fumes+1"],"picked":"SKIP","floor":30},{"not_picked":["Endless Agony+1","Infinite Blades+1"],"picked":"Riddle With Holes+1","floor":31},{"not_picked":["Die Die Die+1","Doppelganger"],"picked":"A Thousand Cuts+1","floor":33},{"not_picked":["Underhanded Strike+1","Accuracy+1","Slice+1"],"picked":"SKIP","floor":35},{"not_picked":["Dagger Spray+1","Calculated Gamble+1"],"picked":"Underhanded Strike+1","floor":36},{"not_picked":["Backflip","Blur","Reflex+1"],"picked":"SKIP","floor":37},{"not_picked":["Infinite Blades+1","Acrobatics+1","Escape Plan"],"picked":"SKIP","floor":37},{"not_picked":["Noxious Fumes+1","Accuracy+1","Deflect+1"],"picked":"SKIP","floor":44},{"not_picked":["Backflip","Escape Plan"],"picked":"Malaise","floor":47},{"not_picked":["Endless Agony+1","Distraction+1"],"picked":"Bouncing Flask","floor":54}],"player_experience":116584,"relics_obtained":[{"floor":7,"key":"Pear"},{"floor":9,"key":"Frozen Egg 2"},{"floor":10,"key":"Meat on the Bone"},{"floor":12,"key":"Eternal Feather"},{"floor":23,"key":"HornCleat"},{"floor":30,"key":"Molten Egg 2"},{"floor":36,"key":"Prayer Wheel"},{"floor":41,"key":"The Specimen"},{"floor":43,"key":"Juzu Bracelet"},{"floor":44,"key":"Shuriken"},{"floor":47,"key":"Letter Opener"},{"floor":54,"key":"Sundial"}],"event_choices":[{"damage_healed":0,"gold_gain":75,"player_choice":"Gather Gold","damage_taken":11,"max_hp_gain":0,"max_hp_loss":0,"event_name":"World of Goop","floor":4,"gold_loss":0},{"damage_healed":0,"gold_gain":0,"player_choice":"Inject Mutagens","damage_taken":0,"relics_obtained":["MutagenicStrength"],"max_hp_gain":0,"max_hp_loss":0,"event_name":"Drug Dealer","floor":19,"gold_loss":0},{"damage_healed":0,"gold_gain":99,"player_choice":"Stole From Cult","damage_taken":0,"max_hp_gain":0,"max_hp_loss":0,"event_name":"Nest","floor":21,"gold_loss":0},{"damage_healed":0,"gold_gain":0,"player_choice":"Obtained Relic","damage_taken":0,"relics_obtained":["Bird Faced Urn"],"max_hp_gain":0,"max_hp_loss":0,"event_name":"Addict","floor":22,"gold_loss":85},{"damage_healed":0,"gold_gain":0,"player_choice":"Simplicity","damage_taken":0,"max_hp_gain":0,"max_hp_loss":0,"event_name":"Back to Basics","floor":24,"gold_loss":0,"cards_upgraded":["Strike_G","Strike_G","Strike_G","Strike_G","Defend_G","Defend_G","Defend_G","Defend_G","Defend_G"]},{"damage_healed":0,"gold_gain":0,"player_choice":"Fight","damage_taken":0,"max_hp_gain":0,"max_hp_loss":0,"event_name":"Mysterious Sphere","floor":36,"gold_loss":0},{"damage_healed":0,"gold_gain":0,"player_choice":"Memory 1","damage_taken":0,"max_hp_gain":0,"max_hp_loss":0,"event_name":"SensoryStone","floor":39,"gold_loss":0}],"is_beta":false,"boss_relics":[{"not_picked":["Fusion Hammer","Cursed Key"],"picked":"Philosopher\u0027s Stone"},{"not_picked":["Runic Dome","Coffee Dripper"],"picked":"WristBlade"}],"items_purged_floors":[20,38],"is_endless":false,"potions_floor_spawned":[2,10,11,12,13,27,30,31,37,44,47,54],"killed_by":"The Heart","ascension_level":1}}