{"host":"e52c7hvho6xny3hd","time":1610453244,"event":{"mods":["AchievementEnabler","BaseMod","Colored Map","DeckTracker","Minty Spire (QoL Compilation)","Permanent Neow","StSLib"],"gold_per_floor":[113,129,141,157,169,169,344,344,344,344,355,19,39,50,50,146,146,161,61,76,76,76,76],"floor_reached":22,"playtime":944,"items_purged":["Strike_P","Doubt"],"score":261,"play_id":"99777fbc-13b4-40f4-999b-8f9089d4b811","local_time":"20210112210724","is_ascension_mode":true,"campfire_choices":[{"data":"ForeignInfluence","floor":6.0,"key":"SMITH"},{"data":"Adaptation","floor":8.0,"key":"SMITH"},{"data":"MentalFortress","floor":10.0,"key":"SMITH"},{"data":"Perseverance","floor":15,"key":"SMITH"}],"circlet_count":0,"master_deck":["Strike_P","Strike_P","Strike_P","Defend_P","Defend_P","Defend_P","Defend_P","Eruption+1","Vigilance","ForeignInfluence+1","SandsOfTime","Adaptation+1","CarveReality","MentalFortress+1","Perseverance+1","EmptyFist","Judgement","WindmillStrike+1","Consecrate+1"],"relics":["PureWater","Mercury Hourglass","Bottled Tornado","SlaversCollar"],"acts_visited":["Exordium","TheCity"],"potions_floor_usage":[],"damage_taken":[{"damage":0.0,"enemies":"Cultist","floor":1.0,"turns":5.0},{"damage":0.0,"enemies":"Small Slimes","floor":2.0,"turns":2.0},{"damage":1.0,"enemies":"2 Louse","floor":3.0,"turns":2.0},{"damage":13.0,"enemies":"Large Slime","floor":4.0,"turns":4.0},{"damage":14.0,"enemies":"3 Louse","floor":5.0,"turns":3.0},{"damage":3.0,"enemies":"Blue Slaver","floor":11.0,"turns":3.0},{"damage":0.0,"enemies":"Large Slime","floor":13.0,"turns":3.0},{"damage":0,"enemies":"2 Fungi Beasts","floor":14,"turns":2},{"damage":4,"enemies":"The Guardian","floor":16,"turns":8},{"damage":0,"enemies":"Chosen","floor":18,"turns":3},{"damage":40,"enemies":"3 Byrds","floor":20,"turns":5},{"damage":25,"enemies":"Shelled Parasite and Fungi","floor":22,"turns":1}],"seed_played":"3386493612137226342","potions_obtained":[{"floor":3.0,"key":"Ambrosia"},{"floor":11.0,"key":"CultistPotion"},{"floor":13.0,"key":"Explosive Potion"}],"is_trial":false,"path_per_floor":["M","M","M","M","M","R","?","R","T","R","M","$","M","M","R","B",null,"M","$","M","?","M"],"character_chosen":"WATCHER","items_purchased":["Bottled Tornado"],"campfire_rested":0,"item_purchase_floors":[12],"current_hp_per_floor":[65,65,64,51,37,37,37,37,37,37,34,34,34,34,34,30,62,62,62,22,9,0,0],"gold":76,"neow_bonus":"UPGRADE_CARD","is_daily":false,"chose_seed":false,"campfire_upgraded":4,"win_rate":0.0,"timestamp":1610453244,"path_taken":["M","M","?","M","M","R","?","R","T","R","M","$","M","M","R","BOSS","M","$","M","?","M"],"items_purchased_type":["Relic"],"build_version":"2020-12-22","purchased_purges":2,"victory":false,"max_hp_per_floor":[72,72,72,72,72,72,72,72,72,72,72,72,72,72,72,72,72,72,72,72,77,77,77],"card_choices":[{"not_picked":["Halt","CrushJoints"],"picked":"ForeignInfluence","floor":1.0},{"not_picked":["Prostrate","Study"],"picked":"SandsOfTime","floor":2.0},{"not_picked":["Study","Vengeance"],"picked":"Adaptation","floor":3.0},{"not_picked":["Protect","SashWhip"],"picked":"CarveReality","floor":4.0},{"not_picked":["WheelKick","InnerPeace"],"picked":"MentalFortress","floor":5.0},{"not_picked":["Collect","WindmillStrike"],"picked":"Perseverance","floor":11.0},{"not_picked":["EmptyBody","JustLucky"],"picked":"EmptyFist","floor":13.0},{"not_picked":["Fasting2","WaveOfTheHand","Pray"],"picked":"SKIP","floor":14},{"not_picked":["ConjureBlade","Scrawl"],"picked":"Judgement","floor":16},{"not_picked":["SashWhip","PathToVictory"],"picked":"WindmillStrike+1","floor":18},{"not_picked":["Protect","Collect"],"picked":"Consecrate+1","floor":20}],"player_experience":651238,"relics_obtained":[{"floor":9.0,"key":"Mercury Hourglass"}],"event_choices":[{"damage_healed":0.0,"max_hp_gain":0.0,"max_hp_loss":0.0,"gold_gain":175.0,"event_name":"Liars Game","player_choice":"AGREE","floor":7.0,"gold_loss":0.0,"damage_taken":0.0,"cards_obtained":["Doubt"]},{"damage_healed":0,"gold_gain":0,"player_choice":"Shed Blood","damage_taken":18,"max_hp_gain":5,"max_hp_loss":0,"event_name":"Forgotten Altar","floor":21,"gold_loss":0}],"is_beta":false,"boss_relics":[{"not_picked":["Ectoplasm","Fusion Hammer"],"picked":"SlaversCollar"}],"items_purged_floors":[12,19],"is_endless":false,"potions_floor_spawned":[3,11,13,14],"killed_by":"Shelled Parasite and Fungi","ascension_level":9}}