{"host":"25beq07qjecnigqh","time":1610441295,"event":{"mods":["BaseMod","Minty Spire (QoL Compilation)"],"gold_per_floor":[110,110,124,49,49,67,92,92,92,92,92,132,132,132,132,260,260,274,274,32,46,61,61,61],"floor_reached":23,"playtime":1352,"items_purged":[],"score":189,"play_id":"079e675d-5e8f-4e08-8f72-28f96a63f1e9","local_time":"20210112164815","is_ascension_mode":false,"campfire_choices":[{"data":"Armaments","floor":8,"key":"SMITH"},{"data":"Clash","floor":10,"key":"SMITH"},{"data":"Flex","floor":15,"key":"SMITH"}],"circlet_count":0,"master_deck":["Strike_R","Strike_R","Strike_R","Strike_R","Defend_R","Defend_R","Defend_R","Defend_R","Bash","Clash+1","Armaments+1","Flex+1","Juggernaut+1","Battle Trance+1","Intimidate+1","Carnage+1","Flame Barrier","Seeing Red+1"],"relics":["Burning Blood","Golden Idol","MealTicket","Mummified Hand","Magic Flower","Astrolabe","Bottled Tornado"],"acts_visited":["Exordium","TheCity"],"potions_floor_usage":[12,12,12,23,23],"damage_taken":[{"damage":2,"enemies":"Jaw Worm","floor":1,"turns":5},{"damage":8,"enemies":"2 Louse","floor":3,"turns":3},{"damage":0,"enemies":"Cultist","floor":6,"turns":3},{"damage":8,"enemies":"Red Slaver","floor":7,"turns":3},{"damage":22,"enemies":"3 Sentries","floor":12,"turns":5},{"damage":48,"enemies":"The Guardian","floor":16,"turns":9},{"damage":22,"enemies":"2 Thieves","floor":18,"turns":4},{"damage":28,"enemies":"3 Byrds","floor":21,"turns":5},{"damage":16,"enemies":"Centurion and Healer","floor":22,"turns":4},{"damage":59,"enemies":"Gremlin Leader","floor":23,"turns":6}],"seed_played":"-3103456375044773822","potions_obtained":[{"floor":0,"key":"ElixirPotion"},{"floor":0,"key":"ColorlessPotion"},{"floor":0,"key":"LiquidMemories"},{"floor":16,"key":"SneckoOil"},{"floor":22,"key":"Dexterity Potion"}],"is_trial":false,"path_per_floor":["M","?","M","$","?","M","M","R","T","R","$","E","?","T","R","B",null,"M","?","$","M","M","E"],"character_chosen":"IRONCLAD","items_purchased":["Blood for Blood","Bottled Tornado"],"campfire_rested":0,"item_purchase_floors":[4,20],"current_hp_per_floor":[80,80,78,78,58,64,62,62,62,62,77,61,66,66,66,27,85,72,72,85,66,59,0,0],"gold":61,"neow_bonus":"THREE_SMALL_POTIONS","is_daily":false,"chose_seed":false,"campfire_upgraded":3,"win_rate":0.0,"timestamp":1610441295,"path_taken":["M","?","M","$","?","M","M","R","T","R","$","E","?","?","R","BOSS","M","?","$","M","M","E"],"items_purchased_type":["Card","Relic"],"build_version":"2020-12-22","purchased_purges":0,"victory":false,"max_hp_per_floor":[80,80,80,80,80,80,80,80,80,80,80,80,85,85,85,85,85,85,85,85,85,85,85,85],"card_choices":[{"not_picked":["Anger","Cleave","Sword Boomerang"],"picked":"SKIP","floor":1},{"not_picked":["Pommel Strike","Metallicize"],"picked":"Clash","floor":3},{"not_picked":["Carnage","Perfected Strike"],"picked":"Armaments","floor":6},{"not_picked":["Clash","Clothesline"],"picked":"Flex","floor":7},{"not_picked":["Disarm","Second Wind"],"picked":"Spot Weakness","floor":12},{"not_picked":["Limit Break","Double Tap"],"picked":"Juggernaut","floor":16},{"not_picked":["True Grit+1","Thunderclap+1"],"picked":"Carnage+1","floor":18},{"not_picked":["True Grit+1","Headbutt"],"picked":"Flame Barrier","floor":21},{"not_picked":["Sword Boomerang","Warcry"],"picked":"Seeing Red+1","floor":22}],"player_experience":26137,"relics_obtained":[{"floor":9,"key":"MealTicket"},{"floor":12,"key":"Mummified Hand"},{"floor":14,"key":"Magic Flower"}],"event_choices":[{"damage_healed":0,"gold_gain":0,"player_choice":"Ignored","damage_taken":0,"max_hp_gain":0,"max_hp_loss":0,"event_name":"Liars Game","floor":2,"gold_loss":0},{"damage_healed":0,"gold_gain":0,"player_choice":"Take Damage","damage_taken":20,"relics_obtained":["Golden Idol"],"max_hp_gain":0,"max_hp_loss":0,"event_name":"Golden Idol","floor":5,"gold_loss":0},{"damage_healed":0,"gold_gain":0,"player_choice":"Donut","damage_taken":0,"max_hp_gain":5,"max_hp_loss":0,"event_name":"Big Fish","floor":13,"gold_loss":0},{"cards_removed":["Strike_R"],"damage_healed":0,"gold_gain":0,"player_choice":"Offered Basic","damage_taken":0,"max_hp_gain":0,"max_hp_loss":0,"event_name":"Bonfire Elementals","floor":19,"gold_loss":0}],"is_beta":false,"boss_relics":[{"not_picked":["SlaversCollar","Black Star"],"picked":"Astrolabe"}],"items_purged_floors":[],"is_endless":false,"potions_floor_spawned":[1,6,16,22],"killed_by":"Gremlin Leader","ascension_level":0}}