{"host":"oy4pyvr762z5n0bb","time":1610420409,"event":{"mods":["AchievementEnabler","BaseMod","Colored Map","Colored Powertips","Googly Eyes","Key Reminder","Minty Spire (QoL Compilation)","Quick Restart","Relic Sorter","Slay the Relics Exporter","StSLib","SuperFastMode","Unceasing Turn Reminder","slay the spire mod where everything is the same but ironclad has a cowboy hat"],"gold_per_floor":[217,35,50,50,68,68,94,44,44,77,100,100,100,129,129,227,227,243,243,260,279,279,279,290,290,338,17,42,42,70,89,89,186,186,201,476,490,67,81,81,93,93,117,151,13,13,13,13],"floor_reached":47,"playtime":1025,"items_purged":["Strike_R","Regret"],"score":763,"play_id":"8f885893-9645-4e50-8558-eb8318e80c91","local_time":"20210111190009","is_ascension_mode":true,"campfire_choices":[{"data":"Apotheosis","floor":6.0,"key":"SMITH"},{"data":"Strike_R","floor":12.0,"key":"PURGE"},{"data":"Strike_R","floor":15.0,"key":"PURGE"},{"floor":23,"key":"REST"},{"floor":25,"key":"REST"},{"floor":32,"key":"REST"},{"floor":40,"key":"REST"},{"floor":42,"key":"REST"}],"circlet_count":0,"master_deck":["Defend_R","Defend_R","Defend_R","Bash","Anger","Apotheosis+1","Wild Strike","Cleave","Anger","Twin Strike","Double Tap","Shrug It Off+1","J.A.X.","Iron Wave+1","True Grit","Dual Wield","Limit Break","Bludgeon","Twin Strike","Sword Boomerang+1","Rupture","Parasite","Thunderclap+1","Limit Break"],"relics":["Burning Blood","FossilizedHelix","Peace Pipe","Akabeko","Ancient Tea Set","Blood Vial","SacredBark","MealTicket","Bottled Flame","Red Skull","Question Card","Busted Crown","StrikeDummy","Bronze Scales","Oddly Smooth Stone"],"acts_visited":["Exordium","TheCity","TheBeyond"],"potions_floor_usage":[30,33,39,41,47,47],"damage_taken":[{"damage":6.0,"enemies":"Cultist","floor":1.0,"turns":4.0},{"damage":10.0,"enemies":"Jaw Worm","floor":3.0,"turns":4.0},{"damage":3.0,"enemies":"2 Louse","floor":5.0,"turns":2.0},{"damage":16.0,"enemies":"Gremlin Nob","floor":7.0,"turns":3.0},{"damage":4.0,"enemies":"Lagavulin","floor":10.0,"turns":4.0},{"damage":10.0,"enemies":"3 Sentries","floor":14.0,"turns":5.0},{"damage":42.0,"enemies":"Hexaghost","floor":16.0,"turns":8.0},{"damage":9.0,"enemies":"Shell Parasite","floor":18.0,"turns":5.0},{"damage":23.0,"enemies":"3 Byrds","floor":20.0,"turns":6.0},{"damage":3.0,"enemies":"Centurion and Healer","floor":21.0,"turns":4.0},{"damage":14,"enemies":"3 Cultists","floor":24,"turns":4},{"damage":22,"enemies":"Gremlin Leader","floor":28,"turns":7},{"damage":49,"enemies":"Slavers","floor":30,"turns":6},{"damage":0,"enemies":"Snake Plant","floor":31,"turns":2},{"damage":102,"enemies":"Automaton","floor":33,"turns":9},{"damage":52,"enemies":"3 Darklings","floor":35,"turns":7},{"damage":0,"enemies":"Orb Walker","floor":37,"turns":2},{"damage":33,"enemies":"Writhing Mass","floor":39,"turns":6},{"damage":13,"enemies":"3 Darklings","floor":41,"turns":4},{"damage":29,"enemies":"Reptomancer","floor":44,"turns":6},{"damage":70,"enemies":"Awakened One","floor":47,"turns":6}],"seed_played":"7851759667465773417","potions_obtained":[{"floor":1.0,"key":"FairyPotion"},{"floor":3.0,"key":"SkillPotion"},{"floor":5.0,"key":"Swift Potion"},{"floor":30,"key":"SpeedPotion"},{"floor":35,"key":"Weak Potion"},{"floor":39,"key":"DistilledChaos"},{"floor":44,"key":"Dexterity Potion"}],"is_trial":false,"path_per_floor":["M","$","M","$","M","R","E","?","T","E","T","R","?","E","R","B",null,"M","?","M","M","?","R","M","R","T","$","E","?","E","M","R","B",null,"M","?","M","$","M","R","M","R","T","E","$","?","B"],"character_chosen":"IRONCLAD","items_purchased":["Apotheosis","Bottled Flame","StrikeDummy","Rupture","Limit Break"],"campfire_rested":5,"item_purchase_floors":[2,27,38,38,45],"current_hp_per_floor":[72,72,68,68,71,71,61,61,61,63,63,63,63,59,59,25,66,65,65,50,55,40,65,59,84,84,85,69,69,28,36,61,33,72,28,28,36,51,26,51,46,71,71,50,65,65,0,0],"gold":13,"neow_bonus":"HUNDRED_GOLD","is_daily":false,"chose_seed":false,"campfire_upgraded":1,"win_rate":0.0,"timestamp":1610420409,"path_taken":["M","$","?","$","M","R","E","?","T","E","?","R","?","E","R","BOSS","M","?","M","M","?","R","M","R","T","$","E","?","E","M","R","BOSS","M","?","M","$","?","R","?","R","T","E","?","?","BOSS"],"items_purchased_type":["Card","Relic","Relic","Card","Card"],"build_version":"2020-12-22","purchased_purges":2,"victory":false,"max_hp_per_floor":[80,80,80,80,80,80,80,80,80,80,80,80,80,80,80,80,80,80,80,80,80,85,85,85,85,85,85,85,85,85,85,85,85,85,85,85,85,85,85,85,85,85,85,85,85,85,85,85],"card_choices":[{"not_picked":["Sword Boomerang","Clash"],"picked":"Anger","floor":1.0},{"not_picked":["Clash","Fire Breathing"],"picked":"Wild Strike","floor":3.0},{"not_picked":["Juggernaut","Twin Strike"],"picked":"Cleave","floor":5.0},{"not_picked":["True Grit","Second Wind"],"picked":"Anger","floor":7.0},{"not_picked":["Feed","Flex"],"picked":"Twin Strike","floor":10.0},{"not_picked":["Rampage","Headbutt","Reaper"],"picked":"SKIP","floor":14.0},{"not_picked":["Juggernaut","Impervious"],"picked":"Double Tap","floor":16.0},{"not_picked":["Perfected Strike","Intimidate"],"picked":"Shrug It Off+1","floor":18.0},{"not_picked":["Cleave+1","Carnage","Clothesline"],"picked":"SKIP","floor":20.0},{"not_picked":["Uppercut","Shockwave","Body Slam"],"picked":"SKIP","floor":21.0},{"not_picked":["Rampage","Headbutt"],"picked":"Iron Wave+1","floor":24},{"not_picked":["Uppercut+1","Entrench"],"picked":"True Grit","floor":28},{"not_picked":["Intimidate","Rupture"],"picked":"Limit Break","floor":30},{"not_picked":["Warcry","Iron Wave+1","Cleave","Headbutt"],"picked":"SKIP","floor":31},{"not_picked":["Brutality","Feed","Berserk"],"picked":"Bludgeon","floor":33},{"not_picked":["Rage+1"],"picked":"Twin Strike","floor":35},{"not_picked":["Armaments+1"],"picked":"Sword Boomerang+1","floor":37},{"not_picked":["Perfected Strike+1","Offering"],"picked":"SKIP","floor":39},{"not_picked":["Iron Wave","Headbutt"],"picked":"SKIP","floor":41},{"not_picked":["Flex+1"],"picked":"Thunderclap+1","floor":44}],"player_experience":732964,"relics_obtained":[{"floor":7.0,"key":"FossilizedHelix"},{"floor":9.0,"key":"Peace Pipe"},{"floor":10.0,"key":"Akabeko"},{"floor":11.0,"key":"Ancient Tea Set"},{"floor":14.0,"key":"Blood Vial"},{"floor":26,"key":"MealTicket"},{"floor":28,"key":"Red Skull"},{"floor":30,"key":"Question Card"},{"floor":43,"key":"Bronze Scales"},{"floor":44,"key":"Oddly Smooth Stone"}],"event_choices":[{"cards_removed":["Strike_R"],"damage_healed":0.0,"max_hp_gain":0.0,"max_hp_loss":0.0,"gold_gain":0.0,"event_name":"The Cleric","player_choice":"Card Removal","floor":8.0,"gold_loss":50.0,"damage_taken":0.0},{"cards_removed":["Strike_R"],"damage_healed":0.0,"max_hp_gain":0.0,"max_hp_loss":0.0,"gold_gain":0.0,"event_name":"Bonfire Elementals","player_choice":"Offered Basic","floor":13.0,"gold_loss":0.0,"damage_taken":0.0},{"damage_healed":0.0,"max_hp_gain":0.0,"max_hp_loss":0.0,"gold_gain":0.0,"event_name":"Drug Dealer","player_choice":"Obtain J.A.X.","floor":19.0,"gold_loss":0.0,"damage_taken":0.0,"cards_obtained":["J.A.X."]},{"damage_healed":0,"gold_gain":0,"player_choice":"Shed Blood","damage_taken":20,"max_hp_gain":5,"max_hp_loss":0,"event_name":"Forgotten Altar","floor":22,"gold_loss":0},{"damage_healed":0,"gold_gain":0,"cards_transformed":["Defend_R"],"player_choice":"Transformed","damage_taken":0,"max_hp_gain":0,"max_hp_loss":0,"event_name":"Transmorgrifier","floor":29,"gold_loss":0,"cards_obtained":["Dual Wield"]},{"damage_healed":0,"gold_gain":275,"player_choice":"Desecrate","damage_taken":0,"max_hp_gain":0,"max_hp_loss":0,"event_name":"Golden Shrine","floor":36,"gold_loss":0,"cards_obtained":["Regret"]},{"damage_healed":0,"gold_gain":0,"player_choice":"Took Portal","damage_taken":0,"max_hp_gain":0,"max_hp_loss":0,"event_name":"SecretPortal","floor":46,"gold_loss":0}],"is_beta":false,"boss_relics":[{"not_picked":["Runic Cube","Philosopher\u0027s Stone"],"picked":"SacredBark"},{"not_picked":["Coffee Dripper","Snecko Eye"],"picked":"Busted Crown"}],"items_purged_floors":[27,38],"is_endless":false,"potions_floor_spawned":[1,3,5,7,16,20,30,31,35,39,44],"killed_by":"Awakened One","ascension_level":9}}