{"host":"DatHypnoboi","time":1610424390,"event":{"mods":["2.2 Compatiblity","AchievementEnabler","Act Like it!","Ascension Unlocker","Aspiration","BaseMod","Bestiary","Better Altar","Better Match","Better Note","Better Sensory Stone","Better Silent Start","Better Skull","Better Third Choice","Better Vampires","Better-Laid Plans","BetterRewards","Block Reminder","CapriCore","Card Forge","Colored Map","Colored Powertips","Conjunction","Conspire","Curses Come First","Custom Start","Defective Defect","Defuse TimeMaze Blight","Disable Question Mark Monsters","Displayed Cursed Tome","Downfall","Emptier Cage","Energized Spire","Evolution","Exacting","Filter the Spire","Friendly Minions","GifTheSpireLib","Googly Eyes","Halation","Hallownest","Highlight Path","Hubris","Humility","Hyrulean Relics","Infinite Spire","Ironclad Rager","Jedi Mod","Key Reminder","Keyboard Shortcuts","Mimic Mod","Minty Spire (QoL Compilation)","Mirrors Mod","MonsterHotkey","Permanent Neow","Potion Indicator Mod","Quick Restart","RNG Fix","Rare Cards Sparkle","RatMod","Red Circlet Mod","Relic Sorter","Relic Stats","Replay The Spire","Retaliation","Reworked Bosses","SCP261 Mod","SacredBarkPlus","Shop Mod","Small Relic Pack","Spicy Shops","Spikes Relics","StSLib","Stuff the Spire","The Blue Laboratory","The Edgeheg","Thieving Mod","Trackpad","Uncapped","Unceasing Turn Reminder","Unknown Chances","Virulent Crown","Waifu the Spire","Wandering Minibosses","everything is the same but u backflip on backflip","slay the spire mod where everything is the same but ironclad has a cowboy hat","vexMod"],"gold_per_floor":[319,338,369,51,63,63,63,90,120,120,150,176,176,176,176],"floor_reached":14,"playtime":1070,"items_purged":[],"score":131,"play_id":"b1f18460-4255-4656-934a-495d399dec63","local_time":"20210111200630","is_ascension_mode":true,"campfire_choices":[{"data":"theEdgeheg:StarterShootAttack","floor":1.0,"key":"PURGE"},{"data":"theEdgeheg:Fastness","floor":6.0,"key":"SMITH"},{"data":"theEdgeheg:Fastness","floor":10.0,"key":"SMITH"},{"data":"theEdgeheg:ChaosWhip","floor":13.0,"key":"SMITH"}],"circlet_count":0,"master_deck":["theEdgeheg:StarterShootAttack","theEdgeheg:StarterShootAttack","theEdgeheg:StarterShootAttack","theEdgeheg:StarterDodgeSkill","theEdgeheg:StarterDodgeSkill","theEdgeheg:StarterDodgeSkill","theEdgeheg:BloodyKatana","theEdgeheg:ChaosControlSkill","theEdgeheg:GatherChaos","theEdgeheg:BloodyNodachi","theEdgeheg:Fastness+1","theEdgeheg:Fastness+1","theEdgeheg:Knives","theEdgeheg:ChaosWhip","theEdgeheg:QuickKatana","theEdgeheg:GunSteal","theEdgeheg:ChaosWhip+1","theEdgeheg:HappiestTimmy"],"relics":["theEdgeheg:UltimateLifeformRelic","theEdgeheg:GreenEmeraldRelic","Seething Fire","Anvil of the Gods","EVO:Axolotl","hubris:64BitClover","Bottled Lightning","jedi:arcanewood","trackpad:SappingStone"],"acts_visited":["Exordium"],"potions_floor_usage":[],"damage_taken":[{"damage":0.0,"enemies":"Jaw Worm","floor":2.0,"turns":7.0},{"damage":0.0,"enemies":"2 Louse","floor":3.0,"turns":4.0},{"damage":1.0,"enemies":"downfall:FleeingMerchant","floor":4.0,"turns":4.0},{"damage":0.0,"enemies":"Cultist","floor":5.0,"turns":6.0},{"damage":0.0,"enemies":"Lagavulin","floor":8.0,"turns":14.0},{"damage":0.0,"enemies":"2 Fungi Beasts","floor":9.0,"turns":4.0},{"damage":1.0,"enemies":"3 Sentries","floor":11.0,"turns":7.0},{"damage":1.0,"enemies":"Exordium Thugs","floor":12.0,"turns":9.0},{"damage":4,"enemies":"Gremlin Nob","floor":14,"turns":4}],"seed_played":"2406550810658453697","potions_obtained":[{"floor":2.0,"key":"PowerPotion"},{"floor":5.0,"key":"blueLaboratory:PyrophylliteBrew"},{"floor":8.0,"key":"jedi:hoardpotion"},{"floor":9.0,"key":"Toxic Potion"}],"is_trial":false,"path_per_floor":["R_BF","M","M","$","M","R","T","E","M","R","E","M","R","E"],"character_chosen":"THE_DEFAULT","items_purchased":["hubris:64BitClover"],"campfire_rested":0,"item_purchase_floors":[4],"current_hp_per_floor":[4,5,5,4,5,5,5,5,5,5,4,4,4,0,0],"gold":176,"neow_bonus":"TWO_FIFTY_GOLD","is_daily":false,"chose_seed":false,"campfire_upgraded":3,"win_rate":0.0,"timestamp":1610424390,"path_taken":["R_BF","M","?","$","M","R","T","E","?","R","E","?","R","E"],"items_purchased_type":["Relic"],"build_version":"2020-12-18","purchased_purges":0,"victory":false,"max_hp_per_floor":[5,5,5,5,5,5,5,5,5,5,5,5,5,5,5],"relic_stats":{"counters":[9,59],"obtain_stats":[{"theEdgeheg:UltimateLifeformRelic":0,"Anvil of the Gods":0,"hubris:64BitClover":4,"trackpad:SappingStone":11,"theEdgeheg:GreenEmeraldRelic":0,"EVO:Axolotl":0,"Seething Fire":0,"Bottled Lightning":7,"jedi:arcanewood":8},{"theEdgeheg:UltimateLifeformRelic":0,"Anvil of the Gods":0,"hubris:64BitClover":3,"trackpad:SappingStone":7,"theEdgeheg:GreenEmeraldRelic":0,"EVO:Axolotl":0,"Seething Fire":0,"Bottled Lightning":4,"jedi:arcanewood":5},{"theEdgeheg:UltimateLifeformRelic":0,"Anvil of the Gods":0,"hubris:64BitClover":15,"trackpad:SappingStone":46,"theEdgeheg:GreenEmeraldRelic":0,"EVO:Axolotl":0,"Seething Fire":0,"Bottled Lightning":21,"jedi:arcanewood":35}]},"card_choices":[{"not_picked":["theEdgeheg:ChaosWhip","theEdgeheg:Shotgun"],"picked":"theEdgeheg:BloodyNodachi","floor":2.0},{"not_picked":["theEdgeheg:SupersonicSpeed","theEdgeheg:SkateboardTrick"],"picked":"theEdgeheg:Fastness","floor":3.0},{"not_picked":["theEdgeheg:RollAndShoot","theEdgeheg:BetterDodge"],"picked":"theEdgeheg:Fastness","floor":4.0},{"not_picked":["theEdgeheg:CoolExplosion","theEdgeheg:BlackKatana"],"picked":"theEdgeheg:Knives","floor":5.0},{"not_picked":["theEdgeheg:RuleOfCool","theEdgeheg:RollAndShoot"],"picked":"theEdgeheg:ChaosWhip","floor":9.0},{"not_picked":["theEdgeheg:BetterDodge","theEdgeheg:Disrobe","theEdgeheg:DieDieDie"],"picked":"SKIP","floor":11.0},{"not_picked":["theEdgeheg:DieDieDie","theEdgeheg:PlayRandomCard"],"picked":"theEdgeheg:HappiestTimmy","floor":12.0}],"player_experience":486353,"relics_obtained":[{"floor":7.0,"key":"Bottled Lightning"},{"floor":8.0,"key":"jedi:arcanewood"},{"floor":11.0,"key":"trackpad:SappingStone"}],"event_choices":[],"is_beta":true,"boss_relics":[],"items_purged_floors":[],"is_endless":false,"potions_floor_spawned":[2,5,8,9],"killed_by":"Gremlin Nob","ascension_level":1}}