{"host":"8i4doyxqctgl5qb0","time":1610427380,"event":{"mods":["AchievementEnabler","BaseMod","Block Reminder","Colored Powertips","Downfall","Hermit","Minty Spire (QoL Compilation)","Permanent Neow","Potion Indicator Mod","Rare Cards Sparkle","StSLib","SuperFastMode","The Jungle"],"gold_per_floor":[210,210,233,28,28,28,42,92,117,140,192,192,236,284,284,421,430,455,464,512,219,238,238,260,260,260,260,283,24,24,48,48,183,255,288,69,94,166,190,190,220,220,220,272,281,40,80,29,29,29],"floor_reached":51,"playtime":1640,"items_purged":["Injury","Strike_B","Strike_B"],"score":1074,"play_id":"2dc206cb-155d-47f9-a68b-d3f26b1f4b93","local_time":"20210112125620","is_ascension_mode":true,"campfire_choices":[{"data":"Echo Form","floor":6.0,"key":"SMITH"},{"floor":12.0,"key":"REST"},{"floor":15.0,"key":"REST"},{"floor":23.0,"key":"REST"},{"floor":27.0,"key":"REST"},{"floor":32.0,"key":"REST"},{"floor":40.0,"key":"REST"},{"floor":42.0,"key":"REST"},{"floor":49,"key":"REST"}],"circlet_count":0,"master_deck":["Strike_B","Strike_B","Defend_B","Defend_B+1","Defend_B","Defend_B","Zap","Dualcast","Loop","Turbo","Echo Form+1","Conserve Battery","BootSequence","Bandage Up","Sunder","Ball Lightning","Force Field","Static Discharge","Redo","Core Surge","Biased Cognition","CurseOfTheBell","Double Energy","Loop","Force Field","Heatsinks","Chaos","White Noise","Ball Lightning","White Noise","Auto Shields","Core Surge","Core Surge","Biased Cognition","Hello World","Double Energy+1","Amplify","Storm","Steam+1","Aggregate","White Noise+1","Force Field+1","Hello World","expansioncontent:GuardianWhirl","Machine Learning","Capacitor"],"relics":["Cracked Core","Golden Idol","CeramicFish","Bag of Preparation","Ornamental Fan","Odd Mushroom","Incense Burner","Calling Bell","Smiling Mask","Letter Opener","StoneCalendar","Red Mask","Strange Spoon","Bottled Tornado","Ginger","Enchiridion","Tiny House","Lizard Tail","The Courier","Symbiotic Virus","FossilizedHelix","Sundial"],"acts_visited":["Exordium","TheCity","TheBeyond"],"potions_floor_usage":[44,50],"damage_taken":[{"damage":5.0,"enemies":"Small Slimes","floor":1.0,"turns":3.0},{"damage":5.0,"enemies":"Cultist","floor":3.0,"turns":4.0},{"damage":0.0,"enemies":"2 Louse","floor":7.0,"turns":4.0},{"damage":20.0,"enemies":"3 Sentries","floor":8.0,"turns":7.0},{"damage":8.0,"enemies":"Blue Slaver","floor":10.0,"turns":3.0},{"damage":11.0,"enemies":"Gremlin Nob","floor":11.0,"turns":4.0},{"damage":24.0,"enemies":"The Mushroom Lair","floor":13.0,"turns":4.0},{"damage":23.0,"enemies":"3 Sentries","floor":14.0,"turns":5.0},{"damage":38.0,"enemies":"The Guardian","floor":16.0,"turns":9.0},{"damage":6.0,"enemies":"Spheric Guardian","floor":18.0,"turns":4.0},{"damage":34.0,"enemies":"Masked Bandits","floor":20.0,"turns":5.0},{"damage":24.0,"enemies":"2 Thieves","floor":22.0,"turns":4.0},{"damage":4.0,"enemies":"Snake Plant","floor":24.0,"turns":3.0},{"damage":29.0,"enemies":"Sentry and Sphere","floor":28.0,"turns":4.0},{"damage":0.0,"enemies":"Centurion and Healer","floor":31.0,"turns":4.0},{"damage":19.0,"enemies":"Collector","floor":33.0,"turns":7.0},{"damage":18.0,"enemies":"Orb Walker","floor":35.0,"turns":5.0},{"damage":5.0,"enemies":"3 Shapes","floor":37.0,"turns":4.0},{"damage":16.0,"enemies":"Mind Bloom Boss Battle","floor":38.0,"turns":5.0},{"damage":15.0,"enemies":"Writhing Mass","floor":39.0,"turns":4.0},{"damage":37.0,"enemies":"Jaw Worm Horde","floor":41.0,"turns":4.0},{"damage":67,"enemies":"Reptomancer","floor":44,"turns":6},{"damage":0,"enemies":"Giant Head","floor":47,"turns":7},{"damage":19,"enemies":"Donu and Deca","floor":50,"turns":6}],"seed_played":"-8152376752476472967","potions_obtained":[{"floor":1.0,"key":"AttackPotion"},{"floor":3.0,"key":"champ:CounterPotion"},{"floor":11.0,"key":"FocusPotion"},{"floor":13.0,"key":"SteroidPotion"},{"floor":16.0,"key":"Dexterity Potion"},{"floor":18.0,"key":"Strength Potion"},{"floor":33.0,"key":"AttackPotion"},{"floor":34.0,"key":"EssenceOfDarkness"},{"floor":35.0,"key":"Guardian:BlockOnCardUsePotion"},{"floor":38.0,"key":"FairyPotion"},{"floor":47,"key":"SkillPotion"}],"is_trial":false,"path_per_floor":["M","?","M","$","?","R","M","E","T","M","E","R","?","E","R","B",null,"M","?","?","$","M","R","M","T","T","R","M","$","?","M","R","B",null,"M","$","M","?","M","R","M","R","T","E","?","$","E","$","R","B",null],"character_chosen":"DEFECT","items_purchased":["Echo Form","Conserve Battery","Heatsinks","Strange Spoon","Chaos","White Noise","Auto Shields","Core Surge","Amplify","Storm","FossilizedHelix","Capacitor"],"campfire_rested":8,"item_purchase_floors":[4,4,21,21,21,29,29,29,36,36,46,48],"current_hp_per_floor":[63,63,58,58,58,58,66,50,50,46,39,61,41,22,44,10,59,53,53,23,23,3,25,25,25,25,47,18,18,2,10,32,17,66,52,52,55,47,32,56,19,43,43,18,18,18,22,22,46,31],"gold":29,"neow_bonus":"HUNDRED_GOLD","is_daily":false,"chose_seed":false,"campfire_upgraded":1,"win_rate":0.0,"timestamp":1610427380,"path_taken":["M","?","M","$","?","R","M","E","T","?","E","R","?","E","R","BOSS","M","?","?","$","M","R","M","?","T","R","?","$","?","M","R","BOSS","M","$","M","?","M","R","M","R","T","E","?","$","E","?","R","BOSS"],"items_purchased_type":["Card","Card","Card","Relic","Card","Card","Card","Card","Card","Card","Relic","Card"],"build_version":"2020-12-22","purchased_purges":3,"victory":true,"max_hp_per_floor":[75,75,75,75,75,75,75,75,75,75,75,75,75,75,75,75,75,75,75,75,75,75,75,75,75,75,75,75,75,75,75,75,75,80,80,80,80,80,80,80,80,80,80,80,80,80,80,80,80,80],"card_choices":[{"not_picked":["Barrage","Storm"],"picked":"Loop","floor":1.0},{"not_picked":["Leap","Skim"],"picked":"Turbo","floor":3.0},{"not_picked":["BootSequence","Beam Cell"],"picked":"Sunder","floor":7.0},{"not_picked":["Blizzard","Tempest"],"picked":"Ball Lightning","floor":8.0},{"not_picked":["FTL","Barrage"],"picked":"Force Field","floor":10.0},{"not_picked":["Hologram","Sunder"],"picked":"Static Discharge","floor":11.0},{"not_picked":["Turbo","BootSequence"],"picked":"Redo","floor":13.0},{"not_picked":["Gash","Turbo"],"picked":"Core Surge","floor":14.0},{"not_picked":["Rainbow","Meteor Strike"],"picked":"Biased Cognition","floor":16.0},{"not_picked":["Skim","Gash"],"picked":"Double Energy","floor":18.0},{"not_picked":["Glacier","Coolheaded"],"picked":"Force Field","floor":20.0},{"not_picked":["Undo","Recycle","Stack"],"picked":"SKIP","floor":22.0},{"not_picked":["Conserve Battery","BootSequence"],"picked":"White Noise","floor":24.0},{"not_picked":["Darkness","Leap"],"picked":"Ball Lightning","floor":28.0},{"not_picked":["Sweeping Beam","Static Discharge"],"picked":"Core Surge","floor":31.0},{"not_picked":["Creative AI","Core Surge"],"picked":"Biased Cognition","floor":33.0},{"not_picked":["Coolheaded+1","Redo"],"picked":"Hello World","floor":34.0},{"not_picked":["Reprogram+1","Gash"],"picked":"Double Energy+1","floor":35.0},{"not_picked":["Redo","Fusion"],"picked":"Steam+1","floor":37.0},{"not_picked":["Turbo","Blizzard+1"],"picked":"Aggregate","floor":38.0},{"not_picked":["Stack+1","Sweeping Beam"],"picked":"White Noise+1","floor":39.0},{"not_picked":["Gash+1","Undo+1"],"picked":"Force Field+1","floor":41.0},{"not_picked":["Beam Cell+1","Conserve Battery+1"],"picked":"Hello World","floor":44},{"not_picked":["expansioncontent:SlimeTackle","PanicButton"],"picked":"expansioncontent:GuardianWhirl","floor":45},{"not_picked":["Hologram","Ball Lightning+1"],"picked":"Machine Learning","floor":47}],"player_experience":159331,"relics_obtained":[{"floor":8.0,"key":"CeramicFish"},{"floor":9.0,"key":"Bag of Preparation"},{"floor":11.0,"key":"Ornamental Fan"},{"floor":13.0,"key":"Odd Mushroom"},{"floor":14.0,"key":"Incense Burner"},{"floor":17.0,"key":"Smiling Mask"},{"floor":17.0,"key":"Letter Opener"},{"floor":17.0,"key":"StoneCalendar"},{"floor":20.0,"key":"Red Mask"},{"floor":25.0,"key":"Bottled Tornado"},{"floor":26.0,"key":"Ginger"},{"floor":30.0,"key":"Enchiridion"},{"floor":38.0,"key":"Lizard Tail"},{"floor":43.0,"key":"The Courier"},{"floor":44,"key":"Symbiotic Virus"},{"floor":47,"key":"Sundial"}],"event_choices":[{"damage_healed":0.0,"max_hp_gain":0.0,"max_hp_loss":0.0,"gold_gain":0.0,"event_name":"Golden Idol","player_choice":"Take Wound","floor":2.0,"gold_loss":0.0,"damage_taken":0.0,"relics_obtained":["Golden Idol"],"cards_obtained":["Injury"]},{"damage_healed":0.0,"max_hp_gain":0.0,"max_hp_loss":0.0,"gold_gain":0.0,"event_name":"Match and Keep!","player_choice":"2 cards matched","floor":5.0,"gold_loss":0.0,"damage_taken":0.0,"cards_obtained":["BootSequence","Bandage Up"]},{"damage_healed":0.0,"max_hp_gain":0.0,"max_hp_loss":0.0,"gold_gain":0.0,"event_name":"Mushrooms","player_choice":"Fought Mushrooms","floor":13.0,"gold_loss":0.0,"damage_taken":0.0},{"damage_healed":0.0,"max_hp_gain":0.0,"max_hp_loss":0.0,"gold_gain":0.0,"event_name":"The Library","player_choice":"Read","floor":19.0,"gold_loss":0.0,"damage_taken":0.0,"cards_obtained":["Loop"]},{"damage_healed":0.0,"max_hp_gain":0.0,"max_hp_loss":0.0,"gold_gain":0.0,"event_name":"Masked Bandits","player_choice":"Fought Bandits","floor":20.0,"gold_loss":0.0,"damage_taken":0.0},{"damage_healed":0.0,"max_hp_gain":0.0,"max_hp_loss":0.0,"gold_gain":0.0,"event_name":"Cursed Tome","player_choice":"Obtained Book","floor":30.0,"gold_loss":0.0,"damage_taken":16.0},{"damage_healed":0.0,"max_hp_gain":0.0,"max_hp_loss":0.0,"gold_gain":0.0,"event_name":"MindBloom","player_choice":"Fight","floor":38.0,"gold_loss":0.0,"damage_taken":0.0},{"damage_healed":0,"gold_gain":0,"player_choice":"Memory 1","damage_taken":0,"max_hp_gain":0,"max_hp_loss":0,"event_name":"SensoryStone","floor":45,"gold_loss":0}],"is_beta":false,"boss_relics":[{"not_picked":["Black Star","SlaversCollar"],"picked":"Calling Bell"},{"not_picked":["Sozu","Snecko Eye"],"picked":"Tiny House"}],"items_purged_floors":[21,29,36],"is_endless":false,"potions_floor_spawned":[1,3,11,13,16,18,33,35,38,41,47],"ascension_level":8}}