{"host":"a8v0czv88scrgx5i","time":1610443773,"event":{"mods":["2.2 Compatiblity","Act Like it!","Aspiration","Astrologer","Bard","BaseMod","Beaked The Cultist","Better Third Choice","BetterRewards","Colored Map","Colored Powertips","Curses Come First","Dota2Spire","Downfall","Friendly Minions","GifTheSpireLib","GungeonMod","Hermit","Hubris","Infinite Spire","Luminous","Marisa????????","Minty Spire (QoL Compilation)","READ ME - Guardian Mod","Rare Cards Sparkle","Relic Sorter","Replay The Spire","Shade Mod","Shop Mod","StSLib","The Animator","The Blackbeard","The Bug Knight","The Construct","The Cursed","The Disciple","The Elementalist","The Hierophant","The Jungle","The Mystic","The Necromancer","The Runesmith","The Servant 0.9.4","The Spell Scribe","vexMod"],"gold_per_floor":[99,112,262,273,8,8,8,8,25,25,54,68,68,79,91,91,91],"floor_reached":16,"playtime":631,"items_purged":[],"score":102,"play_id":"304cc441-3e0d-48b6-ae2c-29b0bd858e4c","local_time":"20210112042933","is_ascension_mode":false,"campfire_choices":[{"floor":1,"key":"RECALL"},{"floor":6,"key":"REST"},{"floor":8,"key":"REST"}],"circlet_count":0,"master_deck":["sneckomod:Strike+1","sneckomod:Strike","sneckomod:Strike+1","sneckomod:Defend","sneckomod:Defend","sneckomod:Defend","sneckomod:TailWhip","sneckomod:SnekBite","sneckomod:Unknown","sneckomod:Unknown","sneckomod:Nope","sneckomod:WideSting","sneckomod:UnknownX","sneckomod:UnknownClassBLUE+1","sneckomod:Unknown1Cost+1","sneckomod:UnknownX+1","sneckomod:UnknownEthereal+1","sneckomod:UnknownClassSCRIBE_BLUE+1"],"relics":["Fusion Hammer","Toxic Egg 2","Whetstone","infinitespire:Lychee Nut","hubris:Towel"],"acts_visited":["Exordium"],"potions_floor_usage":[14,15,16],"damage_taken":[{"damage":0,"enemies":"infinitespire:Voidling","floor":2,"turns":2},{"damage":0,"enemies":"2 Louse","floor":4,"turns":2},{"damage":4,"enemies":"downfall:FleeingMerchant","floor":5,"turns":4},{"damage":0,"enemies":"Jaw Worm","floor":9,"turns":2},{"damage":22,"enemies":"Gremlin Nob","floor":11,"turns":4},{"damage":11,"enemies":"2 Fungi Beasts","floor":12,"turns":3},{"damage":1,"enemies":"Blue Slaver","floor":14,"turns":2},{"damage":0,"enemies":"Lots of Slimes","floor":15,"turns":2},{"damage":70,"enemies":"downfall:Ironclad","floor":16,"turns":6}],"seed_played":"-208164319927786618","potions_obtained":[{"floor":2,"key":"DuplicationPotion"},{"floor":9,"key":"DuplicationPotion"},{"floor":14,"key":"Swift Potion"}],"is_trial":false,"path_per_floor":["R","M","?","M","$","R","T","R","M","?","E","M","?","M","M","B"],"character_chosen":"THE_SNECKO","items_purchased":["Toxic Egg 2"],"campfire_rested":2,"item_purchase_floors":[5],"current_hp_per_floor":[90,90,90,90,86,90,90,90,90,90,67,60,60,62,65,0,0],"gold":91,"neow_bonus":"BOSS_RELIC","is_daily":false,"chose_seed":false,"campfire_upgraded":0,"win_rate":0.0,"timestamp":1610443773,"path_taken":["R","?","?","M","$","R","T","R","M","?","E","M","?","M","M","BOSS"],"items_purchased_type":["Relic"],"build_version":"2020-12-22","purchased_purges":0,"victory":false,"max_hp_per_floor":[90,90,90,90,90,90,90,90,90,90,67,67,67,67,67,67,67],"card_choices":[{"not_picked":["sneckomod:DefensiveFlair","sneckomod:UnknownClassMARISA_COLOR"],"picked":"sneckomod:Nope","floor":2},{"not_picked":["sneckomod:UnknownWeak","sneckomod:ImprovisedGuard"],"picked":"sneckomod:WideSting","floor":4},{"not_picked":["sneckomod:Unknown1Cost","sneckomod:UnknownClassTHE_CHAMP_GRAY"],"picked":"sneckomod:UnknownX","floor":5},{"not_picked":["sneckomod:UnknownCommonAttack","sneckomod:QuickMove+1"],"picked":"sneckomod:UnknownClassBLUE+1","floor":9},{"not_picked":["sneckomod:Mudshield","sneckomod:SoulRoll+1"],"picked":"sneckomod:Unknown1Cost+1","floor":11},{"not_picked":["sneckomod:QuickBite","sneckomod:WideSting"],"picked":"sneckomod:UnknownX+1","floor":12},{"not_picked":["sneckomod:RainOfDice","sneckomod:MasterEye"],"picked":"sneckomod:UnknownEthereal+1","floor":14},{"not_picked":["sneckomod:MasterEye","sneckomod:UnknownClassTHE_CHAMP_GRAY+1"],"picked":"sneckomod:UnknownClassSCRIBE_BLUE+1","floor":15}],"player_experience":952822,"relics_obtained":[{"floor":7,"key":"Whetstone"},{"floor":11,"key":"infinitespire:Lychee Nut"}],"event_choices":[{"cards_removed":["Slimebound:Icky"],"damage_healed":0,"gold_gain":0,"player_choice":"Card Removal","damage_taken":0,"max_hp_gain":0,"max_hp_loss":0,"event_name":"The Cleric","floor":10,"gold_loss":0}],"is_beta":false,"boss_relics":[],"items_purged_floors":[],"is_endless":false,"potions_floor_spawned":[2,9,14],"killed_by":"downfall:Ironclad","ascension_level":0}}