{"host":"egwexuw5uvnxf11j","time":1610432370,"event":{"mods":["2.2 Compatiblity","Aspiration","BaseMod","Better Altar","Better Note","Better Sensory Stone","Better Third Choice","Displayed Cursed Tome","Downfall","Hermit","Key Reminder","Koishi","Marisa????????","Minty Spire (QoL Compilation)","Quick Restart","Shade Mod","Spicy Shops","StSLib","The Construct","The Cursed","The Hierophant","The Runesmith","The Senshi","The Servant 0.9.4","Transform Curses"],"gold_per_floor":[114,114,134,134,151,151,185,198,243,243,278,278,299,327,327,433,433,461,488,262,284,13,13,13,13],"floor_reached":24,"playtime":1288,"items_purged":[],"score":218,"play_id":"a286dca5-4bf3-42a8-94e3-8c94b6fe9b65","local_time":"20210112011930","is_ascension_mode":true,"campfire_choices":[{"data":"hermit:HighCaliber","floor":6,"key":"SMITH"},{"floor":10,"key":"REST"},{"floor":15,"key":"REST"},{"floor":23,"key":"REST"}],"circlet_count":0,"master_deck":["hermit:Strike_Hermit","hermit:Strike_Hermit","hermit:Strike_Hermit","hermit:Strike_Hermit+1","hermit:Defend_Hermit","hermit:Defend_Hermit","hermit:Defend_Hermit","hermit:Snapshot+1","hermit:Covet","hermit:HighCaliber+1","hermit:LowProfile","hermit:ItchyTrigger","hermit:Quickdraw","hermit:Maintenance","hermit:Headshot","hermit:Glare","hermit:Vantage","hermit:Vantage","hermit:FatalDesire","hermit:Shortfuse","hermit:Snipe+1","hermit:Shortfuse","hermit:GhostlyPresence","hermit:TrackingShot","hermit:Determination","hermit:SprayPray"],"relics":["hermit:Momento","Question Card","keyreminder:keyreminder","Boot","CeramicFish","Lantern","construct:ClawGrip","aspiration:StickyExplosives_weak"],"acts_visited":["Exordium","TheCity"],"potions_floor_usage":[7,16,24,24],"damage_taken":[{"damage":0,"enemies":"Small Slimes","floor":1,"turns":2},{"damage":0,"enemies":"2 Louse","floor":3,"turns":2},{"damage":0,"enemies":"Cultist","floor":5,"turns":2},{"damage":7,"enemies":"3 Sentries","floor":7,"turns":4},{"damage":4,"enemies":"Blue Slaver","floor":8,"turns":3},{"damage":21,"enemies":"Lagavulin","floor":11,"turns":5},{"damage":1,"enemies":"3 Louse","floor":13,"turns":3},{"damage":11,"enemies":"Large Slime","floor":14,"turns":4},{"damage":26,"enemies":"The Guardian","floor":16,"turns":11},{"damage":43,"enemies":"3 Byrds","floor":18,"turns":9},{"damage":10,"enemies":"2 Thieves","floor":19,"turns":5},{"damage":16,"enemies":"Centurion and Healer","floor":21,"turns":5},{"damage":34,"enemies":"Book of Stabbing","floor":24,"turns":4}],"seed_played":"-8748410832892252488","potions_obtained":[{"floor":5,"key":"hexamod:EctoCoolerPotion"},{"floor":7,"key":"Regen Potion"},{"floor":8,"key":"BlessingOfTheForge"},{"floor":13,"key":"Fire Potion"},{"floor":19,"key":"sneckomod:MuddlingPotion"},{"floor":21,"key":"hermit:Tonic"}],"is_trial":false,"path_per_floor":["M","?","M","?","M","R","E","M","T","R","E","?","M","M","R","B",null,"M","M","$","M","$","R","E"],"character_chosen":"HERMIT","items_purchased":["aspiration:StickyExplosives_weak","hermit:Shortfuse","hermit:GhostlyPresence","hermit:Determination","hermit:SprayPray"],"campfire_rested":3,"item_purchase_floors":[20,20,20,22,22],"current_hp_per_floor":[75,60,60,60,60,60,53,49,49,71,50,47,46,35,57,31,75,32,22,22,6,6,28,0,0],"gold":13,"neow_bonus":"THREE_CARDS","is_daily":false,"chose_seed":false,"campfire_upgraded":1,"win_rate":0.0,"timestamp":1610432370,"path_taken":["M","?","M","?","M","R","E","?","T","R","E","?","M","M","R","BOSS","M","M","$","M","$","R","E"],"items_purchased_type":["Relic","Card","Card","Card","Card"],"build_version":"2020-12-22","purchased_purges":0,"victory":false,"max_hp_per_floor":[75,75,75,75,75,75,75,75,75,75,75,75,75,75,75,75,75,75,75,75,75,75,75,75,75],"card_choices":[{"not_picked":["hermit:Scavenge","hermit:LuckOfTheDraw"],"picked":"hermit:HighCaliber","floor":0},{"not_picked":["hermit:WideOpen","hermit:BodyArmor"],"picked":"hermit:LowProfile","floor":1},{"not_picked":["hermit:LuckOfTheDraw","hermit:DeadMansHand"],"picked":"hermit:ItchyTrigger","floor":3},{"not_picked":["hermit:BodyArmor","hermit:Midnight"],"picked":"hermit:Quickdraw","floor":5},{"not_picked":["hermit:FlashPowder","hermit:TakeAim"],"picked":"hermit:Maintenance","floor":7},{"not_picked":["hermit:Roulette","hermit:NoHoldsBarred","hermit:Misfire"],"picked":"hermit:Headshot","floor":8},{"not_picked":["hermit:EternalForm","hermit:Quickdraw","hermit:Scavenge"],"picked":"hermit:Glare","floor":11},{"not_picked":["hermit:TakeAim","hermit:Combo","hermit:ItchyTrigger"],"picked":"hermit:Vantage","floor":13},{"not_picked":["hermit:FlashPowder","hermit:LowProfile","hermit:CalledShot"],"picked":"hermit:Vantage","floor":14},{"not_picked":["hermit:BlackWind","hermit:RoundhouseKick","hermit:EternalForm"],"picked":"hermit:FatalDesire","floor":16},{"not_picked":["hermit:Dive+1","hermit:TrackingShot","hermit:Scavenge"],"picked":"hermit:Shortfuse","floor":18},{"not_picked":["hermit:CursedWeapon","hermit:BodyArmor","hermit:Malice"],"picked":"hermit:Snipe+1","floor":19},{"not_picked":["hermit:Horror","hermit:LowProfile","hermit:DeadMansHand"],"picked":"hermit:TrackingShot","floor":21}],"player_experience":2216623,"relics_obtained":[{"floor":7,"key":"Question Card"},{"floor":9,"key":"Boot"},{"floor":11,"key":"CeramicFish"}],"event_choices":[{"damage_healed":75,"gold_gain":0,"player_choice":"Upgrade","damage_taken":15,"max_hp_gain":0,"max_hp_loss":75,"event_name":"betterThird:BetterShining","floor":2,"gold_loss":0,"cards_upgraded":["hermit:Strike_Hermit","hermit:Snapshot"]},{"cards_removed":["hermit:Defend_Hermit"],"damage_healed":0,"gold_gain":0,"player_choice":"Offered Basic","damage_taken":0,"max_hp_gain":0,"max_hp_loss":0,"event_name":"Bonfire Elementals","floor":4,"gold_loss":0},{"damage_healed":0,"gold_gain":0,"player_choice":"Relic ","damage_taken":3,"max_hp_gain":0,"max_hp_loss":0,"event_name":"betterThird:BetterScrap","floor":12,"gold_loss":0,"cards_obtained":["Metallicize"]}],"is_beta":false,"boss_relics":[{"not_picked":["Snecko Eye","Runic Pyramid"],"picked":"construct:ClawGrip"}],"items_purged_floors":[],"is_endless":false,"potions_floor_spawned":[5,7,8,13,19,21],"killed_by":"Book of Stabbing","ascension_level":1}}