{"host":"qd0djjbxud4lzzbr","time":1610483175,"event":{"mods":["AchievementEnabler","BaseMod","Bestiary","Minty Spire (QoL Compilation)","StSLib","UnlockEverythingMod"],"gold_per_floor":[112,112,37,53,53,88,102,115,139,154,183,183,258,273,273,372,372,391,416,416,416,87,87,122,139,165,178,189,189,189],"floor_reached":29,"language":"ZHS","playtime":1097,"items_purged":["Defend_B"],"score":280,"play_id":"737de11e-28a5-4787-8b1e-d6ded1f27ad0","local_time":"20210113042615","is_ascension_mode":false,"campfire_choices":[{"data":"Zap","floor":15,"key":"SMITH"},{"data":"Amplify","floor":23,"key":"SMITH"}],"circlet_count":0,"master_deck":["Strike_B","Strike_B+1","Defend_B+1","Defend_B","Zap+1","Dualcast","Go for the Eyes","Conserve Battery","Self Repair","Electrodynamics","Rebound","Melter","Conserve Battery","Loop","Amplify+1","Beam Cell+1","Loop","Transmutation","Capacitor","Defragment","Defragment+1","Defragment"],"relics":["Cracked Core","NeowsBlessing","Tiny Chest","Anchor","SlaversCollar","Nunchaku","Chemical X","Omamori","Boot"],"acts_visited":["Exordium","TheCity"],"potions_floor_usage":[11,16,25,29],"damage_taken":[{"damage":0,"enemies":"Jaw Worm","floor":1,"turns":1},{"damage":0,"enemies":"Cultist","floor":4,"turns":1},{"damage":0,"enemies":"3 Sentries","floor":6,"turns":1},{"damage":5,"enemies":"2 Louse","floor":7,"turns":4},{"damage":2,"enemies":"Red Slaver","floor":8,"turns":3},{"damage":11,"enemies":"Large Slime","floor":10,"turns":5},{"damage":23,"enemies":"Lagavulin","floor":11,"turns":5},{"damage":0,"enemies":"Looter","floor":14,"turns":3},{"damage":13,"enemies":"The Guardian","floor":16,"turns":10},{"damage":0,"enemies":"Spheric Guardian","floor":18,"turns":1},{"damage":25,"enemies":"Book of Stabbing","floor":24,"turns":6},{"damage":32,"enemies":"2 Thieves","floor":25,"turns":5},{"damage":23,"enemies":"3 Cultists","floor":27,"turns":4},{"damage":13,"enemies":"Snecko","floor":28,"turns":4},{"damage":20,"enemies":"Shelled Parasite and Fungi","floor":29,"turns":3}],"seed_played":"5832487850999374295","potions_obtained":[{"floor":6,"key":"Explosive Potion"},{"floor":7,"key":"Dexterity Potion"},{"floor":8,"key":"SkillPotion"},{"floor":16,"key":"SmokeBomb"},{"floor":18,"key":"Dexterity Potion"},{"floor":25,"key":"SteroidPotion"},{"floor":27,"key":"GamblersBrew"}],"is_trial":false,"path_per_floor":["M","?","$","M","?","E","M","M","T","M","E","?","?","M","R","B",null,"M","T","?","?","$","R","E","M","T","M","M","M"],"character_chosen":"DEFECT","items_purchased":["Chemical X","Transmutation"],"campfire_rested":0,"item_purchase_floors":[22,22],"current_hp_per_floor":[75,75,75,75,75,75,75,75,75,71,55,40,29,36,36,30,75,75,75,75,75,75,75,57,39,39,23,17,0,0],"gold":189,"neow_bonus":"THREE_ENEMY_KILL","is_daily":false,"chose_seed":false,"campfire_upgraded":2,"win_rate":0.0,"timestamp":1610483175,"path_taken":["M","?","?","M","?","E","M","M","T","?","E","?","?","M","R","BOSS","M","?","?","?","$","R","E","?","T","M","M","M"],"items_purchased_type":["Relic","Card"],"build_version":"2020-12-22","purchased_purges":1,"victory":false,"max_hp_per_floor":[75,75,75,75,75,75,75,75,75,75,75,75,75,75,75,75,75,75,75,75,75,75,75,75,75,75,75,75,75,75],"card_choices":[{"not_picked":["Darkness","Streamline"],"picked":"Go for the Eyes","floor":1},{"not_picked":["Force Field","Sunder"],"picked":"Conserve Battery","floor":4},{"not_picked":["Compile Driver","Tempest"],"picked":"Self Repair","floor":6},{"not_picked":["Heatsinks","Sweeping Beam"],"picked":"Electrodynamics","floor":7},{"not_picked":["Leap","Cold Snap"],"picked":"Rebound","floor":8},{"not_picked":["Leap","Gash"],"picked":"Melter","floor":10},{"not_picked":["Turbo","Genetic Algorithm"],"picked":"Conserve Battery","floor":11},{"not_picked":["Turbo","Ball Lightning"],"picked":"Loop","floor":14},{"not_picked":["Hyperbeam","Reboot"],"picked":"Amplify","floor":16},{"not_picked":["Stack","Hologram"],"picked":"Beam Cell+1","floor":18},{"not_picked":["Coolheaded","Compile Driver+1"],"picked":"Capacitor","floor":24},{"not_picked":["Coolheaded","Redo"],"picked":"Defragment","floor":25},{"not_picked":["Leap+1","Blizzard"],"picked":"Defragment+1","floor":27},{"not_picked":["Darkness","Fusion"],"picked":"Defragment","floor":28}],"player_experience":42326,"relics_obtained":[{"floor":6,"key":"Tiny Chest"},{"floor":11,"key":"Anchor"},{"floor":19,"key":"Nunchaku"},{"floor":24,"key":"Omamori"},{"floor":26,"key":"Boot"}],"event_choices":[{"cards_removed":["Strike_B"],"damage_healed":0,"gold_gain":0,"player_choice":"Purged","damage_taken":0,"max_hp_gain":0,"max_hp_loss":0,"event_name":"Purifier","floor":2,"gold_loss":0},{"cards_removed":["Defend_B"],"damage_healed":0,"gold_gain":0,"player_choice":"Card Removal","damage_taken":0,"max_hp_gain":0,"max_hp_loss":0,"event_name":"Wheel of Change","floor":5,"gold_loss":0},{"damage_healed":0,"gold_gain":0,"player_choice":"Entered Light","damage_taken":15,"max_hp_gain":0,"max_hp_loss":0,"event_name":"Shining Light","floor":12,"gold_loss":0,"cards_upgraded":["Defend_B","Strike_B"]},{"damage_healed":0,"gold_gain":75,"player_choice":"Gather Gold","damage_taken":11,"max_hp_gain":0,"max_hp_loss":0,"event_name":"World of Goop","floor":13,"gold_loss":0},{"damage_healed":0,"gold_gain":0,"player_choice":"Read","damage_taken":0,"max_hp_gain":0,"max_hp_loss":0,"event_name":"The Library","floor":20,"gold_loss":0,"cards_obtained":["Loop"]},{"cards_removed":["Strike_B"],"damage_healed":0,"gold_gain":0,"player_choice":"Purged","damage_taken":0,"max_hp_gain":0,"max_hp_loss":0,"event_name":"Purifier","floor":21,"gold_loss":0}],"is_beta":false,"boss_relics":[{"not_picked":["Empty Cage","Velvet Choker"],"picked":"SlaversCollar"}],"items_purged_floors":[3],"is_endless":false,"potions_floor_spawned":[6,7,8,16,18,25,27],"killed_by":"Shelled Parasite and Fungi","ascension_level":0}}