{"host":"r53pw7z744tg3fxg","time":1610475990,"event":{"mods":["AchievementEnabler","BaseMod","Colored Map","Colored Powertips","Highlight Path","Minty Spire (QoL Compilation)","Quick Restart","Transform Curses"],"gold_per_floor":[109,284,23,39,53,88,88,88,88],"floor_reached":8,"playtime":521,"items_purged":["Doubt"],"score":92,"play_id":"8a5d6ea2-5705-4a0b-b812-1b8dfd7dedc6","local_time":"20210112112630","is_ascension_mode":true,"campfire_choices":[{"floor":7,"key":"REST"}],"circlet_count":0,"master_deck":["AscendersBane","Strike_P","Strike_P","Strike_P","Strike_P","Defend_P","Defend_P","Defend_P","Defend_P","Eruption","Vigilance","ThirdEye","Wallop","InnerPeace","Evaluate","EmptyBody"],"relics":["PureWater","Juzu Bracelet","Damaru","Orichalcum"],"acts_visited":["Exordium"],"potions_floor_usage":[8],"damage_taken":[{"damage":2.0,"enemies":"2 Louse","floor":1.0,"turns":5.0},{"damage":0.0,"enemies":"Jaw Worm","floor":4.0,"turns":4.0},{"damage":8.0,"enemies":"Small Slimes","floor":5.0,"turns":4.0},{"damage":35,"enemies":"Lagavulin","floor":6,"turns":10},{"damage":65,"enemies":"Gremlin Nob","floor":8,"turns":5}],"seed_played":"-8986954131386205158","potions_obtained":[{"floor":6,"key":"StancePotion"}],"is_trial":false,"path_per_floor":["M","?","$","M","M","E","R","E"],"character_chosen":"WATCHER","items_purchased":["Damaru","Wallop"],"campfire_rested":1,"item_purchase_floors":[3,3],"current_hp_per_floor":[63,63,63,63,55,20,41,0,0],"gold":88,"neow_bonus":"RANDOM_COMMON_RELIC","is_daily":false,"chose_seed":false,"campfire_upgraded":0,"win_rate":0.0,"timestamp":1610475990,"path_taken":["M","?","?","M","M","E","R","E"],"items_purchased_type":["Relic","Card"],"build_version":"2020-12-22","purchased_purges":1,"victory":false,"max_hp_per_floor":[72,72,72,72,72,72,72,72,72],"card_choices":[{"not_picked":["Crescendo","EmptyFist"],"picked":"ThirdEye","floor":1.0},{"not_picked":["ThirdEye","Crescendo"],"picked":"InnerPeace","floor":4.0},{"not_picked":["Perseverance","FlyingSleeves"],"picked":"Evaluate","floor":5.0},{"not_picked":["SandsOfTime","Consecrate"],"picked":"EmptyBody","floor":6}],"player_experience":1237715,"relics_obtained":[{"floor":6,"key":"Orichalcum"}],"event_choices":[{"damage_healed":0.0,"max_hp_gain":0.0,"max_hp_loss":0.0,"gold_gain":175.0,"event_name":"Liars Game","player_choice":"AGREE","floor":2.0,"gold_loss":0.0,"damage_taken":0.0,"cards_obtained":["Doubt"]}],"is_beta":false,"boss_relics":[],"items_purged_floors":[3],"is_endless":false,"potions_floor_spawned":[6],"killed_by":"Gremlin Nob","ascension_level":13}}