{"host":"refsn2q8at3dn95k","time":1610425126,"event":{"mods":["BaseMod","Hubris","Infinite Spire","Minty Spire (QoL Compilation)","Replay The Spire","StSLib","The Jungle"],"gold_per_floor":[362,362,362,376,395,395,410,410,455,134,152,168,18,46,46,46,46],"floor_reached":16,"playtime":1398,"items_purged":["Defend_R","Defend_R"],"score":173,"play_id":"ff84c4a7-5548-4a54-bf0f-bee7b7f83f31","local_time":"20210111221846","is_ascension_mode":true,"campfire_choices":[{"floor":6,"key":"REST"},{"floor":8,"key":"REST"},{"floor":15,"key":"REST"}],"circlet_count":0,"master_deck":["AscendersBane","Echo Form+1","Strike_R","Strike_R","Strike_R","Strike_R","Strike_R","Defend_R","Bash","Clash","Clash","ReplayUltimateDefense","Immolate","Life Link","Flame Barrier"],"relics":["Burning Blood","BargainBundle","infinitespire:PuzzleCube"],"acts_visited":["Exordium"],"potions_floor_usage":[7,11,14],"damage_taken":[{"damage":15,"enemies":"Small Slimes","floor":1,"turns":4},{"damage":12,"enemies":"Jaw Worm","floor":4,"turns":3},{"damage":1,"enemies":"Cultist","floor":5,"turns":4},{"damage":32,"enemies":"Lots of Slimes","floor":7,"turns":4},{"damage":0,"enemies":"2 Fungi Beasts","floor":11,"turns":3},{"damage":17,"enemies":"Looter","floor":12,"turns":3},{"damage":50,"enemies":"3 Sentries","floor":14,"turns":7},{"damage":47,"enemies":"The Guardian","floor":16,"turns":8}],"seed_played":"4440652997387163011","potions_obtained":[{"floor":5,"key":"ColorlessPotion"},{"floor":7,"key":"SpeedPotion"},{"floor":14,"key":"SpeedPotion"}],"is_trial":false,"path_per_floor":["M","?","?","M","M","R","M","R","T","$","M","M","$","E","R","B"],"character_chosen":"IRONCLAD","items_purchased":["BargainBundle","ReplayUltimateDefense","Immolate","SkillPotion","Life Link","BloodPotion"],"campfire_rested":3,"item_purchase_floors":[10,10,10,10,10,13],"current_hp_per_floor":[41,41,41,35,40,62,36,58,58,58,64,53,53,24,46,0,0],"gold":46,"neow_bonus":"TWO_FIFTY_GOLD","is_daily":false,"chose_seed":false,"campfire_upgraded":0,"win_rate":0.0,"timestamp":1610425126,"path_taken":["M","?","?","M","?","R","M","R","T","$","?","M","$","E","R","BOSS"],"items_purchased_type":["Relic","Card","Card","Potion","Card","Potion"],"build_version":"2020-12-22","purchased_purges":2,"victory":false,"max_hp_per_floor":[75,75,75,75,75,75,75,75,75,75,75,75,75,75,75,75,75],"card_choices":[{"not_picked":["Body Slam","Dark Embrace","Spot Weakness"],"picked":"SKIP","floor":1},{"not_picked":["Whirlwind","Wild Strike","Abandon"],"picked":"SKIP","floor":4},{"not_picked":["Havoc","Combust"],"picked":"Clash","floor":5},{"not_picked":["Flex","Burning Pact"],"picked":"Clash","floor":7},{"not_picked":["Clash","Anger"],"picked":"Flame Barrier","floor":11},{"not_picked":["Disarm","Blood for Blood","Exhume"],"picked":"SKIP","floor":12},{"not_picked":["Headbutt","Feel No Pain","hubris:SharpeningStone"],"picked":"SKIP","floor":14}],"player_experience":1628730,"relics_obtained":[{"floor":14,"key":"infinitespire:PuzzleCube"}],"event_choices":[{"cards_removed":["Defend_R"],"damage_healed":0,"gold_gain":0,"player_choice":"Offered Basic","damage_taken":0,"max_hp_gain":0,"max_hp_loss":0,"event_name":"Bonfire Elementals","floor":3,"gold_loss":0}],"is_beta":false,"boss_relics":[],"items_purged_floors":[10,13],"is_endless":false,"potions_floor_spawned":[5,7,14],"killed_by":"The Guardian","ascension_level":14}}