{"host":"t4313i2190y6fz3q","time":1610412266,"event":{"mods":["2.2 Compatiblity","AchievementEnabler","Act Like it!","BaseMod","Colored Powertips","Downfall","Highlight Path","Minty Spire (QoL Compilation)","Permanent Neow","Quick Restart","Rare Cards Sparkle","StSLib"],"gold_per_floor":[118,131,131,150,325,359,359,41,117,117,117,151,168,183,183,183,183],"floor_reached":16,"playtime":405,"items_purged":["Doubt"],"score":160,"play_id":"80af94fe-391d-48fe-b4f6-a18aed68007f","local_time":"20210111164426","is_ascension_mode":true,"campfire_choices":[{"data":"Zap","floor":7,"key":"SMITH"},{"floor":11,"key":"REST"},{"data":"Biased Cognition","floor":15,"key":"SMITH"}],"circlet_count":0,"master_deck":["Strike_B","Strike_B","Strike_B+1","Strike_B","Defend_B","Defend_B","Defend_B","Defend_B","Zap+1","Dualcast+1","Biased Cognition+1","Chaos","Ball Lightning","Conserve Battery","Redo","Thunder Strike","Gash","Genetic Algorithm"],"relics":["Cracked Core","Blood Vial","Omamori","Membership Card","Cables","Kunai","Darkstone Periapt"],"acts_visited":["Exordium"],"potions_floor_usage":[16],"damage_taken":[{"damage":0,"enemies":"2 Louse","floor":1,"turns":1},{"damage":9,"enemies":"Jaw Worm","floor":2,"turns":3},{"damage":0,"enemies":"Small Slimes","floor":4,"turns":2},{"damage":30,"enemies":"3 Sentries","floor":6,"turns":5},{"damage":20,"enemies":"Lagavulin","floor":12,"turns":5},{"damage":0,"enemies":"Blue Slaver","floor":13,"turns":3},{"damage":1,"enemies":"Looter","floor":14,"turns":2},{"damage":14,"enemies":"Hexaghost","floor":16,"turns":7}],"seed_played":"-4092787905121879819","potions_obtained":[{"floor":2,"key":"Swift Potion"},{"floor":6,"key":"champ:CounterPotion"},{"floor":12,"key":"Strength Potion"}],"is_trial":false,"path_per_floor":["M","M","?","M","?","E","R","$","T","?","R","E","M","M","R","B"],"character_chosen":"DEFECT","items_purchased":["Membership Card","Cables"],"campfire_rested":1,"item_purchase_floors":[8,8],"current_hp_per_floor":[68,59,52,54,54,26,26,26,26,11,33,15,17,18,18,6,6],"gold":183,"neow_bonus":"ONE_RANDOM_RARE_CARD","is_daily":false,"chose_seed":false,"campfire_upgraded":2,"win_rate":0.0,"timestamp":1610412266,"path_taken":["M","M","?","M","?","E","R","?","T","?","R","E","?","M","R","BOSS"],"items_purchased_type":["Relic","Relic"],"build_version":"2020-12-22","purchased_purges":1,"victory":false,"max_hp_per_floor":[75,75,75,75,75,75,75,75,75,75,75,75,75,75,75,75,75],"card_choices":[{"not_picked":["Streamline","Beam Cell"],"picked":"Chaos","floor":1},{"not_picked":["Stack","Fusion"],"picked":"Ball Lightning","floor":2},{"not_picked":["Compile Driver","Ball Lightning"],"picked":"Conserve Battery","floor":4},{"not_picked":["Streamline","Reprogram"],"picked":"Redo","floor":6},{"not_picked":["Barrage","BootSequence"],"picked":"Thunder Strike","floor":12},{"not_picked":["Ball Lightning","Force Field"],"picked":"Gash","floor":13},{"not_picked":["Steam","Turbo"],"picked":"Genetic Algorithm","floor":14}],"player_experience":256616,"relics_obtained":[{"floor":6,"key":"Omamori"},{"floor":9,"key":"Kunai"},{"floor":12,"key":"Darkstone Periapt"}],"event_choices":[{"damage_healed":0,"gold_gain":0,"player_choice":"Success","damage_taken":7,"relics_obtained":["Blood Vial"],"max_hp_gain":0,"max_hp_loss":0,"event_name":"Scrap Ooze","floor":3,"gold_loss":0},{"damage_healed":0,"gold_gain":175,"player_choice":"AGREE","damage_taken":0,"max_hp_gain":0,"max_hp_loss":0,"event_name":"Liars Game","floor":5,"gold_loss":0,"cards_obtained":["Doubt"]},{"damage_healed":0,"gold_gain":0,"player_choice":"Entered Light","damage_taken":15,"max_hp_gain":0,"max_hp_loss":0,"event_name":"Shining Light","floor":10,"gold_loss":0,"cards_upgraded":["Strike_B","Dualcast"]}],"is_beta":false,"boss_relics":[],"items_purged_floors":[8],"is_endless":false,"potions_floor_spawned":[2,6,12],"killed_by":"Hexaghost","ascension_level":9}}