{"host":"ooy9sn8qgs7oliwr","time":1610444992,"event":{"mods":["ATMod(阿瑾Mod)","Act Like it!","BaseMod","BetterRewards","Minty Spire (QoL Compilation)","Pale of the Ancients","Prisma Mod","Remilia_Scarlet Moed（蕾米莉亚・斯卡雷特）3.3.5","Replay The Spire","RumiaBox-露米娅的神秘盒子","StSLib","The Alterego","The Jungle","Yakumo Yukari mod","【遗物卡牌】REMEMod"],"gold_per_floor":[119,136,136,86,86,111,126,156,156,168,185,185,214,233,233,331,331,346,361,373,298,373,386,418,429,452,452,466,499,188,203,203,308,308,320,332,368,378,378,408,408,408,408],"floor_reached":42,"playtime":2415,"items_purged":[],"score":517,"play_id":"6ac06ccd-f76e-435e-a2ab-3791f6ba26f1","local_time":"20210112174952","is_ascension_mode":false,"campfire_choices":[{"data":"alterego_mod:TrickOrTreatment","floor":12.0,"key":"SMITH"},{"data":"Demonic Infusion","floor":15.0,"key":"SMITH"},{"data":"Bloodletting","floor":27.0,"key":"SMITH"},{"data":"Sword Boomerang","floor":32.0,"key":"SMITH"}],"circlet_count":0,"master_deck":["Strike_R","Defend_R","Defend_R","Defend_R","Demonic Infusion+1","alterego_mod:TrickOrTreatment+1","AT_DrawKnifeCut+1","Inflame+1","Disarm","Replay:Undeath\u0027s Touch","Replay:Many Hands","REME_ACTH+1","Sword Boomerang+1","Reaper","Bloodletting+1","Flame Barrier+1","REME_FearOfPain+1","ReplayTheSpireMod:Necrogeddon"],"relics":["Burning Blood","AT_ATBox","REME_ComplimentaryCards","Snack Pack","Garlic","Strawberry","AT_SilvercatRing","Ornamental Fan","Replay:Drink Me","Replay:Bottled Flurry","Toy Ornithopter","Gremlin Horn","MoreBug","ChewingGum","PlanX","ReplayTheSpireMod:Ninjato"],"acts_visited":["Exordium","TheCity","TheBeyond"],"potions_floor_usage":[33,33,33,42,42,42],"damage_taken":[{"damage":1.0,"enemies":"Cultist","floor":1.0,"turns":4.0},{"damage":15.0,"enemies":"Small Slimes","floor":2.0,"turns":4.0},{"damage":21.0,"enemies":"Lagavulin","floor":6.0,"turns":6.0},{"damage":3.0,"enemies":"Jaw Worm","floor":7.0,"turns":3.0},{"damage":6.0,"enemies":"Gremlin Nob","floor":8.0,"turns":4.0},{"damage":7.0,"enemies":"Looter","floor":10.0,"turns":2.0},{"damage":4.0,"enemies":"Lots of Slimes","floor":11.0,"turns":2.0},{"damage":29.0,"enemies":"Replay:BlueRogue","floor":13.0,"turns":4.0},{"damage":8.0,"enemies":"Exordium Thugs","floor":14.0,"turns":4.0},{"damage":67.0,"enemies":"Slime Boss","floor":16.0,"turns":9.0},{"damage":4.0,"enemies":"Spheric Guardian","floor":18.0,"turns":3.0},{"damage":3.0,"enemies":"2 Thieves","floor":19.0,"turns":2.0},{"damage":18.0,"enemies":"Shelled Parasite and Fungi","floor":20.0,"turns":3.0},{"damage":4.0,"enemies":"Chosen and Byrds","floor":23.0,"turns":2.0},{"damage":32.0,"enemies":"Gremlin Leader","floor":24.0,"turns":4.0},{"damage":15.0,"enemies":"Centurion and Healer","floor":25.0,"turns":4.0},{"damage":3.0,"enemies":"Snake Plant","floor":28.0,"turns":3.0},{"damage":6.0,"enemies":"Book of Stabbing","floor":29.0,"turns":4.0},{"damage":10.0,"enemies":"3 Cultists","floor":31.0,"turns":3.0},{"damage":10,"enemies":"Automaton","floor":33,"turns":5},{"damage":13,"enemies":"3 Shapes","floor":35,"turns":2},{"damage":3,"enemies":"3 Darklings","floor":36,"turns":2},{"damage":12,"enemies":"Transient","floor":38,"turns":5},{"damage":27,"enemies":"Nemesis","floor":40,"turns":5},{"damage":117,"enemies":"Nemesis","floor":42,"turns":13}],"seed_played":"-4766336137268312165","potions_obtained":[{"floor":8.0,"key":"Regen Potion"},{"floor":11.0,"key":"Energy Potion"},{"floor":13.0,"key":"SteroidPotion"},{"floor":14.0,"key":"Languid Potion"},{"floor":18.0,"key":"BlessingOfTheForge"},{"floor":19.0,"key":"EssenceOfSteel"},{"floor":20.0,"key":"EntropicBrew"},{"floor":25.0,"key":"Ancient Potion"},{"floor":36,"key":"Adrenaline Potion"}],"is_trial":false,"path_per_floor":["M","M","T","?","?","E","M","E","T","M","M","R","E","M","R","B",null,"M","M","M","?","?","M","E","M","T","R","M","E","$","M","R","B",null,"M","M","?","M","?","E","?","?"],"character_chosen":"IRONCLAD","items_purchased":["MoreBug"],"campfire_rested":0,"item_purchase_floors":[30],"current_hp_per_floor":[80,71,71,71,71,58,61,68,68,67,73,73,54,65,65,20,66,66,66,56,56,50,56,49,62,62,62,65,66,66,66,66,66,66,66,66,66,66,66,51,41,0,0],"gold":408,"neow_bonus":"ONE_RANDOM_RARE_CARD","is_daily":false,"chose_seed":false,"campfire_upgraded":4,"win_rate":0.0,"timestamp":1610444992,"path_taken":["M","M","?","?","?","E","?","E","T","M","M","R","E","?","R","BOSS","M","M","M","?","?","M","E","?","T","R","M","E","$","M","R","BOSS","M","M","?","M","?","E","?","?"],"items_purchased_type":["Relic"],"build_version":"2020-12-22","purchased_purges":0,"victory":false,"max_hp_per_floor":[80,80,80,80,80,80,80,87,87,87,87,87,87,87,87,87,66,66,66,66,66,66,66,66,66,66,66,66,66,66,66,66,66,66,66,66,66,66,66,66,66,66,66],"card_choices":[{"not_picked":["Pommel Strike","Sword Boomerang"],"picked":"AT_DrawKnifeCut","floor":1.0},{"not_picked":["Thunderclap","Body Slam"],"picked":"Inflame","floor":2.0},{"not_picked":["Fiend Fire","Carnage"],"picked":"Disarm","floor":6.0},{"not_picked":["Massacre","Sword Boomerang"],"picked":"Replay:Undeath\u0027s Touch","floor":7.0},{"not_picked":["Second Wind","AT_BodySlamDance","Uppercut"],"picked":"SKIP","floor":8.0},{"not_picked":["Uppercut","Run Through"],"picked":"Replay:Many Hands","floor":10.0},{"not_picked":["Armaments","ReplayTheSpireMod:Strike From Hell","Run Through"],"picked":"SKIP","floor":11.0},{"not_picked":["ReplayTheSpireMod:Strike From Hell","Replay:Undeath\u0027s Touch","Impervious"],"picked":"SKIP","floor":13.0},{"not_picked":["Shrug It Off","ReplayTheSpireMod:Muscle Training","Ghostly Armor"],"picked":"SKIP","floor":14.0},{"not_picked":["Fiend Fire","Bludgeon"],"picked":"REME_ACTH","floor":16.0},{"not_picked":["Iron Wave","Perfected Strike"],"picked":"Sword Boomerang","floor":18.0},{"not_picked":["Massacre","Armaments","Clash"],"picked":"SKIP","floor":19.0},{"not_picked":["Hemokinesis","Perfected Strike"],"picked":"Reaper","floor":20.0},{"not_picked":["AT_IchimonjiDouble","REME_Scribble"],"picked":"Bloodletting","floor":23.0},{"not_picked":["Defy Death+1","REME_SingleHolding","Shrug It Off"],"picked":"SKIP","floor":24.0},{"not_picked":["Cleave","Dark Embrace","AT_IchimonjiDouble"],"picked":"SKIP","floor":25.0},{"not_picked":["Body Slam","Clothesline+1","AT_BodySlamDance"],"picked":"SKIP","floor":28.0},{"not_picked":["Sever Soul","Inflame+1","Warcry"],"picked":"SKIP","floor":29.0},{"not_picked":["Abandon","Carnage","Anger+1"],"picked":"SKIP","floor":31.0},{"not_picked":["Sword Boomerang","Heavy Blade"],"picked":"Flame Barrier+1","floor":35},{"not_picked":["Flame Barrier","Sever Soul","Flex"],"picked":"SKIP","floor":36},{"not_picked":["Warcry","Pummel"],"picked":"REME_FearOfPain","floor":38},{"not_picked":["Clash","AT_DiedThrough+1","Dual Wield"],"picked":"SKIP","floor":40},{"not_picked":["Trip","Survey Options"],"picked":"ReplayTheSpireMod:Necrogeddon","floor":41}],"player_experience":8446,"relics_obtained":[{"floor":3.0,"key":"Snack Pack"},{"floor":6.0,"key":"Garlic"},{"floor":8.0,"key":"Strawberry"},{"floor":9.0,"key":"AT_SilvercatRing"},{"floor":13.0,"key":"Ornamental Fan"},{"floor":24.0,"key":"Replay:Bottled Flurry"},{"floor":26.0,"key":"Toy Ornithopter"},{"floor":29.0,"key":"Gremlin Horn"},{"floor":37,"key":"PlanX"},{"floor":40,"key":"ReplayTheSpireMod:Ninjato"}],"event_choices":[{"cards_removed":["Strike_R"],"damage_healed":0.0,"max_hp_gain":0.0,"max_hp_loss":0.0,"gold_gain":0.0,"event_name":"The Cleric","player_choice":"Card Removal","floor":4.0,"gold_loss":50.0,"damage_taken":0.0},{"damage_healed":0.0,"max_hp_gain":0.0,"max_hp_loss":0.0,"gold_gain":0.0,"event_name":"Upgrade Shrine","player_choice":"Upgraded","floor":5.0,"gold_loss":0.0,"damage_taken":0.0,"cards_upgraded":["AT_DrawKnifeCut"]},{"cards_removed":["Strike_R"],"damage_healed":0.0,"max_hp_gain":0.0,"max_hp_loss":0.0,"gold_gain":0.0,"event_name":"Beggar","player_choice":"Gave Gold","floor":21.0,"gold_loss":75.0,"damage_taken":0.0},{"damage_healed":0.0,"max_hp_gain":0.0,"max_hp_loss":0.0,"gold_gain":75.0,"event_name":"FaceTrader","player_choice":"Touch","floor":22.0,"gold_loss":0.0,"damage_taken":6.0},{"cards_removed":["Bash"],"damage_healed":0,"gold_gain":0,"player_choice":"Removed Attack","damage_taken":0,"max_hp_gain":0,"max_hp_loss":0,"event_name":"Falling","floor":39,"gold_loss":0},{"damage_healed":0,"gold_gain":0,"player_choice":"Memory 3","damage_taken":10,"max_hp_gain":0,"max_hp_loss":0,"event_name":"SensoryStone","floor":41,"gold_loss":0}],"is_beta":false,"boss_relics":[{"not_picked":["Cursed Key","ReplayTheSpireMod:DimensionalGlitch"],"picked":"Replay:Drink Me"},{"not_picked":["REME_DemonsWealth","REME_DuelDisc"],"picked":"ChewingGum"}],"items_purged_floors":[],"is_endless":false,"potions_floor_spawned":[8,11,13,14,18,19,20,25,33,36,38],"killed_by":"Nemesis","ascension_level":0}}