{"host":"31s8hzukbhz1k6i6","time":1610486855,"event":{"mods":["AchievementEnabler","BaseMod","Bestiary","Colored Map","Filter the Spire","Minty Spire (QoL Compilation)","Relic Stats","ojb\u0027s Info Mod"],"gold_per_floor":[414,130,130,141,316,316,65,140,140,140,151,151,170,180,180,285,285,299,299,310,310,327,327,57,57,57,73,85,85,184,194,194,290,290,305,305,322,172,188,188,188,202,202,202,27,27,27,27],"floor_reached":47,"language":"ENG","playtime":1289,"items_purged":["Defend_B","Doubt","Defend_B","Strike_B","Defend_B"],"score":440,"play_id":"31a25a26-0de0-4e86-a2b7-4e5625cdf75a","local_time":"20210112132735","is_ascension_mode":false,"campfire_choices":[{"data":"Hologram","floor":6.0,"key":"SMITH"},{"data":"Beam Cell","floor":10.0,"key":"SMITH"},{"data":"Undo","floor":12.0,"key":"SMITH"},{"data":"Zap","floor":15.0,"key":"SMITH"},{"data":"Steam","floor":23.0,"key":"SMITH"},{"floor":32.0,"key":"REST"},{"data":"All For One","floor":40,"key":"SMITH"},{"data":"Gash","floor":44,"key":"SMITH"}],"circlet_count":0,"master_deck":["Defend_B","Zap+1","Dualcast","Beam Cell+1","Hologram+1","Undo+1","All For One+1","Steam+1","Go for the Eyes+1","Conserve Battery+1","Gash+1","Gash+1"],"relics":["Cracked Core","Old Coin","Bronze Scales","ClockworkSouvenir","Letter Opener","SlaversCollar","Orrery","Meat on the Bone","Nuclear Battery","Emotion Chip"],"acts_visited":["Exordium","TheCity","TheBeyond"],"potions_floor_usage":[],"damage_taken":[{"damage":1.0,"enemies":"Jaw Worm","floor":1.0,"turns":3.0},{"damage":1.0,"enemies":"2 Louse","floor":4.0,"turns":1.0},{"damage":0.0,"enemies":"Small Slimes","floor":11.0,"turns":2.0},{"damage":0.0,"enemies":"Looter","floor":13.0,"turns":3.0},{"damage":0.0,"enemies":"3 Louse","floor":14.0,"turns":2.0},{"damage":16.0,"enemies":"Hexaghost","floor":16.0,"turns":7.0},{"damage":0.0,"enemies":"Spheric Guardian","floor":18.0,"turns":4.0},{"damage":20.0,"enemies":"2 Thieves","floor":20.0,"turns":4.0},{"damage":10.0,"enemies":"Snake Plant","floor":22.0,"turns":3.0},{"damage":0.0,"enemies":"Cultist and Chosen","floor":27.0,"turns":6.0},{"damage":4.0,"enemies":"3 Cultists","floor":28.0,"turns":4.0},{"damage":5.0,"enemies":"Snecko","floor":31.0,"turns":3.0},{"damage":24.0,"enemies":"Collector","floor":33.0,"turns":8.0},{"damage":18.0,"enemies":"3 Darklings","floor":35.0,"turns":5.0},{"damage":5.0,"enemies":"Orb Walker","floor":37.0,"turns":3.0},{"damage":4,"enemies":"Jaw Worm Horde","floor":39,"turns":4},{"damage":0,"enemies":"Transient","floor":42,"turns":5}],"seed_played":"-364706208438422614","potions_obtained":[{"floor":1.0,"key":"Explosive Potion"},{"floor":14.0,"key":"CultistPotion"},{"floor":16.0,"key":"Weak Potion"},{"floor":39,"key":"FearPotion"},{"floor":42,"key":"PowerPotion"}],"is_trial":false,"path_per_floor":["M","$","?","M","?","R","$","?","T","R","M","R","M","M","R","B",null,"M","?","M","?","M","R","$","?","T","M","M","$","?","M","R","B",null,"M","?","M","$","M","R","?","M","T","R","$","?","R"],"character_chosen":"DEFECT","items_purchased":["Bronze Scales","AttackPotion","ClockworkSouvenir","Orrery"],"campfire_rested":1,"item_purchase_floors":[2,2,7,24],"current_hp_per_floor":[67,67,60,59,59,59,59,48,48,48,48,48,48,48,48,32,68,68,68,48,36,26,26,26,26,26,38,46,46,46,41,62,38,73,55,55,50,50,46,46,79,79,79,79,79,79,79,79],"gold":27,"neow_bonus":"ONE_RARE_RELIC","is_daily":false,"chose_seed":false,"campfire_upgraded":7,"win_rate":0.0,"timestamp":1610486855,"path_taken":["M","$","?","M","?","R","$","?","T","R","M","R","M","?","R","BOSS","M","?","M","?","M","R","$","?","T","M","M","$","?","M","R","BOSS","M","?","M","$","M","R","?","?","T","R","$","?","R"],"items_purchased_type":["Relic","Potion","Relic","Relic"],"build_version":"2020-12-22","purchased_purges":5,"victory":false,"max_hp_per_floor":[68,68,68,68,68,68,68,68,68,68,68,68,68,68,68,68,68,68,68,68,73,73,73,73,73,73,73,73,73,73,73,73,73,73,73,69,69,69,69,69,79,79,79,79,79,79,79,79],"relic_stats":{"Emotion Chip":[0,0,0,0,0],"counters":[17,67],"Bronze Scales":[191],"Letter Opener":[171],"obtain_stats":[{"SlaversCollar":17,"Emotion Chip":43,"Bronze Scales":2,"Orrery":24,"Letter Opener":9,"Cracked Core":0,"Old Coin":0,"ClockworkSouvenir":7,"Meat on the Bone":26,"Nuclear Battery":34},{"SlaversCollar":6,"Emotion Chip":17,"Bronze Scales":1,"Orrery":9,"Letter Opener":2,"Cracked Core":0,"Old Coin":0,"ClockworkSouvenir":2,"Meat on the Bone":9,"Nuclear Battery":13},{"SlaversCollar":18,"Emotion Chip":67,"Bronze Scales":3,"Orrery":29,"Letter Opener":4,"Cracked Core":0,"Old Coin":0,"ClockworkSouvenir":4,"Meat on the Bone":29,"Nuclear Battery":50}],"Meat on the Bone":24},"card_choices":[{"not_picked":["Force Field","Stack"],"picked":"Beam Cell","floor":1.0},{"not_picked":["Sweeping Beam","Turbo"],"picked":"Hologram","floor":4.0},{"not_picked":["Cold Snap","Coolheaded"],"picked":"Undo","floor":11.0},{"not_picked":["Loop","Compile Driver","Stack"],"picked":"SKIP","floor":13.0},{"not_picked":["Chaos","White Noise","Ball Lightning"],"picked":"SKIP","floor":14.0},{"not_picked":["Core Surge","Machine Learning"],"picked":"All For One","floor":16.0},{"not_picked":["Redo+1","Ball Lightning","Stack"],"picked":"SKIP","floor":18.0},{"not_picked":["Beam Cell+1","Chaos+1"],"picked":"Go for the Eyes+1","floor":20.0},{"not_picked":["Sweeping Beam","Compile Driver+1","Go for the Eyes"],"picked":"SKIP","floor":22.0},{"not_picked":["Capacitor","Defragment+1"],"picked":"Conserve Battery+1","floor":24.0},{"not_picked":["Rip and Tear+1","Beam Cell+1"],"picked":"Gash","floor":27.0},{"not_picked":["Coolheaded","Sweeping Beam+1"],"picked":"Gash","floor":28.0},{"not_picked":["Redo","Compile Driver","Go for the Eyes"],"picked":"SKIP","floor":31.0},{"not_picked":["Stack+1","Self Repair","Turbo"],"picked":"SKIP","floor":35.0},{"not_picked":["Coolheaded+1","Tempest+1","Steam"],"picked":"SKIP","floor":37.0},{"not_picked":["Go for the Eyes","Coolheaded","Ball Lightning"],"picked":"SKIP","floor":39},{"not_picked":["Beam Cell","Heatsinks","Cold Snap+1"],"picked":"SKIP","floor":42}],"player_experience":182519,"relics_obtained":[{"floor":9.0,"key":"Letter Opener"},{"floor":26.0,"key":"Meat on the Bone"},{"floor":43,"key":"Emotion Chip"}],"event_choices":[{"cards_removed":["Strike_B"],"damage_healed":0.0,"max_hp_gain":0.0,"max_hp_loss":0.0,"gold_gain":0.0,"event_name":"Golden Wing","player_choice":"Card Removal","floor":3.0,"gold_loss":0.0,"damage_taken":7.0},{"damage_healed":0.0,"max_hp_gain":0.0,"max_hp_loss":0.0,"gold_gain":175.0,"event_name":"Liars Game","player_choice":"AGREE","floor":5.0,"gold_loss":0.0,"damage_taken":0.0,"cards_obtained":["Doubt"]},{"damage_healed":0.0,"max_hp_gain":0.0,"max_hp_loss":0.0,"gold_gain":75.0,"event_name":"World of Goop","player_choice":"Gather Gold","floor":8.0,"gold_loss":0.0,"damage_taken":11.0},{"damage_healed":0.0,"max_hp_gain":0.0,"max_hp_loss":0.0,"gold_gain":0.0,"cards_transformed":["Strike_B","Strike_B"],"event_name":"Drug Dealer","player_choice":"Became Test Subject","floor":19.0,"gold_loss":0.0,"damage_taken":0.0,"cards_obtained":["Steam","Multi-Cast"]},{"damage_healed":0.0,"max_hp_gain":5.0,"max_hp_loss":0.0,"gold_gain":0.0,"event_name":"Forgotten Altar","player_choice":"Shed Blood","floor":21.0,"gold_loss":0.0,"damage_taken":17.0},{"damage_healed":0.0,"max_hp_gain":0.0,"max_hp_loss":0.0,"gold_gain":0.0,"event_name":"Ghosts","player_choice":"Ignored","floor":25.0,"gold_loss":0.0,"damage_taken":0.0},{"damage_healed":0.0,"max_hp_gain":0.0,"max_hp_loss":0.0,"gold_gain":99.0,"event_name":"Nest","player_choice":"Stole From Cult","floor":30.0,"gold_loss":0.0,"damage_taken":0.0},{"damage_healed":0.0,"max_hp_gain":0.0,"max_hp_loss":4.0,"gold_gain":0.0,"event_name":"Winding Halls","player_choice":"Max HP","floor":36.0,"gold_loss":0.0,"damage_taken":0.0},{"cards_removed":["Multi-Cast"],"damage_healed":23,"gold_gain":0,"player_choice":"Offered Rare","damage_taken":0,"max_hp_gain":10,"max_hp_loss":0,"event_name":"Bonfire Elementals","floor":41,"gold_loss":0},{"damage_healed":0,"gold_gain":0,"player_choice":"Upgraded","damage_taken":0,"max_hp_gain":0,"max_hp_loss":0,"event_name":"Upgrade Shrine","floor":46,"gold_loss":0,"cards_upgraded":["Gash"]}],"is_beta":false,"boss_relics":[{"not_picked":["Sozu","Ectoplasm"],"picked":"SlaversCollar"},{"not_picked":["Pandora\u0027s Box","Black Star"],"picked":"Nuclear Battery"}],"items_purged_floors":[2,7,24,38,45],"is_endless":false,"potions_floor_spawned":[1,14,16,18,28,39,42],"ascension_level":0}}