{"host":"oigynbtg272c19pw","time":1610477109,"event":{"mods":["BaseMod","Colored Map","Minty Spire (QoL Compilation)","Relic Stats","StSLib"],"gold_per_floor":[16,16,29,46,46,80,80,80,80],"floor_reached":8,"playtime":523,"items_purged":[],"score":112,"play_id":"72338d38-8b85-438f-8b77-f136d6616b8a","local_time":"20210112194509","is_ascension_mode":true,"campfire_choices":[{"floor":7,"key":"REST"}],"circlet_count":0,"master_deck":["AscendersBane","Strike_P","Strike_P","Strike_P","Defend_P+1","Defend_P","Defend_P","Defend_P","Eruption","Vigilance+1","Establishment","ThirdEye","CutThroughFate","FearNoEvil","Meditate"],"relics":["PureWater","Dead Branch"],"acts_visited":["Exordium"],"potions_floor_usage":[6,6],"damage_taken":[{"damage":6,"enemies":"2 Louse","floor":1,"turns":4},{"damage":0,"enemies":"Cultist","floor":3,"turns":3},{"damage":0,"enemies":"Small Slimes","floor":4,"turns":3},{"damage":22,"enemies":"3 Sentries","floor":6,"turns":12},{"damage":42,"enemies":"Gremlin Nob","floor":8,"turns":3}],"seed_played":"-6963249534964227673","potions_obtained":[{"floor":3,"key":"Swift Potion"},{"floor":4,"key":"DistilledChaos"}],"is_trial":false,"path_per_floor":["M","?","M","M","?","E","R","E"],"character_chosen":"WATCHER","items_purchased":[],"campfire_rested":1,"item_purchase_floors":[],"current_hp_per_floor":[55,55,55,55,35,13,33,0,0],"gold":80,"neow_bonus":"THREE_RARE_CARDS","is_daily":false,"chose_seed":false,"campfire_upgraded":0,"win_rate":0.0,"timestamp":1610477109,"path_taken":["M","?","M","?","?","E","R","E"],"items_purchased_type":[],"build_version":"2020-12-13","purchased_purges":0,"victory":false,"max_hp_per_floor":[68,68,68,68,68,68,68,68,68],"relic_stats":{"counters":[5,25],"Dead Branch":[1],"obtain_stats":[{"Dead Branch":6,"PureWater":0},{"Dead Branch":4,"PureWater":0},{"Dead Branch":22,"PureWater":0}]},"card_choices":[{"not_picked":["Devotion","DevaForm"],"picked":"Establishment","floor":0},{"not_picked":["Evaluate","Fasting2"],"picked":"ThirdEye","floor":1},{"not_picked":["EmptyBody","Study"],"picked":"CutThroughFate","floor":3},{"not_picked":["ClearTheMind","Evaluate"],"picked":"FearNoEvil","floor":4},{"not_picked":["WreathOfFlame","FlurryOfBlows"],"picked":"Meditate","floor":6}],"player_experience":1371042,"relics_obtained":[{"floor":6,"key":"Dead Branch"}],"event_choices":[{"cards_removed":["Strike_P"],"damage_healed":0,"gold_gain":0,"player_choice":"Offered Basic","damage_taken":0,"max_hp_gain":0,"max_hp_loss":0,"event_name":"Bonfire Elementals","floor":2,"gold_loss":0},{"damage_healed":0,"gold_gain":0,"player_choice":"Entered Light","damage_taken":20,"max_hp_gain":0,"max_hp_loss":0,"event_name":"Shining Light","floor":5,"gold_loss":0,"cards_upgraded":["Defend_P","Vigilance"]}],"is_beta":false,"boss_relics":[],"items_purged_floors":[],"is_endless":false,"potions_floor_spawned":[3,4],"killed_by":"Gremlin Nob","ascension_level":20}}