{"host":"7l2t4psy44vpcd9q","time":1610476004,"event":{"mods":["AchievementEnabler","BaseMod","DeckTracker","Minty Spire (QoL Compilation)","SuperFastMode"],"gold_per_floor":[118,88,88,88,88,113,113,12,12,47,47,47,57,68,68,145,195,214,228,246,90,105,105,124,124,124,124,14,31,31,65,65,65,65],"floor_reached":33,"playtime":1046,"items_purged":["Strike_R","Strike_R"],"score":646,"play_id":"bb288ebc-c1c2-4390-b64d-90bd48daacfb","local_time":"20210113032644","is_ascension_mode":true,"campfire_choices":[{"data":"Wild Strike","floor":7,"key":"SMITH"},{"data":"Inflame","floor":11,"key":"SMITH"},{"data":"Fire Breathing","floor":15,"key":"SMITH"},{"floor":23,"key":"REST"},{"floor":25,"key":"REST"},{"floor":32,"key":"REST"}],"circlet_count":0,"master_deck":["AscendersBane","Strike_R","Strike_R+1","Strike_R","Defend_R","Defend_R","Defend_R","Bash+1","Wild Strike+1","Thunderclap","Pommel Strike","Inflame+1","Fire Breathing+1","Wild Strike","Offering+1","Shockwave","Reckless Charge","Metallicize","Wild Strike+1","Dark Embrace+1","Flame Barrier","Whirlwind+1","Reckless Charge+1"],"relics":["Burning Blood","NeowsBlessing","Kunai","Question Card","Calipers","Champion Belt","Blue Candle","Tiny House","Mummified Hand","Peace Pipe"],"acts_visited":["Exordium","TheCity"],"potions_floor_usage":[16,18,22,24,29,33,33],"damage_taken":[{"damage":0,"enemies":"Cultist","floor":1,"turns":1},{"damage":0,"enemies":"3 Sentries","floor":6,"turns":2},{"damage":0,"enemies":"Gremlin Nob","floor":10,"turns":1},{"damage":6,"enemies":"2 Louse","floor":13,"turns":2},{"damage":8,"enemies":"Small Slimes","floor":14,"turns":2},{"damage":50,"enemies":"Hexaghost","floor":16,"turns":7},{"damage":18,"enemies":"2 Thieves","floor":18,"turns":4},{"damage":38,"enemies":"Shell Parasite","floor":19,"turns":4},{"damage":6,"enemies":"Snake Plant","floor":20,"turns":2},{"damage":20,"enemies":"Shelled Parasite and Fungi","floor":22,"turns":3},{"damage":22,"enemies":"Snecko","floor":24,"turns":4},{"damage":6,"enemies":"Cultist and Chosen","floor":29,"turns":4},{"damage":49,"enemies":"Book of Stabbing","floor":31,"turns":5},{"damage":40,"enemies":"Automaton","floor":33,"turns":4}],"seed_played":"-1466527454038645761","potions_obtained":[{"floor":2,"key":"BloodPotion"},{"floor":2,"key":"LiquidMemories"},{"floor":10,"key":"EssenceOfSteel"},{"floor":13,"key":"AttackPotion"},{"floor":14,"key":"LiquidBronze"},{"floor":17,"key":"Swift Potion"},{"floor":22,"key":"Explosive Potion"},{"floor":24,"key":"SkillPotion"},{"floor":29,"key":"Ancient Potion"}],"is_trial":false,"path_per_floor":["M","?","$","?","T","E","R","$","T","E","R","?","M","M","R","B",null,"M","M","M","$","M","R","M","R","T","?","?","M","?","E","R","B"],"character_chosen":"IRONCLAD","items_purchased":["Pommel Strike","SkillPotion"],"campfire_rested":3,"item_purchase_floors":[8,21],"current_hp_per_floor":[74,74,74,51,51,57,57,57,57,63,63,63,63,61,61,17,66,54,22,22,22,8,32,16,40,40,40,40,40,56,13,37,0,0],"gold":65,"neow_bonus":"THREE_ENEMY_KILL","is_daily":false,"chose_seed":false,"campfire_upgraded":3,"win_rate":0.0,"timestamp":1610476004,"path_taken":["M","?","?","?","?","E","R","$","T","E","R","?","M","?","R","BOSS","M","M","M","$","M","R","M","R","T","?","?","?","?","E","R","BOSS"],"items_purchased_type":["Card","Potion"],"build_version":"2020-12-22","purchased_purges":2,"victory":false,"max_hp_per_floor":[75,75,75,75,75,75,75,75,75,75,75,75,75,75,75,75,80,80,80,80,80,80,80,80,80,80,80,80,80,80,80,80,80,80],"card_choices":[{"not_picked":["Iron Wave","Sword Boomerang"],"picked":"Wild Strike","floor":1},{"not_picked":["Berserk","Ghostly Armor"],"picked":"Thunderclap","floor":6},{"not_picked":["Ghostly Armor","Havoc","Flex"],"picked":"Inflame","floor":10},{"not_picked":["Second Wind","Warcry","Dropkick"],"picked":"Fire Breathing","floor":13},{"not_picked":["Armaments","Searing Blow","Warcry"],"picked":"Wild Strike","floor":14},{"not_picked":["Fiend Fire","Immolate","Barricade"],"picked":"Offering","floor":16},{"not_picked":["Flame Barrier","Sentinel","Sever Soul"],"picked":"Shockwave","floor":17},{"not_picked":["Dual Wield","Pommel Strike","Clothesline"],"picked":"Reckless Charge","floor":18},{"not_picked":["Wild Strike","Ghostly Armor","Pommel Strike"],"picked":"Metallicize","floor":19},{"not_picked":["Headbutt","Searing Blow+1","Bloodletting"],"picked":"Wild Strike","floor":20},{"not_picked":["Evolve","Twin Strike","True Grit"],"picked":"Dark Embrace+1","floor":22},{"not_picked":["Rupture","Body Slam","Havoc"],"picked":"Flame Barrier","floor":24},{"not_picked":["Brutality","Searing Blow","Clash"],"picked":"Whirlwind+1","floor":29},{"not_picked":["Bloodletting+1","Fire Breathing","Flex+1"],"picked":"Reckless Charge+1","floor":31}],"player_experience":1225965,"relics_obtained":[{"floor":5,"key":"Kunai"},{"floor":6,"key":"Question Card"},{"floor":9,"key":"Calipers"},{"floor":10,"key":"Champion Belt"},{"floor":26,"key":"Mummified Hand"},{"floor":31,"key":"Peace Pipe"}],"event_choices":[{"damage_healed":0,"gold_gain":0,"player_choice":"Bought 2 Potions","damage_taken":0,"max_hp_gain":0,"max_hp_loss":0,"event_name":"The Woman in Blue","floor":2,"gold_loss":0},{"damage_healed":0,"gold_gain":0,"player_choice":"Entered Light","damage_taken":23,"max_hp_gain":0,"max_hp_loss":0,"event_name":"Shining Light","floor":4,"gold_loss":0,"cards_upgraded":["Strike_R","Bash"]},{"damage_healed":0,"gold_gain":0,"player_choice":"Gave Potion","damage_taken":0,"relics_obtained":["Blue Candle"],"max_hp_gain":0,"max_hp_loss":0,"event_name":"WeMeetAgain","floor":12,"gold_loss":0},{"damage_healed":0,"gold_gain":0,"player_choice":"Ignored","damage_taken":0,"max_hp_gain":0,"max_hp_loss":0,"event_name":"Ghosts","floor":27,"gold_loss":0},{"cards_removed":["Defend_R"],"damage_healed":0,"gold_gain":0,"player_choice":"Upgrade and Remove","damage_taken":0,"max_hp_gain":0,"max_hp_loss":0,"event_name":"Designer","floor":28,"gold_loss":110,"cards_upgraded":["Wild Strike"]},{"damage_healed":16,"gold_gain":0,"player_choice":"Heal","damage_taken":0,"max_hp_gain":0,"max_hp_loss":0,"event_name":"The Library","floor":30,"gold_loss":0}],"is_beta":false,"boss_relics":[{"not_picked":["Pandora\u0027s Box","Coffee Dripper"],"picked":"Tiny House"}],"items_purged_floors":[8,21],"is_endless":false,"potions_floor_spawned":[10,13,14,22,24,29,31],"killed_by":"Automaton","ascension_level":20}}