{"host":"gopu3kmfaoww0llm","time":1610449213,"event":{"mods":["BaseMod","DeckTracker","Minty Spire (QoL Compilation)","Quick Restart","StSLib","SuperFastMode"],"gold_per_floor":[17,32,32,32,52,52,52,68,91,91,116,152,152,167,167,167,167],"floor_reached":16,"playtime":296,"items_purged":[],"score":304,"play_id":"dd4694b3-3388-4336-852d-f9df3e5d6746","local_time":"20210112200013","is_ascension_mode":true,"campfire_choices":[{"floor":6,"key":"REST"},{"data":"Chaos","floor":10,"key":"SMITH"},{"data":"Dualcast","floor":13,"key":"SMITH"},{"floor":15,"key":"REST"}],"circlet_count":0,"master_deck":["AscendersBane","Strike_B+1","Strike_B","Strike_B","Strike_B","Defend_B","Defend_B","Defend_B","Defend_B+1","Zap","Dualcast+1","Hyperbeam","Consume","Chaos+1","Sweeping Beam","Go for the Eyes","Glacier"],"relics":["Cracked Core","Golden Idol","Art of War","Lantern"],"acts_visited":["Exordium"],"potions_floor_usage":[8,10,12,16],"damage_taken":[{"damage":0,"enemies":"Small Slimes","floor":1,"turns":2},{"damage":8,"enemies":"2 Louse","floor":2,"turns":2},{"damage":2,"enemies":"Jaw Worm","floor":5,"turns":3},{"damage":9,"enemies":"Red Slaver","floor":8,"turns":3},{"damage":7,"enemies":"Looter","floor":11,"turns":3},{"damage":3,"enemies":"3 Sentries","floor":12,"turns":4},{"damage":11,"enemies":"Large Slime","floor":14,"turns":5}],"seed_played":"-2964252487621523859","potions_obtained":[{"floor":1,"key":"Fruit Juice"},{"floor":2,"key":"EssenceOfDarkness"},{"floor":8,"key":"LiquidMemories"},{"floor":14,"key":"AttackPotion"}],"is_trial":false,"path_per_floor":["M","M","?","?","M","R","$","M","T","R","M","E","R","M","R","B"],"character_chosen":"DEFECT","items_purchased":[],"campfire_rested":2,"item_purchase_floors":[],"current_hp_per_floor":[64,56,32,11,9,30,30,21,21,26,19,16,16,5,27,0,0],"gold":167,"neow_bonus":"THREE_RARE_CARDS","is_daily":false,"chose_seed":false,"campfire_upgraded":2,"win_rate":0.0,"timestamp":1610449213,"path_taken":["M","M","?","?","M","R","?","M","T","R","?","E","R","M","R","BOSS"],"items_purchased_type":[],"build_version":"2020-12-22","purchased_purges":0,"victory":false,"max_hp_per_floor":[71,71,71,71,71,71,71,71,71,76,76,76,76,76,76,76,76],"card_choices":[{"not_picked":["Buffer","Creative AI"],"picked":"Hyperbeam","floor":0},{"not_picked":["Coolheaded","Fusion"],"picked":"Consume","floor":1},{"not_picked":["Beam Cell","Undo"],"picked":"Chaos","floor":2},{"not_picked":["White Noise","Barrage","Steam"],"picked":"SKIP","floor":5},{"not_picked":["Fusion","BootSequence"],"picked":"Sweeping Beam","floor":8},{"not_picked":["Hologram","Static Discharge"],"picked":"Go for the Eyes","floor":11},{"not_picked":["Gash","Leap","Auto Shields"],"picked":"SKIP","floor":12},{"not_picked":["Gash","Conserve Battery"],"picked":"Glacier","floor":14}],"player_experience":2900546,"relics_obtained":[{"floor":9,"key":"Art of War"},{"floor":12,"key":"Lantern"}],"event_choices":[{"damage_healed":0,"gold_gain":0,"player_choice":"Take Damage","damage_taken":24,"relics_obtained":["Golden Idol"],"max_hp_gain":0,"max_hp_loss":0,"event_name":"Golden Idol","floor":3,"gold_loss":0},{"damage_healed":0,"gold_gain":0,"player_choice":"Entered Light","damage_taken":21,"max_hp_gain":0,"max_hp_loss":0,"event_name":"Shining Light","floor":4,"gold_loss":0,"cards_upgraded":["Strike_B","Defend_B"]}],"is_beta":false,"boss_relics":[],"items_purged_floors":[],"is_endless":false,"potions_floor_spawned":[1,2,8,14],"killed_by":"The Guardian","ascension_level":20}}