{"host":"csp9nt53rootlkah","time":1610459931,"event":{"mods":["Act Like it!","BaseMod","Colored Powertips","Downfall","Friendly Minions","Gensokyo","Highlight Path","Minty Spire (QoL Compilation)","Quick Restart","Replay The Spire","StSLib","TestMod","The Factory","The Jungle","¡¾ÒÅÎï¿¨ÅÆ¡¿REMEMod"],"gold_per_floor":[99,119,344,344,359,359,359,359,375,389,389,389,421,421,421,454,473,606,606,606,619,619,619,631,664,689,243,243,261,272,197,72,82,96,200,200,200,219,319,319,336,336,336,361,361,375,387,422,422,434,451,451],"floor_reached":53,"playtime":3080,"items_purged":["hexamod:Strike","hexamod:Defend","hexamod:Sear"],"score":1040,"play_id":"310cef0d-7cf9-4dde-9275-3aa88c2d1e08","local_time":"20210112215851","is_ascension_mode":true,"campfire_choices":[{"data":"Amplify","floor":1.0,"key":"SMITH"},{"data":"hexamod:BurningTouch","floor":15.0,"key":"SMITH"},{"data":"hexamod:SearingWound","floor":20.0,"key":"SMITH"},{"data":"hexamod:Hexaguard","floor":28.0,"key":"SMITH"},{"data":"hexamod:PhantomCloak","floor":31.0,"key":"SMITH"},{"data":"hexamod:TimeOfNeed","floor":37.0,"key":"SMITH"},{"data":"hexamod:ExtraCrispy","floor":49,"key":"SMITH"}],"circlet_count":0,"master_deck":["hexamod:Float","Amplify+1","hexamod:ExtraCrispy+1","hexamod:BurningTouch+1","hexamod:PhantomCloak+1","hexamod:TimeOfNeed+1","hexamod:SearingWound+1","hexamod:VolcanoVisage","hexamod:Hexaguard+1"],"relics":["hexamod:SpiritBrand","testmod-TestBox","REME_ComplimentaryCards","testmod-CrystalShield","NeowsBlessing","Unceasing Top","Strawberry","Quantum Egg","Meat on the Bone","Empty Cage","testmod-Nyarlathotep","Bronze Scales","testmod-OneHitWonder","Lantern","Orichalcum","downfall:HeartBlessingGreen","Sozu","downfall:GremlinWheel","Snack Pack","Happy Flower","Vajra"],"acts_visited":["Gensokyo:Gensokyo","TheCity","TheBeyond"],"potions_floor_usage":[44,44],"damage_taken":[{"damage":0.0,"enemies":"Gensokyo:Gryphon","floor":2.0,"turns":1.0},{"damage":0.0,"enemies":"downfall:FleeingMerchant","floor":3.0,"turns":1.0},{"damage":0.0,"enemies":"Gensokyo:2_Kodama","floor":5.0,"turns":1.0},{"damage":0.0,"enemies":"Gensokyo:Python","floor":9.0,"turns":3.0},{"damage":4.0,"enemies":"Gensokyo:LivingMonolith","floor":10.0,"turns":5.0},{"damage":0.0,"enemies":"Gensokyo:Mamizou","floor":13.0,"turns":10.0},{"damage":7.0,"enemies":"Gensokyo:Cirno","floor":16.0,"turns":10.0},{"damage":3.0,"enemies":"Gensokyo:Gryphon_and_Rabbit","floor":17.0,"turns":8.0},{"damage":0.0,"enemies":"downfall:Watcher","floor":18.0,"turns":7.0},{"damage":10.0,"enemies":"Shell Parasite","floor":21.0,"turns":5.0},{"damage":31.0,"enemies":"Centurion and Healer","floor":24.0,"turns":7.0},{"damage":30.0,"enemies":"Replay:Snechameleon","floor":25.0,"turns":5.0},{"damage":0.0,"enemies":"3 Cultists","floor":29.0,"turns":4.0},{"damage":1.0,"enemies":"Shelled Parasite and Fungi","floor":30.0,"turns":4.0},{"damage":6.0,"enemies":"Cultist and Chosen","floor":33.0,"turns":5.0},{"damage":6.0,"enemies":"Centurion and Healer","floor":34.0,"turns":6.0},{"damage":13.0,"enemies":"downfall:Silent","floor":35.0,"turns":6.0},{"damage":0.0,"enemies":"3 Darklings","floor":38.0,"turns":4.0},{"damage":0.0,"enemies":"3 Darklings","floor":39.0,"turns":4.0},{"damage":0.0,"enemies":"3 Shapes","floor":41.0,"turns":4.0},{"damage":21,"enemies":"Reptomancer","floor":44,"turns":7},{"damage":0,"enemies":"Sphere and 2 Shapes","floor":46,"turns":6},{"damage":12,"enemies":"Writhing Mass","floor":47,"turns":3},{"damage":12,"enemies":"Nemesis","floor":48,"turns":5},{"damage":0,"enemies":"Transient","floor":50,"turns":5},{"damage":10,"enemies":"Spire Growth","floor":51,"turns":4},{"damage":0,"enemies":"downfall:Defect","floor":52,"turns":5}],"seed_played":"-5739866349951157494","potions_obtained":[{"floor":2.0,"key":"testmod-TimePotion"},{"floor":5.0,"key":"Strength Potion"},{"floor":9.0,"key":"Fruit Juice"},{"floor":13.0,"key":"Block Potion"},{"floor":17.0,"key":"REME_GoldPotion"},{"floor":21.0,"key":"Swift Potion"},{"floor":24.0,"key":"ColorlessPotion"},{"floor":35.0,"key":"testmod-TestPotion"}],"is_trial":false,"path_per_floor":["R","M","$","?","M","?","T","?","M","M","PTL","PTL","E","?","R","E","M","B",null,"R","M","?","?","M","E","T","$","R","M","M","R","$","M","M","B",null,"R","M","?","?","M","?","T","E","?","M","M","E","R","M","M","B",null],"character_chosen":"THE_SPIRIT","items_purchased":["Lantern","Orichalcum","hexamod:Hexaguard"],"campfire_rested":0,"item_purchase_floors":[27,27,27],"current_hp_per_floor":[70,70,70,70,70,70,70,67,72,68,68,68,68,36,36,29,38,50,82,82,72,72,72,53,35,35,35,35,47,46,46,46,52,46,45,82,82,82,82,82,82,82,82,61,61,61,49,49,49,49,51,51],"gold":451,"neow_bonus":"THREE_ENEMY_KILL","is_daily":false,"chose_seed":false,"campfire_upgraded":7,"win_rate":0.0,"timestamp":1610459931,"path_taken":["R","M","$","?","M","?","T","?","?","M","PTL","PTL","E","?","R","E","M","BOSS","R","M","?","?","M","E","T","?","R","M","M","R","$","M","M","BOSS","R","M","?","?","?","?","T","E","?","M","?","E","R","M","M","BOSS"],"items_purchased_type":["Relic","Relic","Card"],"build_version":"2020-12-22","purchased_purges":3,"victory":true,"max_hp_per_floor":[70,70,70,70,70,70,70,77,82,82,82,82,82,82,82,82,82,82,82,82,82,82,82,82,82,82,82,82,82,82,82,82,82,82,82,82,82,82,82,82,82,82,82,82,82,82,82,82,82,82,82,82],"card_choices":[{"not_picked":["hexamod:SwordOfDarkness","hexamod:Again","hexamod:GhostShield"],"picked":"SKIP","floor":2.0},{"not_picked":["hexamod:InspiringFlames","hexamod:Haunt","hexamod:GhostLash"],"picked":"SKIP","floor":3.0},{"not_picked":["hexamod:ThermalTransfer","hexamod:ShieldOfDarkness","hexamod:GhostOfSpirePast"],"picked":"SKIP","floor":5.0},{"not_picked":["hexamod:GhostLash","hexamod:Firestarter"],"picked":"hexamod:ExtraCrispy","floor":6.0},{"not_picked":["hexamod:CatchUp","hexamod:SkipABeat"],"picked":"hexamod:BurningTouch","floor":6.0},{"not_picked":["hexamod:AdvancingGuard","hexamod:SwordOfDarkness"],"picked":"hexamod:PhantomCloak","floor":9.0},{"not_picked":["hexamod:RadiantFlame","hexamod:Again","hexamod:Hexaguard"],"picked":"SKIP","floor":10.0},{"not_picked":["hexamod:HeatCrush","hexamod:SecondSeal"],"picked":"hexamod:TimeOfNeed","floor":13.0},{"not_picked":["hexamod:GhostShield","hexamod:FastForward","hexamod:Rewind"],"picked":"SKIP","floor":16.0},{"not_picked":["hexamod:SpectersWail","hexamod:FastForward","hexamod:HeatCrush"],"picked":"SKIP","floor":17.0},{"not_picked":["hexamod:EmpoweringStance","hexamod:GhostflameInferno"],"picked":"hexamod:SearingWound","floor":18.0},{"not_picked":["hexamod:Hexaguard+1","hexamod:AdvancingGuard","hexamod:GhostLash"],"picked":"SKIP","floor":21.0},{"not_picked":["hexamod:BacktrackSmack","hexamod:SwordOfDarkness+1","hexamod:StepThrough"],"picked":"SKIP","floor":24.0},{"not_picked":["hexamod:Hexaguard","hexamod:HauntingEcho"],"picked":"hexamod:VolcanoVisage","floor":25.0},{"not_picked":["hexamod:GhostLash","hexamod:ChargedBarrage+1","hexamod:SpectersWail"],"picked":"SKIP","floor":29.0},{"not_picked":["hexamod:ThirdSeal","hexamod:InspiringFlames","hexamod:FastForward"],"picked":"SKIP","floor":30.0},{"not_picked":["hexamod:GhostLash+1","hexamod:NightmareStrike","hexamod:BurningTouch"],"picked":"SKIP","floor":33.0},{"not_picked":["hexamod:RainOfEmbers","hexamod:NecessarySacrifice","hexamod:HauntingEcho"],"picked":"SKIP","floor":34.0},{"not_picked":["hexamod:RadiantFlame+1","hexamod:PhantomCloak+1","hexamod:ThermalTransfer+1"],"picked":"SKIP","floor":38.0},{"not_picked":["hexamod:CatchUp","hexamod:PhantomCloak+1","hexamod:AdvancingGuard+1"],"picked":"SKIP","floor":41.0},{"not_picked":["hexamod:GhostLash","hexamod:ShieldOfDarkness","hexamod:SecondSeal"],"picked":"SKIP","floor":44},{"not_picked":["hexamod:InspiringFlames","hexamod:ExtraCrispy+1","hexamod:GhostflameBarrier"],"picked":"SKIP","floor":46},{"not_picked":["hexamod:AdvancingGuard","hexamod:ThermalTransfer+1","hexamod:FirstSeal"],"picked":"SKIP","floor":47},{"not_picked":["hexamod:GhostLash","hexamod:Incineration+1","hexamod:Firestarter+1"],"picked":"SKIP","floor":48},{"not_picked":["hexamod:RadiantFlame+1","hexamod:Rewind","hexamod:BacktrackSmack+1"],"picked":"SKIP","floor":50},{"not_picked":["hexamod:SpectersWail+1","hexamod:GhostOfSpireFuture+1","hexamod:Incineration"],"picked":"SKIP","floor":51}],"player_experience":125413,"relics_obtained":[{"floor":7.0,"key":"Unceasing Top"},{"floor":13.0,"key":"Quantum Egg"},{"floor":16.0,"key":"Meat on the Bone"},{"floor":25.0,"key":"Bronze Scales"},{"floor":26.0,"key":"testmod-OneHitWonder"},{"floor":39.0,"key":"downfall:GremlinWheel"},{"floor":43,"key":"Snack Pack"},{"floor":44,"key":"Happy Flower"},{"floor":48,"key":"Vajra"}],"event_choices":[{"cards_removed":["hexamod:Defend"],"damage_healed":0,"gold_gain":0,"player_choice":"Purged","damage_taken":0,"max_hp_gain":0,"max_hp_loss":0,"event_name":"Purifier","floor":45,"gold_loss":0}],"is_beta":false,"boss_relics":[{"not_picked":["testmod-Prudence","Velvet Choker"],"picked":"Empty Cage"},{"not_picked":["Replay:Ancient Bell","Pandora\u0027s Box"],"picked":"Sozu"}],"items_purged_floors":[3,27,32],"is_endless":false,"potions_floor_spawned":[2,5,9,13,17,21,24,30,35,38,47,50,51],"ascension_level":1}}