{"host":"1c52r9kaxdyo25eq","time":1610423142,"event":{"mods":["AchievementEnabler","BaseMod","Minty Spire (QoL Compilation)","Rare Cards Sparkle","SuperFastMode","everything is the same but u backflip on backflip"],"gold_per_floor":[112,123,123,72,72,107,119,119,119,150,150,75,75,94,94,94,94],"floor_reached":16,"playtime":241,"items_purged":["Strike_G"],"score":266,"play_id":"ee34eb45-60e8-4e22-a678-4c3a10b4c734","local_time":"20210112124542","is_ascension_mode":true,"campfire_choices":[{"data":"Envenom","floor":8,"key":"SMITH"},{"data":"Prepared","floor":13,"key":"SMITH"},{"data":"Blade Dance","floor":15,"key":"SMITH"}],"circlet_count":0,"master_deck":["AscendersBane","Strike_G","Strike_G","Strike_G","Strike_G","Defend_G","Defend_G","Defend_G","Survivor","Neutralize","Escape Plan","Prepared+1","Envenom+1","Blade Dance","Reflex","Blade Dance+1"],"relics":["Ring of the Snake","NeowsBlessing","Pear","Frozen Egg 2","Pantograph","Boot"],"acts_visited":["Exordium"],"potions_floor_usage":[10,16],"damage_taken":[{"damage":0,"enemies":"Small Slimes","floor":1,"turns":1},{"damage":0,"enemies":"Cultist","floor":2,"turns":1},{"damage":0,"enemies":"3 Sentries","floor":6,"turns":1},{"damage":12,"enemies":"2 Louse","floor":7,"turns":3},{"damage":25,"enemies":"Lagavulin","floor":10,"turns":5},{"damage":3,"enemies":"Blue Slaver","floor":14,"turns":2},{"damage":38,"enemies":"Slime Boss","floor":16,"turns":5}],"seed_played":"-8147482252035946336","potions_obtained":[{"floor":2,"key":"SkillPotion"},{"floor":6,"key":"Energy Potion"},{"floor":10,"key":"Poison Potion"}],"is_trial":false,"path_per_floor":["M","M","?","$","?","E","M","R","T","E","?","$","R","M","R","B"],"character_chosen":"THE_SILENT","items_purchased":["Blade Dance"],"campfire_rested":0,"item_purchase_floors":[4],"current_hp_per_floor":[59,59,59,59,59,69,57,57,57,32,21,21,21,18,18,5,5],"gold":94,"neow_bonus":"THREE_ENEMY_KILL","is_daily":false,"chose_seed":false,"campfire_upgraded":3,"win_rate":0.0,"timestamp":1610423142,"path_taken":["M","M","?","$","?","E","?","R","T","E","?","$","R","M","R","BOSS"],"items_purchased_type":["Card"],"build_version":"2020-12-22","purchased_purges":1,"victory":false,"max_hp_per_floor":[66,66,66,66,66,76,76,76,76,76,76,76,76,76,76,76,76],"card_choices":[{"not_picked":["Backflip","Deadly Poison"],"picked":"Escape Plan","floor":1},{"not_picked":["Infinite Blades","Distraction"],"picked":"Prepared","floor":2},{"not_picked":["PiercingWail","Dagger Spray"],"picked":"Reflex","floor":6},{"not_picked":["Poisoned Stab","Prepared","Masterful Stab"],"picked":"SKIP","floor":7},{"not_picked":["Envenom+1","Quick Slash"],"picked":"Blade Dance","floor":10},{"not_picked":["Dodge and Roll","Blade Dance","Expertise"],"picked":"SKIP","floor":14}],"player_experience":579470,"relics_obtained":[{"floor":6,"key":"Pear"},{"floor":9,"key":"Frozen Egg 2"},{"floor":10,"key":"Pantograph"}],"event_choices":[{"damage_healed":0,"gold_gain":0,"cards_transformed":["Defend_G"],"player_choice":"Change","damage_taken":0,"max_hp_gain":0,"max_hp_loss":0,"event_name":"Living Wall","floor":3,"gold_loss":0,"cards_obtained":["Envenom"]},{"cards_removed":["Defend_G"],"damage_healed":0,"gold_gain":0,"player_choice":"Offered Basic","damage_taken":0,"max_hp_gain":0,"max_hp_loss":0,"event_name":"Bonfire Elementals","floor":5,"gold_loss":0},{"damage_healed":0,"gold_gain":0,"player_choice":"Success","damage_taken":11,"relics_obtained":["Boot"],"max_hp_gain":0,"max_hp_loss":0,"event_name":"Scrap Ooze","floor":11,"gold_loss":0}],"is_beta":false,"boss_relics":[],"items_purged_floors":[12],"is_endless":false,"potions_floor_spawned":[2,6,7,10],"killed_by":"Slime Boss","ascension_level":20}}