{"host":"dbkc9h3etq50r1dq","time":1610419959,"event":{"mods":["AchievementEnabler","BaseMod","Block Reminder","Colored Powertips","Curses Come First","Custom Start","Dark Map","Minty Spire (QoL Compilation)","Permanent Neow","Potion Indicator Mod","Rare Cards Sparkle","StSLib","SuperFastMode"],"gold_per_floor":[17,17,31,43,55,55,82,100,100,100,100,100,116,144,144,247,247,266,181,201,201,216,216,248,248,293,313,313,313,56,72,72,167,167,184,231,79,0,0,0,16,16,43,43,72,0,0,11,11,11],"floor_reached":51,"playtime":3999,"items_purged":["Strike_R","Strike_R"],"score":1060,"play_id":"de23fe4b-805a-4264-8dac-bc9104c1f4bf","local_time":"20210112105239","is_ascension_mode":true,"campfire_choices":[{"data":"Whirlwind","floor":6.0,"key":"SMITH"},{"data":"Inflame","floor":10.0,"key":"SMITH"},{"data":"Shrug It Off","floor":12.0,"key":"SMITH"},{"data":"Demon Form","floor":15.0,"key":"SMITH"},{"data":"Offering","floor":23.0,"key":"SMITH"},{"data":"Offering","floor":25.0,"key":"SMITH"},{"data":"Double Tap","floor":32.0,"key":"SMITH"},{"data":"Corruption","floor":40.0,"key":"SMITH"},{"data":"Second Wind","floor":42.0,"key":"SMITH"},{"data":"Berserk","floor":49,"key":"SMITH"}],"circlet_count":0,"master_deck":["Defend_R","Defend_R","Defend_R","Burning Pact","Demon Form+1","Second Wind+1","Whirlwind+1","Inflame+1","Shrug It Off+1","Offering+1","Impervious","Feed","Warcry+1","Seeing Red+1","Double Tap+1","Offering+1","Metallicize","Inflame","Corruption+1","Offering","Berserk+1","Inflame"],"relics":["Burning Blood","Dead Branch","Oddly Smooth Stone","Champion Belt","Bird Faced Urn","Du-Vu Doll","Red Skull","Nloth\u0027s Gift","Meat on the Bone","Juzu Bracelet","Omamori","Busted Crown","Charon\u0027s Ashes","Red Mask","Vajra","Potion Belt"],"acts_visited":["Exordium","TheCity","TheBeyond"],"potions_floor_usage":[50,50,50],"damage_taken":[{"damage":0.0,"enemies":"2 Louse","floor":1.0,"turns":3.0},{"damage":14.0,"enemies":"Cultist","floor":3.0,"turns":5.0},{"damage":13.0,"enemies":"Jaw Worm","floor":4.0,"turns":4.0},{"damage":9.0,"enemies":"2 Fungi Beasts","floor":5.0,"turns":4.0},{"damage":10.0,"enemies":"Lagavulin","floor":7.0,"turns":5.0},{"damage":5.0,"enemies":"Looter","floor":8.0,"turns":3.0},{"damage":4.0,"enemies":"Exordium Thugs","floor":13.0,"turns":4.0},{"damage":12.0,"enemies":"Gremlin Nob","floor":14.0,"turns":3.0},{"damage":6.0,"enemies":"Slime Boss","floor":16.0,"turns":6.0},{"damage":18.0,"enemies":"3 Byrds","floor":18.0,"turns":3.0},{"damage":18.0,"enemies":"Chosen","floor":20.0,"turns":3.0},{"damage":8.0,"enemies":"Centurion and Healer","floor":22.0,"turns":2.0},{"damage":12.0,"enemies":"Gremlin Leader","floor":24.0,"turns":5.0},{"damage":14.0,"enemies":"Snecko","floor":27.0,"turns":4.0},{"damage":12.0,"enemies":"Snake Plant","floor":31.0,"turns":2.0},{"damage":29.0,"enemies":"Champ","floor":33.0,"turns":7.0},{"damage":6.0,"enemies":"Orb Walker","floor":35.0,"turns":1.0},{"damage":26.0,"enemies":"2 Orb Walkers","floor":36.0,"turns":4.0},{"damage":6.0,"enemies":"3 Shapes","floor":41.0,"turns":2.0},{"damage":6.0,"enemies":"Giant Head","floor":45.0,"turns":2.0},{"damage":12,"enemies":"Transient","floor":48,"turns":5},{"damage":18,"enemies":"Donu and Deca","floor":50,"turns":2}],"seed_played":"-3530730852549565537","potions_obtained":[{"floor":1.0,"key":"SkillPotion"},{"floor":5.0,"key":"DistilledChaos"},{"floor":7.0,"key":"BlessingOfTheForge"},{"floor":13.0,"key":"Explosive Potion"},{"floor":14.0,"key":"HeartOfIron"},{"floor":18.0,"key":"SkillPotion"},{"floor":20.0,"key":"BloodPotion"},{"floor":28.0,"key":"SkillPotion"},{"floor":28.0,"key":"SkillPotion"},{"floor":33.0,"key":"SpeedPotion"},{"floor":35.0,"key":"ElixirPotion"},{"floor":45.0,"key":"AttackPotion"}],"is_trial":false,"path_per_floor":["M","?","M","M","M","R","E","M","T","R","?","R","M","E","R","B",null,"M","?","M","?","M","R","E","R","T","M","?","?","$","M","R","B",null,"M","?","$","?","?","R","M","R","T","?","E","$","?","M","R","B",null],"character_chosen":"IRONCLAD","items_purchased":["Inflame","Omamori","BloodPotion","DistilledChaos"],"campfire_rested":0,"item_purchase_floors":[30,30,37,46],"current_hp_per_floor":[80,80,72,65,62,62,58,59,59,59,59,59,63,61,61,65,76,71,71,63,63,61,61,61,61,61,59,75,75,75,73,73,60,77,77,63,63,63,63,63,69,69,69,69,77,77,77,83,83,83],"gold":11,"neow_bonus":"ONE_RARE_RELIC","is_daily":false,"chose_seed":false,"campfire_upgraded":10,"win_rate":0.0,"timestamp":1610419959,"path_taken":["M","?","?","M","M","R","E","M","T","R","?","R","M","E","R","BOSS","M","?","M","?","?","R","E","R","T","M","?","?","?","M","R","BOSS","M","?","$","?","?","R","M","R","T","?","E","?","?","M","R","BOSS"],"items_purchased_type":["Card","Relic","Potion","Potion"],"build_version":"2020-12-22","purchased_purges":2,"victory":true,"max_hp_per_floor":[80,80,80,80,80,80,80,80,80,80,80,80,80,80,80,80,80,83,83,83,83,83,83,83,83,83,83,83,83,83,83,83,83,83,83,83,83,83,83,83,83,83,83,83,83,83,83,83,83,83],"card_choices":[{"not_picked":["Iron Wave","Clash"],"picked":"Burning Pact","floor":1.0},{"not_picked":["Havoc","Spot Weakness"],"picked":"Second Wind","floor":3.0},{"not_picked":["Wild Strike","Twin Strike","Dual Wield"],"picked":"SKIP","floor":4.0},{"not_picked":["Wild Strike","Twin Strike","Dual Wield"],"picked":"SKIP","floor":4.0},{"not_picked":["Battle Trance","Flex"],"picked":"Whirlwind","floor":5.0},{"not_picked":["Hemokinesis","Body Slam"],"picked":"Inflame","floor":7.0},{"not_picked":["Havoc","Blood for Blood"],"picked":"Shrug It Off","floor":8.0},{"not_picked":["Wild Strike","Clash"],"picked":"Offering","floor":13.0},{"not_picked":["Pommel Strike","Sentinel"],"picked":"Impervious","floor":14.0},{"not_picked":["Double Tap","Barricade"],"picked":"Feed","floor":16.0},{"not_picked":["Anger","Headbutt+1"],"picked":"Warcry+1","floor":18.0},{"not_picked":["Thunderclap","Clothesline+1"],"picked":"Seeing Red+1","floor":20.0},{"not_picked":["Body Slam+1","Thunderclap"],"picked":"Double Tap","floor":22.0},{"not_picked":["Havoc+1","Fire Breathing"],"picked":"Offering","floor":24.0},{"not_picked":["Blood for Blood","Rampage"],"picked":"Metallicize","floor":27.0},{"not_picked":["Carnage","Spot Weakness","Clothesline"],"picked":"SKIP","floor":31.0},{"not_picked":["Bludgeon","Offering"],"picked":"Corruption","floor":33.0},{"not_picked":["Anger"],"picked":"SKIP","floor":35.0},{"not_picked":["Rage"],"picked":"SKIP","floor":41.0},{"not_picked":[],"picked":"Offering","floor":45.0},{"not_picked":[],"picked":"Inflame","floor":48}],"player_experience":121869,"relics_obtained":[{"floor":7.0,"key":"Oddly Smooth Stone"},{"floor":9.0,"key":"Champion Belt"},{"floor":14.0,"key":"Du-Vu Doll"},{"floor":24.0,"key":"Meat on the Bone"},{"floor":26.0,"key":"Juzu Bracelet"},{"floor":36.0,"key":"Charon\u0027s Ashes"},{"floor":43.0,"key":"Vajra"},{"floor":45.0,"key":"Potion Belt"}],"event_choices":[{"damage_healed":0.0,"max_hp_gain":0.0,"max_hp_loss":0.0,"gold_gain":0.0,"cards_transformed":["Strike_R"],"event_name":"Transmorgrifier","player_choice":"Transformed","floor":2.0,"gold_loss":0.0,"damage_taken":0.0,"cards_obtained":["Demon Form"]},{"damage_healed":0.0,"max_hp_gain":0.0,"max_hp_loss":0.0,"gold_gain":0.0,"event_name":"Dead Adventurer","player_choice":"Searched \u00272\u0027 times","floor":11.0,"gold_loss":0.0,"damage_taken":0.0,"relics_obtained":["Bird Faced Urn"]},{"damage_healed":0.0,"max_hp_gain":0.0,"max_hp_loss":0.0,"gold_gain":0.0,"event_name":"Addict","player_choice":"Obtained Relic","floor":19.0,"gold_loss":85.0,"damage_taken":0.0,"relics_obtained":["Red Skull"]},{"damage_healed":0.0,"max_hp_gain":0.0,"max_hp_loss":0.0,"gold_gain":0.0,"event_name":"N\u0027loth","player_choice":"Traded Relic","floor":21.0,"relics_lost":["Empty Cage"],"gold_loss":0.0,"damage_taken":0.0,"relics_obtained":["Nloth\u0027s Gift"]},{"damage_healed":0.0,"max_hp_gain":0.0,"max_hp_loss":0.0,"gold_gain":0.0,"event_name":"Lab","player_choice":"Got Potions","floor":28.0,"gold_loss":0.0,"damage_taken":0.0},{"cards_removed":["Strike_R"],"damage_healed":0.0,"max_hp_gain":0.0,"max_hp_loss":0.0,"gold_gain":0.0,"event_name":"Wheel of Change","player_choice":"Card Removal","floor":29.0,"gold_loss":0.0,"damage_taken":0.0},{"damage_healed":0.0,"max_hp_gain":0.0,"max_hp_loss":0.0,"gold_gain":0.0,"event_name":"Mysterious Sphere","player_choice":"Fight","floor":36.0,"gold_loss":0.0,"damage_taken":0.0},{"damage_healed":0.0,"max_hp_gain":0.0,"max_hp_loss":0.0,"gold_gain":0.0,"event_name":"Tomb of Lord Red Mask","player_choice":"Paid","floor":38.0,"gold_loss":79.0,"damage_taken":0.0,"relics_obtained":["Red Mask"]},{"cards_removed":["Bash"],"damage_healed":0.0,"max_hp_gain":0.0,"max_hp_loss":0.0,"gold_gain":0.0,"event_name":"Falling","player_choice":"Removed Attack","floor":39.0,"gold_loss":0.0,"damage_taken":0.0},{"damage_healed":0.0,"max_hp_gain":0.0,"max_hp_loss":0.0,"gold_gain":0.0,"event_name":"WeMeetAgain","player_choice":"Ignored","floor":44.0,"gold_loss":0.0,"damage_taken":0.0},{"damage_healed":0,"gold_gain":0,"player_choice":"1 cards matched","damage_taken":0,"max_hp_gain":0,"max_hp_loss":0,"event_name":"Match and Keep!","floor":47,"gold_loss":0,"cards_obtained":["Berserk"]}],"is_beta":false,"boss_relics":[{"not_picked":["Pandora\u0027s Box","SlaversCollar"],"picked":"Empty Cage"},{"not_picked":["Black Blood","Runic Cube"],"picked":"Busted Crown"}],"items_purged_floors":[30,37],"is_endless":false,"potions_floor_spawned":[1,5,7,13,14,18,20,33,35,45,48],"ascension_level":5}}