{"host":"fuszjwm6fqgjjp4d","time":1610453147,"event":{"mods":["BaseMod","Bestiary","Colored Map","DeckTracker","Minty Spire (QoL Compilation)","Permanent Neow","Relic Sorter","Relic Stats","StSLib"],"gold_per_floor":[118,18,168,93,93,93,120,120,120,120,131,145,179,189,189,263,263,273,273,292,292,302,302,313,313,338,338,18,18,18],"floor_reached":29,"playtime":822,"items_purged":["Strike_P"],"score":461,"play_id":"c02070bb-a00d-41f7-816d-30dc21f52945","local_time":"20210112060547","is_ascension_mode":true,"campfire_choices":[{"data":"Eruption","floor":6.0,"key":"SMITH"},{"data":"Conclude","floor":8.0,"key":"SMITH"},{"data":"Consecrate","floor":10.0,"key":"SMITH"},{"data":"Vigilance","floor":15.0,"key":"SMITH"},{"data":"TalkToTheHand","floor":23.0,"key":"SMITH"},{"data":"MasterReality","floor":25.0,"key":"SMITH"},{"data":"Evaluate","floor":27.0,"key":"SMITH"}],"circlet_count":0,"master_deck":["AscendersBane","Strike_P","Strike_P","Strike_P","Defend_P","Defend_P","Defend_P","Defend_P","Eruption+1","Vigilance+1","Consecrate+1","Conclude+1","Evaluate+1","WreathOfFlame+1","Indignation+1","FollowUp","Collect+1","ConjureBlade+1","DeceiveReality+1","TalkToTheHand+1","Protect+1","MasterReality+1","ConjureBlade+1","Sanctity+1","Halt+1","ClearTheMind+1"],"relics":["PureWater","NeowsBlessing","Toxic Egg 2","The Courier","Lantern","Coffee Dripper","Oddly Smooth Stone","DollysMirror"],"acts_visited":["Exordium","TheCity"],"potions_floor_usage":[],"damage_taken":[{"damage":0.0,"enemies":"Small Slimes","floor":1.0,"turns":1.0},{"damage":0.0,"enemies":"Lagavulin","floor":7.0,"turns":1.0},{"damage":0.0,"enemies":"2 Louse","floor":11.0,"turns":1.0},{"damage":2.0,"enemies":"Jaw Worm","floor":12.0,"turns":2.0},{"damage":10.0,"enemies":"Gremlin Nob","floor":13.0,"turns":3.0},{"damage":0.0,"enemies":"Large Slime","floor":14.0,"turns":3.0},{"damage":20.0,"enemies":"The Guardian","floor":16.0,"turns":7.0},{"damage":12.0,"enemies":"Shell Parasite","floor":18.0,"turns":4.0},{"damage":9.0,"enemies":"Spheric Guardian","floor":20.0,"turns":5.0},{"damage":20.0,"enemies":"Chosen and Byrds","floor":22.0,"turns":6.0},{"damage":10.0,"enemies":"Snecko","floor":24.0,"turns":3.0},{"damage":10,"enemies":"Snake Plant","floor":29,"turns":4}],"seed_played":"6055031942103713987","potions_obtained":[{"floor":1.0,"key":"LiquidBronze"},{"floor":11.0,"key":"Ancient Potion"},{"floor":14.0,"key":"AttackPotion"},{"floor":18.0,"key":"ColorlessPotion"},{"floor":22.0,"key":"BottledMiracle"}],"is_trial":false,"path_per_floor":["M","$","?","?","$","R","E","R","T","R","M","M","E","M","R","B",null,"M","?","M","?","M","R","M","R","T","R","$","M"],"character_chosen":"WATCHER","items_purchased":["Conclude","Evaluate","DollysMirror","Sanctity+1","Halt+1","ClearTheMind+1"],"campfire_rested":0,"item_purchase_floors":[2,2,28,28,28,28],"current_hp_per_floor":[61,61,61,61,61,61,61,61,61,61,61,59,49,49,49,29,58,46,46,37,37,17,17,7,7,7,7,7,0,0],"gold":18,"neow_bonus":"THREE_ENEMY_KILL","is_daily":false,"chose_seed":false,"campfire_upgraded":7,"win_rate":0.0,"timestamp":1610453147,"path_taken":["M","$","?","?","?","R","E","R","T","R","M","M","E","M","R","BOSS","M","?","M","?","?","R","M","R","T","R","$","M"],"items_purchased_type":["Card","Card","Relic","Card","Card","Card"],"build_version":"2020-12-22","purchased_purges":1,"victory":false,"max_hp_per_floor":[68,68,68,68,68,68,68,68,68,68,68,68,68,68,68,68,68,68,68,68,68,68,68,68,68,68,68,68,68,68],"relic_stats":{"counters":[12,40],"obtain_stats":[{"Lantern":13,"NeowsBlessing":0,"DollysMirror":28,"Oddly Smooth Stone":26,"The Courier":9,"Coffee Dripper":17,"PureWater":0,"Toxic Egg 2":7},{"Lantern":5,"NeowsBlessing":0,"DollysMirror":11,"Oddly Smooth Stone":11,"The Courier":2,"Coffee Dripper":7,"PureWater":0,"Toxic Egg 2":2},{"Lantern":8,"NeowsBlessing":0,"DollysMirror":36,"Oddly Smooth Stone":36,"The Courier":2,"Coffee Dripper":18,"PureWater":0,"Toxic Egg 2":2}]},"card_choices":[{"not_picked":["SignatureMove","FlyingSleeves"],"picked":"Consecrate","floor":1.0},{"not_picked":["Consecrate","Weave"],"picked":"WreathOfFlame+1","floor":7.0},{"not_picked":["JustLucky","SashWhip","Consecrate"],"picked":"SKIP","floor":11.0},{"not_picked":["FearNoEvil","BowlingBash"],"picked":"Indignation+1","floor":12.0},{"not_picked":["ClearTheMind+1","MasterReality"],"picked":"FollowUp","floor":13.0},{"not_picked":["FlurryOfBlows","MentalFortress"],"picked":"Collect+1","floor":14.0},{"not_picked":["Blasphemy+1","Establishment"],"picked":"ConjureBlade+1","floor":16.0},{"not_picked":["ClearTheMind+1","Swivel+1"],"picked":"DeceiveReality+1","floor":18.0},{"not_picked":["FlurryOfBlows","FearNoEvil"],"picked":"TalkToTheHand","floor":20.0},{"not_picked":["FlurryOfBlows","ClearTheMind+1"],"picked":"Protect+1","floor":22.0},{"not_picked":["BowlingBash","Prostrate+1"],"picked":"MasterReality","floor":24.0}],"player_experience":1279641,"relics_obtained":[{"floor":7.0,"key":"Toxic Egg 2"},{"floor":9.0,"key":"The Courier"},{"floor":13.0,"key":"Lantern"},{"floor":26.0,"key":"Oddly Smooth Stone"}],"event_choices":[{"damage_healed":0.0,"max_hp_gain":0.0,"max_hp_loss":0.0,"gold_gain":150.0,"event_name":"Liars Game","player_choice":"AGREE","floor":3.0,"gold_loss":0.0,"damage_taken":0.0,"cards_obtained":["Doubt"]},{"cards_removed":["Doubt"],"damage_healed":0.0,"max_hp_gain":0.0,"max_hp_loss":0.0,"gold_gain":0.0,"event_name":"The Cleric","player_choice":"Card Removal","floor":4.0,"gold_loss":75.0,"damage_taken":0.0},{"damage_healed":0.0,"max_hp_gain":0.0,"max_hp_loss":0.0,"gold_gain":0.0,"event_name":"The Mausoleum","player_choice":"Ignored","floor":19.0,"gold_loss":0.0,"damage_taken":0.0},{"damage_healed":0.0,"max_hp_gain":0.0,"max_hp_loss":0.0,"gold_gain":0.0,"event_name":"N\u0027loth","player_choice":"Ignored","floor":21.0,"gold_loss":0.0,"damage_taken":0.0}],"is_beta":false,"boss_relics":[{"not_picked":["VioletLotus","Snecko Eye"],"picked":"Coffee Dripper"}],"items_purged_floors":[28],"is_endless":false,"potions_floor_spawned":[1,11,14,18,22],"killed_by":"Snake Plant","ascension_level":16}}