{"host":"axuns55dzq466eei","time":1610459656,"event":{"mods":["BaseMod","Colored Map","Keyboard Shortcuts","Minty Spire (QoL Compilation)","StSLib","SuperFastMode"],"gold_per_floor":[117,42,42,54,54,54,81,97,144,160,175,15,30,30,30,30,30],"floor_reached":16,"playtime":256,"items_purged":["Strike_B"],"score":254,"play_id":"9f3b00f7-6b24-44c2-8d2b-de3fa401e029","local_time":"20210112225416","is_ascension_mode":true,"campfire_choices":[{"data":"Streamline","floor":6,"key":"SMITH"},{"floor":15,"key":"REST"}],"circlet_count":0,"master_deck":["AscendersBane","Strike_B","Strike_B","Defend_B","Defend_B","Defend_B","Defend_B","Zap","Dualcast","Turbo","Streamline+1","Ball Lightning+1","Storm","Go for the Eyes+1","Storm","Capacitor"],"relics":["Cracked Core","NeowsBlessing","Oddly Smooth Stone","Molten Egg 2","Strawberry"],"acts_visited":["Exordium"],"potions_floor_usage":[16],"damage_taken":[{"damage":0,"enemies":"Cultist","floor":1,"turns":1},{"damage":0,"enemies":"Jaw Worm","floor":4,"turns":1},{"damage":0,"enemies":"Gremlin Nob","floor":7,"turns":1},{"damage":0,"enemies":"2 Louse","floor":8,"turns":2},{"damage":7,"enemies":"Blue Slaver","floor":10,"turns":2},{"damage":8,"enemies":"Large Slime","floor":11,"turns":4},{"damage":21,"enemies":"Exordium Thugs","floor":13,"turns":3},{"damage":53,"enemies":"Slime Boss","floor":16,"turns":7}],"seed_played":"-4171627476340581304","potions_obtained":[{"floor":4,"key":"LiquidBronze"},{"floor":7,"key":"SpeedPotion"},{"floor":10,"key":"FocusPotion"}],"is_trial":false,"path_per_floor":["M","?","?","M","?","R","E","M","T","M","M","$","M","$","R","B"],"character_chosen":"DEFECT","items_purchased":["Storm"],"campfire_rested":1,"item_purchase_floors":[12],"current_hp_per_floor":[64,64,69,69,58,58,58,58,65,58,50,50,29,29,53,0,0],"gold":30,"neow_bonus":"THREE_ENEMY_KILL","is_daily":false,"chose_seed":false,"campfire_upgraded":1,"win_rate":0.0,"timestamp":1610459656,"path_taken":["M","?","?","M","?","R","E","M","T","M","M","$","M","?","R","BOSS"],"items_purchased_type":["Card"],"build_version":"2020-12-22","purchased_purges":1,"victory":false,"max_hp_per_floor":[71,71,76,76,76,76,76,76,83,83,83,83,83,83,83,83,83],"card_choices":[{"not_picked":["Beam Cell","Stack"],"picked":"Turbo","floor":1},{"not_picked":["BootSequence","Aggregate"],"picked":"Streamline","floor":4},{"not_picked":["Beam Cell+1","Aggregate"],"picked":"Ball Lightning+1","floor":7},{"not_picked":["Chill","Darkness"],"picked":"Storm","floor":8},{"not_picked":["Steam","Beam Cell+1"],"picked":"Go for the Eyes+1","floor":10},{"not_picked":["Fusion","Stack","Gash+1"],"picked":"SKIP","floor":11},{"not_picked":["Conserve Battery","Go for the Eyes+1"],"picked":"Capacitor","floor":13}],"player_experience":1071331,"relics_obtained":[{"floor":7,"key":"Molten Egg 2"},{"floor":9,"key":"Strawberry"}],"event_choices":[{"cards_removed":["Strike_B"],"damage_healed":0,"gold_gain":0,"player_choice":"Card Removal","damage_taken":0,"max_hp_gain":0,"max_hp_loss":0,"event_name":"The Cleric","floor":2,"gold_loss":75},{"damage_healed":0,"gold_gain":0,"player_choice":"Donut","damage_taken":0,"max_hp_gain":5,"max_hp_loss":0,"event_name":"Big Fish","floor":3,"gold_loss":0},{"damage_healed":0,"gold_gain":0,"player_choice":"Success","damage_taken":11,"relics_obtained":["Oddly Smooth Stone"],"max_hp_gain":0,"max_hp_loss":0,"event_name":"Scrap Ooze","floor":5,"gold_loss":0}],"is_beta":false,"boss_relics":[],"items_purged_floors":[12],"is_endless":false,"potions_floor_spawned":[4,7,10,11],"killed_by":"Slime Boss","ascension_level":20}}