{"host":"jfbo3eu2ui08ej1u","time":1610469030,"event":{"mods":["2.2 Compatiblity","AchievementEnabler","Act Like it!","Aspiration","BaseMod","Better Altar","Better Match","Better Note","Better Sensory Stone","Better Skull","Better Third Choice","Block Reminder","Colored Map","Colored Powertips","Conspire","DeckTracker","Displayed Cursed Tome","Downfall","Energized Spire","Fox Events","GifTheSpireLib","Hermit","Hubris","Infinite Spire","Marked Mod","Minty Spire (QoL Compilation)","Pale of the Ancients","Quick Restart","RRrroohrrRGHHhhh!!","Relic Filter","Reorder Act Four","Replay The Spire","Shop Mod","Spicy Shops","StSLib","Stuff the Spire","The Blue Laboratory","The Disciple","The Forsaken","The Hierophant","The Marked","Uncapped","Unceasing Turn Reminder","Wandering Minibosses"],"gold_per_floor":[99,117,117,133,146,146,146,156,156,181,11,11,11,21,32,32,32,32],"floor_reached":16,"playtime":933,"items_purged":[],"score":102,"play_id":"6e8707f9-88d1-4c27-b9f1-3e7ec97a6c37","local_time":"20210112113030","is_ascension_mode":false,"campfire_choices":[{"data":"champ:Taunt","floor":1.0,"key":"SMITH"},{"data":"champ:HeartStrike","floor":6.0,"key":"SMITH"},{"data":"champ:BerserkersShout","floor":9.0,"key":"SMITH"},{"data":"champ:FocusedBerserking","floor":12.0,"key":"SMITH"}],"circlet_count":0,"master_deck":["champ:Strike","champ:Strike","champ:Strike","champ:Defend","champ:Defend","champ:Defend","champ:Defend","champ:Execute","champ:Taunt+1","champ:AdrenalArmor+1","champ:HeartStrike+1","champ:BringItOn","champ:BerserkersShout+1","champ:BringItOn","champ:FocusedBerserking+1","champ:FalseCounter","champ:GutPunch","champ:BerserkerStyle"],"relics":["champ:ChampionCrown","Du-Vu Doll","StuffTheSpire:GrapeVine","Blood Vial"],"acts_visited":["Exordium"],"potions_floor_usage":[14],"damage_taken":[{"damage":12.0,"enemies":"Cultist","floor":2.0,"turns":4.0},{"damage":19.0,"enemies":"Small Slimes","floor":4.0,"turns":4.0},{"damage":8.0,"enemies":"conspire:RoseBush","floor":5.0,"turns":6.0},{"damage":18.0,"enemies":"3 Louse","floor":8.0,"turns":5.0},{"damage":62.0,"enemies":"3 Sentries","floor":10.0,"turns":10.0},{"damage":18.0,"enemies":"downfall:FleeingMerchant","floor":11.0,"turns":4.0},{"damage":15,"enemies":"Lots of Slimes","floor":14,"turns":5},{"damage":20,"enemies":"Blue Slaver","floor":15,"turns":4},{"damage":63,"enemies":"downfall:Ironclad","floor":16,"turns":7}],"seed_played":"4510786413673228037","potions_obtained":[{"floor":4.0,"key":"blueLaboratory:AbyssPotion"},{"floor":10.0,"key":"Guardian:BlockOnCardUsePotion"},{"floor":15,"key":"Explosive Potion"}],"is_trial":false,"path_per_floor":["R_BF","M","?","M","M","R","T","M","R","E","$","R","?","M","M","B"],"character_chosen":"THE_CHAMP","items_purchased":["Blood Vial"],"campfire_rested":0,"item_purchase_floors":[11],"current_hp_per_floor":[99,92,92,86,86,86,86,73,73,46,46,46,46,48,41,0,0,0],"gold":32,"neow_bonus":"TEN_PERCENT_HP_BONUS","is_daily":false,"chose_seed":false,"campfire_upgraded":4,"win_rate":0.0,"timestamp":1610469030,"path_taken":["R_BF","M","?","M","M","R","T","M","R","E","?","R","?","M","M","BOSS"],"items_purchased_type":["Relic"],"build_version":"2020-12-22","purchased_purges":0,"victory":false,"max_hp_per_floor":[99,99,99,99,99,99,99,99,99,99,99,99,99,99,99,99,99,99],"card_choices":[{"not_picked":["champ:ArenaPreparation","champ:CrookedStrike"],"picked":"champ:AdrenalArmor","floor":2.0},{"not_picked":["champ:FlashCut","champ:GladiatorsShout"],"picked":"champ:HeartStrike","floor":4.0},{"not_picked":["champ:StanceDance","champ:Haymaker"],"picked":"champ:BringItOn","floor":5.0},{"not_picked":["champ:FanOfKnives","champ:Haymaker"],"picked":"champ:BerserkersShout","floor":8.0},{"not_picked":["champ:Haymaker","champ:GladiatorsShout"],"picked":"champ:BringItOn","floor":10.0},{"not_picked":["champ:Haymaker","champ:BerserkersShout"],"picked":"champ:FocusedBerserking","floor":11.0},{"not_picked":["champ:Backstep","champ:PreciseThrust"],"picked":"champ:GutPunch","floor":14},{"not_picked":["champ:IronFortress","champ:FanOfKnives"],"picked":"champ:BerserkerStyle","floor":15}],"player_experience":1226841,"relics_obtained":[{"floor":7.0,"key":"Du-Vu Doll"},{"floor":10.0,"key":"StuffTheSpire:GrapeVine"}],"event_choices":[{"damage_healed":0.0,"max_hp_gain":0.0,"max_hp_loss":0.0,"gold_gain":0.0,"event_name":"Upgrade Shrine","player_choice":"Upgraded","floor":3.0,"gold_loss":0.0,"damage_taken":0.0,"cards_upgraded":["champ:AdrenalArmor"]},{"damage_healed":0.0,"max_hp_gain":0.0,"max_hp_loss":0.0,"gold_gain":0.0,"cards_transformed":["champ:Strike"],"event_name":"Transmorgrifier","player_choice":"Transformed","floor":13.0,"gold_loss":0.0,"damage_taken":0.0,"cards_obtained":["champ:FalseCounter"]}],"is_beta":false,"boss_relics":[],"items_purged_floors":[],"is_endless":false,"potions_floor_spawned":[4,10,15],"killed_by":"downfall:Ironclad","ascension_level":0}}