{"host":"j4g6ia6asvpyu2b0","time":1610455919,"event":{"mods":["BaseMod","Colored Map","Minty Spire (QoL Compilation)","Permanent Neow","Quick Restart","Relic Stats","StSLib","Unceasing Turn Reminder"],"gold_per_floor":[113,126,126,201,220,248,248,266,266,167,167,177,205,224,224,327,327,369,21,35,47,66,100,100,130,130,140,175,175,175],"floor_reached":29,"playtime":1362,"items_purged":["Strike_P"],"score":416,"play_id":"7a325cba-be25-4ce6-a8f4-f518ba15d3f2","local_time":"20210112055159","is_ascension_mode":true,"campfire_choices":[{"data":"Apotheosis","floor":7.0,"key":"SMITH"},{"floor":11.0,"key":"REST"},{"floor":15,"key":"RECALL"},{"data":"Wish","floor":24,"key":"SMITH"}],"circlet_count":0,"master_deck":["Strike_P","Strike_P","Strike_P","Defend_P","Defend_P","Defend_P","Defend_P","Eruption","Vigilance","Apotheosis+1","FollowUp","EmptyMind","TalkToTheHand","Consecrate","CrushJoints","FlurryOfBlows","ForeignInfluence","Ragnarok","CutThroughFate","Wish+1","Sanctity","Wireheading","CrushJoints+1","CutThroughFate","Weave","Meditate+1","SashWhip+1","WreathOfFlame","LessonLearned"],"relics":["PureWater","Incense Burner","Blue Candle","CaptainsWheel","MealTicket","Coffee Dripper","Happy Flower","ClockworkSouvenir","Boot","InkBottle","Pen Nib","Letter Opener"],"acts_visited":["Exordium","TheCity"],"potions_floor_usage":[28],"damage_taken":[{"damage":4.0,"enemies":"Jaw Worm","floor":1.0,"turns":5.0},{"damage":0.0,"enemies":"2 Louse","floor":2.0,"turns":3.0},{"damage":0.0,"enemies":"Cultist","floor":5.0,"turns":2.0},{"damage":6.0,"enemies":"3 Sentries","floor":6.0,"turns":9.0},{"damage":0.0,"enemies":"Exordium Wildlife","floor":8.0,"turns":5.0},{"damage":0.0,"enemies":"Large Slime","floor":12.0,"turns":4.0},{"damage":4.0,"enemies":"Gremlin Nob","floor":13.0,"turns":3.0},{"damage":1.0,"enemies":"3 Louse","floor":14.0,"turns":3.0},{"damage":0,"enemies":"Slime Boss","floor":16,"turns":3},{"damage":0,"enemies":"Chosen","floor":18,"turns":3},{"damage":2,"enemies":"Shell Parasite","floor":20,"turns":3},{"damage":2,"enemies":"Chosen and Byrds","floor":21,"turns":5},{"damage":0,"enemies":"Snake Plant","floor":22,"turns":4},{"damage":17,"enemies":"Gremlin Leader","floor":23,"turns":3},{"damage":21,"enemies":"Book of Stabbing","floor":25,"turns":3},{"damage":9,"enemies":"Shelled Parasite and Fungi","floor":27,"turns":4},{"damage":11,"enemies":"Slavers","floor":28,"turns":5},{"damage":13,"enemies":"Snecko","floor":29,"turns":2}],"seed_played":"7466196073514575313","potions_obtained":[{"floor":5.0,"key":"SmokeBomb"},{"floor":12.0,"key":"SpeedPotion"},{"floor":13.0,"key":"Energy Potion"},{"floor":14,"key":"StancePotion"},{"floor":20,"key":"PowerPotion"}],"is_trial":false,"path_per_floor":["M","M","?","?","M","E","R","M","T","$","R","M","E","M","R","B",null,"M","$","M","M","M","E","R","E","T","M","E","M"],"character_chosen":"WATCHER","items_purchased":["FlurryOfBlows","Happy Flower","ClockworkSouvenir","Wireheading"],"campfire_rested":1,"item_purchase_floors":[10,19,19,19],"current_hp_per_floor":[61,61,49,38,38,32,32,32,32,32,51,51,47,46,46,46,65,65,65,63,61,61,44,44,23,23,14,3,0,0],"gold":175,"neow_bonus":"RANDOM_COLORLESS_2","is_daily":false,"chose_seed":false,"campfire_upgraded":2,"win_rate":0.0,"timestamp":1610455919,"path_taken":["M","M","?","?","M","E","R","M","T","$","R","M","E","M","R","BOSS","M","$","M","M","M","E","R","E","T","M","E","M"],"items_purchased_type":["Card","Relic","Relic","Card"],"build_version":"2020-12-22","purchased_purges":1,"victory":false,"max_hp_per_floor":[65,65,65,65,65,65,65,65,65,65,65,65,65,65,65,65,65,65,65,65,65,65,65,65,65,65,65,65,65,65],"relic_stats":{"Happy Flower":[9],"counters":[18,69],"Blue Candle":[0],"MealTicket":0,"Pen Nib":[3],"Letter Opener":[0],"Boot":[11],"obtain_stats":[{"CaptainsWheel":9,"Happy Flower":19,"Blue Candle":6,"MealTicket":13,"Pen Nib":26,"Incense Burner":3,"Coffee Dripper":17,"Letter Opener":28,"PureWater":0,"Boot":23,"InkBottle":25,"ClockworkSouvenir":19},{"CaptainsWheel":5,"Happy Flower":10,"Blue Candle":4,"MealTicket":7,"Pen Nib":15,"Incense Burner":2,"Coffee Dripper":9,"Letter Opener":17,"PureWater":0,"Boot":14,"InkBottle":15,"ClockworkSouvenir":10},{"CaptainsWheel":24,"Happy Flower":40,"Blue Candle":19,"MealTicket":31,"Pen Nib":58,"Incense Burner":8,"Coffee Dripper":37,"Letter Opener":67,"PureWater":0,"Boot":55,"InkBottle":58,"ClockworkSouvenir":40}],"InkBottle":[4]},"card_choices":[{"not_picked":["Metamorphosis","Chrysalis"],"picked":"Apotheosis","floor":0.0},{"not_picked":["ThirdEye","EmptyBody"],"picked":"FollowUp","floor":1.0},{"not_picked":["BowlingBash","Prostrate"],"picked":"EmptyMind","floor":2.0},{"not_picked":["Evaluate","Halt"],"picked":"TalkToTheHand","floor":5.0},{"not_picked":["JustLucky","FlyingSleeves"],"picked":"Consecrate","floor":6.0},{"not_picked":["WindmillStrike","Nirvana"],"picked":"CrushJoints","floor":8.0},{"not_picked":["JustLucky","FlyingSleeves"],"picked":"ForeignInfluence","floor":12.0},{"not_picked":["FlurryOfBlows","CrushJoints"],"picked":"Ragnarok","floor":13.0},{"not_picked":["JustLucky","DeceiveReality"],"picked":"CutThroughFate","floor":14},{"not_picked":["Brilliance","SpiritShield"],"picked":"Wish","floor":16},{"not_picked":["CrushJoints","FlyingSleeves"],"picked":"Sanctity","floor":18},{"not_picked":["CutThroughFate","JustLucky"],"picked":"CrushJoints+1","floor":20},{"not_picked":["FlurryOfBlows","ClearTheMind+1"],"picked":"CutThroughFate","floor":21},{"not_picked":["CutThroughFate","InnerPeace"],"picked":"Weave","floor":22},{"not_picked":["Halt","SashWhip"],"picked":"Meditate+1","floor":23},{"not_picked":["Crescendo+1","Halt+1"],"picked":"SashWhip+1","floor":25},{"not_picked":["Protect","Evaluate"],"picked":"WreathOfFlame","floor":27},{"not_picked":["EmptyFist","FlurryOfBlows"],"picked":"LessonLearned","floor":28}],"player_experience":813566,"relics_obtained":[{"floor":6.0,"key":"Blue Candle"},{"floor":9.0,"key":"CaptainsWheel"},{"floor":13.0,"key":"MealTicket"},{"floor":23,"key":"Boot"},{"floor":25,"key":"InkBottle"},{"floor":26,"key":"Pen Nib"},{"floor":28,"key":"Letter Opener"}],"event_choices":[{"damage_healed":0.0,"max_hp_gain":0.0,"max_hp_loss":0.0,"gold_gain":0.0,"event_name":"Scrap Ooze","player_choice":"Success","floor":3.0,"gold_loss":0.0,"damage_taken":12.0,"relics_obtained":["Incense Burner"]},{"damage_healed":0.0,"max_hp_gain":0.0,"max_hp_loss":0.0,"gold_gain":75.0,"event_name":"World of Goop","player_choice":"Gather Gold","floor":4.0,"gold_loss":0.0,"damage_taken":11.0}],"is_beta":false,"boss_relics":[{"not_picked":["Philosopher\u0027s Stone","Ectoplasm"],"picked":"Coffee Dripper"}],"items_purged_floors":[10],"is_endless":false,"potions_floor_spawned":[5,12,13,14,16,20,21,25],"killed_by":"Snecko","ascension_level":4}}