{"host":"ik8ww1p4uabx5gam","time":1610459966,"event":{"mods":["Always Whale","Aspiration","BaseMod","Beaked The Cultist","Better Third Choice","BetterRewards","Colored Map","Colored Powertips","Conspire","Energized Spire","FetchMod","GifTheSpireLib","Hubris","Infinite Spire","Ironclad Rager","Jedi Mod","Minty Spire (QoL Compilation)","Random Character Button","Replay The Spire","Shop Mod","Spicy Shops","Spikes Relics","StSLib","Stuff the Spire","The Bladedancer","The Blue Laboratory","The Dragon Tamer","The Runesmith","Wandering Minibosses","??????REMEMod"],"gold_per_floor":[115,115,115,115,40,40,75,75,125,139,152,165,190,33,33,129,229,240,250,250,250,267,297,359,393,445,457,471,498,512,512,512,608,608,624,634,390,390,403,403,437,437,489,489,489,514,564,564,564],"floor_reached":48,"playtime":2279,"items_purged":["Injury","Intolerance"],"score":765,"play_id":"8373ad54-dccf-42ac-98c7-4debf8289067","local_time":"20210112075926","is_ascension_mode":true,"campfire_choices":[{"data":"1","floor":6,"key":"LIFT"},{"data":"2","floor":8,"key":"LIFT"},{"floor":15,"key":"RECALL"},{"data":"3","floor":21,"key":"LIFT"},{"data":"MasterReality","floor":40,"key":"SMITH"},{"data":"StuffTheSpire:BrainWave","floor":42,"key":"SMITH"},{"data":"Pot Of Greed","floor":44,"key":"SMITH"}],"circlet_count":0,"master_deck":["Strike_P","Strike_P","Strike_P","Defend_P","Defend_P","Defend_P","Defend_P","Eruption+1","Vigilance","Ragnarok","Halt","Replay:BluntJabs+1","DeceiveReality+1","Wallop+1","EmptyBody","REME_CRH","SashWhip+1","WindmillStrike+1","Pray","Prostrate+1","ForeignInfluence+1","REME_Repentance","PathToVictory+1","MasterReality+1","Worship+1","Tantrum+1","Establishment","CloudedMind","Ragnarok+1","Consecrate+1","DevaForm","StuffTheSpire:BrainWave+1","Pot Of Greed+1","Pot Of Greed","Pot Of Greed","Replay:Fractal Strike+1"],"relics":["PureWater","REME_ComplimentaryCards","Girya","hubris:Icosahedron","Molten Egg 2","PreservedInsect","jedi:arcanewood","Omamori","Lee\u0027s Waffle","Replay:Grab Bag","Replay:Wanted Poster","Replay:Bronze Core","Ring of Chaos","ReplayTheSpireMod:TigerMarble","aspiration:TomeofQuesting","Replay:Rubber Ducky","Oddly Smooth Stone","Replay:Ancient Bell","Bag of Preparation","hubris:Metronome","Ginger","TeardropLocket","Grinning Jar","hubris:PeanutButter","BlackRope"],"acts_visited":["Exordium","TheCity","TheBeyond"],"potions_floor_usage":[18,22,22,30,35],"damage_taken":[{"damage":0,"enemies":"Cultist","floor":1,"turns":1},{"damage":32,"enemies":"Gremlin Nob","floor":7,"turns":4},{"damage":0,"enemies":"2 Louse","floor":10,"turns":2},{"damage":2,"enemies":"Small Slimes","floor":11,"turns":3},{"damage":5,"enemies":"Looter","floor":12,"turns":3},{"damage":18,"enemies":"3 Sentries","floor":13,"turns":3},{"damage":31,"enemies":"Hexaghost","floor":16,"turns":7},{"damage":4,"enemies":"Spheric Guardian","floor":18,"turns":1},{"damage":4,"enemies":"2 Thieves","floor":19,"turns":4},{"damage":23,"enemies":"Chosen and Byrds","floor":22,"turns":6},{"damage":5,"enemies":"Book of Stabbing","floor":23,"turns":4},{"damage":26,"enemies":"Cultist and Chosen","floor":24,"turns":7},{"damage":30,"enemies":"Slavers","floor":25,"turns":3},{"damage":0,"enemies":"3 Cultists","floor":27,"turns":2},{"damage":3,"enemies":"Snake Plant","floor":28,"turns":3},{"damage":0,"enemies":"REME_1_Revenger","floor":29,"turns":2},{"damage":0,"enemies":"Chosen and Byrds","floor":30,"turns":4},{"damage":18,"enemies":"Champ","floor":33,"turns":11},{"damage":0,"enemies":"Orb Walker","floor":35,"turns":2},{"damage":0,"enemies":"3 Shapes","floor":36,"turns":2},{"damage":0,"enemies":"Transient","floor":39,"turns":5},{"damage":0,"enemies":"beaked:SuperParasite","floor":41,"turns":5},{"damage":30,"enemies":"Reptomancer","floor":46,"turns":5},{"damage":17,"enemies":"2 Orb Walkers","floor":47,"turns":3},{"damage":19,"enemies":"Jaw Worm Horde","floor":48,"turns":3}],"seed_played":"4058349294108302577","potions_obtained":[{"floor":7,"key":"blueLaboratory:Moonshine"},{"floor":11,"key":"blueLaboratory:SavagePotion"},{"floor":16,"key":"REME_GoldPotion"},{"floor":18,"key":"BlessingOfTheForge"},{"floor":25,"key":"blueLaboratory:AbyssPotion"},{"floor":28,"key":"blueLaboratory:HeartbeatPotion"},{"floor":29,"key":"Fire Potion"},{"floor":33,"key":"ColorlessPotion"},{"floor":36,"key":"blueLaboratory:AbyssPotion"},{"floor":39,"key":"blueLaboratory:BottleOfVodka"}],"is_trial":false,"path_per_floor":["M","T","?","?","$","R","E","R","T","M","M","M","E","$","R","B",null,"M","M","?","R","M","E","M","E","T","M","M","E","M","?","R_BF","B",null,"M","M","$","?","M","R","E","R","T","R","?","E","?","M"],"character_chosen":"WATCHER","items_purchased":["Lee\u0027s Waffle","DevaForm"],"campfire_rested":0,"item_purchase_floors":[14,37],"current_hp_per_floor":[72,72,72,72,72,72,40,40,40,72,70,65,47,79,79,48,79,75,71,71,71,48,43,43,13,13,13,10,10,10,10,33,15,79,79,79,79,72,72,72,72,72,72,72,54,33,16,0,0],"gold":564,"neow_bonus":"UPGRADE_CARD","is_daily":false,"chose_seed":false,"campfire_upgraded":3,"win_rate":0.0,"timestamp":1610459966,"path_taken":["M","?","?","?","$","R","E","R","T","M","?","M","E","?","R","BOSS","M","M","?","?","M","E","M","E","T","M","M","E","?","?","R_BF","BOSS","M","M","$","?","M","R","E","R","T","R","?","E","?","?"],"items_purchased_type":["Relic","Card"],"build_version":"2020-12-22","purchased_purges":2,"victory":false,"max_hp_per_floor":[72,72,72,72,72,72,72,72,72,72,72,72,72,79,79,79,79,79,79,79,79,79,79,79,79,79,79,79,79,79,79,79,79,79,79,79,79,72,72,72,72,72,72,72,72,72,72,72,72],"card_choices":[{"not_picked":["FollowUp","SashWhip"],"picked":"Halt","floor":1},{"not_picked":["Evaluate","Swivel"],"picked":"jedi:nirvanicrebirth","floor":7},{"not_picked":["Replay:DivineShield","Replay:Cycle"],"picked":"Replay:BluntJabs+1","floor":10},{"not_picked":["ClearTheMind","Collect"],"picked":"DeceiveReality","floor":11},{"not_picked":["ClearTheMind","FollowUp+1"],"picked":"Wallop+1","floor":12},{"not_picked":["FollowUp+1","WaveOfTheHand"],"picked":"EmptyBody","floor":13},{"not_picked":["Judgement","DeusExMachina"],"picked":"REME_CRH","floor":16},{"not_picked":["DeceiveReality","Replay:BluntJabs+1"],"picked":"SashWhip+1","floor":18},{"not_picked":["CrushJoints+1","ClearTheMind"],"picked":"WindmillStrike+1","floor":19},{"not_picked":["Replay:Hum","Halt+1"],"picked":"Prostrate+1","floor":22},{"not_picked":["Replay:Hum","Devotion"],"picked":"ForeignInfluence+1","floor":23},{"not_picked":["Prostrate","EmptyBody"],"picked":"REME_Repentance","floor":24},{"not_picked":["ClearTheMind","ThirdEye+1"],"picked":"PathToVictory+1","floor":25},{"not_picked":["ClearTheMind","Crescendo"],"picked":"MasterReality","floor":27},{"not_picked":["LikeWater","Replay:Cycle"],"picked":"Worship+1","floor":28},{"not_picked":["FlyingSleeves+1","ReachHeaven+1","Crescendo"],"picked":"SKIP","floor":29},{"not_picked":["Crescendo","CrushJoints+1"],"picked":"Tantrum+1","floor":30},{"not_picked":["Scrawl","DevaForm"],"picked":"Establishment","floor":33},{"not_picked":["CloudedMind","hubris:Sloth"],"picked":"CurseOfTheBell","floor":34},{"not_picked":["Notoriety","Overencumbered"],"picked":"CloudedMind","floor":34},{"not_picked":["Spreading Infection","ReplayTheSpireMod:Compounding Headache"],"picked":"Intolerance","floor":34},{"not_picked":["Replay:ManipulateFuture","Prostrate"],"picked":"Ragnarok+1","floor":35},{"not_picked":["Protect+1","InnerPeace+1"],"picked":"Consecrate+1","floor":36},{"not_picked":["CutThroughFate+1","Replay:Anticipation","FlyingSleeves+1"],"picked":"SKIP","floor":39},{"not_picked":["EmptyFist+1","Consecrate+1","FearNoEvil+1"],"picked":"SKIP","floor":41},{"not_picked":["ReplayTheSpireMod:??????????????????????","infinitespire:Fortify"],"picked":"Replay:Fractal Strike","floor":45},{"not_picked":["JustLucky+1","DevaForm","LessonLearned+1"],"picked":"SKIP","floor":46}],"player_experience":1024431,"relics_obtained":[{"floor":2,"key":"Girya"},{"floor":7,"key":"PreservedInsect"},{"floor":9,"key":"jedi:arcanewood"},{"floor":13,"key":"Omamori"},{"floor":23,"key":"ReplayTheSpireMod:TigerMarble"},{"floor":25,"key":"aspiration:TomeofQuesting"},{"floor":26,"key":"Replay:Rubber Ducky"},{"floor":29,"key":"Oddly Smooth Stone"},{"floor":41,"key":"TeardropLocket"},{"floor":43,"key":"Grinning Jar"},{"floor":46,"key":"hubris:PeanutButter"},{"floor":47,"key":"BlackRope"}],"event_choices":[{"damage_healed":0,"gold_gain":0,"cards_transformed":["Strike_P"],"player_choice":"Transformed","damage_taken":0,"max_hp_gain":0,"max_hp_loss":0,"event_name":"Transmorgrifier","floor":20,"gold_loss":0,"cards_obtained":["Pray"]},{"damage_healed":0,"gold_gain":0,"player_choice":"Fight","damage_taken":0,"max_hp_gain":0,"max_hp_loss":0,"event_name":"Mysterious Sphere","floor":47,"gold_loss":0}],"is_beta":false,"boss_relics":[{"not_picked":["Philosopher\u0027s Stone","Kintsugi"],"picked":"Replay:Grab Bag"},{"not_picked":["energizedSpire:SpiderWeb","hubris:GrandSneckoEye"],"picked":"Replay:Wanted Poster"},{"not_picked":["ReplayTheSpireMod:Onyx Gauntlets","StuffTheSpire:RunicConfusion"],"picked":"Replay:Bronze Core"},{"not_picked":["Snecko Eye","REME_DuelDisc"],"picked":"Ring of Chaos"},{"not_picked":["Tiny House","Honey Jar"],"picked":"Replay:Ancient Bell"},{"not_picked":["Simple Rune","MawBank"],"picked":"Bag of Preparation"},{"not_picked":["hubris:DuctTape","hubris:DeckOfHolding"],"picked":"hubris:Metronome"},{"not_picked":["StuffTheSpire:DarkSteelAnvil","Replay:Multitool"],"picked":"Ginger"}],"items_purged_floors":[5,37],"is_endless":false,"potions_floor_spawned":[7,11,16,18,25,28,29,33,36,39],"killed_by":"Jaw Worm Horde","ascension_level":1}}