{"host":"wha9hktbkslqvblg","time":1610462886,"event":{"mods":["BaseMod","Colored Map","Minty Spire (QoL Compilation)","Relic Stats","SuperFastMode","everything is the same but u backflip on backflip"],"gold_per_floor":[113,113,127,27,27,27,47,47,73,104,117,117,148,163,163,163,163],"floor_reached":16,"playtime":313,"items_purged":["Strike_R"],"score":220,"play_id":"5fc57742-9573-4079-8a8f-b097829effad","local_time":"20210112234806","is_ascension_mode":true,"campfire_choices":[{"data":"Heavy Blade","floor":6.0,"key":"SMITH"},{"data":"Inflame","floor":8.0,"key":"SMITH"},{"data":"Flame Barrier","floor":15,"key":"SMITH"}],"circlet_count":0,"master_deck":["AscendersBane","Strike_R","Strike_R","Strike_R","Defend_R","Defend_R","Defend_R","Defend_R","Bash","Seeing Red","Inflame+1","Heavy Blade+1","Evolve","Flame Barrier+1"],"relics":["Burning Blood","NeowsBlessing","Regal Pillow","Thread and Needle","Lantern"],"acts_visited":["Exordium"],"potions_floor_usage":[],"damage_taken":[{"damage":0.0,"enemies":"Jaw Worm","floor":1.0,"turns":1.0},{"damage":0.0,"enemies":"Cultist","floor":3.0,"turns":1.0},{"damage":0.0,"enemies":"Small Slimes","floor":7.0,"turns":1.0},{"damage":20.0,"enemies":"Lagavulin","floor":10.0,"turns":4.0},{"damage":3.0,"enemies":"2 Fungi Beasts","floor":11.0,"turns":3.0},{"damage":20.0,"enemies":"3 Sentries","floor":13.0,"turns":8.0},{"damage":8,"enemies":"Large Slime","floor":14,"turns":4},{"damage":40,"enemies":"The Guardian","floor":16,"turns":12}],"seed_played":"4843772971289098320","potions_obtained":[{"floor":3.0,"key":"Fire Potion"},{"floor":7.0,"key":"ElixirPotion"},{"floor":10.0,"key":"FairyPotion"},{"floor":11.0,"key":"Regen Potion"}],"is_trial":false,"path_per_floor":["M","?","M","$","$","R","M","R","T","E","M","?","E","M","R","B"],"character_chosen":"IRONCLAD","items_purchased":["Heavy Blade"],"campfire_rested":0,"item_purchase_floors":[4],"current_hp_per_floor":[74,70,75,75,75,75,75,75,75,61,64,64,65,63,63,23,23],"gold":163,"neow_bonus":"THREE_ENEMY_KILL","is_daily":false,"chose_seed":false,"campfire_upgraded":3,"win_rate":0.0,"timestamp":1610462886,"path_taken":["M","?","M","?","$","R","?","R","T","E","M","?","E","M","R","BOSS"],"items_purchased_type":["Card"],"build_version":"2020-12-22","purchased_purges":1,"victory":false,"max_hp_per_floor":[75,75,75,75,75,75,75,75,75,75,75,75,75,75,75,75,75],"relic_stats":{"Regal Pillow":0,"counters":[8,34],"obtain_stats":[{"Regal Pillow":9,"Lantern":13,"NeowsBlessing":0,"Thread and Needle":10,"Burning Blood":0},{"Regal Pillow":3,"Lantern":6,"NeowsBlessing":0,"Thread and Needle":4,"Burning Blood":0},{"Regal Pillow":3,"Lantern":18,"NeowsBlessing":0,"Thread and Needle":7,"Burning Blood":0}],"Burning Blood":35},"card_choices":[{"not_picked":["Perfected Strike","Rage"],"picked":"Seeing Red","floor":1.0},{"not_picked":["Sentinel","Anger"],"picked":"Inflame","floor":3.0},{"not_picked":["Iron Wave","Metallicize","Armaments"],"picked":"SKIP","floor":7.0},{"not_picked":["Flex","Cleave","Thunderclap"],"picked":"SKIP","floor":10.0},{"not_picked":["Wild Strike","Infernal Blade","Fire Breathing"],"picked":"SKIP","floor":11.0},{"not_picked":["Headbutt","Shockwave","Havoc"],"picked":"SKIP","floor":13.0},{"not_picked":["Sever Soul","Warcry"],"picked":"Flame Barrier","floor":14}],"player_experience":962769,"relics_obtained":[{"floor":9.0,"key":"Regal Pillow"},{"floor":10.0,"key":"Thread and Needle"},{"floor":13.0,"key":"Lantern"}],"event_choices":[{"damage_healed":0.0,"max_hp_gain":0.0,"max_hp_loss":0.0,"gold_gain":0.0,"event_name":"The Woman in Blue","player_choice":"Bought 0 Potions","floor":2.0,"gold_loss":0.0,"damage_taken":0.0},{"damage_healed":0.0,"max_hp_gain":0.0,"max_hp_loss":0.0,"gold_gain":0.0,"cards_transformed":["Strike_R"],"event_name":"Living Wall","player_choice":"Change","floor":12.0,"gold_loss":0.0,"damage_taken":0.0,"cards_obtained":["Evolve"]}],"is_beta":false,"boss_relics":[],"items_purged_floors":[4],"is_endless":false,"potions_floor_spawned":[3,7,10,11],"killed_by":"The Guardian","ascension_level":20}}