{"host":"rcus31dlwi4i4y2l","time":1610445758,"event":{"mods":["BaseMod","Googly Eyes","Hermit","Minty Spire (QoL Compilation)","StSLib","The Cursed"],"gold_per_floor":[117,117,133,144,144,175,175,188,243,275,293,90,110,129,129,232,232,248,265,265,265,112,112,142,174,197,197,207,207,229,268,268,378,378,413,448,448,488,507,549,549,549],"floor_reached":41,"playtime":5670,"items_purged":["hermit:Strike_Hermit","hermit:Strike_Hermit"],"score":475,"play_id":"209ca82b-4d6d-4719-9234-d370750ddba9","local_time":"20210112040238","is_ascension_mode":false,"campfire_choices":[{"data":"hermit:GoldenBullet","floor":7,"key":"SMITH"},{"data":"hermit:Determination","floor":15,"key":"SMITH"},{"data":"hermit:Covet","floor":23,"key":"SMITH"},{"floor":32,"key":"REST"}],"circlet_count":0,"master_deck":["hermit:Strike_Hermit","hermit:Strike_Hermit+1","hermit:Defend_Hermit+1","hermit:Defend_Hermit","hermit:Defend_Hermit","hermit:Snapshot","hermit:Covet+1","hermit:WideOpen+1","Pain","hermit:Snipe","hermit:ItchyTrigger+1","hermit:GhostlyPresence","hermit:HoleUp","hermit:Quickdraw","hermit:Determination+1","Flash of Steel","hermit:GhostlyPresence","hermit:HeroicBravado","hermit:DeadMansHand+1","hermit:Deadeye","Decay","hermit:Coalescence","hermit:Deadeye","Decay","hermit:Scavenge","hermit:Covet+1","hermit:Reprieve","hermit:DeadOrAlive","hermit:Midnight+1","hermit:Virtue+1","hermit:CalledShot+1"],"relics":["hermit:Momento","NeowsBlessing","WarpedTongs","Eternal Feather","Vajra","Lantern","Cursed Key","Matryoshka","Red Mask","Whetstone","NlothsMask","Smiling Mask","Fusion Hammer","Omamori"],"acts_visited":["Exordium","TheCity","TheBeyond"],"potions_floor_usage":[10,16,19,24,28,31,31,31,33,35,36,39,40],"damage_taken":[{"damage":0,"enemies":"Small Slimes","floor":1,"turns":1},{"damage":0,"enemies":"Cultist","floor":3,"turns":1},{"damage":0,"enemies":"Jaw Worm","floor":4,"turns":1},{"damage":8,"enemies":"Gremlin Nob","floor":6,"turns":4},{"damage":11,"enemies":"Exordium Wildlife","floor":8,"turns":3},{"damage":19,"enemies":"3 Sentries","floor":10,"turns":9},{"damage":0,"enemies":"3 Louse","floor":11,"turns":3},{"damage":0,"enemies":"Blue Slaver","floor":13,"turns":2},{"damage":0,"enemies":"Large Slime","floor":14,"turns":2},{"damage":21,"enemies":"The Guardian","floor":16,"turns":9},{"damage":15,"enemies":"3 Byrds","floor":18,"turns":6},{"damage":15,"enemies":"2 Thieves","floor":19,"turns":4},{"damage":17,"enemies":"Slavers","floor":24,"turns":7},{"damage":10,"enemies":"Masked Bandits","floor":25,"turns":4},{"damage":11,"enemies":"3 Cultists","floor":28,"turns":5},{"damage":20,"enemies":"Centurion and Healer","floor":30,"turns":6},{"damage":1,"enemies":"Book of Stabbing","floor":31,"turns":4},{"damage":26,"enemies":"Collector","floor":33,"turns":8},{"damage":17,"enemies":"3 Darklings","floor":35,"turns":6},{"damage":3,"enemies":"3 Shapes","floor":36,"turns":5},{"damage":20,"enemies":"Writhing Mass","floor":38,"turns":7},{"damage":20,"enemies":"3 Darklings","floor":39,"turns":5},{"damage":37,"enemies":"Reptomancer","floor":40,"turns":10},{"damage":10,"enemies":"Maw","floor":41,"turns":2}],"seed_played":"5669294594751834661","potions_obtained":[{"floor":1,"key":"LiquidMemories"},{"floor":8,"key":"hermit:BlackBile"},{"floor":10,"key":"Ancient Potion"},{"floor":11,"key":"GamblersBrew"},{"floor":14,"key":"CultistPotion"},{"floor":16,"key":"Block Potion"},{"floor":25,"key":"Regen Potion"},{"floor":28,"key":"FearPotion"},{"floor":30,"key":"SpeedPotion"},{"floor":31,"key":"PowerPotion"},{"floor":33,"key":"AttackPotion"},{"floor":35,"key":"Explosive Potion"},{"floor":36,"key":"Energy Potion"},{"floor":39,"key":"Energy Potion"}],"is_trial":false,"path_per_floor":["M","?","M","M","?","E","R","M","T","E","M","$","M","M","R","B",null,"M","M","?","?","$","R","E","?","T","?","M","?","M","E","R","B",null,"M","M","?","M","M","E","M"],"character_chosen":"HERMIT","items_purchased":["hermit:Determination","Flash of Steel","hermit:Coalescence"],"campfire_rested":1,"item_purchase_floors":[12,12,22],"current_hp_per_floor":[75,75,75,75,60,52,61,50,50,31,31,31,31,31,43,22,75,60,45,45,45,45,57,40,30,30,30,31,31,11,10,47,37,75,58,63,63,51,31,6,0,0],"gold":549,"neow_bonus":"THREE_ENEMY_KILL","is_daily":false,"chose_seed":false,"campfire_upgraded":3,"win_rate":0.0,"timestamp":1610445758,"path_taken":["M","?","?","M","?","E","R","M","T","E","M","?","M","M","R","BOSS","M","M","?","?","$","R","E","?","T","?","?","?","M","E","R","BOSS","M","?","?","M","M","E","M"],"items_purchased_type":["Card","Card","Card"],"build_version":"2020-12-22","purchased_purges":2,"victory":false,"max_hp_per_floor":[75,75,75,75,75,75,75,75,75,75,75,75,75,75,75,75,75,75,75,75,75,75,75,75,75,75,75,75,75,75,75,75,75,75,75,75,75,75,75,75,75,75],"card_choices":[{"not_picked":["hermit:Virtue","hermit:Spite"],"picked":"hermit:WideOpen","floor":1},{"not_picked":["hermit:Deadeye","hermit:Vantage"],"picked":"hermit:Snipe","floor":3},{"not_picked":["hermit:Desperado","hermit:Misfire"],"picked":"hermit:ItchyTrigger","floor":4},{"not_picked":["hermit:FlashPowder","hermit:Snipe"],"picked":"hermit:GoldenBullet","floor":6},{"not_picked":["hermit:Snipe","hermit:Feint"],"picked":"hermit:GhostlyPresence","floor":8},{"not_picked":["hermit:CursedWeapon","hermit:DeadMansHand"],"picked":"hermit:HoleUp","floor":10},{"not_picked":["hermit:Desperado","hermit:LuckOfTheDraw"],"picked":"hermit:Quickdraw","floor":11},{"not_picked":["hermit:Midnight","hermit:HighCaliber","hermit:Maintenance"],"picked":"SKIP","floor":13},{"not_picked":["hermit:FullyLoaded","hermit:Feint"],"picked":"hermit:GhostlyPresence","floor":14},{"not_picked":["hermit:Adapt","hermit:HighNoon"],"picked":"hermit:HeroicBravado","floor":16},{"not_picked":["hermit:TrackingShot+1","hermit:Glare"],"picked":"hermit:DeadMansHand+1","floor":18},{"not_picked":["hermit:Desperado","hermit:LowProfile+1"],"picked":"hermit:Deadeye","floor":19},{"not_picked":["hermit:HoleUp","hermit:Roulette","hermit:Manifest+1"],"picked":"SKIP","floor":24},{"not_picked":["hermit:Vantage","hermit:BodyArmor"],"picked":"hermit:Deadeye","floor":25},{"not_picked":["hermit:Quickdraw+1","hermit:Enervate+1"],"picked":"hermit:Scavenge","floor":28},{"not_picked":["hermit:Coalescence","hermit:GoldenBullet","hermit:Desperado+1"],"picked":"SKIP","floor":30},{"not_picked":["hermit:Roulette","hermit:CalledShot"],"picked":"hermit:Reprieve","floor":31},{"not_picked":["hermit:Roughhouse","hermit:Adapt"],"picked":"hermit:DeadOrAlive","floor":33},{"not_picked":["hermit:Scavenge+1","hermit:TakeAim"],"picked":"hermit:Midnight+1","floor":35},{"not_picked":["hermit:ItchyTrigger","hermit:LowProfile","hermit:HoleUp"],"picked":"SKIP","floor":36},{"not_picked":["hermit:Manifest+1","hermit:Feint+1","hermit:Quickdraw"],"picked":"SKIP","floor":38},{"not_picked":["hermit:NoHoldsBarred+1","hermit:Showdown+1"],"picked":"hermit:Virtue+1","floor":39},{"not_picked":["hermit:Dissolve","hermit:Vantage"],"picked":"hermit:CalledShot+1","floor":40}],"player_experience":102996,"relics_obtained":[{"floor":6,"key":"Eternal Feather"},{"floor":9,"key":"Vajra"},{"floor":10,"key":"Lantern"},{"floor":24,"key":"Matryoshka"},{"floor":25,"key":"Red Mask"},{"floor":26,"key":"Whetstone"},{"floor":31,"key":"Smiling Mask"},{"floor":40,"key":"Omamori"}],"event_choices":[{"damage_healed":0,"gold_gain":0,"player_choice":"Rummage","damage_taken":0,"relics_obtained":["WarpedTongs"],"max_hp_gain":0,"max_hp_loss":0,"event_name":"Accursed Blacksmith","floor":2,"gold_loss":0,"cards_obtained":["Pain"]},{"damage_healed":0,"gold_gain":0,"player_choice":"Entered Light","damage_taken":15,"max_hp_gain":0,"max_hp_loss":0,"event_name":"Shining Light","floor":5,"gold_loss":0,"cards_upgraded":["hermit:Defend_Hermit","hermit:WideOpen"]},{"damage_healed":0,"gold_gain":0,"player_choice":"Smashed Altar","damage_taken":0,"max_hp_gain":0,"max_hp_loss":0,"event_name":"Forgotten Altar","floor":20,"gold_loss":0,"cards_obtained":["Decay"]},{"cards_removed":["hermit:Defend_Hermit"],"damage_healed":0,"gold_gain":0,"player_choice":"Elegance","damage_taken":0,"max_hp_gain":0,"max_hp_loss":0,"event_name":"Back to Basics","floor":21,"gold_loss":0},{"damage_healed":0,"gold_gain":0,"player_choice":"Fought Bandits","damage_taken":0,"max_hp_gain":0,"max_hp_loss":0,"event_name":"Masked Bandits","floor":25,"gold_loss":0},{"damage_healed":0,"gold_gain":0,"player_choice":"Trade","damage_taken":0,"relics_obtained":["NlothsMask"],"max_hp_gain":0,"max_hp_loss":0,"event_name":"FaceTrader","floor":27,"gold_loss":0},{"damage_healed":0,"gold_gain":0,"player_choice":"Copied","damage_taken":0,"max_hp_gain":0,"max_hp_loss":0,"event_name":"Duplicator","floor":29,"gold_loss":0,"cards_obtained":["hermit:Covet"]},{"cards_removed":["hermit:GoldenBullet"],"damage_healed":0,"gold_gain":0,"player_choice":"Removed Attack","damage_taken":0,"max_hp_gain":0,"max_hp_loss":0,"event_name":"Falling","floor":37,"gold_loss":0}],"is_beta":false,"boss_relics":[{"not_picked":["Tiny House","Ectoplasm"],"picked":"Cursed Key"},{"not_picked":["Runic Dome","hermit:ClaspedLocket"],"picked":"Fusion Hammer"}],"items_purged_floors":[12,22],"is_endless":false,"potions_floor_spawned":[1,8,10,11,14,16,25,28,30,31,33,35,36,39],"killed_by":"Maw","ascension_level":0}}