{"host":"ufl0k2so27eic2iy","time":1610478567,"event":{"mods":["BaseMod","Minty Spire (QoL Compilation)","StSLib","The Animator"],"gold_per_floor":[111,111,111,137,157,157,179,23,23,54,54,54,4,43,43,118,118,137,52,52,52,69,108,118,142,142,142,174,209,249,264,264,341,341,365,365,285,323,334,334,371,371,371,406,31,55,55,67,67,71,71,71,39,73,73],"floor_reached":56,"playtime":3960,"items_purged":["animator:Strike","animator:Strike","animator:Strike"],"score":1981,"play_id":"0e1ad945-b54f-43ec-95f6-d4f4aaeec6ba","local_time":"20210112190927","is_ascension_mode":true,"campfire_choices":[{"data":"animator:Suigintou","floor":6.0,"key":"SMITH"},{"data":"animator:Suigintou+1","floor":12.0,"key":"SMITH"},{"data":"animator:Suigintou+2","floor":15,"key":"SMITH"},{"data":"animator:ShidoItsuka","floor":27,"key":"SMITH"},{"data":"animator:OrigamiTobiichi","floor":32,"key":"SMITH"},{"floor":40,"key":"RECALL"},{"data":"animator:Suigintou+4","floor":42,"key":"SMITH"},{"data":"animator:Suigintou+5","floor":47,"key":"SMITH"},{"data":"animator:Suigintou+6","floor":49,"key":"SMITH"},{"data":"animator:Suigintou+7","floor":52,"key":"SMITH"}],"circlet_count":0,"master_deck":["AscendersBane","animator:Strike_DateALive","animator:Defend_DateALive","animator:Defend+1","animator:Defend","animator:Defend","animator:ShidoItsuka+1","animator:YamaiSisters+1","animator:Yuuichirou","animator:Suigintou+8","animator:ReineMurasame+1","animator:TohkaYatogami","animator:YoshinoHimekawa+1","animator:MeguKakizaki+1","animator:YamaiSisters+1","animator:GuildGirl","animator:Yusa+1","animator:NoriSakurada+1","animator:KanadeTachibana+1","animator:OrigamiTobiichi+1","animator:TohkaYatogami+1","animator:CowGirl+1","animator:MeguKakizaki+1","animator:Kaijin","animator:Shirosaki+1","animator:Shuna+1","animator:FeridBathory","animator:MasamiIwasawa+1","animator:HiiragiShinya+1","animator:GazelDwargon+1","animator:YamaiSisters","animator:YamaiSisters","animator:Mikaela+1","animator:SayakaMiki+1"],"relics":["animator:LivingPicture","animator:TheMissingPiece","Omamori","Toxic Egg 2","animator:PurpleTeddyBear","animator:HallowedScabbard","Meat on the Bone","Mark of Pain","Boot","Blood Vial","Whetstone","The Courier","Pantograph","Mercury Hourglass","animator:ShionDessert","Coffee Dripper","Bag of Marbles","Nunchaku","CloakClasp","FossilizedHelix"],"acts_visited":["Exordium","TheCity","TheBeyond","TheEnding"],"potions_floor_usage":[18,31,39,44,55,55],"damage_taken":[{"damage":2.0,"enemies":"Jaw Worm","floor":1.0,"turns":4.0},{"damage":0.0,"enemies":"Cultist","floor":4.0,"turns":4.0},{"damage":0.0,"enemies":"2 Louse","floor":5.0,"turns":3.0},{"damage":11.0,"enemies":"Looter","floor":7.0,"turns":4.0},{"damage":8.0,"enemies":"3 Sentries","floor":10.0,"turns":7.0},{"damage":2,"enemies":"Gremlin Nob","floor":14,"turns":4},{"damage":5,"enemies":"The Guardian","floor":16,"turns":12},{"damage":6,"enemies":"2 Thieves","floor":18,"turns":4},{"damage":3,"enemies":"Shell Parasite","floor":22,"turns":6},{"damage":38,"enemies":"Slavers","floor":23,"turns":6},{"damage":9,"enemies":"Shelled Parasite and Fungi","floor":24,"turns":5},{"damage":9,"enemies":"Centurion and Healer","floor":25,"turns":6},{"damage":19,"enemies":"Gremlin Leader","floor":28,"turns":7},{"damage":16,"enemies":"Cultist and Chosen","floor":29,"turns":7},{"damage":33,"enemies":"Slavers","floor":30,"turns":6},{"damage":15,"enemies":"Shelled Parasite and Fungi","floor":31,"turns":5},{"damage":35,"enemies":"Automaton","floor":33,"turns":9},{"damage":0,"enemies":"Orb Walker","floor":35,"turns":4},{"damage":17,"enemies":"3 Darklings","floor":38,"turns":6},{"damage":0,"enemies":"Jaw Worm Horde","floor":39,"turns":5},{"damage":0,"enemies":"Nemesis","floor":41,"turns":5},{"damage":14,"enemies":"Reptomancer","floor":44,"turns":8},{"damage":7,"enemies":"4 Shapes","floor":46,"turns":5},{"damage":0,"enemies":"Maw","floor":48,"turns":6},{"damage":56,"enemies":"Time Eater","floor":50,"turns":12},{"damage":35,"enemies":"Shield and Spear","floor":54,"turns":6},{"damage":76,"enemies":"The Heart","floor":55,"turns":12}],"seed_played":"-2625449813643399278","potions_obtained":[{"floor":1.0,"key":"Explosive Potion"},{"floor":14,"key":"GamblersBrew"},{"floor":18,"key":"SpeedPotion"},{"floor":30,"key":"Fruit Juice"},{"floor":31,"key":"DistilledChaos"},{"floor":33,"key":"Ancient Potion"},{"floor":41,"key":"Explosive Potion"}],"is_trial":false,"path_per_floor":["M","?","T","M","M","R","M","$","T","E","$","R","$","E","R","B",null,"M","?","?","T","M","E","M","M","T","R","E","M","E","M","R","B",null,"M","?","$","M","M","R","E","R","T","E","$","M","R","M","R","B",null,"R","$","E","B",null],"character_chosen":"THE_ANIMATOR","items_purchased":["animator:MeguKakizaki+1","animator:YamaiSisters","animator:Yusa+1","CloakClasp","PowerPotion","animator:SayakaMiki+1"],"campfire_rested":0,"item_purchase_floors":[8,8,13,45,45,53],"current_hp_per_floor":[52,52,52,52,53,53,42,42,42,34,34,34,34,32,32,39,56,51,51,51,51,56,48,47,46,46,46,42,46,43,49,49,46,63,68,68,68,67,68,68,68,68,68,68,68,67,67,68,68,40,61,61,61,43,20],"gold":73,"neow_bonus":"RANDOM_COMMON_RELIC","is_daily":false,"chose_seed":true,"campfire_upgraded":9,"win_rate":0.0,"timestamp":1610478567,"path_taken":["M","?","?","M","M","R","?","$","T","E","?","R","$","E","R","BOSS","M","?","?","?","M","E","M","M","T","R","E","M","E","M","R","BOSS","M","?","$","M","?","R","E","R","T","E","$","M","R","M","R","BOSS","R","$","E","BOSS"],"items_purchased_type":["Card","Card","Card","Relic","Potion","Card"],"build_version":"2020-12-22","purchased_purges":3,"victory":true,"max_hp_per_floor":[60,60,60,60,61,61,61,61,61,61,61,61,61,61,61,61,61,62,62,62,62,62,62,62,62,62,62,62,62,62,68,68,68,68,68,68,68,68,68,68,68,68,68,68,68,68,68,68,68,68,68,68,68,68,68],"card_choices":[{"not_picked":["animator:Souseiseki","animator:Priestess"],"picked":"animator:Yuuichirou","floor":1.0},{"not_picked":["animator:Yusa+1","animator:OrigamiTobiichi"],"picked":"animator:ReineMurasame+1","floor":4.0},{"not_picked":["animator:HidekiHinata","animator:Benimaru"],"picked":"animator:TohkaYatogami","floor":5.0},{"not_picked":["animator:YamaiSisters","animator:NiaHonjou+1"],"picked":"animator:YoshinoHimekawa+1","floor":7.0},{"not_picked":["animator:KurumiTokisaki","animator:Hinaichigo+1"],"picked":"animator:GuildGirl","floor":10.0},{"not_picked":["animator:Benimaru","animator:Priestess+1"],"picked":"animator:NoriSakurada+1","floor":14},{"not_picked":["animator:KotoriItsuka","animator:AyatoNaoi+1"],"picked":"animator:KanadeTachibana+1","floor":16},{"not_picked":["animator:YuzuruOtonashi+1","animator:CrowleyEusford"],"picked":"animator:OrigamiTobiichi","floor":18},{"not_picked":["animator:Souseiseki","animator:Suiseiseki+1"],"picked":"animator:Suigintou","floor":22},{"not_picked":["animator:OrikoMikuni+1","animator:Mitsuba"],"picked":"animator:TohkaYatogami+1","floor":23},{"not_picked":["animator:Yui+1","animator:OrikoMikuni+1","animator:Shion"],"picked":"SKIP","floor":24},{"not_picked":["animator:Yuuichirou","animator:Noda"],"picked":"animator:CowGirl+1","floor":25},{"not_picked":["animator:Suiseiseki+1","animator:NoriSakurada+1"],"picked":"animator:MeguKakizaki+1","floor":28},{"not_picked":["animator:Yuuichirou","animator:OrigamiTobiichi"],"picked":"animator:Kaijin","floor":29},{"not_picked":["animator:MukuroHoshimiya","animator:Shinoa+1"],"picked":"animator:Shirosaki+1","floor":30},{"not_picked":["animator:TohkaYatogami","animator:Priestess+1"],"picked":"animator:Shuna+1","floor":31},{"not_picked":["animator:Rimuru","animator:Kyubey+1"],"picked":"animator:FeridBathory","floor":33},{"not_picked":["animator:Noda","animator:Yui+1"],"picked":"animator:MasamiIwasawa+1","floor":35},{"not_picked":["animator:ReineMurasame+1","animator:YamaiSisters"],"picked":"animator:GazelDwargon+1","floor":38},{"not_picked":["animator:Priestess+1","animator:Yui+1"],"picked":"animator:YamaiSisters","floor":39},{"not_picked":["animator:MikuIzayoi+1","animator:KotoriItsuka"],"picked":"animator:YamaiSisters","floor":41},{"not_picked":["animator:Hinaichigo+1","animator:TohkaYatogami"],"picked":"animator:Mikaela+1","floor":46},{"not_picked":["animator:HighElfArcher","animator:Chaa","animator:Yusa+1"],"picked":"SKIP","floor":48},{"not_picked":["animator:Yoichi+1","animator:KyokoSakura","animator:MukuroHoshimiya"],"picked":"SKIP","floor":54}],"player_experience":2437113,"relics_obtained":[{"floor":3.0,"key":"Toxic Egg 2"},{"floor":9.0,"key":"animator:PurpleTeddyBear"},{"floor":10.0,"key":"animator:HallowedScabbard"},{"floor":14,"key":"Meat on the Bone"},{"floor":21,"key":"Whetstone"},{"floor":23,"key":"The Courier"},{"floor":26,"key":"Pantograph"},{"floor":28,"key":"Mercury Hourglass"},{"floor":30,"key":"animator:ShionDessert"},{"floor":41,"key":"Bag of Marbles"},{"floor":44,"key":"Nunchaku"},{"floor":54,"key":"FossilizedHelix"}],"event_choices":[{"damage_healed":0.0,"max_hp_gain":0.0,"max_hp_loss":0.0,"gold_gain":0.0,"cards_transformed":["animator:Strike"],"event_name":"Living Wall","player_choice":"Change","floor":2.0,"gold_loss":0.0,"damage_taken":0.0,"cards_obtained":["animator:Suigintou"]},{"damage_healed":0,"gold_gain":0,"player_choice":"Obtained Relic","damage_taken":0,"relics_obtained":["Boot"],"max_hp_gain":0,"max_hp_loss":0,"event_name":"Addict","floor":19,"gold_loss":85},{"damage_healed":0,"gold_gain":0,"player_choice":"Opened","damage_taken":0,"relics_obtained":["Blood Vial"],"max_hp_gain":0,"max_hp_loss":0,"event_name":"The Mausoleum","floor":20,"gold_loss":0,"cards_obtained":["Writhe"]},{"damage_healed":0,"gold_gain":0,"player_choice":"2 cards matched","damage_taken":0,"max_hp_gain":0,"max_hp_loss":0,"event_name":"Match and Keep!","floor":36,"gold_loss":0,"cards_obtained":["animator:Strike","animator:HiiragiShinya"]}],"is_beta":false,"boss_relics":[{"not_picked":["animator:RacePiece","animator:CursedBlade"],"picked":"Mark of Pain"},{"not_picked":["Busted Crown","Philosopher\u0027s Stone"],"picked":"Coffee Dripper"}],"items_purged_floors":[8,37,45],"is_endless":false,"potions_floor_spawned":[1,14,18,28,30,31,33,41],"ascension_level":15}}