{"host":"hzinic87vu8p95wn","time":1610455967,"event":{"mods":["BaseMod","Minty Spire (QoL Compilation)"],"gold_per_floor":[118,268,268,268,54,54,71,104,127,127,146,181,181,191,191,268,277,300,280,100,100,100],"floor_reached":21,"playtime":623,"items_purged":["Doubt","Strike_R"],"score":399,"play_id":"5689d039-403e-46dd-8379-d46f588df7af","local_time":"20210112235247","is_ascension_mode":true,"campfire_choices":[{"data":"True Grit","floor":6.0,"key":"SMITH"},{"data":"Armaments","floor":10.0,"key":"SMITH"},{"floor":13.0,"key":"REST"},{"data":"Barricade","floor":15.0,"key":"SMITH"}],"circlet_count":0,"master_deck":["AscendersBane","Strike_R","Strike_R","Strike_R","Strike_R","Defend_R","Defend_R","Defend_R","Defend_R","Bash","True Grit+1","Evolve","Pommel Strike+1","Twin Strike+1","Armaments+1","Heavy Blade+1","Barricade+1","CurseOfTheBell","Inflame+1","Battle Trance"],"relics":["Burning Blood","NeowsBlessing","Orichalcum","Molten Egg 2","Anchor","CeramicFish","Blue Candle","Calling Bell","Boot","Matryoshka","Ice Cream"],"acts_visited":["Exordium","TheCity"],"potions_floor_usage":[21],"damage_taken":[{"damage":0.0,"enemies":"2 Louse","floor":1.0,"turns":1.0},{"damage":0.0,"enemies":"Small Slimes","floor":7.0,"turns":1.0},{"damage":0.0,"enemies":"3 Sentries","floor":8.0,"turns":1.0},{"damage":4.0,"enemies":"Jaw Worm","floor":11.0,"turns":4.0},{"damage":20.0,"enemies":"Lagavulin","floor":12.0,"turns":6.0},{"damage":2.0,"enemies":"Gremlin Gang","floor":14.0,"turns":5.0},{"damage":53.0,"enemies":"Slime Boss","floor":16.0,"turns":14.0},{"damage":40,"enemies":"3 Byrds","floor":18,"turns":8},{"damage":25,"enemies":"Spheric Guardian","floor":21,"turns":5}],"seed_played":"7561808363551582941","potions_obtained":[{"floor":1.0,"key":"Strength Potion"},{"floor":7.0,"key":"Energy Potion"},{"floor":12.0,"key":"DuplicationPotion"},{"floor":18,"key":"GamblersBrew"},{"floor":19,"key":"Weak Potion"}],"is_trial":false,"path_per_floor":["M","?","?","T","$","R","M","E","T","R","M","E","R","M","R","B",null,"M","?","$","M"],"character_chosen":"IRONCLAD","items_purchased":["Evolve","Pommel Strike+1","Battle Trance"],"campfire_rested":1,"item_purchase_floors":[5,5,20],"current_hp_per_floor":[74,74,39,39,39,39,45,51,51,51,53,39,61,65,65,18,61,27,27,27,2,2],"gold":100,"neow_bonus":"THREE_ENEMY_KILL","is_daily":false,"chose_seed":false,"campfire_upgraded":3,"win_rate":0.0,"timestamp":1610455967,"path_taken":["M","?","?","?","$","R","M","E","T","R","?","E","R","M","R","BOSS","M","?","$","M"],"items_purchased_type":["Card","Card","Card"],"build_version":"2020-12-22","purchased_purges":2,"victory":false,"max_hp_per_floor":[75,75,75,75,75,75,75,75,75,75,75,75,75,75,75,75,75,75,75,75,75,75],"card_choices":[{"not_picked":["Body Slam","Perfected Strike"],"picked":"True Grit","floor":1.0},{"not_picked":["Warcry","Body Slam+1"],"picked":"Twin Strike+1","floor":7.0},{"not_picked":["Warcry","Sword Boomerang+1"],"picked":"Armaments","floor":8.0},{"not_picked":["Twin Strike+1","Armaments"],"picked":"Heavy Blade+1","floor":11.0},{"not_picked":["Anger+1","Thunderclap+1"],"picked":"Barricade","floor":12.0},{"not_picked":["Perfected Strike+1","Ghostly Armor","Offering"],"picked":"SKIP","floor":14.0},{"not_picked":["Flex","Sword Boomerang+1"],"picked":"Inflame+1","floor":18}],"player_experience":1562530,"relics_obtained":[{"floor":4.0,"key":"Molten Egg 2"},{"floor":8.0,"key":"Anchor"},{"floor":9.0,"key":"CeramicFish"},{"floor":12.0,"key":"Blue Candle"},{"floor":17.0,"key":"Boot"},{"floor":17.0,"key":"Matryoshka"},{"floor":17.0,"key":"Ice Cream"}],"event_choices":[{"damage_healed":0.0,"max_hp_gain":0.0,"max_hp_loss":0.0,"gold_gain":150.0,"event_name":"Liars Game","player_choice":"AGREE","floor":2.0,"gold_loss":0.0,"damage_taken":0.0,"cards_obtained":["Doubt"]},{"damage_healed":0.0,"max_hp_gain":0.0,"max_hp_loss":0.0,"gold_gain":0.0,"event_name":"Scrap Ooze","player_choice":"Success","floor":3.0,"gold_loss":0.0,"damage_taken":35.0,"relics_obtained":["Orichalcum"]},{"damage_healed":0,"gold_gain":0,"player_choice":"Bought 1 Potion","damage_taken":0,"max_hp_gain":0,"max_hp_loss":0,"event_name":"The Woman in Blue","floor":19,"gold_loss":0}],"is_beta":false,"boss_relics":[{"not_picked":["Runic Pyramid","Coffee Dripper"],"picked":"Calling Bell"}],"items_purged_floors":[5,20],"is_endless":false,"potions_floor_spawned":[1,7,12,18],"killed_by":"Spheric Guardian","ascension_level":18}}