{"host":"hbwa3kjetxrogfq8","time":1610467413,"event":{"mods":["AchievementEnabler","BaseMod","Block Reminder","Colored Map","Colored Powertips","Dark Map","Highlight Path","Minty Spire (QoL Compilation)","Rare Cards Sparkle","Relic Stats","StSLib","Synergy Search"],"gold_per_floor":[118,3,17,29,46,76,76,106,106,106,125,144,144,154,154,251,251,219,219,219,219,219,219,230,230,275,7,24,24,38,52,52,52,52],"floor_reached":33,"playtime":1389,"items_purged":["Defend_G"],"score":361,"play_id":"855043e5-3222-445c-97e9-be9813a640b5","local_time":"20210112170333","is_ascension_mode":true,"campfire_choices":[{"data":"Neutralize","floor":7,"key":"SMITH"},{"data":"Cloak And Dagger","floor":10,"key":"SMITH"},{"data":"Cloak And Dagger","floor":13,"key":"SMITH"},{"data":"Blade Dance","floor":15,"key":"SMITH"},{"floor":23,"key":"REST"},{"floor":25,"key":"REST"},{"data":"Dagger Spray","floor":29,"key":"SMITH"},{"floor":32,"key":"REST"}],"circlet_count":0,"master_deck":["Strike_G","Strike_G","Strike_G","Strike_G","Strike_G","Defend_G","Defend_G","Defend_G","Defend_G","Survivor","Neutralize+1","Cloak And Dagger+1","Predator","Cloak And Dagger+1","Deadly Poison","Heel Hook+1","Blade Dance+1","Acrobatics","Dodge and Roll","Unload+1","Shame","Dagger Spray+1","Cloak And Dagger","Blur","Poisoned Stab","Acrobatics"],"relics":["Ring of the Serpent","NeowsBlessing","Pear","Pantograph","Singing Bowl","Boot","Sundial","Whetstone","Vajra"],"acts_visited":["TheCity"],"potions_floor_usage":[6,24,24,30,30,31],"damage_taken":[{"damage":0,"enemies":"2 Louse","floor":1,"turns":1},{"damage":0,"enemies":"Small Slimes","floor":3,"turns":1},{"damage":0,"enemies":"Jaw Worm","floor":4,"turns":1},{"damage":3,"enemies":"Blue Slaver","floor":5,"turns":5},{"damage":12,"enemies":"Gremlin Nob","floor":6,"turns":3},{"damage":3,"enemies":"Looter","floor":11,"turns":4},{"damage":9,"enemies":"Exordium Thugs","floor":12,"turns":6},{"damage":3,"enemies":"Exordium Wildlife","floor":14,"turns":3},{"damage":32,"enemies":"Hexaghost","floor":16,"turns":13},{"damage":22,"enemies":"2 Thieves","floor":18,"turns":5},{"damage":32,"enemies":"Spheric Guardian","floor":24,"turns":6},{"damage":27,"enemies":"Snake Plant","floor":28,"turns":4},{"damage":3,"enemies":"Snecko","floor":30,"turns":4},{"damage":20,"enemies":"Centurion and Healer","floor":31,"turns":4},{"damage":75,"enemies":"Collector","floor":33,"turns":5}],"seed_played":"3629352408887529000","potions_obtained":[{"floor":4,"key":"AttackPotion"},{"floor":6,"key":"LiquidMemories"},{"floor":11,"key":"Energy Potion"},{"floor":14,"key":"Poison Potion"},{"floor":28,"key":"SteroidPotion"},{"floor":30,"key":"DistilledChaos"}],"is_trial":false,"path_per_floor":["M","$","M","M","M","E","R","?","T","R","M","M","R","M","R","B",null,"M","?","?","T","?","R","M","R","T","$","M","R","M","M","R","B"],"character_chosen":"THE_SILENT","items_purchased":["Predator","Cloak And Dagger","Blur","Vajra"],"campfire_rested":3,"item_purchase_floors":[2,27,27,27],"current_hp_per_floor":[63,63,63,63,60,58,58,58,58,58,55,46,46,43,43,36,69,49,49,33,33,33,59,27,53,53,53,26,26,23,5,31,0,0],"gold":52,"neow_bonus":"THREE_ENEMY_KILL","is_daily":false,"chose_seed":false,"campfire_upgraded":5,"win_rate":0.0,"timestamp":1610467413,"path_taken":["M","$","M","M","M","E","R","?","T","R","M","M","R","M","R","BOSS","M","?","?","?","?","R","M","R","T","$","M","R","?","M","R","BOSS"],"items_purchased_type":["Card","Card","Card","Relic"],"build_version":"2020-12-22","purchased_purges":1,"victory":false,"max_hp_per_floor":[70,70,70,70,70,80,80,80,80,80,80,80,80,80,80,80,80,82,82,87,87,87,87,87,87,87,87,87,87,87,89,89,89,89],"relic_stats":{"Singing Bowl":4,"counters":[15,65],"Sundial":[2],"Pantograph":50,"Whetstone":["Unload","Heel Hook"],"Boot":[19],"obtain_stats":[{"Pear":6,"NeowsBlessing":0,"Singing Bowl":9,"Sundial":22,"Pantograph":8,"Vajra":27,"Whetstone":26,"Boot":21,"Ring of the Serpent":17,"Ring of the Snake":0},{"Pear":5,"NeowsBlessing":0,"Singing Bowl":5,"Sundial":10,"Pantograph":5,"Vajra":11,"Whetstone":11,"Boot":10,"Ring of the Serpent":9,"Ring of the Snake":0},{"Pear":11,"NeowsBlessing":0,"Singing Bowl":11,"Sundial":42,"Pantograph":11,"Vajra":48,"Whetstone":48,"Boot":42,"Ring of the Serpent":37,"Ring of the Snake":0}]},"card_choices":[{"not_picked":["Slice","Prepared"],"picked":"Cloak And Dagger","floor":1},{"not_picked":["Choke","PiercingWail","Accuracy"],"picked":"SKIP","floor":3},{"not_picked":["Deflect","Outmaneuver"],"picked":"Cloak And Dagger","floor":4},{"not_picked":["Accuracy","Deflect"],"picked":"Deadly Poison","floor":5},{"not_picked":["A Thousand Cuts","Adrenaline"],"picked":"Heel Hook","floor":6},{"not_picked":["Deflect","Escape Plan"],"picked":"Blade Dance","floor":11},{"not_picked":["Quick Slash","Underhanded Strike"],"picked":"Acrobatics","floor":12},{"not_picked":["Acrobatics","Expertise"],"picked":"Dodge and Roll","floor":14},{"not_picked":["Burst","Doppelganger"],"picked":"Unload","floor":16},{"not_picked":["Distraction","Flechettes","Bane"],"picked":"Singing Bowl","floor":18},{"not_picked":["Sucker Punch","Leg Sweep+1"],"picked":"Dagger Spray","floor":24},{"not_picked":["Distraction","Blade Dance+1"],"picked":"Poisoned Stab","floor":28},{"not_picked":["Flying Knee","Cloak And Dagger"],"picked":"Acrobatics","floor":30},{"not_picked":["Setup","Finisher+1","Quick Slash"],"picked":"Singing Bowl","floor":31}],"player_experience":631116,"relics_obtained":[{"floor":6,"key":"Pear"},{"floor":9,"key":"Singing Bowl"},{"floor":21,"key":"Boot"},{"floor":26,"key":"Whetstone"}],"event_choices":[{"damage_healed":0,"gold_gain":30,"player_choice":"Searched \u00273\u0027 times","damage_taken":0,"relics_obtained":["Pantograph"],"max_hp_gain":0,"max_hp_loss":0,"event_name":"Dead Adventurer","floor":8,"gold_loss":0},{"damage_healed":0,"gold_gain":0,"player_choice":"Ignored","damage_taken":0,"max_hp_gain":0,"max_hp_loss":0,"event_name":"Vampires","floor":19,"gold_loss":0},{"damage_healed":0,"gold_gain":0,"player_choice":"Shed Blood","damage_taken":21,"max_hp_gain":5,"max_hp_loss":0,"event_name":"Forgotten Altar","floor":20,"gold_loss":0},{"damage_healed":0,"gold_gain":0,"player_choice":"Stole Relic","damage_taken":0,"relics_obtained":["Sundial"],"max_hp_gain":0,"max_hp_loss":0,"event_name":"Addict","floor":22,"gold_loss":0,"cards_obtained":["Shame"]}],"is_beta":false,"boss_relics":[{"not_picked":["Busted Crown","Coffee Dripper"],"picked":"Ring of the Serpent"}],"items_purged_floors":[2],"is_endless":false,"potions_floor_spawned":[4,6,11,14,28,30],"killed_by":"Collector","ascension_level":7}}