{"host":"2wknf0pmkakbf9gv","time":1610491503,"event":{"mods":["BaseMod","CatGirl Mod","KinomotoSakuraMod(????)","Koishi","Marisa????????","Minty Spire (QoL Compilation)","Remilia??????","StSLib","The Alterego","The Bug Knight","The Forsaken","The Senshi","Waifu the Spire","Youmu??????","Yuyuko"],"gold_per_floor":[111,13,13,13,26,52,72,91,141,141,141],"floor_reached":10,"language":"ENG","playtime":504,"items_purged":[],"score":93,"play_id":"ae13ab65-4e3b-4c33-8a00-cb8b7a990861","local_time":"20210113004503","is_ascension_mode":false,"campfire_choices":[],"circlet_count":0,"master_deck":["alterego_mod:Strike","alterego_mod:Strike","alterego_mod:Strike","alterego_mod:Strike","alterego_mod:Defend","alterego_mod:Defend","alterego_mod:Defend+1","alterego_mod:Defend","alterego_mod:Impale","alterego_mod:BigMeatyClaws","alterego_mod:BrynhildrsRune","alterego_mod:TrashNCrash+1","Finesse","alterego_mod:GachaTicket+1","alterego_mod:Bounce","alterego_mod:Pet"],"relics":["alterego_mod:MasochisticConstitution","NeowsBlessing","Frozen Egg 2","Oddly Smooth Stone","ScarletDevilRocket"],"acts_visited":["Exordium"],"potions_floor_usage":[8,10,10],"damage_taken":[{"damage":0,"enemies":"Jaw Worm","floor":1,"turns":1},{"damage":0,"enemies":"Small Slimes","floor":5,"turns":1},{"damage":0,"enemies":"3 Sentries","floor":6,"turns":2},{"damage":2,"enemies":"2 Louse","floor":7,"turns":2},{"damage":15,"enemies":"Exordium Thugs","floor":8,"turns":5},{"damage":37,"enemies":"Hexaghost","floor":10,"turns":7}],"seed_played":"-7456842300458088208","potions_obtained":[{"floor":5,"key":"Explosive Potion"},{"floor":7,"key":"SkillPotion"},{"floor":8,"key":"SteroidPotion"}],"is_trial":false,"path_per_floor":["M","$","?","?","M","E","M","M","T","B"],"character_chosen":"The_Alterego","items_purchased":["Finesse"],"campfire_rested":0,"item_purchase_floors":[2],"current_hp_per_floor":[70,70,63,49,49,49,48,34,34,0,0],"gold":141,"neow_bonus":"THREE_ENEMY_KILL","is_daily":false,"chose_seed":false,"campfire_upgraded":0,"win_rate":0.0,"timestamp":1610491503,"path_taken":["M","$","?","?","M","E","M","M","T","BOSS"],"items_purchased_type":["Card"],"build_version":"2020-12-22","purchased_purges":0,"victory":false,"max_hp_per_floor":[70,70,70,70,70,70,71,72,72,72,72],"card_choices":[{"not_picked":["alterego_mod:GoddessCore","alterego_mod:Pet"],"picked":"alterego_mod:TrashNCrash","floor":1},{"not_picked":["alterego_mod:Skirt","alterego_mod:Undulate","alterego_mod:Jiggle"],"picked":"SKIP","floor":5},{"not_picked":["alterego_mod:Clones","alterego_mod:RidiculouslyBig"],"picked":"alterego_mod:GachaTicket+1","floor":6},{"not_picked":["alterego_mod:BustOut+1","alterego_mod:Support+1"],"picked":"alterego_mod:Bounce","floor":7},{"not_picked":["alterego_mod:BustOut+1","alterego_mod:Maid"],"picked":"alterego_mod:Pet","floor":8}],"player_experience":317301,"relics_obtained":[{"floor":6,"key":"Oddly Smooth Stone"},{"floor":9,"key":"ScarletDevilRocket"}],"event_choices":[{"damage_healed":0,"gold_gain":0,"player_choice":"Success","damage_taken":7,"relics_obtained":["Frozen Egg 2"],"max_hp_gain":0,"max_hp_loss":0,"event_name":"Scrap Ooze","floor":3,"gold_loss":0},{"damage_healed":0,"gold_gain":0,"player_choice":"Entered Light","damage_taken":14,"max_hp_gain":0,"max_hp_loss":0,"event_name":"Shining Light","floor":4,"gold_loss":0,"cards_upgraded":["alterego_mod:TrashNCrash","alterego_mod:Defend"]}],"is_beta":false,"boss_relics":[],"items_purged_floors":[],"is_endless":false,"potions_floor_spawned":[5,7,8],"killed_by":"Hexaghost","ascension_level":0}}