{"host":"dlqyscxstsnu98l1","time":1610439556,"event":{"mods":["AchievementEnabler","BaseMod","Bestiary","Colored Map","Colored Powertips","Conspire","Downfall","GifTheSpireLib","Highlight Path","Minty Spire (QoL Compilation)","Random Character Button","Replay The Spire","SacredBarkPlus","StSLib","everything is the same but u backflip on backflip"],"gold_per_floor":[118,118,131,131,131,163,182,199,199,199,216,248,264,278,278,381,381,401,326,342,342,353,353,220,239,313,313,188,188,204,214,214,214,214],"floor_reached":33,"playtime":2123,"items_purged":["Delirium","Defend_P+1","Defend_P+1"],"score":311,"play_id":"63b47a4f-b332-45d1-9793-008fa758785b","local_time":"20210112021916","is_ascension_mode":false,"campfire_choices":[{"data":"Crescendo","floor":10,"key":"SMITH"},{"data":"SignatureMove","floor":15,"key":"SMITH"},{"data":"Vigilance","floor":23,"key":"SMITH"},{"data":"ThirdEye","floor":27,"key":"SMITH"},{"data":"EmptyBody","floor":29,"key":"SMITH"},{"data":"Replay:Cycle","floor":32,"key":"SMITH"}],"circlet_count":0,"master_deck":["Eruption+1","Vigilance+1","Crescendo+1","ThirdEye+1","EmptyBody+1","Replay:Cycle+1","SignatureMove+1","EmptyMind+1","LessonLearned","AbeCurse","Sickly","Writhe","Replay:AtTheReady+1","Brilliance"],"relics":["PureWater","NeowsBlessing","Ring of Fury","ReplayTheSpireMod:Ring of Exchange","Pet Ghost","MealTicket","Ancient Tea Set","Replay:Grab Bag","Abe\u0027s Treasure","Philosopher\u0027s Stone","Kintsugi","HornCleat"],"acts_visited":["Exordium","TheCity"],"potions_floor_usage":[14,16,16,22,33,33],"damage_taken":[{"damage":0,"enemies":"Jaw Worm","floor":1,"turns":1},{"damage":0,"enemies":"Cultist","floor":3,"turns":1},{"damage":0,"enemies":"Replay:BlueRogue","floor":6,"turns":1},{"damage":0,"enemies":"Small Slimes","floor":7,"turns":2},{"damage":4,"enemies":"3 Louse","floor":8,"turns":2},{"damage":0,"enemies":"Large Slime","floor":11,"turns":4},{"damage":20,"enemies":"3 Sentries","floor":12,"turns":5},{"damage":0,"enemies":"Lots of Slimes","floor":13,"turns":4},{"damage":0,"enemies":"Gremlin Gang","floor":14,"turns":2},{"damage":13,"enemies":"The Guardian","floor":16,"turns":9},{"damage":2,"enemies":"Chosen","floor":18,"turns":3},{"damage":1,"enemies":"Shell Parasite","floor":20,"turns":2},{"damage":47,"enemies":"Shelled Parasite and Fungi","floor":22,"turns":5},{"damage":0,"enemies":"Centurion and Healer","floor":25,"turns":3},{"damage":0,"enemies":"Snake Plant","floor":30,"turns":2},{"damage":0,"enemies":"conspire:HollyBat","floor":31,"turns":4},{"damage":76,"enemies":"Collector","floor":33,"turns":6}],"seed_played":"4327599720360032841","potions_obtained":[{"floor":7,"key":"Elixir"},{"floor":8,"key":"Ambrosia"},{"floor":11,"key":"conspire:TimeTravelPotion"},{"floor":13,"key":"Adrenaline Potion"},{"floor":14,"key":"BottledMiracle"},{"floor":18,"key":"ColorlessPotion"},{"floor":22,"key":"SteroidPotion"}],"is_trial":false,"path_per_floor":["M","?","M","?","?","E","M","M","T","R","M","E","M","M","R","B",null,"M","$","M","?","M","R","$","M","T","R","$","R","M","M","R","B"],"character_chosen":"WATCHER","items_purchased":["Replay:AtTheReady+1"],"campfire_rested":0,"item_purchase_floors":[24],"current_hp_per_floor":[72,72,72,72,72,72,72,68,68,68,68,48,48,48,48,35,72,70,72,71,71,57,57,72,72,72,72,72,72,72,72,72,0,0],"gold":214,"neow_bonus":"THREE_ENEMY_KILL","is_daily":false,"chose_seed":false,"campfire_upgraded":6,"win_rate":0.0,"timestamp":1610439556,"path_taken":["M","?","?","?","?","E","M","M","T","R","M","E","M","M","R","BOSS","M","$","M","?","M","R","$","?","T","R","$","R","M","M","R","BOSS"],"items_purchased_type":["Card"],"build_version":"2020-12-22","purchased_purges":3,"victory":false,"max_hp_per_floor":[72,72,72,72,72,72,72,72,72,72,72,72,72,72,72,72,72,72,72,72,72,72,72,72,72,72,72,72,72,72,72,72,72,72],"card_choices":[{"not_picked":["Halt","JustLucky"],"picked":"Crescendo","floor":1},{"not_picked":["Evaluate","Replay:BluntJabs"],"picked":"ThirdEye","floor":3},{"not_picked":["Indignation","MasterReality"],"picked":"EmptyBody","floor":6},{"not_picked":["Replay:AtTheReady","Protect"],"picked":"Replay:Cycle","floor":7},{"not_picked":["Adaptation","Replay:DivineShield","Crescendo"],"picked":"SKIP","floor":8},{"not_picked":["Replay:AtTheReady","DeceiveReality"],"picked":"SignatureMove","floor":11},{"not_picked":["ConjureBlade","MasterReality","CrushJoints"],"picked":"SKIP","floor":12},{"not_picked":["FollowUp","SashWhip"],"picked":"EmptyMind","floor":13},{"not_picked":["EmptyFist","SashWhip","Replay:BluntJabs"],"picked":"SKIP","floor":14},{"not_picked":["Replay:LoomingThreat","Establishment"],"picked":"LessonLearned","floor":16},{"not_picked":["Halt","WindmillStrike","EmptyBody"],"picked":"SKIP","floor":18},{"not_picked":["CrushJoints","CutThroughFate","Replay:BluntJabs"],"picked":"SKIP","floor":20},{"not_picked":["Replay:ManipulateFuture","PathToVictory","ThirdEye"],"picked":"SKIP","floor":22},{"not_picked":["Replay:BluntJabs","SashWhip","PathToVictory+1"],"picked":"SKIP","floor":25},{"not_picked":["Consecrate","Study+1"],"picked":"Brilliance","floor":30},{"not_picked":["Evaluate+1","Halt","SashWhip"],"picked":"SKIP","floor":31}],"player_experience":48309,"relics_obtained":[{"floor":4,"key":"Ring of Fury"},{"floor":4,"key":"ReplayTheSpireMod:Ring of Exchange"},{"floor":6,"key":"Pet Ghost"},{"floor":9,"key":"MealTicket"},{"floor":12,"key":"Ancient Tea Set"},{"floor":26,"key":"HornCleat"}],"event_choices":[{"damage_healed":0,"gold_gain":0,"player_choice":"Forge","damage_taken":0,"max_hp_gain":0,"max_hp_loss":0,"event_name":"Accursed Blacksmith","floor":2,"gold_loss":0,"cards_upgraded":["Eruption"]},{"cards_removed":["Defend_P"],"damage_healed":0,"gold_gain":0,"player_choice":"Offered Basic","damage_taken":0,"max_hp_gain":0,"max_hp_loss":0,"event_name":"Bonfire Elementals","floor":21,"gold_loss":0}],"is_beta":false,"boss_relics":[{"not_picked":["Ring of Chaos","ReplayTheSpireMod:Onyx Gauntlets"],"picked":"Replay:Grab Bag"},{"not_picked":["Sozu","Replay:Wanted Poster"],"picked":"Abe\u0027s Treasure"},{"not_picked":["conspire:RoyalGoblet","Coffee Dripper"],"picked":"Philosopher\u0027s Stone"},{"not_picked":["VioletLotus","Replay:Drink Me"],"picked":"Kintsugi"}],"items_purged_floors":[19,24,28],"is_endless":false,"potions_floor_spawned":[7,8,11,13,14,18,22],"killed_by":"Collector","ascension_level":0}}