{"host":"0nnch38g0slmkwok","time":1610485745,"event":{"mods":["BaseMod","Minty Spire (QoL Compilation)","Replay The Spire","StSLib"],"gold_per_floor":[114,127,127,142,217,217,167,202,202,202,202,217,242,261,261,357,357,376,301,351,369,180,214,214,226,226,59,149,177,197,214,214,315,315,332,350,350,366,366,366,400,315,315,365,427,458,472,485,485,485,485,485,76,105,105],"floor_reached":56,"playtime":4650,"items_purged":["Strike_B","Defend_B","Defend_B"],"score":1407,"play_id":"6a5b16a4-48ac-45e3-a812-966201bbe890","local_time":"20210113050905","is_ascension_mode":false,"campfire_choices":[{"data":"Dualcast","floor":6.0,"key":"SMITH"},{"data":"Zap","floor":11.0,"key":"SMITH"},{"floor":15.0,"key":"RECALL"},{"data":"Blizzard","floor":24.0,"key":"SMITH"},{"floor":32,"key":"DIG"},{"data":"Electrodynamics","floor":40,"key":"SMITH"},{"data":"Rebound","floor":49,"key":"SMITH"},{"data":"FIFO Queue","floor":52,"key":"SMITH"}],"circlet_count":0,"master_deck":["Strike_B","Strike_B","Defend_B+1","Zap+1","Dualcast+1","Rebound+1","Auto Shields","Rip and Tear","Self Repair+1","Electrodynamics+1","Cold Snap+1","Blizzard+1","Glacier+1","Apotheosis+1","Pot Of Greed+1","Pot Of Greed+1","Dark Shackles+1","Coolheaded+1","Cold Snap+1","Conserve Battery+1","Buffer","Chaos+1","Glacier+1","Aggregate+1","Pot Of Greed+1","FIFO Queue+1","Fission+1","Redo+1","Static Discharge+1","Panic Button+1","Heatsinks+1","Blizzard"],"relics":["Cracked Core","NeowsBlessing","Mango","Gremlin Food","Carrot","Replay:Rubber Ducky","Prayer Wheel","Black Star","Membership Card","Omamori","Toxic Egg 2","Grinning Jar","ReplayTheSpireMod:Lightbulb","War Paint","ReplayTheSpireMod:TigerMarble","Coffee Dripper","ReplayTheSpireMod:Ring of Challenge","Ring of Misfortune","Mummified Hand","Replay:Bottled Snecko","Bird Faced Urn","Lantern","Mercury Hourglass","BranchBurnRelic","Calipers","Replay:Towering Pillar of Hats","InkBottle","Blue Doll"],"acts_visited":["Exordium","TheCity","TheBeyond","TheEnding"],"potions_floor_usage":[33,55,55,55],"damage_taken":[{"damage":0.0,"enemies":"Small Slimes","floor":1.0,"turns":1.0},{"damage":0.0,"enemies":"2 Louse","floor":2.0,"turns":1.0},{"damage":0.0,"enemies":"Cultist","floor":4.0,"turns":1.0},{"damage":16.0,"enemies":"Gremlin Nob","floor":8.0,"turns":3.0},{"damage":5.0,"enemies":"3 Louse","floor":12.0,"turns":2.0},{"damage":15.0,"enemies":"Lagavulin","floor":13.0,"turns":6.0},{"damage":12.0,"enemies":"Exordium Thugs","floor":14.0,"turns":4.0},{"damage":23.0,"enemies":"Slime Boss","floor":16.0,"turns":8.0},{"damage":13.0,"enemies":"Spheric Guardian","floor":18.0,"turns":4.0},{"damage":7.0,"enemies":"3 Byrds","floor":21.0,"turns":2.0},{"damage":10.0,"enemies":"Slavers","floor":23.0,"turns":3.0},{"damage":12.0,"enemies":"Snake Plant","floor":25.0,"turns":3.0},{"damage":16.0,"enemies":"Replay:Snechameleon","floor":29.0,"turns":6.0},{"damage":0,"enemies":"Centurion and Healer","floor":30,"turns":5},{"damage":0,"enemies":"Snecko","floor":31,"turns":6},{"damage":40,"enemies":"Automaton","floor":33,"turns":13},{"damage":0,"enemies":"3 Shapes","floor":35,"turns":4},{"damage":4,"enemies":"Orb Walker","floor":36,"turns":4},{"damage":29,"enemies":"Sphere and 2 Shapes","floor":38,"turns":6},{"damage":1,"enemies":"R_Hoarder","floor":41,"turns":10},{"damage":0,"enemies":"Mind Bloom Boss Battle","floor":44,"turns":6},{"damage":3,"enemies":"4 Shapes","floor":45,"turns":6},{"damage":0,"enemies":"Nemesis","floor":46,"turns":6},{"damage":0,"enemies":"3 Darklings","floor":47,"turns":2},{"damage":0,"enemies":"Writhing Mass","floor":48,"turns":2},{"damage":0,"enemies":"Awakened One","floor":50,"turns":14},{"damage":0,"enemies":"Shield and Spear","floor":54,"turns":2},{"damage":90,"enemies":"The Heart","floor":55,"turns":9}],"seed_played":"-5996863800607247289","potions_obtained":[{"floor":2.0,"key":"Venom Potion"},{"floor":4.0,"key":"Strength Potion"},{"floor":14.0,"key":"Weak Potion"},{"floor":16.0,"key":"Energy Potion"},{"floor":18.0,"key":"Block Potion"},{"floor":23.0,"key":"Regen Potion"},{"floor":29.0,"key":"FearPotion"},{"floor":30,"key":"Cursed Concoction"},{"floor":36,"key":"Weak Potion"},{"floor":46,"key":"Reflective Coating"}],"is_trial":false,"path_per_floor":["M","M","?","M","?","R","?","E","T","?","R","M","E","M","R","B",null,"M","?","?","M","$","E","R","M","T","$","?","E","M","M","R","B",null,"M","M","?","M","?","R","E","$","T","?","M","E","M","M","R","B",null,"R","$","E","B",null],"character_chosen":"DEFECT","items_purchased":["Membership Card","Apotheosis+1","Grinning Jar","FIFO Queue","Blizzard","Calipers","Replay:Towering Pillar of Hats"],"campfire_rested":0,"item_purchase_floors":[22,27,27,42,53,53,53],"current_hp_per_floor":[75,75,82,82,71,71,71,55,55,55,55,50,42,37,37,14,89,76,76,76,76,76,66,66,61,61,61,43,48,55,62,62,32,89,89,89,89,70,70,70,86,86,86,89,89,89,89,89,89,89,89,89,89,89,12],"gold":105,"neow_bonus":"THREE_ENEMY_KILL","is_daily":false,"chose_seed":false,"campfire_upgraded":6,"win_rate":0.0,"timestamp":1610485745,"path_taken":["M","M","?","M","?","R","?","E","T","?","R","M","E","M","R","BOSS","M","?","?","M","$","E","R","?","T","$","?","E","M","M","R","BOSS","M","M","?","?","?","R","E","$","T","?","M","E","M","M","R","BOSS","R","$","E","BOSS"],"items_purchased_type":["Relic","Card","Relic","Card","Card","Relic","Relic"],"build_version":"2020-12-22","purchased_purges":3,"victory":true,"max_hp_per_floor":[75,75,89,89,89,89,89,89,89,89,89,89,89,89,89,89,89,89,89,89,89,89,89,89,89,89,89,89,89,89,89,89,89,89,89,89,89,89,89,89,89,89,89,89,89,89,89,89,89,89,89,89,89,89,89],"card_choices":[{"not_picked":["Streamline","Compile Driver"],"picked":"Rebound","floor":1.0},{"not_picked":["Melter","Stack"],"picked":"Auto Shields","floor":2.0},{"not_picked":["Go for the Eyes","Turbo"],"picked":"Rip and Tear","floor":4.0},{"not_picked":["Hologram","ReplayTheSpireMod:System Scan","FIFO Queue"],"picked":"SKIP","floor":8.0},{"not_picked":["Panic Button","ReplayTheSpireMod:System Scan"],"picked":"Self Repair","floor":12.0},{"not_picked":["Gash","Redo"],"picked":"ReplayTheSpireMod:Fabricate Wheel","floor":13.0},{"not_picked":["BasicCrystalCard","Time Bomb","Steam"],"picked":"SKIP","floor":14.0},{"not_picked":["Redo","Steam Power","Go for the Eyes"],"picked":"SKIP","floor":14.0},{"not_picked":["ReplayTheSpireMod:Fabricate Wheel","Mirror Shield"],"picked":"Electrodynamics","floor":16.0},{"not_picked":["Redo+1","Leap+1"],"picked":"Cold Snap+1","floor":18.0},{"not_picked":["Capacitor","Streamline+1"],"picked":"Blizzard","floor":18.0},{"not_picked":["Panic Button","Genetic Algorithm"],"picked":"Glacier","floor":21.0},{"not_picked":["Darkness+1","ReplaySort","Reprogram+1"],"picked":"SKIP","floor":21.0},{"not_picked":["Hello World+1","Aggregate+1","Steam Power+1"],"picked":"SKIP","floor":23.0},{"not_picked":["Doom and Gloom+1","Reinforced Body+1","Steam+1"],"picked":"SKIP","floor":25.0},{"not_picked":["Steam+1","Electrodynamics","Turbo+1"],"picked":"SKIP","floor":25.0},{"not_picked":["Streamline","Cold Snap"],"picked":"Coolheaded+1","floor":29.0},{"not_picked":["Darkness+1","ReplayTheSpireMod:GoodbyeWorld+1"],"picked":"Cold Snap+1","floor":30},{"not_picked":["Turbo+1","Ball Lightning+1","Time Bomb+1"],"picked":"SKIP","floor":30},{"not_picked":["BootSequence+1","Streamline"],"picked":"Conserve Battery+1","floor":31},{"not_picked":["Storm","Hologram+1","Self Repair"],"picked":"SKIP","floor":31},{"not_picked":["Meteor Strike","ReplayTheSpireMod:Omega Cannon"],"picked":"Buffer","floor":33},{"not_picked":["Conserve Battery+1","Ball Lightning"],"picked":"Chaos+1","floor":35},{"not_picked":["Gash","Sweeping Beam","BootSequence+1"],"picked":"SKIP","floor":35},{"not_picked":["Compile Driver","Hologram+1"],"picked":"Glacier+1","floor":36},{"not_picked":["Cold Snap","Steam+1","Gash"],"picked":"SKIP","floor":36},{"not_picked":["Undo+1","Machine Learning","Coolheaded+1"],"picked":"SKIP","floor":38},{"not_picked":["Stack+1","Cold Snap+1","Barrage"],"picked":"SKIP","floor":38},{"not_picked":["Beam Cell","Rebound"],"picked":"Aggregate+1","floor":41},{"not_picked":["ReplayTheSpireMod:System Scan+1","Hyperbeam","Leap+1"],"picked":"SKIP","floor":45},{"not_picked":["Leap+1","Stack+1","Steam+1"],"picked":"SKIP","floor":45},{"not_picked":["Genetic Algorithm+1","Conserve Battery+1"],"picked":"Fission+1","floor":46},{"not_picked":["ReplayTheSpireMod:Reroute Power+1","Tempest+1"],"picked":"Redo+1","floor":47},{"not_picked":["Genetic Algorithm+1","Self Repair+1"],"picked":"Static Discharge+1","floor":47},{"not_picked":["Force Field+1","Rebound"],"picked":"Panic Button+1","floor":48},{"not_picked":["Rip and Tear","Sweeping Beam"],"picked":"Heatsinks+1","floor":48},{"not_picked":["Rebound+1","Streamline","Leap+1"],"picked":"SKIP","floor":54}],"player_experience":76237,"relics_obtained":[{"floor":8.0,"key":"Gremlin Food"},{"floor":9.0,"key":"Carrot"},{"floor":13.0,"key":"Replay:Rubber Ducky"},{"floor":23.0,"key":"Omamori"},{"floor":23.0,"key":"Toxic Egg 2"},{"floor":29.0,"key":"ReplayTheSpireMod:Lightbulb"},{"floor":29.0,"key":"War Paint"},{"floor":32,"key":"ReplayTheSpireMod:TigerMarble"},{"floor":39,"key":"ReplayTheSpireMod:Ring of Challenge"},{"floor":39,"key":"Ring of Misfortune"},{"floor":41,"key":"Mummified Hand"},{"floor":41,"key":"Replay:Bottled Snecko"},{"floor":43,"key":"Dead Branch"},{"floor":44,"key":"Bird Faced Urn"},{"floor":46,"key":"Lantern"},{"floor":46,"key":"Mercury Hourglass"},{"floor":54,"key":"InkBottle"},{"floor":54,"key":"Blue Doll"}],"event_choices":[{"damage_healed":0.0,"max_hp_gain":0.0,"max_hp_loss":0.0,"gold_gain":0.0,"event_name":"Scrap Ooze","player_choice":"Success","floor":3.0,"gold_loss":0.0,"damage_taken":7.0,"relics_obtained":["Mango"]},{"damage_healed":0.0,"max_hp_gain":0.0,"max_hp_loss":0.0,"gold_gain":75.0,"event_name":"World of Goop","player_choice":"Gather Gold","floor":5.0,"gold_loss":0.0,"damage_taken":11.0},{"cards_removed":["Defend_B"],"damage_healed":0.0,"max_hp_gain":0.0,"max_hp_loss":0.0,"gold_gain":0.0,"event_name":"The Cleric","player_choice":"Card Removal","floor":7.0,"gold_loss":50.0,"damage_taken":0.0},{"damage_healed":0.0,"max_hp_gain":0.0,"max_hp_loss":0.0,"gold_gain":0.0,"event_name":"Liars Game","player_choice":"Ignored","floor":10.0,"gold_loss":0.0,"damage_taken":0.0},{"cards_removed":["Strike_B"],"damage_healed":0.0,"max_hp_gain":0.0,"max_hp_loss":0.0,"gold_gain":0.0,"event_name":"Beggar","player_choice":"Gave Gold","floor":19.0,"gold_loss":75.0,"damage_taken":0.0},{"damage_healed":0.0,"max_hp_gain":0.0,"max_hp_loss":0.0,"gold_gain":100.0,"event_name":"The Joust","player_choice":"Bet on Murderer","floor":20.0,"gold_loss":50.0,"damage_taken":0.0},{"damage_healed":0.0,"max_hp_gain":0.0,"max_hp_loss":0.0,"gold_gain":90.0,"event_name":"Knowing Skull","player_choice":"CARD GOLD ","floor":28.0,"potions_obtained":[],"gold_loss":0.0,"damage_taken":18.0,"cards_obtained":["Dark Shackles"]},{"damage_healed":0,"gold_gain":0,"player_choice":"Upgraded","damage_taken":0,"max_hp_gain":0,"max_hp_loss":0,"event_name":"Upgrade Shrine","floor":37,"gold_loss":0,"cards_upgraded":["Self Repair"]},{"damage_healed":0,"gold_gain":0,"player_choice":"Fight","damage_taken":0,"max_hp_gain":0,"max_hp_loss":0,"event_name":"MindBloom","floor":44,"gold_loss":0}],"is_beta":false,"boss_relics":[{"not_picked":["Kintsugi","ChewingGum"],"picked":"Black Star"},{"not_picked":["SacredBark","Astrolabe"],"picked":"Coffee Dripper"}],"items_purged_floors":[22,42,53],"is_endless":false,"potions_floor_spawned":[2,4,14,16,18,23,29,30,36,45,46],"ascension_level":0}}