{"host":"1mv6gj0zv8k9e9tz","time":1610484904,"event":{"mods":["AchievementEnabler","BaseMod","Better Third Choice","Colored Map","KOR Keyword Fix","Minty Spire (QoL Compilation)","Permanent Neow","Rare Cards Sparkle","StSLib"],"gold_per_floor":[211,225,241,259,184,213,228,259,259,589,569,252,327,339,339,442,442,462,462,337,354,372,372,382,382,451,469,497,497,497,514,514,609,609,623,318,318,336,161,161,188,188,233,233,253,272,272,272,272,272,272,272,18,49,49],"floor_reached":56,"language":"KOR","playtime":2566,"items_purged":["Defend_P","Strike_P","Strike_P","Strike_P","Defend_P","Defend_P"],"score":1621,"play_id":"c8c75967-4f8b-4d40-9d41-7d7ea76f9634","local_time":"20210113055504","is_ascension_mode":true,"campfire_choices":[{"floor":15.0,"key":"REST"},{"data":"Vault","floor":23,"key":"SMITH"},{"data":"Eruption","floor":25,"key":"SMITH"},{"data":"Adaptation","floor":30,"key":"SMITH"},{"data":"ClearTheMind","floor":32,"key":"SMITH"},{"data":"MentalFortress","floor":40,"key":"SMITH"},{"data":"Scrawl","floor":42,"key":"SMITH"},{"data":"Vault","floor":44,"key":"SMITH"},{"floor":49,"key":"RECALL"},{"data":"Tantrum","floor":52,"key":"SMITH"}],"circlet_count":0,"master_deck":["Eruption+1","Vigilance","FollowUp+1","ClearTheMind+1","Scrawl+1","CrushJoints","Halt","FearNoEvil+1","Vault+1","Tantrum+1","MentalFortress+1","Adaptation+1","Vault+1"],"relics":["PureWater","Bottled Flame","Blood Vial","Old Coin","Bag of Preparation","InkBottle","Philosopher\u0027s Stone","Bottled Tornado","Mummified Hand","Empty Cage","Whetstone","Vajra","Juzu Bracelet","Smiling Mask","Lantern","Strawberry"],"acts_visited":["Exordium","TheCity","TheBeyond","TheEnding"],"potions_floor_usage":[16,18,28,50,55,55,55],"damage_taken":[{"damage":0.0,"enemies":"Small Slimes","floor":1.0,"turns":2.0},{"damage":0.0,"enemies":"Cultist","floor":2.0,"turns":3.0},{"damage":0.0,"enemies":"2 Louse","floor":3.0,"turns":3.0},{"damage":10.0,"enemies":"Lots of Slimes","floor":4.0,"turns":6.0},{"damage":32.0,"enemies":"Lagavulin","floor":6.0,"turns":7.0},{"damage":6.0,"enemies":"Exordium Thugs","floor":7.0,"turns":5.0},{"damage":10.0,"enemies":"Gremlin Nob","floor":8.0,"turns":3.0},{"damage":12.0,"enemies":"Lagavulin","floor":10.0,"turns":7.0},{"damage":3.0,"enemies":"Large Slime","floor":14.0,"turns":3.0},{"damage":21,"enemies":"Hexaghost","floor":16,"turns":9},{"damage":0,"enemies":"3 Byrds","floor":18,"turns":3},{"damage":0,"enemies":"2 Thieves","floor":21,"turns":3},{"damage":0,"enemies":"Snake Plant","floor":22,"turns":3},{"damage":2,"enemies":"Chosen and Byrds","floor":24,"turns":4},{"damage":0,"enemies":"Snecko","floor":27,"turns":4},{"damage":0,"enemies":"Slavers","floor":28,"turns":3},{"damage":0,"enemies":"Centurion and Healer","floor":31,"turns":3},{"damage":0,"enemies":"Champ","floor":33,"turns":5},{"damage":0,"enemies":"3 Darklings","floor":35,"turns":3},{"damage":0,"enemies":"3 Shapes","floor":38,"turns":4},{"damage":1,"enemies":"Sphere and 2 Shapes","floor":45,"turns":3},{"damage":0,"enemies":"3 Darklings","floor":46,"turns":2},{"damage":0,"enemies":"Awakened One","floor":50,"turns":5},{"damage":0,"enemies":"Shield and Spear","floor":54,"turns":2},{"damage":21,"enemies":"The Heart","floor":55,"turns":5}],"seed_played":"2625633802274414933","potions_obtained":[{"floor":4.0,"key":"Energy Potion"},{"floor":6.0,"key":"Block Potion"},{"floor":7.0,"key":"Strength Potion"},{"floor":8.0,"key":"Fire Potion"},{"floor":11.0,"key":"SmokeBomb"},{"floor":14.0,"key":"BottledMiracle"},{"floor":19,"key":"DistilledChaos"},{"floor":19,"key":"AttackPotion"},{"floor":27,"key":"Ambrosia"},{"floor":28,"key":"LiquidMemories"},{"floor":38,"key":"LiquidBronze"},{"floor":54,"key":"StancePotion"}],"is_trial":false,"path_per_floor":["M","M","M","M","$","E","M","E","T","E","?","$","T","M","R","B",null,"M","?","$","M","M","R","M","R","T","M","E","?","R","M","R","B",null,"M","$","?","M","$","R","T","R","T","R","M","M","?","T","R","B",null,"R","$","E","B",null],"character_chosen":"WATCHER","items_purchased":["Bag of Preparation","FearNoEvil","Whetstone","SteroidPotion","Lantern"],"campfire_rested":1,"item_purchase_floors":[12,12,36,53,53],"current_hp_per_floor":[72,72,72,62,62,30,24,14,14,4,4,4,4,3,24,5,55,57,57,57,59,61,61,61,61,61,63,65,65,65,67,67,69,71,72,72,72,72,72,72,72,72,72,72,71,72,72,72,72,72,72,72,72,79,58],"gold":49,"neow_bonus":"HUNDRED_GOLD","is_daily":false,"chose_seed":false,"campfire_upgraded":8,"win_rate":0.0,"timestamp":1610484904,"path_taken":["M","M","M","M","$","E","M","E","T","E","?","$","?","M","R","BOSS","M","?","$","?","?","R","M","R","T","?","E","?","R","M","R","BOSS","M","$","?","?","$","R","?","R","T","R","M","M","?","?","R","BOSS","R","$","E","BOSS"],"items_purchased_type":["Relic","Card","Relic","Potion","Relic"],"build_version":"2020-12-22","purchased_purges":6,"victory":true,"max_hp_per_floor":[72,72,72,72,72,72,72,72,72,72,72,72,72,72,72,72,72,72,72,72,72,72,72,72,72,72,72,72,72,72,72,72,72,72,72,72,72,72,72,72,72,72,72,72,72,72,72,72,72,72,72,72,72,79,79],"card_choices":[{"not_picked":["JustLucky","Evaluate","BattleHymn"],"picked":"SKIP","floor":1.0},{"not_picked":["JustLucky","BattleHymn"],"picked":"FollowUp","floor":2.0},{"not_picked":["Prostrate","EmptyBody","SandsOfTime"],"picked":"SKIP","floor":3.0},{"not_picked":["WreathOfFlame","Prostrate"],"picked":"ClearTheMind","floor":4.0},{"not_picked":["Collect","Halt"],"picked":"Scrawl","floor":6.0},{"not_picked":["Collect","ClearTheMind"],"picked":"CrushJoints","floor":7.0},{"not_picked":["TalkToTheHand","FollowUp","Weave"],"picked":"SKIP","floor":8.0},{"not_picked":["Prostrate","EmptyBody"],"picked":"Halt","floor":10.0},{"not_picked":["Meditate","FollowUp","FlyingSleeves"],"picked":"SKIP","floor":14.0},{"not_picked":["Alpha","Blasphemy"],"picked":"Vault","floor":16},{"not_picked":["FollowUp","FlyingSleeves"],"picked":"Tantrum","floor":18},{"not_picked":["Fasting2+1","BowlingBash","SashWhip"],"picked":"SKIP","floor":21},{"not_picked":["SandsOfTime","SignatureMove+1","BowlingBash+1"],"picked":"SKIP","floor":22},{"not_picked":["JustLucky","Consecrate"],"picked":"MentalFortress","floor":24},{"not_picked":["JustLucky+1","Brilliance","Crescendo"],"picked":"SKIP","floor":27},{"not_picked":["WaveOfTheHand+1","Consecrate","FearNoEvil"],"picked":"SKIP","floor":28},{"not_picked":["EmptyBody","JustLucky","PathToVictory"],"picked":"SKIP","floor":31},{"not_picked":["Wish","Judgement"],"picked":"Vault","floor":33},{"not_picked":["TalkToTheHand+1","Tantrum","FlyingSleeves"],"picked":"SKIP","floor":35},{"not_picked":["Evaluate","ClearTheMind+1","Worship"],"picked":"SKIP","floor":38},{"not_picked":["DeceiveReality+1","ForeignInfluence+1","WheelKick+1"],"picked":"SKIP","floor":45},{"not_picked":["SandsOfTime","Crescendo","CrushJoints+1"],"picked":"SKIP","floor":46},{"not_picked":["Collect","EmptyFist","Alpha"],"picked":"SKIP","floor":54}],"player_experience":520106,"relics_obtained":[{"floor":6.0,"key":"Bottled Flame"},{"floor":8.0,"key":"Blood Vial"},{"floor":10.0,"key":"Old Coin"},{"floor":13.0,"key":"InkBottle"},{"floor":26,"key":"Bottled Tornado"},{"floor":28,"key":"Mummified Hand"},{"floor":41,"key":"Vajra"},{"floor":43,"key":"Juzu Bracelet"},{"floor":48,"key":"Smiling Mask"},{"floor":54,"key":"Strawberry"}],"event_choices":[{"damage_healed":0.0,"max_hp_gain":0.0,"max_hp_loss":0.0,"gold_gain":0.0,"event_name":"The Woman in Blue","player_choice":"Bought 1 Potion","floor":11.0,"gold_loss":0.0,"damage_taken":0.0},{"damage_healed":0,"gold_gain":0,"player_choice":"Got Potions","damage_taken":0,"max_hp_gain":0,"max_hp_loss":0,"event_name":"Lab","floor":19,"gold_loss":0},{"damage_healed":0,"gold_gain":0,"player_choice":"Read","damage_taken":0,"max_hp_gain":0,"max_hp_loss":0,"event_name":"The Library","floor":29,"gold_loss":0,"cards_obtained":["Adaptation"]},{"damage_healed":0,"gold_gain":0,"player_choice":"Ignored","damage_taken":0,"max_hp_gain":0,"max_hp_loss":0,"event_name":"betterThird:BetterPortal","floor":37,"gold_loss":0},{"damage_healed":0,"gold_gain":0,"player_choice":"Ignored","damage_taken":0,"max_hp_gain":0,"max_hp_loss":0,"event_name":"Tomb of Lord Red Mask","floor":47,"gold_loss":0}],"is_beta":false,"boss_relics":[{"not_picked":["Cursed Key","SlaversCollar"],"picked":"Philosopher\u0027s Stone"},{"not_picked":["Snecko Eye","Busted Crown"],"picked":"Empty Cage"}],"items_purged_floors":[5,12,20,36,39,53],"is_endless":false,"potions_floor_spawned":[4,6,7,8,14,21,27,28,38,54],"ascension_level":5}}