{"host":"3a1ypf1irl30q4k8","time":1610464508,"event":{"mods":["AchievementEnabler","BaseMod","Bestiary","Colored Map","Minty Spire (QoL Compilation)","Relic Stats"],"gold_per_floor":[115,115,132,82,1,1,20,46,101,120,0,20,20,195,195,295,295,307,307,307,307,325,325,335,347,347,347,347,347,347,359,359,359,359],"floor_reached":33,"playtime":2393,"items_purged":["Strike_P"],"score":270,"play_id":"11279a83-0c72-4e31-a90c-45c1dbc68136","local_time":"20210112151508","is_ascension_mode":true,"campfire_choices":[{"data":"PathToVictory","floor":6.0,"key":"SMITH"},{"data":"JustLucky","floor":13.0,"key":"SMITH"},{"data":"Vigilance","floor":15.0,"key":"SMITH"},{"data":"EmptyBody","floor":23.0,"key":"SMITH"},{"floor":27.0,"key":"REST"},{"floor":29.0,"key":"REST"},{"floor":32,"key":"REST"}],"circlet_count":0,"master_deck":["Strike_P+1","Defend_P","Defend_P","Eruption+1","Vigilance+1","PathToVictory+1","Evaluate","TalkToTheHand","TalkToTheHand","JustLucky+1","EmptyMind","Evaluate","FearNoEvil","Doubt","DeusExMachina","Weave+1","Writhe","CutThroughFate","Vengeance","EmptyBody+1","Nirvana","SashWhip","Nirvana+1"],"relics":["PureWater","Whetstone","Strawberry","VioletLotus","The Courier","CloakClasp","Enchiridion"],"acts_visited":["Exordium","TheCity"],"potions_floor_usage":[33,33,33],"damage_taken":[{"damage":4.0,"enemies":"2 Louse","floor":1.0,"turns":3.0},{"damage":2.0,"enemies":"Small Slimes","floor":3.0,"turns":3.0},{"damage":0.0,"enemies":"Jaw Worm","floor":7.0,"turns":4.0},{"damage":18.0,"enemies":"Gremlin Nob","floor":8.0,"turns":5.0},{"damage":4.0,"enemies":"Exordium Wildlife","floor":10.0,"turns":4.0},{"damage":0.0,"enemies":"Blue Slaver","floor":12.0,"turns":4.0},{"damage":3.0,"enemies":"The Guardian","floor":16.0,"turns":9.0},{"damage":5.0,"enemies":"Shell Parasite","floor":18.0,"turns":6.0},{"damage":11.0,"enemies":"2 Thieves","floor":22.0,"turns":4.0},{"damage":30.0,"enemies":"Centurion and Healer","floor":24.0,"turns":10.0},{"damage":6.0,"enemies":"Snecko","floor":25.0,"turns":7.0},{"damage":11.0,"enemies":"Snake Plant","floor":31.0,"turns":5.0},{"damage":87,"enemies":"Champ","floor":33,"turns":18}],"seed_played":"2533061386942803051","potions_obtained":[{"floor":3.0,"key":"EssenceOfSteel"},{"floor":8.0,"key":"Ancient Potion"},{"floor":12.0,"key":"Ancient Potion"},{"floor":25.0,"key":"EntropicBrew"},{"floor":31.0,"key":"LiquidMemories"}],"is_trial":false,"path_per_floor":["M","?","M","?","$","R","M","E","T","M","$","M","R","?","R","B",null,"M","?","?","?","M","R","M","M","T","R","?","R","?","M","R","B"],"character_chosen":"WATCHER","items_purchased":["TalkToTheHand","Evaluate"],"campfire_rested":3,"item_purchase_floors":[5,11],"current_hp_per_floor":[75,68,66,66,66,66,66,48,55,51,51,51,51,51,51,48,86,81,81,81,81,70,70,40,34,34,59,43,68,68,57,82,0,0],"gold":359,"neow_bonus":"TEN_PERCENT_HP_BONUS","is_daily":false,"chose_seed":false,"campfire_upgraded":4,"win_rate":0.0,"timestamp":1610464508,"path_taken":["M","?","M","?","?","R","M","E","T","M","$","?","R","?","R","BOSS","M","?","?","?","M","R","M","M","T","R","?","R","?","M","R","BOSS"],"items_purchased_type":["Card","Card"],"build_version":"2020-12-22","purchased_purges":1,"victory":false,"max_hp_per_floor":[79,79,79,79,79,79,79,79,86,86,86,86,86,86,86,86,86,86,86,86,86,86,86,86,86,86,86,86,86,86,86,86,86,86],"relic_stats":{"counters":[13,82],"VioletLotus":[17],"CloakClasp":[69],"Whetstone":["Strike_P","Eruption"],"obtain_stats":[{"Strawberry":9,"Enchiridion":28,"VioletLotus":17,"The Courier":20,"CloakClasp":26,"Whetstone":8,"PureWater":0},{"Strawberry":4,"Enchiridion":11,"VioletLotus":7,"The Courier":8,"CloakClasp":11,"Whetstone":4,"PureWater":0},{"Strawberry":15,"Enchiridion":59,"VioletLotus":32,"The Courier":38,"CloakClasp":59,"Whetstone":15,"PureWater":0}]},"card_choices":[{"not_picked":["Protect","Prostrate"],"picked":"PathToVictory","floor":1.0},{"not_picked":["Consecrate","CarveReality"],"picked":"Evaluate","floor":3.0},{"not_picked":["Prostrate","Vengeance"],"picked":"TalkToTheHand","floor":7.0},{"not_picked":["FlyingSleeves","Fasting2"],"picked":"JustLucky","floor":8.0},{"not_picked":["CrushJoints","Prostrate"],"picked":"EmptyMind","floor":10.0},{"not_picked":["Indignation","SashWhip"],"picked":"FearNoEvil","floor":12.0},{"not_picked":["DevaForm","Wish"],"picked":"DeusExMachina","floor":16.0},{"not_picked":["SandsOfTime+1","Protect"],"picked":"Weave+1","floor":18.0},{"not_picked":["SashWhip","WreathOfFlame"],"picked":"EmptyBody","floor":22.0},{"not_picked":["ConjureBlade","FlurryOfBlows"],"picked":"Nirvana","floor":24.0},{"not_picked":["CarveReality","Tantrum"],"picked":"SashWhip","floor":25.0},{"not_picked":["BowlingBash","Vengeance+1"],"picked":"Nirvana+1","floor":31.0}],"player_experience":1033618,"relics_obtained":[{"floor":8.0,"key":"Whetstone"},{"floor":9.0,"key":"Strawberry"},{"floor":26.0,"key":"CloakClasp"},{"floor":28.0,"key":"Enchiridion"}],"event_choices":[{"cards_removed":["Strike_P"],"damage_healed":0.0,"max_hp_gain":0.0,"max_hp_loss":0.0,"gold_gain":0.0,"event_name":"Golden Wing","player_choice":"Card Removal","floor":2.0,"gold_loss":0.0,"damage_taken":7.0},{"cards_removed":["Strike_P"],"damage_healed":0.0,"max_hp_gain":0.0,"max_hp_loss":0.0,"gold_gain":0.0,"event_name":"The Cleric","player_choice":"Card Removal","floor":4.0,"gold_loss":50.0,"damage_taken":0.0},{"damage_healed":0.0,"max_hp_gain":0.0,"max_hp_loss":0.0,"gold_gain":175.0,"event_name":"Liars Game","player_choice":"AGREE","floor":14.0,"gold_loss":0.0,"damage_taken":0.0,"cards_obtained":["Doubt"]},{"damage_healed":0.0,"max_hp_gain":0.0,"max_hp_loss":0.0,"gold_gain":0.0,"event_name":"Vampires","player_choice":"Ignored","floor":19.0,"gold_loss":0.0,"damage_taken":0.0},{"damage_healed":0.0,"max_hp_gain":0.0,"max_hp_loss":0.0,"gold_gain":0.0,"event_name":"The Mausoleum","player_choice":"Opened","floor":20.0,"gold_loss":0.0,"damage_taken":0.0,"relics_obtained":["The Courier"],"cards_obtained":["Writhe"]},{"damage_healed":0.0,"max_hp_gain":0.0,"max_hp_loss":0.0,"gold_gain":0.0,"cards_transformed":["Defend_P","Defend_P"],"event_name":"Drug Dealer","player_choice":"Became Test Subject","floor":21.0,"gold_loss":0.0,"damage_taken":0.0,"cards_obtained":["CutThroughFate","Vengeance"]},{"damage_healed":0.0,"max_hp_gain":0.0,"max_hp_loss":0.0,"gold_gain":0.0,"event_name":"Cursed Tome","player_choice":"Obtained Book","floor":28.0,"gold_loss":0.0,"damage_taken":16.0},{"damage_healed":0.0,"max_hp_gain":0.0,"max_hp_loss":0.0,"gold_gain":0.0,"event_name":"Ghosts","player_choice":"Ignored","floor":30.0,"gold_loss":0.0,"damage_taken":0.0}],"is_beta":false,"boss_relics":[{"not_picked":["Coffee Dripper","Pandora\u0027s Box"],"picked":"VioletLotus"}],"items_purged_floors":[11],"is_endless":false,"potions_floor_spawned":[3,8,12,25,31],"killed_by":"Champ","ascension_level":2}}