{"host":"tnsigirk6wurdark","time":1610415666,"event":{"mods":["BaseMod","Colored Map","Colored Powertips","DeckTracker","Highlight Path","Minty Spire (QoL Compilation)","Quick Restart","Relic Sorter","StSLib","SuperFastMode","Synergy Search"],"gold_per_floor":[361,361,93,113,113,148,148,148,148,148,162,203,203,216,216,307,307,275,293,293,293],"floor_reached":20,"playtime":1995,"items_purged":["Injury"],"score":309,"play_id":"b9cc73a2-d263-4101-ac5f-62e675a8df52","local_time":"20210112014106","is_ascension_mode":true,"campfire_choices":[{"floor":10,"key":"REST"},{"floor":13,"key":"REST"},{"data":"Deadly Poison","floor":15,"key":"SMITH"}],"circlet_count":0,"master_deck":["AscendersBane","Strike_G","Strike_G","Strike_G","Strike_G","Defend_G","Defend_G","Defend_G","Defend_G","Defend_G","Survivor","Neutralize","Clumsy","Backflip","Transmutation+1","PiercingWail","Quick Slash","Backflip","Deadly Poison","Cloak And Dagger","Deadly Poison+1","Tools of the Trade","Quick Slash","Leg Sweep"],"relics":["Ring of the Snake","Mercury Hourglass","Pear","Golden Idol","Oddly Smooth Stone","MealTicket","Black Star"],"acts_visited":["Exordium","TheCity"],"potions_floor_usage":[6,16,18,20],"damage_taken":[{"damage":6,"enemies":"Cultist","floor":1,"turns":6},{"damage":0,"enemies":"2 Louse","floor":4,"turns":4},{"damage":29,"enemies":"3 Sentries","floor":6,"turns":13},{"damage":0,"enemies":"Small Slimes","floor":11,"turns":3},{"damage":8,"enemies":"Lagavulin","floor":12,"turns":7},{"damage":11,"enemies":"Gremlin Gang","floor":14,"turns":5},{"damage":37,"enemies":"The Guardian","floor":16,"turns":10},{"damage":5,"enemies":"2 Thieves","floor":18,"turns":5},{"damage":29,"enemies":"Chosen","floor":19,"turns":6},{"damage":32,"enemies":"Shelled Parasite and Fungi","floor":20,"turns":3}],"seed_played":"777463251753227958","potions_obtained":[{"floor":4,"key":"Explosive Potion"},{"floor":14,"key":"ColorlessPotion"},{"floor":16,"key":"Poison Potion"},{"floor":19,"key":"Strength Potion"}],"is_trial":false,"path_per_floor":["M","?","$","M","?","E","?","?","T","R","M","E","R","M","R","B",null,"M","M","M"],"character_chosen":"THE_SILENT","items_purchased":["Transmutation","PiercingWail"],"campfire_rested":2,"item_purchase_floors":[3,3],"current_hp_per_floor":[53,53,53,53,53,34,27,27,27,49,49,41,63,52,52,15,61,56,27,0,0],"gold":293,"neow_bonus":"TWO_FIFTY_GOLD","is_daily":false,"chose_seed":false,"campfire_upgraded":1,"win_rate":0.0,"timestamp":1610415666,"path_taken":["M","?","$","M","?","E","?","?","T","R","M","E","R","M","R","BOSS","M","M","?"],"items_purchased_type":["Card","Card"],"build_version":"2020-12-22","purchased_purges":1,"victory":false,"max_hp_per_floor":[66,66,66,66,66,76,76,76,76,76,76,76,76,76,76,76,76,76,76,76,76],"card_choices":[{"not_picked":["Finisher","Underhanded Strike"],"picked":"Backflip","floor":1},{"not_picked":["Cloak And Dagger","Choke"],"picked":"Quick Slash","floor":4},{"not_picked":["Sucker Punch","Dagger Spray"],"picked":"Backflip","floor":6},{"not_picked":["Cloak And Dagger","Infinite Blades"],"picked":"Deadly Poison","floor":11},{"not_picked":["Glass Knife","Noxious Fumes"],"picked":"Cloak And Dagger","floor":12},{"not_picked":["Poisoned Stab","Sucker Punch"],"picked":"Deadly Poison","floor":14},{"not_picked":["Night Terror","Storm of Steel"],"picked":"Tools of the Trade","floor":16},{"not_picked":["Dagger Throw","Choke"],"picked":"Quick Slash","floor":18},{"not_picked":["Riddle With Holes","Dagger Spray"],"picked":"Leg Sweep","floor":19}],"player_experience":674886,"relics_obtained":[{"floor":6,"key":"Pear"},{"floor":9,"key":"Mercury Hourglass"},{"floor":12,"key":"MealTicket"}],"event_choices":[{"damage_healed":0,"gold_gain":0,"player_choice":"Take Wound","damage_taken":0,"relics_obtained":["Golden Idol"],"max_hp_gain":0,"max_hp_loss":0,"event_name":"Golden Idol","floor":2,"gold_loss":0,"cards_obtained":["Injury"]},{"damage_healed":0,"gold_gain":0,"player_choice":"Grow","damage_taken":0,"max_hp_gain":0,"max_hp_loss":0,"event_name":"Living Wall","floor":5,"gold_loss":0,"cards_upgraded":["Transmutation"]},{"damage_healed":0,"gold_gain":0,"player_choice":"Success","damage_taken":7,"relics_obtained":["Oddly Smooth Stone"],"max_hp_gain":0,"max_hp_loss":0,"event_name":"Scrap Ooze","floor":7,"gold_loss":0},{"cards_removed":["Strike_G"],"damage_healed":0,"gold_gain":0,"player_choice":"Card Removal","damage_taken":0,"max_hp_gain":0,"max_hp_loss":0,"event_name":"Wheel of Change","floor":8,"gold_loss":0}],"is_beta":false,"boss_relics":[{"not_picked":["Snecko Eye","WristBlade"],"picked":"Black Star"}],"items_purged_floors":[3],"is_endless":false,"potions_floor_spawned":[4,14,16,19],"killed_by":"Shelled Parasite and Fungi","ascension_level":14}}