{"host":"jnjxzd6rarbui4j8","time":1610485003,"event":{"mods":["AchievementEnabler","BaseMod","Colored Map","Highlight Path","Minty Spire (QoL Compilation)","Relic Stats","StSLib"],"gold_per_floor":[109,109,120,136,116,116,135,168,168,185,185,202,30,55,55,126,126,140,140,140,168,197,209,221,221],"floor_reached":24,"playtime":3267,"items_purged":[],"score":466,"play_id":"cb3def43-61fe-433c-89f8-f690f89a4f25","local_time":"20210112155643","is_ascension_mode":true,"campfire_choices":[{"data":"Dash","floor":6.0,"key":"SMITH"},{"data":"Neutralize","floor":11.0,"key":"SMITH"},{"data":"Malaise","floor":15.0,"key":"SMITH"},{"data":"Dagger Spray","floor":23,"key":"SMITH"}],"circlet_count":0,"master_deck":["AscendersBane","Strike_G","Strike_G","Strike_G","Strike_G","Defend_G","Defend_G","Defend_G","Defend_G","Survivor","Neutralize+1","Night Terror","Grand Finale","Dash+1","Dagger Spray+1","Quick Slash","Setup","Leg Sweep","Malaise+1","Dagger Throw","Bullet Time","Terror","Dodge and Roll+1"],"relics":["Ring of the Snake","Centennial Puzzle","StrikeDummy","Oddly Smooth Stone","Omamori","Coffee Dripper","MawBank"],"acts_visited":["Exordium","TheCity"],"potions_floor_usage":[22,24],"damage_taken":[{"damage":10.0,"enemies":"Small Slimes","floor":1.0,"turns":6.0},{"damage":0.0,"enemies":"Cultist","floor":3.0,"turns":4.0},{"damage":2.0,"enemies":"Jaw Worm","floor":4.0,"turns":5.0},{"damage":1.0,"enemies":"Blue Slaver","floor":7.0,"turns":2.0},{"damage":10.0,"enemies":"3 Sentries","floor":8.0,"turns":4.0},{"damage":0.0,"enemies":"Looter","floor":10.0,"turns":4.0},{"damage":1.0,"enemies":"Lots of Slimes","floor":12.0,"turns":3.0},{"damage":0.0,"enemies":"Lagavulin","floor":14.0,"turns":6.0},{"damage":6.0,"enemies":"The Guardian","floor":16.0,"turns":13.0},{"damage":4.0,"enemies":"Spheric Guardian","floor":18.0,"turns":10.0},{"damage":0.0,"enemies":"Chosen","floor":21.0,"turns":8.0},{"damage":3,"enemies":"Snecko","floor":22,"turns":5},{"damage":66,"enemies":"Gremlin Leader","floor":24,"turns":9}],"seed_played":"5196287003676719090","potions_obtained":[{"floor":3.0,"key":"Ancient Potion"},{"floor":4.0,"key":"SteroidPotion"},{"floor":5.0,"key":"SneckoOil"},{"floor":10.0,"key":"Swift Potion"},{"floor":21.0,"key":"GamblersBrew"}],"is_trial":false,"path_per_floor":["M","?","M","M","?","R","M","E","T","M","R","M","$","E","R","B",null,"M","?","T","M","M","R","E"],"character_chosen":"THE_SILENT","items_purchased":["Oddly Smooth Stone"],"campfire_rested":0,"item_purchase_floors":[13],"current_hp_per_floor":[49,44,44,42,42,42,41,31,31,31,31,30,30,30,30,24,51,47,59,59,59,56,56,0,0],"gold":221,"neow_bonus":"TRANSFORM_TWO_CARDS","is_daily":false,"chose_seed":false,"campfire_upgraded":4,"win_rate":0.0,"timestamp":1610485003,"path_taken":["M","?","M","M","?","R","M","E","T","M","R","M","$","E","R","BOSS","M","?","?","M","M","R","E"],"items_purchased_type":["Relic"],"build_version":"2020-12-22","purchased_purges":0,"victory":false,"max_hp_per_floor":[60,60,60,60,60,60,60,60,60,60,60,60,60,60,60,60,60,60,60,60,60,60,60,60,60],"relic_stats":{"Centennial Puzzle":[24],"counters":[13,79],"MawBank":48,"obtain_stats":[{"Centennial Puzzle":2,"Oddly Smooth Stone":13,"Omamori":14,"Coffee Dripper":17,"StrikeDummy":8,"MawBank":20,"Ring of the Snake":0},{"Centennial Puzzle":1,"Oddly Smooth Stone":7,"Omamori":8,"Coffee Dripper":9,"StrikeDummy":5,"MawBank":10,"Ring of the Snake":0},{"Centennial Puzzle":6,"Oddly Smooth Stone":28,"Omamori":34,"Coffee Dripper":47,"StrikeDummy":21,"MawBank":57,"Ring of the Snake":0}],"Ring of the Snake":[26]},"card_choices":[{"not_picked":["Underhanded Strike","Deadly Poison"],"picked":"Dash","floor":1.0},{"not_picked":["Endless Agony","Backflip"],"picked":"Dagger Spray","floor":3.0},{"not_picked":["Eviscerate","Finisher"],"picked":"Quick Slash","floor":4.0},{"not_picked":["Sucker Punch","Distraction","Dodge and Roll"],"picked":"SKIP","floor":7.0},{"not_picked":["Prepared","Blade Dance"],"picked":"Setup","floor":8.0},{"not_picked":["Quick Slash","Heel Hook"],"picked":"Leg Sweep","floor":10.0},{"not_picked":["Concentrate","Slice"],"picked":"Malaise","floor":12.0},{"not_picked":["Quick Slash","Slice"],"picked":"Dagger Throw","floor":14.0},{"not_picked":["A Thousand Cuts","Unload"],"picked":"Bullet Time","floor":16.0},{"not_picked":["Dagger Spray","Reflex","Dodge and Roll"],"picked":"SKIP","floor":18.0},{"not_picked":["Underhanded Strike","Quick Slash"],"picked":"Terror","floor":21.0},{"not_picked":["Masterful Stab","Poisoned Stab"],"picked":"Dodge and Roll+1","floor":22}],"player_experience":2410081,"relics_obtained":[{"floor":8.0,"key":"StrikeDummy"},{"floor":14.0,"key":"Omamori"},{"floor":20.0,"key":"MawBank"}],"event_choices":[{"damage_healed":0.0,"max_hp_gain":0.0,"max_hp_loss":0.0,"gold_gain":0.0,"event_name":"Scrap Ooze","player_choice":"Success","floor":2.0,"gold_loss":0.0,"damage_taken":5.0,"relics_obtained":["Centennial Puzzle"]},{"damage_healed":0.0,"max_hp_gain":0.0,"max_hp_loss":0.0,"gold_gain":0.0,"event_name":"The Woman in Blue","player_choice":"Bought 1 Potion","floor":5.0,"gold_loss":0.0,"damage_taken":0.0},{"damage_healed":12.0,"max_hp_gain":0.0,"max_hp_loss":0.0,"gold_gain":0.0,"event_name":"The Library","player_choice":"Heal","floor":19.0,"gold_loss":0.0,"damage_taken":0.0}],"is_beta":false,"boss_relics":[{"not_picked":["Empty Cage","WristBlade"],"picked":"Coffee Dripper"}],"items_purged_floors":[],"is_endless":false,"potions_floor_spawned":[3,4,10,21],"killed_by":"Gremlin Leader","ascension_level":20}}