{"host":"7z347kdhnquy3q4q","time":1610434721,"event":{"mods":["Act Like it!","Aspiration","BaseMod","Downfall","Hubris","Infinite Spire","Minty Spire (QoL Compilation)","MostiFishMod","Pale of the Ancients","Permanent Neow","Potionbrewer","Replay The Spire","Robot Space Explorer","Spicy Shops","StSLib","Wandering Minibosses","vexMod"],"gold_per_floor":[99,110,8,27,127,146,146,156,156,174,174,191,191,191,211,310,310,386,405,405,3,3,3,3,3,51,51,66,66,83,93,105,201,201,201,214,214,225,239,239,239,252,271,298,223,223,251,265,276,276],"floor_reached":51,"playtime":3450,"items_purged":["Doubt"],"score":828,"play_id":"f9fd39db-37b6-4584-9410-ef6d4b9da624","local_time":"20210112005841","is_ascension_mode":false,"campfire_choices":[{"data":"potionbrewer:BeatDown","floor":1.0,"key":"SMITH"},{"data":"potionbrewer:TheFinalStraw","floor":9.0,"key":"SMITH"},{"data":"potionbrewer:ResearchResults","floor":11.0,"key":"SMITH"},{"data":"Trip","floor":13.0,"key":"SMITH"},{"data":"Bullet Time","floor":25.0,"key":"SMITH"},{"floor":29.0,"key":"REST"},{"floor":35.0,"key":"DIG"},{"data":"potionbrewer:Smokescreen","floor":40.0,"key":"SMITH"},{"floor":45.0,"key":"RECALL"}],"circlet_count":0,"master_deck":["potionbrewer:PotionbrewerStrike+1","potionbrewer:PotionbrewerStrike+1","potionbrewer:PotionbrewerDefend+1","potionbrewer:PotionbrewerDefend+1","potionbrewer:PotionbrewerDefend+1","potionbrewer:Collect+1","potionbrewer:ChemicalSpill+1","potionbrewer:BeatDown+1","potionbrewer:Fuel+1","potionbrewer:ResearchResults+1","Trip+1","potionbrewer:ChemicalRage+1","potionbrewer:CausticBarrier+1","potionbrewer:TimeBomb+1","potionbrewer:TheFinalStraw+1","potionbrewer:FuelCell+1","potionbrewer:Shovel+1","potionbrewer:ChoosePotion","potionbrewer:ChemicalShroud+1","potionbrewer:ExothermicReaction+1","Venomology+1","Backstab+1","potionbrewer:SpecialFormula+1","potionbrewer:ChokingPowder+1","potionbrewer:FortifiedSerum+1","potionbrewer:Smack+1","potionbrewer:BrokenBeakers+1","potionbrewer:TheFinalStraw+1","potionbrewer:Smokescreen+1","potionbrewer:BlindingSpray+1","potionbrewer:BalancedFormula+1","potionbrewer:AnotherRound+1","hubris:Fate+1","potionbrewer:PortableLab+1","potionbrewer:IronHeart+1"],"relics":["potionbrewer:PotionKit","DaveBox","DSteel32","Toy Ornithopter","Blue Doll","Black Star","wanderingMiniBosses:CarrionFlame","hubris:Potato","infinitespire:Beetle Shell","Chemical X","ReplayTheSpireMod:TigerMarble","hubris:Backtick","BionicSphere","hubris:Metronome","aspiration:StickyExplosives_weak","Mercury Hourglass","aspiration:Lifesprig","hubris:AstralHammer","downfall:HeartBlessingGreen","hubris:CuriousFeather","Counterbalance"],"acts_visited":["Exordium","TheCity","TheBeyond"],"potions_floor_usage":[50,50],"damage_taken":[{"damage":1.0,"enemies":"Cultist","floor":2.0,"turns":3.0},{"damage":0.0,"enemies":"downfall:FleeingMerchant","floor":3.0,"turns":4.0},{"damage":0.0,"enemies":"Small Slimes","floor":4.0,"turns":3.0},{"damage":27.0,"enemies":"downfall:LadyInBlue","floor":5.0,"turns":7.0},{"damage":0.0,"enemies":"2 Louse","floor":6.0,"turns":3.0},{"damage":0.0,"enemies":"Large Slime","floor":8.0,"turns":4.0},{"damage":0.0,"enemies":"Blue Slaver","floor":10.0,"turns":3.0},{"damage":7.0,"enemies":"Exordium Thugs","floor":12.0,"turns":4.0},{"damage":2.0,"enemies":"3 Louse","floor":15.0,"turns":4.0},{"damage":5.0,"enemies":"downfall:Watcher","floor":16.0,"turns":5.0},{"damage":12.0,"enemies":"Shell Parasite","floor":19.0,"turns":4.0},{"damage":0.0,"enemies":"downfall:FleeingMerchant","floor":21.0,"turns":5.0},{"damage":26.0,"enemies":"downfall:FleeingMerchant","floor":26.0,"turns":3.0},{"damage":0.0,"enemies":"Chosen","floor":28.0,"turns":3.0},{"damage":2.0,"enemies":"Snecko","floor":30.0,"turns":4.0},{"damage":0.0,"enemies":"Cultist and Chosen","floor":31.0,"turns":3.0},{"damage":0.0,"enemies":"Chosen and Byrds","floor":32.0,"turns":3.0},{"damage":4.0,"enemies":"downfall:Defect","floor":33.0,"turns":5.0},{"damage":0.0,"enemies":"3 Shapes","floor":36.0,"turns":1.0},{"damage":0.0,"enemies":"Orb Walker","floor":38.0,"turns":2.0},{"damage":0.0,"enemies":"Spire Growth","floor":39.0,"turns":2.0},{"damage":0.0,"enemies":"4 Shapes","floor":42.0,"turns":2.0},{"damage":0.0,"enemies":"Writhing Mass","floor":43.0,"turns":4.0},{"damage":0.0,"enemies":"Nightmare","floor":44.0,"turns":5.0},{"damage":0.0,"enemies":"R_Hoarder","floor":47.0,"turns":4.0},{"damage":0.0,"enemies":"Jaw Worm Horde","floor":48.0,"turns":3.0},{"damage":0.0,"enemies":"Maw","floor":49.0,"turns":4.0},{"damage":0,"enemies":"downfall:Ironclad","floor":50,"turns":4}],"seed_played":"-4166300243412720809","potions_obtained":[{"floor":2.0,"key":"Explosive Potion"},{"floor":5.0,"key":"hexamod:EctoCoolerPotion"},{"floor":5.0,"key":"potionbrewer:ToxicPotion"},{"floor":5.0,"key":"AttackPotion"},{"floor":6.0,"key":"Ancient Potion"},{"floor":8.0,"key":"SpeedPotion"},{"floor":10.0,"key":"Swift Potion"},{"floor":12.0,"key":"Milkshake"},{"floor":19.0,"key":"DistilledChaos"},{"floor":30.0,"key":"SteroidPotion"},{"floor":31.0,"key":"potionbrewer:NoxiousPotion"},{"floor":38.0,"key":"SpeedPotion"},{"floor":39.0,"key":"potionbrewer:InfectionPotion"},{"floor":43.0,"key":"AttackPotion"},{"floor":49,"key":"FearPotion"}],"is_trial":false,"path_per_floor":["R","M","$","M","?","M","T","M","R","M","R","M","R","?","M","B",null,"R","M","?","$","?","?","T","R","$","?","M","R","M","M","M","B",null,"R","M","T","M","M","R","T","M","M","NM","R","?","E","M","M","B",null],"character_chosen":"POTIONBREWER","items_purchased":["Trip","Fruit Juice","hubris:Potato","Chemical X","ReplayTheSpireMod:TigerMarble"],"campfire_rested":1,"item_purchase_floors":[3,21,21,26,26],"current_hp_per_floor":[75,74,74,74,47,52,52,57,57,67,67,65,65,65,68,75,75,75,73,58,80,80,80,80,80,54,54,59,80,78,80,80,76,80,80,80,80,80,80,80,80,80,80,80,80,80,80,80,80,80],"gold":276,"neow_bonus":"ONE_RANDOM_RARE_CARD","is_daily":false,"chose_seed":false,"campfire_upgraded":6,"win_rate":0.0,"timestamp":1610434721,"path_taken":["R","M","$","M","?","?","T","M","R","M","R","M","R","?","M","BOSS","R","M","?","$","?","?","T","R","?","?","M","R","M","M","M","BOSS","R","M","?","M","M","R","T","M","?","NM","R","?","E","?","M","BOSS"],"items_purchased_type":["Card","Potion","Relic","Relic","Relic"],"build_version":"2020-12-22","purchased_purges":1,"victory":true,"max_hp_per_floor":[75,75,75,75,75,75,75,75,75,75,75,75,75,75,75,75,75,75,75,75,80,80,80,80,80,80,80,80,80,80,80,80,80,80,80,80,80,80,80,80,80,80,80,80,80,80,80,80,80,80],"card_choices":[{"not_picked":["potionbrewer:ChemicalWeapons","potionbrewer:BlindingSpray"],"picked":"potionbrewer:Fuel","floor":2.0},{"not_picked":["potionbrewer:Smokescreen","potionbrewer:FortifiedSerum"],"picked":"potionbrewer:ResearchResults","floor":3.0},{"not_picked":["potionbrewer:CausticBarrier","potionbrewer:Biohazard"],"picked":"potionbrewer:ChemicalRage","floor":4.0},{"not_picked":["potionbrewer:TestSubject","potionbrewer:AcidCloud"],"picked":"potionbrewer:CausticBarrier","floor":5.0},{"not_picked":["potionbrewer:Backhand","potionbrewer:LeftoverSpecimen"],"picked":"potionbrewer:TimeBomb","floor":6.0},{"not_picked":["potionbrewer:Toxicity","potionbrewer:ExothermicReaction"],"picked":"potionbrewer:TheFinalStraw","floor":8.0},{"not_picked":["potionbrewer:VolatileSolution","potionbrewer:Shovel"],"picked":"potionbrewer:FuelCell","floor":10.0},{"not_picked":["potionbrewer:Biohazard","potionbrewer:BlindingSpray"],"picked":"potionbrewer:Shovel","floor":12.0},{"not_picked":["potionbrewer:Fuel","potionbrewer:EmptyBottle"],"picked":"potionbrewer:LabJournal","floor":15.0},{"not_picked":["potionbrewer:HazardousWaste","potionbrewer:AlchemistForm"],"picked":"potionbrewer:BottomlessFlask","floor":16.0},{"not_picked":["potionbrewer:TimeBomb","potionbrewer:ChemicalRage"],"picked":"potionbrewer:ChemicalShroud+1","floor":19.0},{"not_picked":["potionbrewer:Discombobulate+1","potionbrewer:LabAccident"],"picked":"potionbrewer:ExothermicReaction+1","floor":21.0},{"not_picked":["potionbrewer:OneTwoPunch","potionbrewer:FuelCell"],"picked":"potionbrewer:SpecialFormula","floor":26.0},{"not_picked":["potionbrewer:CausticBarrier+1","potionbrewer:Smack"],"picked":"potionbrewer:ChokingPowder+1","floor":28.0},{"not_picked":["potionbrewer:ChemicalShroud+1","potionbrewer:Experimentation"],"picked":"potionbrewer:FortifiedSerum","floor":30.0},{"not_picked":["potionbrewer:Shovel+1","potionbrewer:TestSubject"],"picked":"potionbrewer:Smack","floor":31.0},{"not_picked":["potionbrewer:Smack+1","potionbrewer:HazardousMaterials","potionbrewer:Brandish"],"picked":"SKIP","floor":32.0},{"not_picked":["potionbrewer:HazardousWaste","potionbrewer:TheFinalStraw"],"picked":"potionbrewer:BrokenBeakers","floor":33.0},{"not_picked":["potionbrewer:TimeBomb","potionbrewer:UnstableFormula+1","potionbrewer:QuickStep"],"picked":"SKIP","floor":36.0},{"not_picked":["potionbrewer:Brandish","potionbrewer:TestFormula"],"picked":"potionbrewer:TheFinalStraw","floor":38.0},{"not_picked":["potionbrewer:AcidCloud","potionbrewer:Smack"],"picked":"potionbrewer:Smokescreen","floor":39.0},{"not_picked":["potionbrewer:TestSubject+1","potionbrewer:Fuel+1"],"picked":"potionbrewer:BlindingSpray+1","floor":42.0},{"not_picked":["potionbrewer:VolatileSolution","potionbrewer:Toxicity"],"picked":"potionbrewer:BalancedFormula+1","floor":43.0},{"not_picked":["potionbrewer:IronHeart","potionbrewer:Experimentation"],"picked":"potionbrewer:AnotherRound","floor":44.0},{"not_picked":["infinitespire:DeathsTouch","infinitespire:TheBestDefense"],"picked":"hubris:Fate","floor":44.0},{"not_picked":["potionbrewer:BlindingSpray+1","potionbrewer:BalancedFormula"],"picked":"potionbrewer:PortableLab","floor":47.0},{"not_picked":["potionbrewer:LabAccident+1","potionbrewer:EquivalentExchange"],"picked":"potionbrewer:IronHeart+1","floor":48.0},{"not_picked":["potionbrewer:Toxicity","potionbrewer:HazardousMaterials+1","potionbrewer:AcidCloud"],"picked":"SKIP","floor":49}],"player_experience":1965130,"relics_obtained":[{"floor":5.0,"key":"Toy Ornithopter"},{"floor":7.0,"key":"Blue Doll"},{"floor":21.0,"key":"wanderingMiniBosses:CarrionFlame"},{"floor":24.0,"key":"infinitespire:Beetle Shell"},{"floor":35.0,"key":"hubris:Metronome"},{"floor":37.0,"key":"aspiration:StickyExplosives_weak"},{"floor":41.0,"key":"Mercury Hourglass"},{"floor":44.0,"key":"aspiration:Lifesprig"},{"floor":44.0,"key":"hubris:AstralHammer"},{"floor":47.0,"key":"hubris:CuriousFeather"},{"floor":47.0,"key":"Counterbalance"}],"event_choices":[{"cards_removed":["potionbrewer:PotionbrewerStrike"],"damage_healed":0.0,"max_hp_gain":0.0,"max_hp_loss":0.0,"gold_gain":0.0,"event_name":"Back to Basics","player_choice":"Elegance","floor":22.0,"gold_loss":0.0,"damage_taken":0.0},{"cards_removed":["Bullet Time"],"damage_healed":0.0,"max_hp_gain":0.0,"max_hp_loss":0.0,"gold_gain":0.0,"event_name":"Purifier","player_choice":"Purged","floor":27.0,"gold_loss":0.0,"damage_taken":0.0},{"damage_healed":0.0,"max_hp_gain":0.0,"max_hp_loss":0.0,"gold_gain":0.0,"event_name":"Upgrade Shrine","player_choice":"Upgraded","floor":46.0,"gold_loss":0.0,"damage_taken":0.0,"cards_upgraded":["potionbrewer:AnotherRound"]}],"is_beta":false,"boss_relics":[{"not_picked":["Replay:Bronze Core","vexMod:RockOfEvil"],"picked":"Black Star"},{"not_picked":["Painkiller Herb","hubris:BlackHole"],"picked":"hubris:Backtick"}],"items_purged_floors":[26],"is_endless":false,"potions_floor_spawned":[2,6,8,10,12,19,30,31,38,39,43,49],"ascension_level":0}}