{"host":"0qevis500jgmlc2v","time":1610463516,"event":{"mods":["ATMod(°¢èªMod)","Act Like it!","Aspiration","BaseMod","Challenge The Spire","Conspire","Downfall","Friendly Minions","GifTheSpireLib","GungeonMod","Hubris","KinomotoSakuraMod(Ä¾Ö®±¾Ó£)","Marisa£¨ìFÓê¡¡Ä§ÀíÉ³£©","Minty Spire (QoL Compilation)","Quick Restart","Relic Stats","Replay The Spire","Shop Mod","StSLib","vexMod","¡¾ÒÅÎï¿¨ÅÆ¡¿REMEMod"],"gold_per_floor":[111,111,0,15,31,66,66,89,114,138,181,181,0,21,21,142,142,167,42,42,55,76,109,152,183,183,233,233,277,127,147,147,270,270,294,294,294,308,332,367,392,438,438,471,502,452,505,559,559,559,559,559,226,269,269],"floor_reached":56,"playtime":11083,"items_purged":["DemoMod:Strike_Huntress","DemoMod:RustySidearm","DemoMod:CrossBow","DemoMod:Deposit"],"score":1820,"play_id":"a032c24c-6f33-4029-bdfb-48c9d8f73bb6","local_time":"20210112225836","is_ascension_mode":true,"campfire_choices":[{"data":"DemoMod:HungryBullets","floor":7.0,"key":"SMITH"},{"floor":15.0,"key":"REST"},{"data":"DemoMod:PotionOfGunFriendShip","floor":28.0,"key":"SMITH"},{"data":"DemoMod:ConditionalReflex","floor":32.0,"key":"SMITH"},{"floor":49.0,"key":"RECALL"},{"data":"DemoMod:TableSutra","floor":52.0,"key":"SMITH"}],"circlet_count":0,"master_deck":["conspire:GhostlyDefend","DemoMod:Roll","DemoMod:ManualReload","Guardian:Gem_Synthetic","AT_KingSlayer+1","DemoMod:TeaPot","DemoMod:CombinedRifle","DemoMod:HungryBullets+1","DemoMod:LifeOrb","DemoMod:Unity","DemoMod:FinishedGun","DemoMod:ChanceBullets","DemoMod:Polaris","DemoMod:EasyReloadBullets","DemoMod:MachoBrace","DemoMod:GunShield","DemoMod:GunslingerForm","Impatience","DemoMod:ConditionalReflex+1","DemoMod:Rummage","DemoMod:FastSwitch","DemoMod:PotionOfGunFriendShip+1","DemoMod:ChanceBullets+1","AT_KingSlayer+1","DemoMod:FullFirepower","Tactician","REME_LeechingPoison","Distraction","DemoMod:Unmoved+1","DemoMod:PracticeMakesPerfect+1","DemoMod:ConditionalReflex+1","DemoMod:Rummage+1","DemoMod:Purify","DemoMod:BattleInHaste+1","DemoMod:ShadowBullets","DemoMod:TableSutra+1","DemoMod:GunstockTap+1","DemoMod:BalloonGun"],"relics":["DemoMod:Dog","REME_ComplimentaryCards","AT_ATBox","Golden Idol","ReplayFunnel","Pen Nib","DemoMod:Metronome","Philosopher\u0027s Stone","Akabeko","hubris:DeckOfHolding","AT_GoldPhoenixTree","hubris:PeanutButter","Vajra","Replay:Rubber Ducky","DollysMirror","conspire:SlowCooker","Orichalcum","Replay:Bottled Flurry","Juzu Bracelet","Quantum Egg","Boot","Strawberry"],"acts_visited":["Exordium","TheCity","TheBeyond","TheEnding"],"potions_floor_usage":[55],"damage_taken":[{"damage":2.0,"enemies":"Jaw Worm","floor":1.0,"turns":6.0},{"damage":8.0,"enemies":"conspire:RoseBush","floor":4.0,"turns":4.0},{"damage":0.0,"enemies":"2 Louse","floor":5.0,"turns":2.0},{"damage":30.0,"enemies":"Gremlin Nob","floor":6.0,"turns":5.0},{"damage":6.0,"enemies":"Looter","floor":8.0,"turns":3.0},{"damage":0.0,"enemies":"Large Slime","floor":10.0,"turns":3.0},{"damage":0.0,"enemies":"Lagavulin","floor":11.0,"turns":4.0},{"damage":0.0,"enemies":"2 Fungi Beasts","floor":14.0,"turns":3.0},{"damage":9.0,"enemies":"Slime Boss","floor":16.0,"turns":10.0},{"damage":0.0,"enemies":"conspire:FuzzyDice","floor":18.0,"turns":4.0},{"damage":9.0,"enemies":"Chosen","floor":21.0,"turns":3.0},{"damage":0.0,"enemies":"Centurion and Healer","floor":22.0,"turns":3.0},{"damage":26.0,"enemies":"Gremlin Leader","floor":23.0,"turns":7.0},{"damage":17.0,"enemies":"conspire:MimicChest","floor":24.0,"turns":4.0},{"damage":0.0,"enemies":"REME_1_Revenger","floor":25.0,"turns":2.0},{"damage":0.0,"enemies":"conspire:Head Lice","floor":27.0,"turns":3.0},{"damage":0.0,"enemies":"conspire:SneckoGhost","floor":29.0,"turns":2.0},{"damage":0.0,"enemies":"Chosen and Byrds","floor":31.0,"turns":3.0},{"damage":0.0,"enemies":"Collector","floor":33.0,"turns":5.0},{"damage":0.0,"enemies":"3 Shapes","floor":35.0,"turns":2.0},{"damage":0.0,"enemies":"Orb Walker","floor":38.0,"turns":2.0},{"damage":0.0,"enemies":"Spire Growth","floor":39.0,"turns":3.0},{"damage":0.0,"enemies":"Giant Head","floor":40.0,"turns":3.0},{"damage":0.0,"enemies":"Transient","floor":41.0,"turns":4.0},{"damage":0.0,"enemies":"Reptomancer","floor":42.0,"turns":5.0},{"damage":0.0,"enemies":"R_Hoarder","floor":44.0,"turns":2.0},{"damage":0.0,"enemies":"Jaw Worm Horde","floor":45.0,"turns":5.0},{"damage":0.0,"enemies":"Giant Head","floor":47.0,"turns":4.0},{"damage":0.0,"enemies":"Maw","floor":48.0,"turns":9.0},{"damage":0.0,"enemies":"hubris:GrandSnecko","floor":50.0,"turns":3.0},{"damage":0.0,"enemies":"Shield and Spear","floor":54.0,"turns":3.0},{"damage":73,"enemies":"The Heart","floor":55,"turns":7}],"seed_played":"-1254023779974700403","potions_obtained":[{"floor":4.0,"key":"Strength Potion"},{"floor":8.0,"key":"LifebloodPotion"},{"floor":16.0,"key":"GamblersBrew"},{"floor":18.0,"key":"Block Potion"},{"floor":22.0,"key":"Weak Potion"},{"floor":24.0,"key":"Strength Potion"},{"floor":27.0,"key":"LiquidMemories"},{"floor":41.0,"key":"SteroidPotion"},{"floor":42.0,"key":"DuplicationPotion"}],"is_trial":false,"path_per_floor":["M","?","$","M","M","E","R","M","T","M","E","?","$","M","R","B",null,"M","$","?","M","M","E","?","E","T","E","R","E","$","M","R","B",null,"M","?","?","M","M","E","M","E","T","E","M","?","E","M","R","B",null,"R","$","E","B",null],"character_chosen":"HUNTRESS","items_purchased":["DemoMod:CombinedRifle","DemoMod:EasyReloadBullets","DemoMod:MachoBrace","DollysMirror","Boot","DemoMod:GunstockTap+1"],"campfire_rested":1,"item_purchase_floors":[3,13,13,30,53,53],"current_hp_per_floor":[68,51,51,43,43,13,13,7,7,7,7,7,7,7,28,19,70,70,70,70,61,61,35,18,18,18,18,18,18,18,18,18,18,70,70,70,70,70,70,70,70,70,70,70,70,70,70,70,70,70,70,70,70,77,4],"gold":269,"neow_bonus":"UPGRADE_CARD","is_daily":false,"chose_seed":false,"campfire_upgraded":4,"win_rate":0.0,"timestamp":1610463516,"path_taken":["M","?","$","M","M","E","R","M","T","M","E","?","$","M","R","BOSS","M","$","?","M","M","E","?","E","T","E","R","E","$","M","R","BOSS","M","?","?","M","M","E","M","E","T","E","M","?","E","M","R","BOSS","R","$","E","BOSS"],"items_purchased_type":["Card","Card","Card","Relic","Relic","Card"],"build_version":"2020-12-22","purchased_purges":4,"victory":true,"max_hp_per_floor":[70,70,70,70,70,70,70,70,70,70,70,70,70,70,70,70,70,70,70,70,70,70,70,70,70,70,70,70,70,70,70,70,70,70,70,70,70,70,70,70,70,70,70,70,70,70,70,70,70,70,70,70,70,77,77],"relic_stats":{"counters":[32,128],"Golden Idol":277,"Pen Nib":[18],"Juzu Bracelet":0,"Orichalcum":[66],"Boot":[16],"obtain_stats":[{"ReplayFunnel":6,"AT_ATBox":0,"DemoMod:Dog":0,"Golden Idol":2,"Quantum Egg":47,"AT_GoldPhoenixTree":25,"Vajra":27,"DemoMod:GlassGuonStoneRelic":4,"Pen Nib":9,"conspire:SlowCooker":34,"Juzu Bracelet":44,"Orichalcum":40,"Boot":53,"Akabeko":23,"Replay:Rubber Ducky":29,"DemoMod:Metronome":11,"DollysMirror":30,"Strawberry":54,"Philosopher\u0027s Stone":17,"hubris:DeckOfHolding":24,"hubris:PeanutButter":26,"Replay:Bottled Flurry":42,"REME_ComplimentaryCards":0},{"ReplayFunnel":4,"AT_ATBox":0,"DemoMod:Dog":0,"Golden Idol":1,"Quantum Egg":28,"AT_GoldPhoenixTree":15,"Vajra":16,"DemoMod:GlassGuonStoneRelic":2,"Pen Nib":5,"conspire:SlowCooker":19,"Juzu Bracelet":26,"Orichalcum":23,"Boot":30,"Akabeko":13,"Replay:Rubber Ducky":17,"DemoMod:Metronome":7,"DollysMirror":17,"Strawberry":31,"Philosopher\u0027s Stone":9,"hubris:DeckOfHolding":14,"hubris:PeanutButter":15,"Replay:Bottled Flurry":25,"REME_ComplimentaryCards":0},{"ReplayFunnel":17,"AT_ATBox":0,"DemoMod:Dog":0,"Golden Idol":6,"Quantum Egg":106,"AT_GoldPhoenixTree":63,"Vajra":66,"DemoMod:GlassGuonStoneRelic":10,"Pen Nib":20,"conspire:SlowCooker":76,"Juzu Bracelet":97,"Orichalcum":86,"Boot":118,"Akabeko":57,"Replay:Rubber Ducky":68,"DemoMod:Metronome":27,"DollysMirror":68,"Strawberry":121,"Philosopher\u0027s Stone":40,"hubris:DeckOfHolding":61,"hubris:PeanutButter":63,"Replay:Bottled Flurry":95,"REME_ComplimentaryCards":0}]},"card_choices":[{"not_picked":["DemoMod:AC15","DemoMod:SkilledReload"],"picked":"DemoMod:TeaPot","floor":1.0},{"not_picked":["DemoMod:HighKaliber","DemoMod:ConditionalReflex"],"picked":"DemoMod:HungryBullets","floor":4.0},{"not_picked":["DemoMod:BoxingGlove","DemoMod:SkilledReload"],"picked":"DemoMod:LifeOrb","floor":5.0},{"not_picked":["DemoMod:HighKaliber","DemoMod:LifeOrb"],"picked":"DemoMod:Unity","floor":6.0},{"not_picked":["DemoMod:PracticeMakesPerfect","DemoMod:Rummage"],"picked":"DemoMod:FinishedGun","floor":8.0},{"not_picked":["DemoMod:FastSwitch","DemoMod:TeaPot"],"picked":"DemoMod:ChanceBullets","floor":10.0},{"not_picked":["DemoMod:AbyssalTentacle","DemoMod:StickyCrossBow"],"picked":"DemoMod:Polaris","floor":11.0},{"not_picked":["DemoMod:PotionOfGunFriendShip","DemoMod:JK47"],"picked":"DemoMod:GunShield","floor":14.0},{"not_picked":["DemoMod:Slinger","DemoMod:ThirdPartyController"],"picked":"DemoMod:GunslingerForm","floor":16.0},{"not_picked":["DemoMod:AbyssalTentacle","DemoMod:MachoBrace","DemoMod:AC15+1"],"picked":"SKIP","floor":18.0},{"not_picked":["DemoMod:SAA","DemoMod:BoxingGlove"],"picked":"DemoMod:ConditionalReflex","floor":21.0},{"not_picked":["DemoMod:HuntsMan","DemoMod:BoxingGlove","DemoMod:GunstockTap"],"picked":"SKIP","floor":22.0},{"not_picked":["DemoMod:HuntsMan","DemoMod:BoxingGlove","DemoMod:GunstockTap"],"picked":"SKIP","floor":22.0},{"not_picked":["DemoMod:HuntsMan","DemoMod:MegaHand"],"picked":"DemoMod:Rummage","floor":23.0},{"not_picked":["DemoMod:MachoBrace","DemoMod:HardPowerCard"],"picked":"DemoMod:FastSwitch","floor":24.0},{"not_picked":["DemoMod:Unmoved","DemoMod:RadGun"],"picked":"DemoMod:DirectionalPad+1","floor":25.0},{"not_picked":["DemoMod:Polaris","DemoMod:TeaPot"],"picked":"DemoMod:PotionOfGunFriendShip","floor":27.0},{"not_picked":["DemoMod:MegaHand","DemoMod:FortunesFavor+1"],"picked":"DemoMod:ChanceBullets+1","floor":29.0},{"not_picked":["DemoMod:FeignSurrender","DemoMod:RadGun+1","DemoMod:AC15"],"picked":"SKIP","floor":31.0},{"not_picked":["DemoMod:Desperate","DemoMod:DarkMarker"],"picked":"DemoMod:FullFirepower","floor":33.0},{"not_picked":["DemoMod:StickyCrossBow+1","DemoMod:HuntsMan+1"],"picked":"DemoMod:DirectionalPad+1","floor":35.0},{"not_picked":["DemoMod:DirectionalPad","DemoMod:JK47+1"],"picked":"DemoMod:Unmoved+1","floor":38.0},{"not_picked":["DemoMod:HuntsMan","DemoMod:EasyReloadBullets+1"],"picked":"DemoMod:PracticeMakesPerfect+1","floor":39.0},{"not_picked":["DemoMod:HungryBullets","DemoMod:AC15"],"picked":"DemoMod:ConditionalReflex+1","floor":40.0},{"not_picked":["DemoMod:HuntsMan","DemoMod:DirectionalPad+1"],"picked":"DemoMod:Rummage+1","floor":41.0},{"not_picked":["DemoMod:BoxingGlove","DemoMod:MachoBrace"],"picked":"DemoMod:Purify","floor":42.0},{"not_picked":["DemoMod:Unmoved+1","DemoMod:MachoBrace+1"],"picked":"DemoMod:BattleInHaste+1","floor":42.0},{"not_picked":["DemoMod:ZorGun+1","DemoMod:ChanceBullets+1"],"picked":"DemoMod:ShadowBullets","floor":44.0},{"not_picked":["DemoMod:SAA+1","DemoMod:HardPowerCard+1","DemoMod:GunstockTap+1"],"picked":"SKIP","floor":45.0},{"not_picked":["DemoMod:Camera","DemoMod:DirectionalPad+1","DemoMod:PotionOfGunFriendShip"],"picked":"SKIP","floor":47.0},{"not_picked":["DemoMod:ConditionalReflex+1","DemoMod:TripleGun+1"],"picked":"DemoMod:TableSutra","floor":48.0},{"not_picked":["DemoMod:Elimentaler","DemoMod:ConditionalReflex+1","DemoMod:MachoBrace"],"picked":"SKIP","floor":48.0},{"not_picked":["DemoMod:MegaHand","DemoMod:HighKaliber"],"picked":"DemoMod:BalloonGun","floor":54.0}],"player_experience":954818,"relics_obtained":[{"floor":6.0,"key":"ReplayFunnel"},{"floor":9.0,"key":"Pen Nib"},{"floor":11.0,"key":"DemoMod:Metronome"},{"floor":23.0,"key":"Akabeko"},{"floor":24.0,"key":"hubris:DeckOfHolding"},{"floor":25.0,"key":"AT_GoldPhoenixTree"},{"floor":26.0,"key":"hubris:PeanutButter"},{"floor":27.0,"key":"Vajra"},{"floor":29.0,"key":"Replay:Rubber Ducky"},{"floor":40.0,"key":"Orichalcum"},{"floor":42.0,"key":"Replay:Bottled Flurry"},{"floor":44.0,"key":"Juzu Bracelet"},{"floor":47.0,"key":"Quantum Egg"},{"floor":54.0,"key":"Strawberry"}],"event_choices":[{"damage_healed":0.0,"max_hp_gain":0.0,"max_hp_loss":0.0,"gold_gain":0.0,"event_name":"Golden Idol","player_choice":"Take Damage","floor":2.0,"gold_loss":0.0,"damage_taken":17.0,"relics_obtained":["Golden Idol"]},{"damage_healed":0.0,"max_hp_gain":0.0,"max_hp_loss":0.0,"gold_gain":0.0,"event_name":"conspire:LoneGhost","player_choice":"Agree","floor":12.0,"gold_loss":0.0,"damage_taken":0.0},{"damage_healed":0.0,"max_hp_gain":0.0,"max_hp_loss":0.0,"gold_gain":0.0,"cards_transformed":["conspire:GhostlyStrike","conspire:GhostlyStrike"],"event_name":"Drug Dealer","player_choice":"Became Test Subject","floor":20.0,"gold_loss":0.0,"damage_taken":0.0,"cards_obtained":["Impatience","DemoMod:Deposit"]},{"damage_healed":0.0,"max_hp_gain":0.0,"max_hp_loss":0.0,"gold_gain":0.0,"event_name":"Tomb of Lord Red Mask","player_choice":"Ignored","floor":36.0,"gold_loss":0.0,"damage_taken":0.0}],"is_beta":false,"boss_relics":[{"not_picked":["aspiration:RunicSpoon","Tiny House"],"picked":"Philosopher\u0027s Stone"},{"not_picked":["hubris:RunicObelisk","Sozu"],"picked":"conspire:SlowCooker"}],"items_purged_floors":[3,13,19,53],"is_endless":false,"potions_floor_spawned":[4,8,16,18,22,24,27,41,42,45,47,48],"ascension_level":2}}