{"host":"5wznv0010959mrmz","time":1610431274,"event":{"mods":["BaseMod","Highlight Path","Minty Spire (QoL Compilation)","Relic Stats"],"gold_per_floor":[113,188,188,159,178,178,205,227,292,331,356,368,414,438,450,539,551,583,645,41,52,79,79,110,51,51,51,67,80,80,105,105,181,181,197,213,92,92,103,103,434,434,434,454,82,99,99,114,114,114,114,114],"floor_reached":51,"playtime":2251,"items_purged":["Strike_G","Strike_G"],"score":1595,"play_id":"d9c30e45-5414-4dc8-ae8e-b77b21a4ce36","local_time":"20210112000114","is_ascension_mode":true,"campfire_choices":[{"data":"Blade Dance","floor":6,"key":"SMITH"},{"data":"Blade Dance","floor":12,"key":"SMITH"},{"data":"Leg Sweep","floor":15,"key":"SMITH"},{"data":"Accuracy","floor":23,"key":"SMITH"},{"data":"Burst","floor":32,"key":"SMITH"},{"data":"Footwork","floor":40,"key":"SMITH"},{"floor":47,"key":"RECALL"},{"data":"A Thousand Cuts","floor":49,"key":"SMITH"}],"circlet_count":0,"master_deck":["AscendersBane","Strike_G","Strike_G","Defend_G","Defend_G","Defend_G","Defend_G","Defend_G","Survivor","Neutralize","Blade Dance+1","Poisoned Stab","Blade Dance+1","Accuracy+1","Leg Sweep+1","Backflip","Burst+1","A Thousand Cuts+1","Cloak And Dagger+1","Well Laid Plans","Bouncing Flask+1","Blade Dance+1","PiercingWail+1","Leg Sweep+1","Phantasmal Killer+1","Acrobatics+1","Footwork+1","Terror+1","Dark Shackles+1","Dodge and Roll+1","Backflip+1"],"relics":["Ring of the Snake","NeowsBlessing","MawBank","Bronze Scales","StrikeDummy","Meat on the Bone","Philosopher\u0027s Stone","Toxic Egg 2","ClockworkSouvenir","Red Mask","Paper Crane","Ancient Tea Set","Thread and Needle","Runic Pyramid","Old Coin","Oddly Smooth Stone"],"acts_visited":["Exordium","TheCity","TheBeyond"],"potions_floor_usage":[10,13,16,21,22,29,39,50,51],"damage_taken":[{"damage":0,"enemies":"2 Louse","floor":1,"turns":1},{"damage":0,"enemies":"Cultist","floor":5,"turns":1},{"damage":0,"enemies":"Gremlin Nob","floor":7,"turns":1},{"damage":0,"enemies":"Small Slimes","floor":8,"turns":2},{"damage":2,"enemies":"3 Sentries","floor":10,"turns":5},{"damage":0,"enemies":"Looter","floor":11,"turns":3},{"damage":5,"enemies":"Gremlin Nob","floor":13,"turns":3},{"damage":4,"enemies":"Exordium Wildlife","floor":14,"turns":4},{"damage":22,"enemies":"Hexaghost","floor":16,"turns":6},{"damage":14,"enemies":"Shell Parasite","floor":18,"turns":4},{"damage":4,"enemies":"2 Thieves","floor":21,"turns":4},{"damage":9,"enemies":"Masked Bandits","floor":22,"turns":4},{"damage":26,"enemies":"Slavers","floor":24,"turns":5},{"damage":5,"enemies":"Snake Plant","floor":28,"turns":4},{"damage":20,"enemies":"Cultist and Chosen","floor":29,"turns":5},{"damage":6,"enemies":"Colosseum Slavers","floor":30,"turns":6},{"damage":0,"enemies":"Gremlin Leader","floor":31,"turns":3},{"damage":18,"enemies":"Automaton","floor":33,"turns":9},{"damage":0,"enemies":"3 Shapes","floor":35,"turns":4},{"damage":4,"enemies":"3 Darklings","floor":36,"turns":4},{"damage":3,"enemies":"Jaw Worm Horde","floor":39,"turns":3},{"damage":0,"enemies":"Nemesis","floor":41,"turns":5},{"damage":2,"enemies":"Sphere and 2 Shapes","floor":44,"turns":4},{"damage":8,"enemies":"Spire Growth","floor":46,"turns":5},{"damage":0,"enemies":"4 Shapes","floor":48,"turns":5},{"damage":7,"enemies":"Time Eater","floor":50,"turns":11},{"damage":37,"enemies":"Donu and Deca","floor":51,"turns":10}],"seed_played":"8849271613026827934","potions_obtained":[{"floor":1,"key":"SkillPotion"},{"floor":7,"key":"Explosive Potion"},{"floor":8,"key":"DistilledChaos"},{"floor":11,"key":"SkillPotion"},{"floor":13,"key":"CunningPotion"},{"floor":18,"key":"Strength Potion"},{"floor":24,"key":"GamblersBrew"},{"floor":28,"key":"LiquidBronze"},{"floor":33,"key":"AttackPotion"},{"floor":46,"key":"GhostInAJar"}],"is_trial":false,"path_per_floor":["M","?","?","$","M","R","E","M","T","E","M","R","E","M","R","B",null,"M","?","$","M","?","R","E","$","T","?","M","M","?","E","R","B",null,"M","M","$","?","M","R","E","?","T","M","$","M","R","M","R","B","B"],"character_chosen":"THE_SILENT","items_purchased":["Blade Dance","Toxic Egg 2","ClockworkSouvenir","Cloak And Dagger+1","Well Laid Plans","Blade Dance+1","Footwork","Terror+1","Oddly Smooth Stone","CultistPotion"],"campfire_rested":0,"item_purchase_floors":[4,20,20,20,20,25,37,37,45,45],"current_hp_per_floor":[59,48,48,48,48,48,48,48,48,46,46,46,41,37,37,27,56,42,42,42,38,41,41,27,27,27,40,35,27,33,45,45,39,59,59,55,55,55,52,52,52,52,52,50,50,42,42,42,42,35,0,0],"gold":114,"neow_bonus":"THREE_ENEMY_KILL","is_daily":false,"chose_seed":false,"campfire_upgraded":7,"win_rate":0.0,"timestamp":1610431274,"path_taken":["M","?","?","$","M","R","E","M","T","E","?","R","E","M","R","BOSS","M","?","$","M","?","R","E","?","T","?","M","M","?","E","R","BOSS","M","M","$","?","M","R","E","?","T","M","$","M","R","M","R","BOSS","BOSS"],"items_purchased_type":["Card","Relic","Relic","Card","Card","Card","Card","Card","Relic","Potion"],"build_version":"2020-12-22","purchased_purges":2,"victory":false,"max_hp_per_floor":[66,66,66,66,66,66,66,66,66,66,66,66,66,66,66,66,66,66,66,66,66,66,66,66,66,66,66,66,66,66,66,66,66,66,66,66,66,66,66,66,66,66,66,66,66,66,66,66,66,66,66,66],"relic_stats":{"counters":[27,121],"Bronze Scales":[341],"MawBank":156,"obtain_stats":[{"NeowsBlessing":0,"Oddly Smooth Stone":45,"Thread and Needle":31,"Paper Crane":24,"MawBank":7,"Ancient Tea Set":26,"ClockworkSouvenir":20,"Old Coin":41,"Bronze Scales":9,"Philosopher\u0027s Stone":17,"Red Mask":22,"Toxic Egg 2":20,"StrikeDummy":10,"Ring of the Snake":0,"Meat on the Bone":13,"Runic Pyramid":34},{"NeowsBlessing":0,"Oddly Smooth Stone":23,"Thread and Needle":17,"Paper Crane":13,"MawBank":3,"Ancient Tea Set":13,"ClockworkSouvenir":10,"Old Coin":22,"Bronze Scales":4,"Philosopher\u0027s Stone":9,"Red Mask":12,"Toxic Egg 2":10,"StrikeDummy":5,"Ring of the Snake":0,"Meat on the Bone":7,"Runic Pyramid":18},{"NeowsBlessing":0,"Oddly Smooth Stone":90,"Thread and Needle":61,"Paper Crane":43,"MawBank":3,"Ancient Tea Set":43,"ClockworkSouvenir":30,"Old Coin":86,"Bronze Scales":5,"Philosopher\u0027s Stone":26,"Red Mask":38,"Toxic Egg 2":30,"StrikeDummy":10,"Ring of the Snake":0,"Meat on the Bone":16,"Runic Pyramid":70}],"Ring of the Snake":[54],"Meat on the Bone":84},"card_choices":[{"not_picked":["Reflex","Dodge and Roll"],"picked":"Blade Dance","floor":1},{"not_picked":["Escape Plan","Footwork"],"picked":"Accuracy","floor":5},{"not_picked":["Distraction","All Out Attack"],"picked":"Leg Sweep","floor":7},{"not_picked":["Bane","Setup","Sucker Punch"],"picked":"SKIP","floor":8},{"not_picked":["Choke","Sucker Punch"],"picked":"Backflip","floor":10},{"not_picked":["Quick Slash","All Out Attack","Dodge and Roll"],"picked":"SKIP","floor":11},{"not_picked":["Backflip","Flying Knee","PiercingWail"],"picked":"SKIP","floor":13},{"not_picked":["Escape Plan","Finisher"],"picked":"Burst","floor":14},{"not_picked":["Unload","Phantasmal Killer"],"picked":"A Thousand Cuts","floor":16},{"not_picked":["Bane","Poisoned Stab","Acrobatics"],"picked":"SKIP","floor":18},{"not_picked":["Noxious Fumes","Riddle With Holes+1","Dagger Throw"],"picked":"SKIP","floor":21},{"not_picked":["All Out Attack","Burst+1"],"picked":"Bouncing Flask+1","floor":24},{"not_picked":["Bane","Endless Agony"],"picked":"PiercingWail+1","floor":28},{"not_picked":["Sucker Punch","Quick Slash","Flying Knee"],"picked":"SKIP","floor":29},{"not_picked":["Eviscerate+1","Accuracy"],"picked":"Leg Sweep+1","floor":31},{"not_picked":["Grand Finale","Storm of Steel+1"],"picked":"Phantasmal Killer+1","floor":33},{"not_picked":["Bane","Eviscerate","Expertise+1"],"picked":"SKIP","floor":35},{"not_picked":["Choke","Outmaneuver+1"],"picked":"Acrobatics+1","floor":36},{"not_picked":["Master of Strategy+1","Mind Blast"],"picked":"Dark Shackles+1","floor":38},{"not_picked":["Noxious Fumes+1","Blade Dance+1"],"picked":"Dodge and Roll+1","floor":39},{"not_picked":["Well Laid Plans","Masterful Stab"],"picked":"Backflip+1","floor":41},{"not_picked":["Noxious Fumes","Poisoned Stab+1","Infinite Blades+1"],"picked":"SKIP","floor":44},{"not_picked":["Dagger Spray","Terror+1","Backflip+1"],"picked":"SKIP","floor":46},{"not_picked":["Dagger Throw","Acrobatics+1","Outmaneuver+1"],"picked":"SKIP","floor":48}],"player_experience":448333,"relics_obtained":[{"floor":7,"key":"MawBank"},{"floor":9,"key":"Bronze Scales"},{"floor":10,"key":"StrikeDummy"},{"floor":13,"key":"Meat on the Bone"},{"floor":22,"key":"Red Mask"},{"floor":24,"key":"Paper Crane"},{"floor":26,"key":"Ancient Tea Set"},{"floor":31,"key":"Thread and Needle"},{"floor":41,"key":"Old Coin"}],"event_choices":[{"damage_healed":0,"gold_gain":75,"player_choice":"Gather Gold","damage_taken":11,"max_hp_gain":0,"max_hp_loss":0,"event_name":"World of Goop","floor":2,"gold_loss":0},{"damage_healed":0,"gold_gain":0,"cards_transformed":["Strike_G"],"player_choice":"Transformed","damage_taken":0,"max_hp_gain":0,"max_hp_loss":0,"event_name":"Transmorgrifier","floor":3,"gold_loss":0,"cards_obtained":["Poisoned Stab"]},{"damage_healed":0,"gold_gain":50,"player_choice":"Stole From Cult","damage_taken":0,"max_hp_gain":0,"max_hp_loss":0,"event_name":"Nest","floor":19,"gold_loss":0},{"damage_healed":0,"gold_gain":0,"player_choice":"Fought Bandits","damage_taken":0,"max_hp_gain":0,"max_hp_loss":0,"event_name":"Masked Bandits","floor":22,"gold_loss":0},{"damage_healed":13,"gold_gain":0,"player_choice":"Heal","damage_taken":0,"max_hp_gain":0,"max_hp_loss":0,"event_name":"The Library","floor":27,"gold_loss":0},{"damage_healed":0,"gold_gain":0,"player_choice":"Fight","damage_taken":0,"max_hp_gain":0,"max_hp_loss":0,"event_name":"Colosseum","floor":30,"gold_loss":0},{"damage_healed":0,"gold_gain":0,"player_choice":"Fled From Nobs","damage_taken":0,"max_hp_gain":0,"max_hp_loss":0,"event_name":"Colosseum","floor":30,"gold_loss":0},{"damage_healed":0,"gold_gain":0,"player_choice":"Memory 1","damage_taken":0,"max_hp_gain":0,"max_hp_loss":0,"event_name":"SensoryStone","floor":38,"gold_loss":0},{"damage_healed":0,"gold_gain":0,"player_choice":"Ignored","damage_taken":0,"max_hp_gain":0,"max_hp_loss":0,"event_name":"SecretPortal","floor":42,"gold_loss":0}],"is_beta":false,"boss_relics":[{"not_picked":["SacredBark","Ectoplasm"],"picked":"Philosopher\u0027s Stone"},{"not_picked":["Empty Cage","Ring of the Serpent"],"picked":"Runic Pyramid"}],"items_purged_floors":[20,45],"is_endless":false,"potions_floor_spawned":[1,7,8,11,13,18,24,28,30,33,35,46,48],"killed_by":"Donu and Deca","ascension_level":20}}