{"host":"b995t17pt6d05w8c","time":1610482516,"event":{"mods":["AchievementEnabler","BaseMod","Colored Map","Minty Spire (QoL Compilation)","SuperFastMode"],"gold_per_floor":[110,185,185,185,209,209,252,252,252,252,252,266,289,289,289,387,387,402,402,417,516,534,534,548,579,579,579,598,112,130,230,230,326,326,346,362,381,138,153,153,187,210,283,306,337,375,49,49,49,49],"floor_reached":51,"language":"KOR","playtime":1497,"items_purged":["Defend_P","Strike_P","Strike_P"],"score":1318,"play_id":"9dfd7f97-ea28-4ed3-a24e-9e89406651e4","local_time":"20210113051516","is_ascension_mode":true,"campfire_choices":[{"data":"Eruption","floor":6.0,"key":"SMITH"},{"data":"EmptyFist","floor":8.0,"key":"SMITH"},{"floor":11.0,"key":"REST"},{"data":"Crescendo","floor":15.0,"key":"SMITH"},{"floor":23.0,"key":"REST"},{"data":"Adaptation","floor":27,"key":"SMITH"},{"floor":32,"key":"REST"},{"floor":40,"key":"REST"},{"data":"Deep Breath","floor":49,"key":"SMITH"}],"circlet_count":0,"master_deck":["AscendersBane","Defend_P+1","Defend_P","Eruption+1","Vigilance","Wallop+1","EmptyFist+1","Crescendo+1","Fasting2+1","WreathOfFlame+1","Vengeance+1","ClearTheMind","Adaptation+1","Halt","FearNoEvil","Adaptation+1","Deep Breath+1","Madness","Madness"],"relics":["Busted Crown","Golden Idol","Bag of Marbles","Bird Faced Urn","Damaru","Nloth\u0027s Gift","Mercury Hourglass","Medical Kit","Toy Ornithopter","Runic Pyramid","DollysMirror","TungstenRod","Eternal Feather","Turnip","Letter Opener"],"acts_visited":["Exordium","TheCity","TheBeyond"],"potions_floor_usage":[25,30,33,39,42],"damage_taken":[{"damage":1.0,"enemies":"2 Louse","floor":1.0,"turns":2.0},{"damage":2.0,"enemies":"Jaw Worm","floor":5.0,"turns":3.0},{"damage":10.0,"enemies":"3 Sentries","floor":7.0,"turns":9.0},{"damage":0.0,"enemies":"Small Slimes","floor":12.0,"turns":1.0},{"damage":0.0,"enemies":"Exordium Wildlife","floor":13.0,"turns":2.0},{"damage":21.0,"enemies":"Slime Boss","floor":16.0,"turns":10.0},{"damage":0.0,"enemies":"2 Thieves","floor":18.0,"turns":4.0},{"damage":0.0,"enemies":"Spheric Guardian","floor":20.0,"turns":3.0},{"damage":30.0,"enemies":"Snake Plant","floor":22.0,"turns":4.0},{"damage":0.0,"enemies":"Cultist and Chosen","floor":24.0,"turns":4.0},{"damage":14,"enemies":"Book of Stabbing","floor":25,"turns":4},{"damage":13,"enemies":"Centurion and Healer","floor":28,"turns":4},{"damage":7,"enemies":"Chosen and Byrds","floor":30,"turns":4},{"damage":11,"enemies":"Champ","floor":33,"turns":9},{"damage":19,"enemies":"3 Darklings","floor":35,"turns":4},{"damage":0,"enemies":"Orb Walker","floor":36,"turns":2},{"damage":11,"enemies":"3 Darklings","floor":37,"turns":5},{"damage":22,"enemies":"Jaw Worm Horde","floor":39,"turns":3},{"damage":14,"enemies":"Reptomancer","floor":41,"turns":6},{"damage":9,"enemies":"Sphere and 2 Shapes","floor":42,"turns":4},{"damage":9,"enemies":"Writhing Mass","floor":44,"turns":6},{"damage":0,"enemies":"Mind Bloom Boss Battle","floor":45,"turns":5},{"damage":9,"enemies":"Giant Head","floor":46,"turns":8},{"damage":18,"enemies":"Donu and Deca","floor":50,"turns":5}],"seed_played":"-6747516008455750600","potions_obtained":[{"floor":1.0,"key":"PowerPotion"},{"floor":20.0,"key":"SteroidPotion"},{"floor":22.0,"key":"LiquidBronze"},{"floor":25,"key":"GamblersBrew"},{"floor":30,"key":"Ambrosia"},{"floor":37,"key":"Explosive Potion"},{"floor":39,"key":"Swift Potion"},{"floor":42,"key":"FairyPotion"}],"is_trial":false,"path_per_floor":["M","?","?","?","M","R","E","R","T","T","R","M","M","?","R","B",null,"M","?","M","?","M","R","M","E","T","R","M","$","M","?","R","B",null,"M","M","M","$","M","R","E","M","T","M","?","E","$","?","R","B",null],"character_chosen":"WATCHER","items_purchased":["Halt","FearNoEvil","Medical Kit","Toy Ornithopter","DollysMirror","FairyPotion","Deep Breath"],"campfire_rested":4,"item_purchase_floors":[29,29,29,29,38,47,47],"current_hp_per_floor":[60,49,49,49,47,47,37,37,37,37,55,55,55,42,42,21,53,53,53,55,55,27,45,45,31,31,31,20,20,20,20,38,36,56,41,43,36,36,23,41,33,33,33,28,34,31,31,24,33,21],"gold":49,"neow_bonus":"BOSS_RELIC","is_daily":false,"chose_seed":false,"campfire_upgraded":5,"win_rate":0.0,"timestamp":1610482516,"path_taken":["M","?","?","?","?","R","E","R","T","?","R","M","M","?","R","BOSS","M","?","?","?","M","R","M","E","T","R","M","$","M","?","R","BOSS","M","?","M","$","M","R","E","M","T","M","?","E","$","?","R","BOSS"],"items_purchased_type":["Card","Card","Relic","Relic","Relic","Potion","Card"],"build_version":"2020-12-22","purchased_purges":3,"victory":true,"max_hp_per_floor":[68,68,63,63,63,63,63,63,63,63,63,63,63,63,63,63,63,63,63,63,63,63,63,63,63,63,63,63,63,63,63,63,63,63,63,63,63,63,63,63,63,63,63,63,63,63,63,63,63,63],"card_choices":[{"not_picked":[],"picked":"Wallop","floor":1.0},{"not_picked":[],"picked":"EmptyFist","floor":5.0},{"not_picked":["PathToVictory"],"picked":"SKIP","floor":7.0},{"not_picked":["SashWhip"],"picked":"SKIP","floor":12.0},{"not_picked":[],"picked":"Crescendo","floor":13.0},{"not_picked":["Evaluate"],"picked":"SKIP","floor":18.0},{"not_picked":["Weave"],"picked":"SKIP","floor":20.0},{"not_picked":["EmptyFist"],"picked":"SKIP","floor":22.0},{"not_picked":[],"picked":"ClearTheMind","floor":24.0},{"not_picked":[],"picked":"Adaptation","floor":25},{"not_picked":["EmptyBody"],"picked":"SKIP","floor":28},{"not_picked":["EmptyBody"],"picked":"SKIP","floor":30},{"not_picked":["BowlingBash"],"picked":"SKIP","floor":35},{"not_picked":["JustLucky"],"picked":"SKIP","floor":36},{"not_picked":["PathToVictory"],"picked":"SKIP","floor":37},{"not_picked":["Sanctity"],"picked":"SKIP","floor":39},{"not_picked":["Ragnarok"],"picked":"SKIP","floor":41},{"not_picked":["Indignation"],"picked":"SKIP","floor":42},{"not_picked":["Crescendo"],"picked":"SKIP","floor":44},{"not_picked":["Judgement"],"picked":"SKIP","floor":46}],"player_experience":109812,"relics_obtained":[{"floor":7.0,"key":"Bag of Marbles"},{"floor":9.0,"key":"Bird Faced Urn"},{"floor":10.0,"key":"Damaru"},{"floor":25,"key":"Mercury Hourglass"},{"floor":41,"key":"TungstenRod"},{"floor":43,"key":"Eternal Feather"},{"floor":45,"key":"Turnip"},{"floor":46,"key":"Letter Opener"}],"event_choices":[{"damage_healed":0.0,"max_hp_gain":0.0,"max_hp_loss":0.0,"gold_gain":75.0,"event_name":"World of Goop","player_choice":"Gather Gold","floor":2.0,"gold_loss":0.0,"damage_taken":11.0},{"damage_healed":0.0,"max_hp_gain":0.0,"max_hp_loss":5.0,"gold_gain":0.0,"event_name":"Golden Idol","player_choice":"Lose Max HP","floor":3.0,"gold_loss":0.0,"damage_taken":0.0,"relics_obtained":["Golden Idol"]},{"damage_healed":0.0,"max_hp_gain":0.0,"max_hp_loss":0.0,"gold_gain":0.0,"event_name":"Liars Game","player_choice":"Ignored","floor":4.0,"gold_loss":0.0,"damage_taken":0.0},{"damage_healed":0.0,"max_hp_gain":0.0,"max_hp_loss":0.0,"gold_gain":0.0,"event_name":"Shining Light","player_choice":"Entered Light","floor":14.0,"gold_loss":0.0,"damage_taken":13.0,"cards_upgraded":["Wallop","Defend_P"]},{"damage_healed":0.0,"max_hp_gain":0.0,"max_hp_loss":0.0,"gold_gain":0.0,"event_name":"N\u0027loth","player_choice":"Traded Relic","floor":19.0,"relics_lost":["Astrolabe"],"gold_loss":0.0,"damage_taken":0.0,"relics_obtained":["Nloth\u0027s Gift"]},{"damage_healed":0.0,"max_hp_gain":0.0,"max_hp_loss":0.0,"gold_gain":99.0,"event_name":"Nest","player_choice":"Stole From Cult","floor":21.0,"gold_loss":0.0,"damage_taken":0.0},{"damage_healed":0,"gold_gain":100,"player_choice":"Pray","damage_taken":0,"max_hp_gain":0,"max_hp_loss":0,"event_name":"Golden Shrine","floor":31,"gold_loss":0},{"damage_healed":0,"gold_gain":0,"player_choice":"Fight","damage_taken":0,"max_hp_gain":0,"max_hp_loss":0,"event_name":"MindBloom","floor":45,"gold_loss":0},{"damage_healed":0,"gold_gain":0,"player_choice":"Embrace Madness","damage_taken":8,"max_hp_gain":0,"max_hp_loss":0,"event_name":"Winding Halls","floor":48,"gold_loss":0,"cards_obtained":["Madness","Madness"]}],"is_beta":false,"boss_relics":[{"not_picked":["Tiny House","SacredBark"],"picked":"Astrolabe"},{"not_picked":["VioletLotus","Philosopher\u0027s Stone"],"picked":"Runic Pyramid"}],"items_purged_floors":[29,38,47],"is_endless":false,"potions_floor_spawned":[1,20,22,25,30,37,39,42],"ascension_level":14}}