{"host":"eu5wvbbtjeiar27l","time":1610409692,"event":{"mods":["BaseMod","Colored Powertips","Conspire","Hubris","Infinite Spire","Minty Spire (QoL Compilation)","Rare Cards Sparkle","StSLib","vexMod"],"gold_per_floor":[110,129,229,245,75,101,114,114,138,138,138],"floor_reached":10,"playtime":562,"items_purged":["Strike_R"],"score":68,"play_id":"07e0c4de-8a95-44fb-9136-8bd1cdb84408","local_time":"20210112000132","is_ascension_mode":false,"campfire_choices":[{"data":"Inflame","floor":8,"key":"SMITH"}],"circlet_count":0,"master_deck":["Strike_R","Strike_R","Strike_R","Defend_R","Defend_R","Defend_R","Defend_R","Bash","Second Wind","Armaments","Pommel Strike","Sever Soul","Inflame+1","Pommel Strike","Flex","Cleave"],"relics":["Burning Blood","Boot","MealTicket"],"acts_visited":["Exordium"],"potions_floor_usage":[6,10],"damage_taken":[{"damage":0,"enemies":"Cultist","floor":1,"turns":3},{"damage":0,"enemies":"2 Louse","floor":2,"turns":3},{"damage":0,"enemies":"Small Slimes","floor":4,"turns":3},{"damage":47,"enemies":"Gremlin Nob","floor":6,"turns":6},{"damage":26,"enemies":"Exordium Thugs","floor":7,"turns":4},{"damage":26,"enemies":"Lagavulin","floor":10,"turns":3}],"seed_played":"-7804720414523372451","potions_obtained":[{"floor":4,"key":"SkillPotion"},{"floor":7,"key":"AttackPotion"}],"is_trial":false,"path_per_floor":["M","M","?","M","$","E","M","R","T","E"],"character_chosen":"IRONCLAD","items_purchased":["Inflame","Pommel Strike"],"campfire_rested":0,"item_purchase_floors":[5,5],"current_hp_per_floor":[80,80,80,80,80,39,19,19,19,0,0],"gold":138,"neow_bonus":"TRANSFORM_CARD","is_daily":false,"chose_seed":false,"campfire_upgraded":1,"win_rate":0.0,"timestamp":1610409692,"path_taken":["M","?","?","M","?","E","?","R","T","E"],"items_purchased_type":["Card","Card"],"build_version":"2020-12-22","purchased_purges":1,"victory":false,"max_hp_per_floor":[80,80,80,80,80,80,80,80,80,80,80],"card_choices":[{"not_picked":["Reckless Charge","Heavy Blade"],"picked":"Armaments","floor":1},{"not_picked":["Heavy Blade","Dropkick"],"picked":"Pommel Strike","floor":2},{"not_picked":["Shrug It Off","Carnage"],"picked":"Sever Soul","floor":4},{"not_picked":["Warcry","Uppercut"],"picked":"Flex","floor":6},{"not_picked":["Wild Strike","hubris:ReadiedAction"],"picked":"Cleave","floor":7}],"player_experience":86791,"relics_obtained":[{"floor":6,"key":"Boot"},{"floor":9,"key":"MealTicket"}],"event_choices":[{"damage_healed":0,"gold_gain":100,"player_choice":"Pray","damage_taken":0,"max_hp_gain":0,"max_hp_loss":0,"event_name":"Golden Shrine","floor":3,"gold_loss":0}],"is_beta":false,"boss_relics":[],"items_purged_floors":[5],"is_endless":false,"potions_floor_spawned":[4,7],"killed_by":"Lagavulin","ascension_level":0}}