{"host":"gx7yyrn1gkym3qpb","time":1610417951,"event":{"mods":["AchievementEnabler","BaseMod","Better Altar","Better Match","Better Note","Better Sensory Stone","Better Skull","Better Third Choice","Highlight Path","Minty Spire (QoL Compilation)","Permanent Neow","Quick Restart","StSLib","Unceasing Turn Reminder"],"gold_per_floor":[364,380,393,411,411,438,438,470,470,501,523,503,134,154,154,228,228,247,263,277,277,98,98,108,108,108,138,157,189,189,189],"floor_reached":30,"playtime":1285,"items_purged":["Strike_R","Strike_R"],"score":551,"play_id":"5307042b-f40a-43bc-8540-efb4c0156694","local_time":"20210111211911","is_ascension_mode":true,"campfire_choices":[{"data":"Hemokinesis","floor":7,"key":"SMITH"},{"data":"Limit Break","floor":15,"key":"SMITH"},{"data":"Inflame","floor":23,"key":"SMITH"},{"data":"True Grit","floor":25,"key":"SMITH"}],"circlet_count":0,"master_deck":["AscendersBane","Strike_R","Strike_R","Defend_R","Defend_R","Defend_R","Defend_R","Bash","Sword Boomerang","Pommel Strike","Hemokinesis+1","Shockwave","Rage","Offering","Inflame+1","Battle Trance","Limit Break+1","Reaper","Battle Trance","True Grit+1","Thunderclap+1","Inflame","Headbutt+1"],"relics":["Burning Blood","Anchor","Lizard Tail","Eternal Feather","White Beast Statue","Boot","Odd Mushroom","Busted Crown","Kunai","Thread and Needle","Ancient Tea Set"],"acts_visited":["Exordium","TheCity"],"potions_floor_usage":[6,6,8,14,16,20,28,29],"damage_taken":[{"damage":7,"enemies":"Cultist","floor":1,"turns":4},{"damage":10,"enemies":"2 Louse","floor":2,"turns":2},{"damage":0,"enemies":"Small Slimes","floor":3,"turns":3},{"damage":24,"enemies":"Exordium Thugs","floor":4,"turns":4},{"damage":36,"enemies":"Gremlin Nob","floor":6,"turns":4},{"damage":29,"enemies":"3 Sentries","floor":8,"turns":7},{"damage":34,"enemies":"Gremlin Nob","floor":10,"turns":4},{"damage":10,"enemies":"The Mushroom Lair","floor":11,"turns":4},{"damage":0,"enemies":"2 Fungi Beasts","floor":14,"turns":2},{"damage":22,"enemies":"Slime Boss","floor":16,"turns":5},{"damage":25,"enemies":"Spheric Guardian","floor":18,"turns":4},{"damage":21,"enemies":"Shell Parasite","floor":19,"turns":4},{"damage":24,"enemies":"Cultist and Chosen","floor":20,"turns":8},{"damage":15,"enemies":"Centurion and Healer","floor":24,"turns":4},{"damage":84,"enemies":"Book of Stabbing","floor":27,"turns":6},{"damage":6,"enemies":"Snake Plant","floor":28,"turns":4},{"damage":38,"enemies":"Gremlin Leader","floor":29,"turns":5},{"damage":17,"enemies":"3 Cultists","floor":30,"turns":3}],"seed_played":"-3837982260429031150","potions_obtained":[{"floor":2,"key":"BloodPotion"},{"floor":4,"key":"Fruit Juice"},{"floor":6,"key":"Strength Potion"},{"floor":10,"key":"DuplicationPotion"},{"floor":11,"key":"SteroidPotion"},{"floor":12,"key":"DuplicationPotion"},{"floor":14,"key":"DistilledChaos"},{"floor":16,"key":"PowerPotion"},{"floor":20,"key":"FairyPotion"},{"floor":27,"key":"Block Potion"},{"floor":28,"key":"SpeedPotion"},{"floor":29,"key":"SpeedPotion"}],"is_trial":false,"path_per_floor":["M","M","M","M","?","E","R","E","T","E","?","?","$","M","R","B",null,"M","M","M","?","$","R","M","R","T","E","M","E","M"],"character_chosen":"IRONCLAD","items_purchased":["Inflame","Battle Trance","Limit Break","Inflame"],"campfire_rested":0,"item_purchase_floors":[13,13,13,22],"current_hp_per_floor":[49,45,51,33,28,19,19,40,40,12,8,8,8,14,23,7,62,43,37,21,21,21,33,44,56,56,16,16,11,0,0],"gold":189,"neow_bonus":"TWO_FIFTY_GOLD","is_daily":false,"chose_seed":false,"campfire_upgraded":4,"win_rate":0.0,"timestamp":1610417951,"path_taken":["M","M","M","M","?","E","R","E","T","E","?","?","$","M","R","BOSS","M","M","?","?","$","R","M","R","T","E","M","E","M"],"items_purchased_type":["Card","Card","Card","Card"],"build_version":"2020-12-22","purchased_purges":2,"victory":false,"max_hp_per_floor":[75,75,75,75,75,80,80,80,80,80,80,80,80,80,80,80,80,80,80,80,80,80,80,80,80,80,80,80,80,80,80],"card_choices":[{"not_picked":["Armaments","Anger"],"picked":"Sword Boomerang","floor":1},{"not_picked":["Heavy Blade","Twin Strike"],"picked":"Pommel Strike","floor":2},{"not_picked":["Warcry","Disarm"],"picked":"Hemokinesis","floor":3},{"not_picked":["Pommel Strike","Cleave"],"picked":"Shockwave","floor":4},{"not_picked":["Cleave","Perfected Strike","Flex"],"picked":"SKIP","floor":6},{"not_picked":["Sword Boomerang","Ghostly Armor"],"picked":"Rage","floor":8},{"not_picked":["Iron Wave","Pommel Strike","Havoc"],"picked":"SKIP","floor":10},{"not_picked":["Cleave","Thunderclap"],"picked":"Offering","floor":11},{"not_picked":["Pommel Strike","Iron Wave","Twin Strike"],"picked":"SKIP","floor":14},{"not_picked":["Limit Break","Brutality"],"picked":"Reaper","floor":16},{"not_picked":[],"picked":"Battle Trance","floor":18},{"not_picked":[],"picked":"True Grit","floor":19},{"not_picked":[],"picked":"Thunderclap+1","floor":20},{"not_picked":["Body Slam"],"picked":"SKIP","floor":24},{"not_picked":[],"picked":"Headbutt+1","floor":27},{"not_picked":["Perfected Strike"],"picked":"SKIP","floor":28},{"not_picked":["Carnage"],"picked":"SKIP","floor":29}],"player_experience":404054,"relics_obtained":[{"floor":6,"key":"Lizard Tail"},{"floor":8,"key":"Eternal Feather"},{"floor":9,"key":"White Beast Statue"},{"floor":10,"key":"Boot"},{"floor":11,"key":"Odd Mushroom"},{"floor":26,"key":"Kunai"},{"floor":27,"key":"Thread and Needle"},{"floor":29,"key":"Ancient Tea Set"}],"event_choices":[{"damage_healed":0,"gold_gain":0,"player_choice":"Relic ","damage_taken":5,"max_hp_gain":0,"max_hp_loss":0,"event_name":"betterThird:BetterScrap","floor":5,"gold_loss":0,"cards_obtained":["ConjureBlade"]},{"damage_healed":0,"gold_gain":0,"player_choice":"Fought Mushrooms","damage_taken":0,"max_hp_gain":0,"max_hp_loss":0,"event_name":"Mushrooms","floor":11,"gold_loss":0},{"damage_healed":0,"gold_gain":0,"player_choice":"Bought 1 Potion","damage_taken":0,"max_hp_gain":0,"max_hp_loss":0,"event_name":"The Woman in Blue","floor":12,"gold_loss":0},{"cards_removed":["Strike_R"],"damage_healed":0,"gold_gain":0,"player_choice":"Purged","damage_taken":0,"max_hp_gain":0,"max_hp_loss":0,"event_name":"Purifier","floor":21,"gold_loss":0}],"is_beta":false,"boss_relics":[{"not_picked":["Philosopher\u0027s Stone","Ectoplasm"],"picked":"Busted Crown"}],"items_purged_floors":[13,22],"is_endless":false,"potions_floor_spawned":[2,4,6,10,11,14,16,18,19,20,24,27,28,29],"killed_by":"3 Cultists","ascension_level":18}}