{"host":"5rhdqk7nbnm087ui","time":1610455962,"event":{"mods":["AchievementEnabler","Act Like it!","BaseMod","Downfall","HololiveMod","Minty Spire (QoL Compilation)","Replay The Spire","Spicy Shops","StSLib","[IsaacMod]ÒÔÈö¼âËþ","¡¾ÒÅÎï¿¨ÅÆ¡¿REMEMod"],"gold_per_floor":[78,78,95,95,186,212,17,17,17,37,37,37,65,65,65,163,163,183,200,200,200,90,90,121,162,231,246,283,43,43,54,54,208,208,225,241,241,10034,10034,10066,10066,10096,10096,10110,10129,10053,10121,10158,10158,10166],"floor_reached":51,"playtime":2155,"items_purged":["Hololive_Defend"],"score":1746,"play_id":"63a9f02e-8b15-4441-b87e-6f06db449e55","local_time":"20210112205242","is_ascension_mode":true,"campfire_choices":[{"data":"Hololive_CallTokinoSora","floor":8,"key":"SMITH"},{"data":"Hololive_CallManoAloe","floor":12,"key":"SMITH"},{"data":"Hololive_CallMoonaHoshinova","floor":15,"key":"SMITH"},{"data":"Hololive_CallYozoraMel","floor":23,"key":"SMITH"},{"data":"Hololive_CallAkiRosenthal","floor":32,"key":"SMITH"},{"data":"Hololive_CallHimemoriLuna","floor":41,"key":"SMITH"},{"data":"Hololive_CallSakuraMiko","floor":49,"key":"SMITH"}],"circlet_count":0,"master_deck":["Hololive_Sequa","Hololive_CallMoonaHoshinova+1","Hololive_CallTokinoSora+1","Hololive_CallRosalyn","Hololive_CallShirakamiFubuki","Hololive_CallShiroganeNoel","sneckomod:UnknownClassHololive_BLUE+1","Hololive_CallAmaneKanata","Hololive_DurableLive+1","Hololive_CallDoris","Hololive_CallKiryuuCoco","Hololive_CallManoAloe+1","Hololive_CallMomosuzuNene+8","Hololive_AWSL","Hololive_CallAiraniIofifteen","Hololive_CallYuzukiChoco","Hololive_CallTokoyamiTowa","Hololive_CallSakuraMiko+1","Hololive_OvertimeWork","Hololive_CallHimemoriLuna+1","Hololive_WolfAndLamb","Hololive_CallYozoraMel+1","Hololive_LuckPotion+1","Hololive_CallAZKi+1","Hololive_Rebound+1","Hololive_CallFriendA","Hololive_CallAkiRosenthal+1","Hololive_CallUruhaRushia+1","Hololive_DiamondStrike","Hololive_CallShishiroBotan","Hololive_ILoveYou+1","Hololive_FlyingPonyTail","Hololive_Yoholoon","Hololive_Spy+1","Hololive_CallArtia+1","Hololive_CallOkamiMio","REME_HeartOfCthun","Hololive_RevenueBasedLive","Hololive_OvertimeWork","Hololive_Nanodesu"],"relics":["Hololive_TheStar","REME_ComplimentaryCards","HushsDoor","DeathBook","PreservedInsect","Incense Burner","SteamSale","White Beast Statue","Regal Pillow","MagicMushroom","GuppysTail","Potion Belt","Snack Pack","Meat on the Bone","Strawberry","REME_LimitBreaker","Replay:Baseball","SacredBark","GuppysPaw","BargainBundle","REME_CardOfGreed","MealTicket","Replay:PocketPolymizer","UnicornStump","SharpPlug","Pet Ghost","AnarchistCookbook","Eternal Feather","Membership Card","ReplayTheSpireMod:Lightbulb","Nunchaku","InkBottle","BookOfRevelations","PrismaticShard","Pantograph"],"acts_visited":["Exordium","TheCity","TheBeyond"],"potions_floor_usage":[33],"damage_taken":[{"damage":0,"enemies":"2 Louse","floor":1,"turns":2},{"damage":0,"enemies":"Cultist","floor":3,"turns":1},{"damage":0,"enemies":"3 Sentries","floor":6,"turns":3},{"damage":0,"enemies":"Small Slimes","floor":10,"turns":1},{"damage":0,"enemies":"Lagavulin","floor":13,"turns":2},{"damage":0,"enemies":"Slime Boss","floor":16,"turns":3},{"damage":0,"enemies":"2 Thieves","floor":18,"turns":2},{"damage":0,"enemies":"Spheric Guardian","floor":19,"turns":1},{"damage":0,"enemies":"Gremlin Leader","floor":24,"turns":3},{"damage":0,"enemies":"Centurion and Healer","floor":25,"turns":4},{"damage":0,"enemies":"Sentry and Sphere","floor":27,"turns":2},{"damage":0,"enemies":"Book of Stabbing","floor":28,"turns":1},{"damage":0,"enemies":"Snake Plant","floor":31,"turns":2},{"damage":0,"enemies":"Champ","floor":33,"turns":6},{"damage":0,"enemies":"Orb Walker","floor":35,"turns":1},{"damage":0,"enemies":"3 Shapes","floor":36,"turns":2},{"damage":0,"enemies":"Reptomancer","floor":40,"turns":2},{"damage":0,"enemies":"R_Hoarder","floor":42,"turns":1},{"damage":0,"enemies":"Transient","floor":44,"turns":5},{"damage":0,"enemies":"Sphere and 2 Shapes","floor":45,"turns":2},{"damage":0,"enemies":"Spire Growth","floor":48,"turns":2},{"damage":0,"enemies":"Donu and Deca","floor":50,"turns":2}],"seed_played":"3796560029147806629","potions_obtained":[{"floor":1,"key":"LifebloodPotion"},{"floor":10,"key":"Fire Potion"},{"floor":13,"key":"Strength Potion"},{"floor":16,"key":"Doom Potion"},{"floor":24,"key":"Weak Potion"},{"floor":25,"key":"Flashbang"},{"floor":33,"key":"Fruit Juice"},{"floor":35,"key":"BlessingOfTheForge"},{"floor":44,"key":"champ:CounterPotion"},{"floor":45,"key":"DistilledChaos"}],"is_trial":false,"path_per_floor":["M","?","M","?","?","E","$","R","T","M","?","R","E","?","R","B",null,"M","M","?","?","$","R","E","M","T","M","E","$","?","M","R","B",null,"M","M","?","$","?","E","R","E","T","M","M","$","T","M","R","B",null],"character_chosen":"Hololive_HololiveCharacter","items_purchased":["SteamSale","Hololive_CallKiryuuCoco","Hololive_CallAiraniIofifteen","GuppysTail","Hololive_CallYozoraMel","Potion Belt","Hololive_CallAkiRosenthal","REME_LimitBreaker","Replay:Baseball","GuppysPaw","BargainBundle","REME_CardOfGreed","MealTicket","Replay:PocketPolymizer","UnicornStump","SharpPlug","Hololive_FlyingPonyTail","Hololive_Yoholoon","Membership Card","ReplayTheSpireMod:Lightbulb","Nunchaku","InkBottle","REME_HeartOfCthun","BookOfRevelations","PrismaticShard","Hololive_RevenueBasedLive","Hololive_OvertimeWork"],"campfire_rested":0,"item_purchase_floors":[7,7,17,17,22,22,29,29,29,34,38,38,38,38,38,38,38,38,46,46,46,46,46,46,46,46,46],"current_hp_per_floor":[32,35,35,40,25,25,25,25,25,25,25,25,25,25,25,25,34,35,36,36,36,36,36,37,38,38,39,47,47,47,48,48,54,44,45,46,46,46,46,47,47,48,48,49,50,50,50,51,51,52],"gold":10166,"neow_bonus":"RANDOM_COMMON_RELIC","is_daily":false,"chose_seed":false,"campfire_upgraded":7,"win_rate":0.0,"timestamp":1610455962,"path_taken":["M","?","M","?","?","E","$","R","T","M","?","R","E","?","R","BOSS","M","?","?","?","?","R","E","M","T","M","E","$","?","?","R","BOSS","M","M","?","$","?","E","R","E","T","M","M","$","?","M","R","BOSS"],"items_purchased_type":["Relic","Card","Card","Relic","Card","Relic","Card","Relic","Relic","Relic","Relic","Relic","Relic","Relic","Relic","Relic","Card","Card","Relic","Relic","Relic","Relic","Card","Relic","Relic","Card","Card"],"build_version":"2020-12-22","purchased_purges":1,"victory":true,"max_hp_per_floor":[35,35,35,40,40,40,40,40,40,40,40,40,40,40,40,40,34,35,36,36,36,36,36,37,38,38,39,47,47,47,48,48,54,44,45,46,46,46,46,47,47,48,48,49,50,50,50,51,51,52],"card_choices":[{"not_picked":["Hololive_CallOzoraSubaru","Hololive_CallArtia","Hololive_Trident"],"picked":"Hololive_CallAmaneKanata","floor":1},{"not_picked":["Hololive_Breathe","Hololive_SoulCatcher","Hololive_CallRosalyn"],"picked":"Hololive_DurableLive","floor":3},{"not_picked":["Hololive_FlyingPonyTail","Bomb","Hololive_CallUruhaRushia"],"picked":"Hololive_CallDoris","floor":6},{"not_picked":["Hololive_Psychosis","Hololive_HighAtkLowDef","Hololive_StrengthChampion"],"picked":"Hololive_CallManoAloe","floor":10},{"not_picked":["Hololive_RevenueBasedLive","Hololive_BringToTrial","Bomb"],"picked":"Hololive_CallMomosuzuNene","floor":13},{"not_picked":["Hololive_WolfAndLamb","Hololive_DDD","Hololive_ScarfAndHalo"],"picked":"Hololive_AWSL","floor":16},{"not_picked":["Hololive_LuckPotion+1","Hololive_Trident","Hololive_Breathe+1"],"picked":"Hololive_CallYuzukiChoco","floor":18},{"not_picked":["Hololive_LuckPotion","Hololive_CallRosalyn+1","Hololive_StrengthChampion"],"picked":"Hololive_CallTokoyamiTowa","floor":19},{"not_picked":["Hololive_HuntDinosaur+1","Hololive_CocoNews","Hololive_Sequa"],"picked":"Hololive_LuckPotion+1","floor":24},{"not_picked":["Hololive_StrengthChampion+1","Hololive_Trident","Hololive_OpenUp"],"picked":"Hololive_CallAZKi+1","floor":25},{"not_picked":["Hololive_StrengthChampion","Hololive_Trident","Hololive_Psychosis"],"picked":"Hololive_Rebound+1","floor":27},{"not_picked":["Hololive_StrengthChampion","Hololive_FlyingPonyTail","Hololive_MaximGun"],"picked":"Hololive_CallFriendA","floor":28},{"not_picked":["Hololive_HuntDinosaur","Hololive_CocoNews","Hololive_FlyingPonyTail"],"picked":"Hololive_CallUruhaRushia+1","floor":31},{"not_picked":["Hololive_FlareMind","Hololive_StarCraft","Hololive_BeCareful"],"picked":"Hololive_DiamondStrike","floor":33},{"not_picked":["Hololive_Drill","Hololive_LuckPotion","Hololive_RevenueBasedLive"],"picked":"Hololive_CallShishiroBotan","floor":35},{"not_picked":["Hololive_CallYozoraMel+1","Hololive_Psychosis+1","Hololive_CocoNews+1"],"picked":"Hololive_ILoveYou+1","floor":36},{"not_picked":["Hololive_RevenueBasedLive","Hololive_Sequa+1","Hololive_HighAtkLowDef"],"picked":"Hololive_LuckPotion+1","floor":40},{"not_picked":["Hololive_OvertimeWork+1","Hololive_OpenUp","Hololive_CallAmaneKanata"],"picked":"Hololive_Spy+1","floor":42},{"not_picked":["Hololive_OvertimeWork","Hololive_LuckPotion+1","Hololive_Rebound+1"],"picked":"Hololive_CallArtia+1","floor":44},{"not_picked":["Hololive_HuntDinosaur","Hololive_Rebound+1","Hololive_Psychosis"],"picked":"Hololive_CallOkamiMio","floor":45},{"not_picked":["FlurryOfBlows+1","Barrage+1","Prostrate+1","Berserk"],"picked":"SKIP","floor":48}],"player_experience":130641,"relics_obtained":[{"floor":6,"key":"Incense Burner"},{"floor":9,"key":"White Beast Statue"},{"floor":13,"key":"Regal Pillow"},{"floor":24,"key":"Snack Pack"},{"floor":26,"key":"Meat on the Bone"},{"floor":28,"key":"Strawberry"},{"floor":40,"key":"Pet Ghost"},{"floor":42,"key":"AnarchistCookbook"},{"floor":43,"key":"Eternal Feather"},{"floor":47,"key":"Pantograph"}],"event_choices":[{"cards_removed":["Hololive_Strike"],"damage_healed":5,"gold_gain":0,"player_choice":"Offered Special","damage_taken":0,"max_hp_gain":0,"max_hp_loss":0,"event_name":"Bonfire Elementals","floor":2,"gold_loss":0},{"damage_healed":0,"gold_gain":0,"player_choice":"Donut","damage_taken":0,"max_hp_gain":5,"max_hp_loss":0,"event_name":"Big Fish","floor":4,"gold_loss":0},{"damage_healed":0,"gold_gain":0,"player_choice":"Upgraded","damage_taken":0,"max_hp_gain":0,"max_hp_loss":0,"event_name":"Upgrade Shrine","floor":11,"gold_loss":0,"cards_upgraded":["sneckomod:UnknownClassHololive_BLUE"]},{"damage_healed":0,"gold_gain":0,"player_choice":"2 cards matched","damage_taken":0,"max_hp_gain":0,"max_hp_loss":0,"event_name":"Match and Keep!","floor":20,"gold_loss":0,"cards_obtained":["Hololive_CallSakuraMiko","Hololive_OvertimeWork"]},{"damage_healed":0,"gold_gain":0,"cards_transformed":["Hololive_Defend","Hololive_Strike"],"player_choice":"Became Test Subject","damage_taken":0,"max_hp_gain":0,"max_hp_loss":0,"event_name":"Drug Dealer","floor":21,"gold_loss":0,"cards_obtained":["Hololive_CallHimemoriLuna","Hololive_WolfAndLamb"]},{"damage_healed":0,"gold_gain":0,"player_choice":"Ignored","damage_taken":0,"max_hp_gain":0,"max_hp_loss":0,"event_name":"Ghosts","floor":30,"gold_loss":0},{"damage_healed":0,"gold_gain":0,"player_choice":"Memory 1","damage_taken":0,"max_hp_gain":0,"max_hp_loss":0,"event_name":"SensoryStone","floor":37,"gold_loss":0}],"is_beta":false,"boss_relics":[{"not_picked":["Ectoplasm","Ring of Chaos"],"picked":"MagicMushroom"},{"not_picked":[]},{"not_picked":["Black Star","Busted Crown"],"picked":"SacredBark"},{"not_picked":[]}],"items_purged_floors":[38],"is_endless":false,"potions_floor_spawned":[1,10,13,16,18,19,24,25,27,28,31,33,35,36,40,42,44,45,48],"ascension_level":9}}