{"host":"dhr6iszse2qz12e2","time":1610459046,"event":{"mods":["100% Spire Juice","2.2 Compatiblity","A Magickal Journey","Act Like it!","BaseMod","Bestiary","Better Note","BetterRewards","Colored Map","Downfall","Gensokyo","Hermit","Hubris","Infinite Spire","Marisa????????","Minty Spire (QoL Compilation)","Permanent Neow","Quick Restart","Reimu??????","Replay The Spire","Shop Mod","StSLib","Td1madao Mod","The Administrix","The Animator","The Bug Knight","The Cursed","The Gatherer","The Hierophant","The IronCluck","The Jungle","The Servant 0.9.4","everything is the same but u backflip on backflip","slay the spire mod where everything is the same but ironclad has a cowboy hat","??????REMEMod"],"gold_per_floor":[112,112,124,49,65,65,80,180,180,2,16,32,55,21,21,119,119,138,154,58,58,8,38,53,66,66,66,85,104,135,151,151,251,251,261,261,261,261],"floor_reached":36,"playtime":2815,"items_purged":["Gatherer:Defend_Gatherer","Gatherer:Strike_Gatherer"],"score":423,"play_id":"d7b0d4a9-c9c5-4d33-86a4-8d1b4752bd88","local_time":"20210112154406","is_ascension_mode":false,"metric_token":2257,"campfire_choices":[{"floor":15,"key":"REST"},{"data":"Gatherer:Liquidism","floor":27,"key":"SMITH"}],"circlet_count":0,"master_deck":["Gatherer:Strike_Gatherer","Gatherer:Strike_Gatherer","Gatherer:Defend_Gatherer","Gatherer:Defend_Gatherer","Gatherer:Defend_Gatherer","Gatherer:Centralize","Gatherer:FlowerWhip","Gatherer:Duplicator","Gatherer:Snatch","Gatherer:TacticalStrike","Gatherer:MindSearch+1","Gatherer:HeartToFruit+1","Gatherer:QuickSynthesis","Gatherer:BlackTea","Gatherer:FlamingBottle","Gatherer:Liquidism+1","Gatherer:UpgradeBag+1","Gatherer:QuickSynthesis+1","Gatherer:DrugPower","Gatherer:EnergyBasket","Gatherer:Misfortune","Gatherer:FinishingStrike","Gatherer:CarefulStrike+1","Gatherer:Overflowing","Pain","Gatherer:GrowBook","Bandage Up","infinitespire:Starlight"],"relics":["Gatherer:AlchemyBag","REME_ComplimentaryCards","Membership Card","hubris:EvacipatedBox","HollowMod:StagPassRelic","White Beast Statue","Coffee Dripper","ReplayTheSpireMod:TigerMarble","Happy Flower","Peace Pipe","Nunchaku","ReplayTheSpireMod:SealedPack"],"acts_visited":["Exordium","TheCity","TheBeyond"],"potions_floor_usage":[7,11,11,12,16,21,25,28,28,28,30,33,33,36,36],"damage_taken":[{"damage":3,"enemies":"2 Louse","floor":1,"turns":3},{"damage":0,"enemies":"Cultist","floor":3,"turns":4},{"damage":0,"enemies":"Small Slimes","floor":5,"turns":3},{"damage":4,"enemies":"Gremlin Gang","floor":7,"turns":3},{"damage":5,"enemies":"Exordium Wildlife","floor":11,"turns":4},{"damage":10,"enemies":"Exordium Thugs","floor":12,"turns":2},{"damage":22,"enemies":"Fading Forest","floor":16,"turns":11},{"damage":8,"enemies":"3 Byrds","floor":18,"turns":3},{"damage":8,"enemies":"Chosen","floor":19,"turns":3},{"damage":65,"enemies":"Nightmare","floor":23,"turns":7},{"damage":0,"enemies":"3 Cultists","floor":24,"turns":3},{"damage":3,"enemies":"Snecko","floor":25,"turns":3},{"damage":12,"enemies":"Snake Plant","floor":28,"turns":2},{"damage":0,"enemies":"Centurion and Healer","floor":29,"turns":4},{"damage":16,"enemies":"Book of Stabbing","floor":30,"turns":4},{"damage":2,"enemies":"Chosen and Byrds","floor":31,"turns":3},{"damage":15,"enemies":"Champ","floor":33,"turns":7},{"damage":4,"enemies":"Orb Walker","floor":35,"turns":2},{"damage":56,"enemies":"infinitespire:Three Voidlings","floor":36,"turns":4},{"damage":52,"enemies":"Nightmare_Alpha","floor":36,"turns":3}],"seed_played":"5006402061564929730","potions_obtained":[{"floor":1,"key":"GrandPatriotsElixir:ReiMu"},{"floor":5,"key":"Weak Potion"},{"floor":11,"key":"champ:CounterPotion"},{"floor":12,"key":"Ancient Potion"},{"floor":16,"key":"Fruit Juice"},{"floor":18,"key":"BlessingOfTheForge"},{"floor":19,"key":"EntropicBrew"},{"floor":21,"key":"FairyPotion"},{"floor":23,"key":"DuplicationPotion"},{"floor":25,"key":"Languid Potion"},{"floor":28,"key":"EssenceOfSteel"},{"floor":29,"key":"Dexterity Potion"},{"floor":30,"key":"GrandPatriotsElixir:ReiMu"},{"floor":31,"key":"GamblersBrew"},{"floor":33,"key":"Strength Potion"},{"floor":35,"key":"FearPotion"}],"is_trial":false,"path_per_floor":["M","?","M","$","M","$","M","?","T","$","M","M","T","$","R","B",null,"M","M","$","?","?","NM","M","M","T","R","M","M","E","M","R_BF","B",null,"M","?"],"character_chosen":"THE_GATHERER","items_purchased":["Membership Card","hubris:EvacipatedBox","HollowMod:StagPassRelic","Gatherer:MindSearch","Regen Potion","Gatherer:HeartToFruit","Gatherer:BlackTea","Gatherer:UpgradeBag","ReplayTheSpireMod:TigerMarble"],"campfire_rested":1,"item_purchase_floors":[6,6,6,10,10,10,14,20,20],"current_hp_per_floor":[62,62,62,62,62,12,8,8,8,8,19,13,13,13,34,22,73,69,61,61,66,66,1,5,2,2,2,38,42,26,32,59,44,90,86,0,0,0],"gold":261,"neow_bonus":"REMOVE_TWO","is_daily":false,"chose_seed":false,"campfire_upgraded":1,"win_rate":0.0,"timestamp":1610459046,"path_taken":["M","?","?","$","M","?","?","?","T","$","?","M","?","?","R","BOSS","M","?","$","?","?","NM","?","M","T","R","M","M","E","M","R_BF","BOSS","M","?"],"items_purchased_type":["Relic","Relic","Relic","Card","Potion","Card","Card","Card","Relic"],"build_version":"2020-12-22","purchased_purges":2,"victory":false,"max_hp_per_floor":[65,65,65,65,65,65,65,65,65,65,69,73,73,73,73,73,73,77,77,77,82,82,82,86,86,86,86,86,90,90,90,90,90,90,90,94,94,94],"card_choices":[{"not_picked":["Gatherer:Pollute","Gatherer:GatherMaterial"],"picked":"Gatherer:Duplicator","floor":1},{"not_picked":["Gatherer:FeelingFine","Gatherer:DrugPower"],"picked":"Gatherer:Snatch","floor":3},{"not_picked":["Gatherer:OddSpoils","Gatherer:Uplift"],"picked":"Gatherer:TacticalStrike","floor":5},{"not_picked":["Gatherer:ScrollOfWall","Gatherer:FragileHammer","Gatherer:SaveValuables"],"picked":"SKIP","floor":7},{"not_picked":["Gatherer:WoolGloves","Gatherer:RecipeChange"],"picked":"Gatherer:QuickSynthesis","floor":11},{"not_picked":["Gatherer:BambuSword","Gatherer:AcidicSpray","Gatherer:FlowerShield"],"picked":"SKIP","floor":12},{"not_picked":["Gatherer:BomberForm","Gatherer:Photoscythe"],"picked":"Gatherer:FlamingBottle","floor":16},{"not_picked":["Gatherer:AcidicSpray","Gatherer:GatherMaterial+1"],"picked":"Gatherer:Liquidism","floor":18},{"not_picked":["Gatherer:BigPouch+1","Gatherer:ScentOfRosmari","Gatherer:FlowerFalling"],"picked":"SKIP","floor":19},{"not_picked":["Gatherer:MiningStrike","Gatherer:GlowingPlant+1"],"picked":"Gatherer:QuickSynthesis","floor":23},{"not_picked":["Gatherer:FragileHammer+1","Gatherer:AcidicSpray"],"picked":"Gatherer:DrugPower","floor":24},{"not_picked":["Gatherer:AcidicSpray+1","Gatherer:Solidify"],"picked":"Gatherer:EnergyBasket","floor":25},{"not_picked":["Gatherer:WitheringStrike+1","Gatherer:Convert"],"picked":"Gatherer:Misfortune","floor":28},{"not_picked":["Gatherer:GlowingPlant","Gatherer:AromaProtection+1"],"picked":"Gatherer:FinishingStrike","floor":29},{"not_picked":["Gatherer:Convert","Gatherer:FlowerFalling"],"picked":"Gatherer:CarefulStrike+1","floor":30},{"not_picked":["Gatherer:VenomBarrier+1","Gatherer:FlowerFalling","Gatherer:CarefulStrike"],"picked":"SKIP","floor":31},{"not_picked":["Gatherer:Photoscythe","Gatherer:FinishingStrike"],"picked":"Gatherer:Overflowing","floor":33},{"not_picked":["Gatherer:Examine","Gatherer:CursedBlade"],"picked":"Gatherer:GrowBook","floor":34},{"not_picked":["Dark Shackles","Good Instincts"],"picked":"Bandage Up","floor":34},{"not_picked":["infinitespire:FinalStrike","Replay:Fractal Strike"],"picked":"infinitespire:Starlight","floor":34},{"not_picked":["Gatherer:TacticalStrike+1","Gatherer:PotentialSlash","Gatherer:Convert"],"picked":"SKIP","floor":35}],"player_experience":452598,"relics_obtained":[{"floor":9,"key":"White Beast Statue"},{"floor":23,"key":"Happy Flower"},{"floor":26,"key":"Peace Pipe"},{"floor":30,"key":"Nunchaku"}],"event_choices":[{"cards_removed":["Gatherer:Strike_Gatherer"],"damage_healed":0,"gold_gain":0,"player_choice":"Offered Basic","damage_taken":0,"max_hp_gain":0,"max_hp_loss":0,"event_name":"Bonfire Elementals","floor":2,"gold_loss":0},{"damage_healed":0,"gold_gain":100,"player_choice":"Gold","damage_taken":0,"max_hp_gain":0,"max_hp_loss":0,"event_name":"Wheel of Change","floor":8,"gold_loss":0},{"damage_healed":0,"gold_gain":0,"player_choice":"Got Potions","damage_taken":0,"max_hp_gain":0,"max_hp_loss":0,"event_name":"Lab","floor":21,"gold_loss":0},{"damage_healed":0,"gold_gain":0,"player_choice":"Bet on Murderer","damage_taken":0,"max_hp_gain":0,"max_hp_loss":0,"event_name":"The Joust","floor":22,"gold_loss":50}],"is_beta":false,"boss_relics":[{"not_picked":["Honey Jar","hubris:BlackHole","REME_DemonsWealth"],"picked":"Coffee Dripper"},{"not_picked":["hubris:GrandSneckoEye","Pandora\u0027s Box","REME_DuelDisc"],"picked":"ReplayTheSpireMod:SealedPack"}],"items_purged_floors":[4,6],"is_endless":false,"potions_floor_spawned":[1,5,11,12,16,18,19,23,24,25,28,29,30,31,33,35,36],"killed_by":"Nightmare_Alpha","ascension_level":0}}