{"host":"Connor","time":1610430614,"event":{"mods":["Aspiration","BaseMod","Downfall","Hubris","Marisa????????","Minty Spire (QoL Compilation)","Replay The Spire","StSLib","The Cursed","The Jungle","The Servant 0.9.4"],"gold_per_floor":[117,117,117,267,284,316,331,46,123,48,112,126,51,85,85,259,259,259,259,289,24,39,39,64,82,82,82,102,102,132,148,148,222,222,235,235,235,110,129,156,156,187,187,199,199,217,229,57,57,57,57,57,3,35,35],"floor_reached":56,"playtime":2565,"items_purged":["Doubt","Strike_R","Strike_R"],"score":2376,"play_id":"aee60c7e-d024-4eb8-9258-5232445c7f5a","local_time":"20210111215014","is_ascension_mode":true,"campfire_choices":[{"floor":15.0,"key":"RECALL"},{"floor":23,"key":"REST"},{"floor":27,"key":"REST"},{"floor":32,"key":"REST"},{"data":"Armaments","floor":45,"key":"SMITH"},{"floor":49,"key":"DIG"},{"data":"Battle Trance","floor":52,"key":"SMITH"}],"circlet_count":0,"master_deck":["AscendersBane","Strike_R","Defend_R","Defend_R","Defend_R","Defend_R","Bash","ReplayTheSpireMod:Strike From Hell","Havoc","Shrug It Off","Jack Of All Trades+1","Armaments+1","Iron Wave","ReplayTheSpireMod:Stacked","Corruption+1","CurseOfTheBell","J.A.X.","Armaments+1","Double Tap+1","ReplayReversal+1","Body Slam","Demon Form+1","Battle Trance+1","Shrug It Off","Chill+1","Hologram+1","Coolheaded","Demon Form+1"],"relics":["Burning Blood","NeowsBlessing","hubris:Icosahedron","Golden Egg","Mummified Hand","TheAbacus","Shuriken","Letter Opener","Calling Bell","Calipers","aspiration:FetidBarrel","Potion Belt","Red Mask","Toolbox","Boot","Anchor","MealTicket","Replay:Grab Bag","Busted Crown","Painkiller Herb","aspiration:DefectSkillbook","hubris:Towel","ReplayTheSpireMod:Ring of Addiction","White Beast Statue","Toy Ornithopter","CaptainsWheel","Akabeko","hubris:IronBody","aspiration:Nostalgia","MiniHakkero","Pen Nib","Lizard Tail"],"acts_visited":["Exordium","TheCity","TheBeyond","TheEnding"],"potions_floor_usage":[18,25,33,39,39,39,40,40,40,42,44,47,50,54,55,55,55,55],"damage_taken":[{"damage":0.0,"enemies":"Jaw Worm","floor":1.0,"turns":1.0},{"damage":0.0,"enemies":"2 Louse","floor":5.0,"turns":2.0},{"damage":0.0,"enemies":"Gremlin Nob","floor":6.0,"turns":1.0},{"damage":16.0,"enemies":"Small Slimes","floor":7.0,"turns":6.0},{"damage":24.0,"enemies":"3 Sentries","floor":11.0,"turns":11.0},{"damage":8.0,"enemies":"Exordium Wildlife","floor":12.0,"turns":6.0},{"damage":19.0,"enemies":"3 Sentries","floor":14.0,"turns":11.0},{"damage":34.0,"enemies":"Slime Boss","floor":16.0,"turns":9.0},{"damage":0,"enemies":"Shell Parasite","floor":18,"turns":1},{"damage":46,"enemies":"Masked Bandits","floor":20,"turns":4},{"damage":18,"enemies":"Chosen","floor":22,"turns":5},{"damage":26,"enemies":"Slavers","floor":24,"turns":5},{"damage":14,"enemies":"Snecko","floor":25,"turns":6},{"damage":30,"enemies":"Snake Plant","floor":28,"turns":4},{"damage":8,"enemies":"Replay:Snechameleon","floor":30,"turns":9},{"damage":0,"enemies":"3 Cultists","floor":31,"turns":4},{"damage":72,"enemies":"hubris:MusketHawk","floor":33,"turns":7},{"damage":10,"enemies":"Orb Walker","floor":35,"turns":4},{"damage":3,"enemies":"3 Darklings","floor":39,"turns":3},{"damage":52,"enemies":"Nemesis","floor":40,"turns":9},{"damage":4,"enemies":"Reptomancer","floor":42,"turns":4},{"damage":9,"enemies":"Transient","floor":44,"turns":6},{"damage":6,"enemies":"Maw","floor":46,"turns":5},{"damage":0,"enemies":"Jaw Worm Horde","floor":47,"turns":5},{"damage":3,"enemies":"Awakened One","floor":50,"turns":7},{"damage":3,"enemies":"Shield and Spear","floor":54,"turns":4},{"damage":10,"enemies":"The Heart","floor":55,"turns":6}],"seed_played":"-1245065229355444184","potions_obtained":[{"floor":5.0,"key":"ElixirPotion"},{"floor":7.0,"key":"DuplicationPotion"},{"floor":12.0,"key":"Fruit Juice"},{"floor":16.0,"key":"SmokeBomb"},{"floor":24,"key":"SkillPotion"},{"floor":28,"key":"Dexterity Potion"},{"floor":30,"key":"Adrenaline Potion"},{"floor":33,"key":"Guardian:BlockOnCardUsePotion"},{"floor":35,"key":"ColorlessPotion"},{"floor":37,"key":"LiquidBronze"},{"floor":37,"key":"Energy Potion"},{"floor":39,"key":"FearPotion"},{"floor":40,"key":"Regen Potion"},{"floor":42,"key":"Languid Potion"},{"floor":44,"key":"Elixir"},{"floor":46,"key":"Fire Potion"},{"floor":47,"key":"Milkshake"},{"floor":54,"key":"ColorlessPotion"}],"is_trial":false,"path_per_floor":["M","?","?","?","M","E","M","$","T","$","?","M","?","E","R","B",null,"M","?","?","$","M","R","E","M","T","R","M","?","E","M","R","B",null,"?","?","?","T","?","E","?","E","T","?","T","?","?","T","T","B",null,"T","T","E","B",null],"character_chosen":"IRONCLAD","items_purchased":["Jack Of All Trades","TheAbacus","Armaments","Toolbox","aspiration:Nostalgia","FearPotion"],"campfire_rested":3,"item_purchase_floors":[8,8,8,21,48,53],"current_hp_per_floor":[74,74,69,69,75,75,68,68,68,68,50,53,53,40,40,12,65,71,71,31,31,19,43,23,15,15,39,15,19,17,23,47,30,70,66,66,66,81,83,56,56,75,75,77,77,77,83,83,83,83,83,83,83,81,81],"gold":35,"neow_bonus":"THREE_ENEMY_KILL","is_daily":false,"chose_seed":false,"campfire_upgraded":2,"win_rate":0.0,"timestamp":1610430614,"path_taken":["M","?","?","?","?","E","M","$","T","?","?","M","?","E","R","BOSS","M","?","?","$","M","R","E","?","T","R","M","?","E","M","R","BOSS","?","?","?","T","?","E","?","E","T","?","T","?","?","T","T","BOSS","T","T","E","BOSS"],"items_purchased_type":["Card","Relic","Card","Relic","Relic","Potion"],"build_version":"2020-12-18","purchased_purges":3,"victory":true,"max_hp_per_floor":[75,75,75,75,75,75,78,78,78,78,78,83,83,83,83,83,83,83,83,83,83,83,83,83,83,83,83,83,83,83,83,83,83,83,83,83,83,83,83,83,83,83,83,83,83,83,83,83,83,83,83,83,83,81,81],"card_choices":[{"not_picked":["Thunderclap","Clash","Flex"],"picked":"SKIP","floor":1.0},{"not_picked":["Body Slam","Anger"],"picked":"ReplayTheSpireMod:Strike From Hell","floor":5.0},{"not_picked":["Pommel Strike","Sword Boomerang"],"picked":"Havoc","floor":6.0},{"not_picked":["Second Wind","ReplayTheSpireMod:Strike From Hell"],"picked":"Shrug It Off","floor":7.0},{"not_picked":["Spot Weakness","Body Slam"],"picked":"Iron Wave","floor":12.0},{"not_picked":["Combust","hubris:ReadiedAction"],"picked":"ReplayTheSpireMod:Stacked","floor":14.0},{"not_picked":["Demonic Infusion","hubris:StunningStrike"],"picked":"Corruption","floor":16.0},{"not_picked":["True Grit","hubris:SharpeningStone"],"picked":"Armaments","floor":20},{"not_picked":["Abandon","True Grit","Wild Strike"],"picked":"SKIP","floor":22},{"not_picked":["Heavy Blade","True Grit"],"picked":"Double Tap","floor":24},{"not_picked":["Iron Wave","Armaments"],"picked":"ReplayReversal+1","floor":25},{"not_picked":["Twin Strike","Dual Wield","hubris:CleavingFinish"],"picked":"SKIP","floor":28},{"not_picked":["Headbutt","Defy Death"],"picked":"Body Slam","floor":30},{"not_picked":["hubris:ReadiedAction","Reckless Charge","Run Through"],"picked":"SKIP","floor":31},{"not_picked":["Bludgeon","Offering"],"picked":"Demon Form","floor":33},{"not_picked":["Ball Lightning","Clash"],"picked":"SKIP","floor":35},{"not_picked":["Go for the Eyes+1","Cleave"],"picked":"SKIP","floor":39},{"not_picked":["Armaments"],"picked":"Battle Trance","floor":40},{"not_picked":["Rebound"],"picked":"Shrug It Off","floor":42},{"not_picked":["Compile Driver"],"picked":"Chill+1","floor":44},{"not_picked":["Rip and Tear+1"],"picked":"Hologram+1","floor":46},{"not_picked":["Doom and Gloom+1"],"picked":"Coolheaded","floor":47},{"not_picked":["Disarm"],"picked":"Demon Form","floor":54}],"player_experience":608127,"relics_obtained":[{"floor":6.0,"key":"Mummified Hand"},{"floor":11.0,"key":"Shuriken"},{"floor":14.0,"key":"Letter Opener"},{"floor":17,"key":"Calipers"},{"floor":17,"key":"aspiration:FetidBarrel"},{"floor":17,"key":"Potion Belt"},{"floor":20,"key":"Red Mask"},{"floor":24,"key":"Boot"},{"floor":26,"key":"Anchor"},{"floor":30,"key":"MealTicket"},{"floor":37,"key":"ReplayTheSpireMod:Ring of Addiction"},{"floor":37,"key":"White Beast Statue"},{"floor":37,"key":"Toy Ornithopter"},{"floor":40,"key":"CaptainsWheel"},{"floor":42,"key":"Akabeko"},{"floor":43,"key":"hubris:IronBody"},{"floor":49,"key":"Pen Nib"},{"floor":54,"key":"Lizard Tail"}],"event_choices":[{"damage_healed":0.0,"max_hp_gain":0.0,"max_hp_loss":0.0,"gold_gain":0.0,"event_name":"Scrap Ooze","player_choice":"Success","floor":3.0,"gold_loss":0.0,"damage_taken":5.0,"relics_obtained":["Golden Egg"]},{"damage_healed":0.0,"max_hp_gain":0.0,"max_hp_loss":0.0,"gold_gain":150.0,"event_name":"Liars Game","player_choice":"AGREE","floor":4.0,"gold_loss":0.0,"damage_taken":0.0,"cards_obtained":["Doubt"]},{"damage_healed":0.0,"max_hp_gain":0.0,"max_hp_loss":0.0,"gold_gain":0.0,"event_name":"Dead Adventurer","player_choice":"Searched \u00271\u0027 times","floor":11.0,"gold_loss":0.0,"damage_taken":0.0},{"cards_removed":["Strike_R"],"damage_healed":0.0,"max_hp_gain":0.0,"max_hp_loss":0.0,"gold_gain":0.0,"event_name":"The Cleric","player_choice":"Card Removal","floor":13.0,"gold_loss":75.0,"damage_taken":0.0},{"damage_healed":0,"gold_gain":0,"player_choice":"Obtain J.A.X.","damage_taken":0,"max_hp_gain":0,"max_hp_loss":0,"event_name":"Drug Dealer","floor":19,"gold_loss":0,"cards_obtained":["J.A.X."]},{"damage_healed":0,"gold_gain":0,"player_choice":"Fought Bandits","damage_taken":0,"max_hp_gain":0,"max_hp_loss":0,"event_name":"Masked Bandits","floor":20,"gold_loss":0},{"cards_removed":["Strike_R"],"damage_healed":0,"gold_gain":0,"player_choice":"Offered Basic","damage_taken":0,"max_hp_gain":0,"max_hp_loss":0,"event_name":"Bonfire Elementals","floor":41,"gold_loss":0}],"is_beta":true,"boss_relics":[{"not_picked":["aspiration:PoetsPen_weak","hubris:RunicObelisk"],"picked":"Calling Bell"},{"not_picked":["Ooze Armor","aspiration:SecretTechniqueScroll"],"picked":"Replay:Grab Bag"},{"not_picked":["Electric Blood","ReplayTheSpireMod:Onyx Gauntlets"],"picked":"Busted Crown"},{"not_picked":["Velvet Choker","Coffee Dripper"],"picked":"Painkiller Herb"},{"not_picked":["Replay:Drink Me","Runic Cube"],"picked":"aspiration:DefectSkillbook"}],"items_purged_floors":[10,21,38],"is_endless":false,"potions_floor_spawned":[5,7,12,16,24,28,30,33,35,39,40,42,44,46,47,54],"ascension_level":18}}