{"host":"rupmf8lnk599ormj","time":1610476545,"event":{"mods":["2.2 Compatiblity","AchievementEnabler","BaseMod","Better Match","Better Third Choice","BetterRewards","ChefMod","Colored Map","Colored Powertips","Downfall","Evolution","Gold Saver","Googly Eyes","Hero for Fun","Hubris","Minty Spire (QoL Compilation)","Quick Restart","Rare Cards Sparkle","Replay The Spire","Spicy Shops","StSLib","The Cursed","The Poker Player"],"gold_per_floor":[265,280,295,310,410,425,425,425,36,51,66,96,111,126,141,241,241,241,256,256,271,286,301,326,326,326,341,341,371,26,26,41,41,41],"floor_reached":33,"playtime":2792,"items_purged":[],"score":375,"play_id":"45bf7f5e-fe87-4e5c-8ec5-781c25e7a083","local_time":"20210112133545","daily_mods":["downfall:ChampStances","ControlledChaos","downfall:ExchangeController"],"is_ascension_mode":false,"campfire_choices":[{"floor":1,"key":"RECALL"},{"floor":18,"key":"DIG"},{"floor":25,"key":"REST"}],"circlet_count":0,"master_deck":["Cold Snap","Cold Snap","Cold Snap","Cold Snap","Defend_B","Defend_B","Defend_B","Defend_B","Zap","Melter","Loop","ReplayTheSpireMod:Reroute Power","Streamline","Bash","Flex","Injury","ReplayTheSpireMod:Calculation Training","BootSequence","BasicCrystalCard","ReplaySolidLightProjector","Sweeping Beam","Stack","Gash","All For One","Barrage+1","Turbo","Streamline","Darkness","BootSequence","Go for the Eyes","Recycle+1","Apotheosis","Conserve Battery","Crystallizer+1"],"relics":["Frozen Eye","EVO:Axolotl","downfall:NeowBlessing_Player","Akabeko","Iron Core","Lantern","Art of War","hubris:64BitClover","Ring of Chaos","hubris:MedicalManual","Nloth\u0027s Gift","White Beast Statue","Tiny Chest","Strange Spoon"],"acts_visited":["Exordium","TheCity"],"potions_floor_usage":[],"damage_taken":[{"damage":9,"enemies":"Cultist","floor":2,"turns":4},{"damage":11,"enemies":"2 Louse","floor":3,"turns":3},{"damage":7,"enemies":"Jaw Worm","floor":4,"turns":3},{"damage":45,"enemies":"Gremlin Gang","floor":6,"turns":5},{"damage":0,"enemies":"downfall:FleeingMerchant","floor":9,"turns":4},{"damage":4,"enemies":"Large Slime","floor":10,"turns":4},{"damage":0,"enemies":"Red Slaver","floor":11,"turns":3},{"damage":17,"enemies":"Lagavulin","floor":12,"turns":6},{"damage":8,"enemies":"Exordium Thugs","floor":13,"turns":4},{"damage":6,"enemies":"3 Louse","floor":14,"turns":4},{"damage":0,"enemies":"Blue Slaver","floor":15,"turns":2},{"damage":65,"enemies":"downfall:Silent","floor":16,"turns":17},{"damage":7,"enemies":"Chosen","floor":19,"turns":12},{"damage":1,"enemies":"Spheric Guardian","floor":21,"turns":3},{"damage":43,"enemies":"Cultist and Chosen","floor":22,"turns":9},{"damage":25,"enemies":"Sentry and Sphere","floor":23,"turns":8},{"damage":131,"enemies":"Chosen and Byrds","floor":27,"turns":9},{"damage":71,"enemies":"Slavers","floor":29,"turns":10},{"damage":0,"enemies":"downfall:FleeingMerchant","floor":30,"turns":4},{"damage":23,"enemies":"Centurion and Healer","floor":32,"turns":13},{"damage":52,"enemies":"downfall:Ironclad","floor":33,"turns":5}],"seed_played":"-5514344210177769252","potions_obtained":[{"floor":2,"key":"PotionOfCapacity"},{"floor":3,"key":"Fire Potion"},{"floor":10,"key":"champ:CounterPotion"},{"floor":12,"key":"SkillPotion"},{"floor":13,"key":"Venom Potion"},{"floor":21,"key":"LiquidBronze"},{"floor":23,"key":"Energy Potion"},{"floor":27,"key":"SteroidPotion"},{"floor":29,"key":"Energy Potion"},{"floor":30,"key":"Fire Potion"},{"floor":31,"key":"CultistPotion"},{"floor":32,"key":"Weak Potion"}],"is_trial":false,"path_per_floor":["R","M","M","M","?","M","T","?","$","M","M","E","M","M","M","B",null,"R_BF","M","?","M","M","M","T","R","?","M","?","E","$","?","M","B"],"character_chosen":"DEFECT","items_purchased":["Lantern","Art of War","ReplayTheSpireMod:Calculation Training","Strange Spoon","Apotheosis","Conserve Battery"],"campfire_rested":1,"item_purchase_floors":[9,9,9,30,30,30],"current_hp_per_floor":[175,175,173,166,166,121,121,121,121,117,117,100,92,92,92,27,275,275,268,268,267,224,199,199,275,275,144,144,73,73,73,50,0,0],"gold":41,"neow_bonus":"","is_daily":true,"chose_seed":false,"campfire_upgraded":0,"win_rate":0.0,"timestamp":1610476545,"path_taken":["R","M","?","M","?","M","T","?","$","M","M","E","M","M","M","BOSS","R_BF","M","?","?","M","M","T","R","?","?","?","E","?","?","M","BOSS"],"items_purchased_type":["Relic","Relic","Card","Relic","Card","Card"],"build_version":"2020-12-22","purchased_purges":0,"victory":false,"max_hp_per_floor":[175,175,175,175,175,175,175,175,175,175,175,175,175,175,175,175,275,275,275,275,275,275,275,275,275,275,275,275,275,275,275,275,275,275],"card_choices":[{"not_picked":["Sweeping Beam","Fusion"],"picked":"Melter","floor":2},{"not_picked":["Barrage","Hello World"],"picked":"Loop","floor":3},{"not_picked":["Redo","Compile Driver"],"picked":"ReplayTheSpireMod:Reroute Power","floor":4},{"not_picked":["Compile Driver","ReplaySort"],"picked":"Streamline","floor":6},{"not_picked":["Dual Wield","Evolve"],"picked":"Flex","floor":9},{"not_picked":["Headbutt","Steam"],"picked":"BootSequence","floor":10},{"not_picked":["Capacitor","Hologram"],"picked":"BasicCrystalCard","floor":11},{"not_picked":["Electrodynamics","Storm"],"picked":"ReplaySolidLightProjector","floor":12},{"not_picked":["Rebound","Ball Lightning"],"picked":"Sweeping Beam","floor":13},{"not_picked":["Scorching Beam","BasicCrystalCard"],"picked":"Stack","floor":14},{"not_picked":["Undo","Sweeping Beam"],"picked":"Gash","floor":15},{"not_picked":["Thunder Strike","Amplify"],"picked":"All For One","floor":16},{"not_picked":["Conserve Battery","BasicCrystalCard"],"picked":"Barrage+1","floor":19},{"not_picked":["Electrodynamics","Stack+1"],"picked":"Turbo","floor":21},{"not_picked":["FTL","Tempest"],"picked":"Streamline","floor":22},{"not_picked":["BootSequence","Conserve Battery"],"picked":"Darkness","floor":23},{"not_picked":["Steam","Leap","Compile Driver+1"],"picked":"SKIP","floor":27},{"not_picked":["Hyperbeam","Undo"],"picked":"Go for the Eyes","floor":29},{"not_picked":["Compile Driver","Streamline"],"picked":"Recycle+1","floor":30},{"not_picked":["Compile Driver","Force Field"],"picked":"Crystallizer+1","floor":32}],"player_experience":200338,"relics_obtained":[{"floor":7,"key":"Akabeko"},{"floor":12,"key":"hubris:64BitClover"},{"floor":18,"key":"hubris:MedicalManual"},{"floor":22,"key":"White Beast Statue"},{"floor":29,"key":"Tiny Chest"}],"event_choices":[{"damage_healed":0,"gold_gain":0,"player_choice":"Copied","damage_taken":0,"max_hp_gain":0,"max_hp_loss":0,"event_name":"Duplicator","floor":28,"gold_loss":0,"cards_obtained":["BootSequence"]}],"is_beta":false,"boss_relics":[{"not_picked":["hubris:RunicObelisk","SacredBark"],"picked":"Ring of Chaos"}],"items_purged_floors":[],"is_endless":false,"potions_floor_spawned":[2,3,10,12,13,21,23,27,29,30,32],"killed_by":"downfall:Ironclad","ascension_level":0}}