{"host":"ci7cmvrwpmzqnw7e","time":1610413720,"event":{"mods":["BaseMod","BetterRewards","Colored Map","Downfall","GungeonMod","Highlight Path","Hubris","Infinite Spire","Minty Spire (QoL Compilation)","Random Character Button","Rare Cards Sparkle","Replay The Spire","Shop Mod","StSLib","The Disciple","The Forsaken","The Necromancer"],"gold_per_floor":[110,124,49,60,60,60,72,72,72,72,3,23,39,39,39,138,138,151,151,164,61,74,74,86,86,86,11,21,21,36,48,48,148,148,171,171,89,109,109,109,109,109,109,109,109,109,127,127,127,147,147,147],"floor_reached":53,"playtime":3268,"items_purged":["Strike_G"],"score":848,"play_id":"e50a40a7-fd43-4277-8073-d09f1eecd106","local_time":"20210111180840","is_ascension_mode":false,"campfire_choices":[{"data":"ReplayTheSpireMod:Scrap Shanks","floor":6,"key":"SMITH"},{"data":"Cloak And Dagger","floor":15,"key":"SMITH"},{"floor":23,"key":"REST"},{"data":"Accuracy","floor":25,"key":"SMITH"},{"data":"Acrobatics","floor":32,"key":"SMITH"},{"data":"Tools of the Trade","floor":40,"key":"SMITH"},{"data":"Prepared","floor":42,"key":"SMITH"},{"data":"infinitespire:FutureSight","floor":46,"key":"SMITH"},{"data":"PiercingWail","floor":49,"key":"SMITH"},{"data":"Cloak And Dagger","floor":51,"key":"SMITH"}],"circlet_count":0,"master_deck":["Strike_G","Strike_G","Defend_G","Defend_G","Defend_G","Survivor","ReplayTheSpireMod:Scrap Shanks+1","ReplayTheSpireMod:Scrap Shanks+1","Accuracy+1","Cloak And Dagger+1","Acrobatics+1","Adrenaline","Prepared+1","infinitespire:FutureSight+1","ReplayTheSpireMod:Shiv Toss","Infinite Blades","Infinite Blades","Prepared+1","Blade Dance","Cloak And Dagger+1","Tools of the Trade+1","PiercingWail+1","Master of Strategy","expansioncontent:AwakenDeath"],"relics":["Sozu","infinitespire:CursedDice","Letter Opener","Spirit Poop","Replay:Drink Me","infinitespire:Joker Card","infinitespire:ShieldingShard","infinitespire:EvilPickle","Coffee Dripper","Replay:Ringing Soul","Replay:Mystery Machine","hubris:BottledRain"],"acts_visited":["Exordium","TheCity","TheBeyond"],"potions_floor_usage":[],"damage_taken":[{"damage":1,"enemies":"Cultist","floor":1,"turns":4},{"damage":0,"enemies":"2 Louse","floor":2,"turns":3},{"damage":0,"enemies":"Small Slimes","floor":4,"turns":4},{"damage":1,"enemies":"Looter","floor":7,"turns":4},{"damage":8,"enemies":"Lots of Slimes","floor":12,"turns":4},{"damage":13,"enemies":"2 Fungi Beasts","floor":13,"turns":4},{"damage":13,"enemies":"The Guardian","floor":16,"turns":9},{"damage":8,"enemies":"2 Thieves","floor":18,"turns":3},{"damage":0,"enemies":"Shell Parasite","floor":20,"turns":2},{"damage":19,"enemies":"Snake Plant","floor":22,"turns":2},{"damage":8,"enemies":"Centurion and Healer","floor":24,"turns":2},{"damage":0,"enemies":"Sentry and Sphere","floor":28,"turns":1},{"damage":0,"enemies":"3 Cultists","floor":30,"turns":2},{"damage":0,"enemies":"Centurion and Healer","floor":31,"turns":2},{"damage":4,"enemies":"Pondfish","floor":33,"turns":4},{"damage":8,"enemies":"3 Shapes","floor":35,"turns":3},{"damage":0,"enemies":"Orb Walker","floor":38,"turns":1},{"damage":0,"enemies":"Maw","floor":47,"turns":2},{"damage":0,"enemies":"Sphere and 2 Shapes","floor":50,"turns":3},{"damage":35,"enemies":"infinitespire:MassOfShapes","floor":52,"turns":6}],"seed_played":"8612240961847380650","potions_obtained":[],"is_trial":false,"path_per_floor":["M","M","$","M","?","R","M","?","T","?","$","M","M","?","R","B",null,"M","AVR","M","$","M","R","M","R","T","?","M","$","M","M","R","B",null,"M","?","$","M","?","R","T","R","T","PTL","PTL","R","M","AVR","R","M","R","B",null],"character_chosen":"THE_SILENT","items_purchased":["Accuracy","Infinite Blades","Prepared","expansioncontent:AwakenDeath"],"campfire_rested":1,"item_purchase_floors":[11,21,21,37],"current_hp_per_floor":[69,69,69,69,69,69,68,68,68,68,68,60,47,40,40,27,53,45,45,45,45,26,41,33,33,33,33,33,33,33,33,33,29,53,45,45,45,45,45,45,45,45,45,45,45,45,45,45,45,45,45,10],"gold":147,"neow_bonus":"BOSS_RELIC","is_daily":false,"chose_seed":false,"campfire_upgraded":9,"win_rate":0.0,"timestamp":1610413720,"path_taken":["M","?","$","M","?","R","M","?","T","?","$","?","M","?","R","BOSS","M","AVR","M","$","M","R","M","R","T","?","M","$","M","M","R","BOSS","M","?","$","M","?","R","?","R","T","PTL","PTL","R","M","AVR","R","M","R","BOSS"],"items_purchased_type":["Card","Card","Card","Card"],"build_version":"2020-12-22","purchased_purges":1,"victory":true,"max_hp_per_floor":[70,70,70,70,70,70,70,70,70,70,70,70,70,70,70,70,53,53,53,53,53,53,53,53,53,53,53,53,53,53,53,53,53,53,53,53,53,53,53,53,53,53,53,53,53,53,53,53,53,53,53,53],"card_choices":[{"not_picked":["hubris:Sniper","Blur"],"picked":"ReplayTheSpireMod:Scrap Shanks","floor":1},{"not_picked":["Deflect","Flying Knee","Riddle With Holes"],"picked":"SKIP","floor":2},{"not_picked":["Toxin Wave","Deadly Poison"],"picked":"ReplayTheSpireMod:Scrap Shanks","floor":4},{"not_picked":["Dagger Spray","Underhanded Strike","Sucker Punch"],"picked":"SKIP","floor":7},{"not_picked":["Die Die Die","Noxious Fumes"],"picked":"Cloak And Dagger","floor":12},{"not_picked":["Blur","Eviscerate"],"picked":"Acrobatics","floor":13},{"not_picked":["ReplayTheSpireMod:Necrosis","Atom Bomb"],"picked":"Adrenaline","floor":16},{"not_picked":["Choke","Poisoned Stab"],"picked":"Prepared+1","floor":18},{"not_picked":["Dagger Spray","Flying Knee"],"picked":"ReplayTheSpireMod:Shiv Toss","floor":20},{"not_picked":["Dagger Spray","Endless Agony+1"],"picked":"Blade Dance","floor":22},{"not_picked":["Riddle With Holes","Dagger Throw","Sneak Up"],"picked":"SKIP","floor":24},{"not_picked":["Deflect","Hidden Blade"],"picked":"Cloak And Dagger","floor":28},{"not_picked":["Hidden Blade","Sneak Up","Reflex+1"],"picked":"SKIP","floor":30},{"not_picked":["Hidden Blade+1","Well Laid Plans","hubris:SlightOfHand+1"],"picked":"SKIP","floor":31},{"not_picked":["Envenom","ReplayTheSpireMod:Necrosis"],"picked":"Tools of the Trade","floor":33},{"not_picked":["Quick Slash","Dodge and Roll"],"picked":"PiercingWail","floor":35},{"not_picked":["expansioncontent:FaceSlap","expansioncontent:PolyBeam"],"picked":"Master of Strategy","floor":36},{"not_picked":["Outmaneuver+1","Slice+1","Bouncing Flask"],"picked":"SKIP","floor":38},{"not_picked":["Dagger Throw","Quick Slash","Envenom"],"picked":"SKIP","floor":47},{"not_picked":["Reflex","Noxious Fumes+1","Escape Plan"],"picked":"SKIP","floor":50}],"player_experience":56963,"relics_obtained":[{"floor":9,"key":"Letter Opener"},{"floor":26,"key":"infinitespire:ShieldingShard"},{"floor":41,"key":"Replay:Ringing Soul"},{"floor":43,"key":"Replay:Mystery Machine"}],"event_choices":[{"damage_healed":0,"gold_gain":0,"player_choice":"Grow","damage_taken":0,"max_hp_gain":0,"max_hp_loss":0,"event_name":"Living Wall","floor":5,"gold_loss":0,"cards_upgraded":["ReplayTheSpireMod:Scrap Shanks"]},{"damage_healed":0,"gold_gain":0,"player_choice":"Box","damage_taken":0,"relics_obtained":["infinitespire:CursedDice"],"max_hp_gain":0,"max_hp_loss":0,"event_name":"Big Fish","floor":8,"gold_loss":0,"cards_obtained":["Regret"]},{"cards_removed":["Regret"],"damage_healed":0,"gold_gain":0,"player_choice":"Offered Curse","damage_taken":0,"relics_obtained":["Spirit Poop"],"max_hp_gain":0,"max_hp_loss":0,"event_name":"Bonfire Elementals","floor":10,"gold_loss":0},{"cards_removed":["Defend_G"],"damage_healed":0,"gold_gain":0,"player_choice":"Card Removal","damage_taken":7,"max_hp_gain":0,"max_hp_loss":0,"event_name":"Golden Wing","floor":14,"gold_loss":0},{"cards_removed":["Strike_G"],"damage_healed":0,"gold_gain":0,"player_choice":"Gave Gold","damage_taken":0,"max_hp_gain":0,"max_hp_loss":0,"event_name":"Beggar","floor":27,"gold_loss":75},{"damage_healed":0,"gold_gain":0,"player_choice":"Memory 1","damage_taken":0,"max_hp_gain":0,"max_hp_loss":0,"event_name":"SensoryStone","floor":36,"gold_loss":0}],"is_beta":false,"boss_relics":[{"not_picked":["hubris:VirtuousBlindfold","Astrolabe"],"picked":"Replay:Drink Me"},{"not_picked":["Velvet Choker","hubris:RunicObelisk"],"picked":"Coffee Dripper"}],"items_purged_floors":[3],"is_endless":false,"potions_floor_spawned":[2,12,13,16,18,28,31,35,47,50],"ascension_level":0}}