{"host":"2o3sockympbxxanu","time":1610430072,"event":{"mods":["AchievementEnabler","BaseMod","Colored Map","Colored Powertips","Conspire","Highlight Path","Infinite Spire","Minty Spire (QoL Compilation)","Replay The Spire","Shop Mod","StSLib","SuperFastMode"],"gold_per_floor":[112,37,50,50,77,104,120,120,144,144,161,194,204,216,216,318,418,438,378,378,293,316,328,541,503,515,626,638,650,673,438,438,24,24,127,127,161,178,178,197,197],"floor_reached":40,"playtime":2548,"items_purged":["Strike_G","Defend_G"],"score":505,"play_id":"344c558f-105c-4457-a8c8-7bb9708b1bf5","local_time":"20210112134112","is_ascension_mode":true,"campfire_choices":[{"data":"Terror","floor":8.0,"key":"SMITH"},{"floor":15.0,"key":"REST"},{"data":"Night Terror","floor":23.0,"key":"SMITH"},{"floor":32.0,"key":"REST"},{"floor":34.0,"key":"REST"}],"circlet_count":0,"master_deck":["Strike_G","Strike_G","Strike_G","Defend_G","Defend_G","Defend_G","Defend_G","Survivor","Neutralize","Noxious Fumes","Cloak And Dagger","Terror+1","Deflect","Slice","Bane","Quick Slash+1","Infinite Blades+1","Night Terror+1","Deadly Poison","Cloak And Dagger","conspire:SpireCoStock","Catalyst","Accuracy+1","Night Terror","Poisoned Stab+1"],"relics":["Ring of the Snake","NeowsBlessing","Oddly Smooth Stone","Replay:Mystery Machine","Blue Doll","CaptainsWheel","Replay:Wanted Poster","SlaversCollar","Strange Spoon","Gremlin Food","Meat on the Bone","MerchantsRug","conspire:SpecialSausage"],"acts_visited":["Exordium","TheCity","TheBeyond"],"potions_floor_usage":[],"damage_taken":[{"damage":0.0,"enemies":"Jaw Worm","floor":1.0,"turns":1.0},{"damage":0.0,"enemies":"2 Louse","floor":3.0,"turns":1.0},{"damage":0.0,"enemies":"conspire:MimicChest","floor":5.0,"turns":1.0},{"damage":23.0,"enemies":"Lagavulin","floor":6.0,"turns":10.0},{"damage":3.0,"enemies":"Small Slimes","floor":7.0,"turns":4.0},{"damage":0.0,"enemies":"Red Slaver","floor":11.0,"turns":4.0},{"damage":14.0,"enemies":"Replay:BlueRogue","floor":12.0,"turns":5.0},{"damage":7.0,"enemies":"Lots of Slimes","floor":13.0,"turns":4.0},{"damage":0.0,"enemies":"conspire:2 RoseBushes","floor":14.0,"turns":4.0},{"damage":27.0,"enemies":"Fading Forest","floor":16.0,"turns":11.0},{"damage":15.0,"enemies":"conspire:FuzzyDice","floor":18.0,"turns":7.0},{"damage":17.0,"enemies":"Chosen","floor":22.0,"turns":5.0},{"damage":6.0,"enemies":"Snake Plant","floor":30.0,"turns":4.0},{"damage":32.0,"enemies":"Collector","floor":35.0,"turns":7.0},{"damage":8.0,"enemies":"Orb Walker","floor":37.0,"turns":4.0},{"damage":23.0,"enemies":"3 Shapes","floor":38.0,"turns":7.0},{"damage":43,"enemies":"Maw","floor":40,"turns":6}],"seed_played":"5314596752548058773","potions_obtained":[{"floor":5.0,"key":"SteroidPotion"},{"floor":13.0,"key":"Elixir"},{"floor":14.0,"key":"Dexterity Potion"},{"floor":16.0,"key":"SpeedPotion"},{"floor":18.0,"key":"DistilledChaos"},{"floor":22.0,"key":"GamblersBrew"},{"floor":30.0,"key":"Elixir"},{"floor":37.0,"key":"Strength Potion"}],"is_trial":false,"path_per_floor":["M","$","M","?","?","E","M","R","T","?","M","E","M","M","R","B",null,"M","?","AVR","?","M","R","?","?","T","?","PTL","PTL","M","$","R","$","R","B",null,"M","M","?","M"],"character_chosen":"THE_SILENT","items_purchased":["Gremlin Food","Meat on the Bone","MerchantsRug","Accuracy+1"],"campfire_rested":3,"item_purchase_floors":[31,33,33,33],"current_hp_per_floor":[70,70,70,70,70,47,44,44,44,37,37,23,16,16,37,18,70,55,55,55,55,38,38,10,10,10,10,10,10,4,4,25,25,46,26,70,62,39,39,0,0],"gold":197,"neow_bonus":"THREE_ENEMY_KILL","is_daily":false,"chose_seed":false,"campfire_upgraded":2,"win_rate":0.0,"timestamp":1610430072,"path_taken":["M","$","M","?","?","E","M","R","T","?","?","E","M","?","R","BOSS","M","?","AVR","?","M","R","?","?","T","?","PTL","PTL","M","$","R","?","R","BOSS","M","?","?","M"],"items_purchased_type":["Relic","Relic","Relic","Card"],"build_version":"2020-12-22","purchased_purges":2,"victory":false,"max_hp_per_floor":[70,70,70,70,70,70,70,70,70,70,70,70,70,70,70,70,70,70,70,70,70,70,70,70,70,70,70,70,70,70,70,70,70,70,70,70,70,70,70,70,70],"card_choices":[{"not_picked":["Blur","Hidden Blade"],"picked":"Noxious Fumes","floor":1.0},{"not_picked":["Prepared","Dagger Spray"],"picked":"Cloak And Dagger","floor":3.0},{"not_picked":["Backflip","Riddle With Holes"],"picked":"Terror","floor":5.0},{"not_picked":["Dodge and Roll","Hidden Blade"],"picked":"Deflect","floor":6.0},{"not_picked":["Flying Knee","Acrobatics"],"picked":"Slice","floor":7.0},{"not_picked":["Flying Knee","All Out Attack"],"picked":"Bane","floor":11.0},{"not_picked":["Masterful Stab","Acrobatics"],"picked":"Quick Slash","floor":12.0},{"not_picked":["ReplayTheSpireMod:The Works","Dagger Throw","Tools of the Trade"],"picked":"SKIP","floor":13.0},{"not_picked":["Deflect","PiercingWail"],"picked":"Infinite Blades","floor":14.0},{"not_picked":["Doppelganger","Tools of the Trade"],"picked":"Night Terror","floor":16.0},{"not_picked":["Draining Mist","Bouncing Flask+1"],"picked":"Deadly Poison","floor":18.0},{"not_picked":["Outmaneuver","Replay:Poison Smokescreen"],"picked":"Cloak And Dagger","floor":22.0},{"not_picked":["Noxious Fumes","Dagger Throw"],"picked":"Catalyst","floor":30.0},{"not_picked":["A Thousand Cuts","Glass Knife"],"picked":"Night Terror","floor":35.0},{"not_picked":["Cloak And Dagger","Outmaneuver+1","ReplayTheSpireMod:The Works+1"],"picked":"SKIP","floor":37.0},{"not_picked":["PiercingWail+1","Choke+1"],"picked":"Poisoned Stab+1","floor":38.0}],"player_experience":288002,"relics_obtained":[{"floor":5.0,"key":"Oddly Smooth Stone"},{"floor":6.0,"key":"Replay:Mystery Machine"},{"floor":9.0,"key":"Blue Doll"},{"floor":12.0,"key":"CaptainsWheel"}],"event_choices":[{"damage_healed":0.0,"max_hp_gain":0.0,"max_hp_loss":0.0,"gold_gain":0.0,"event_name":"Wheel of Change","player_choice":"Damaged","floor":10.0,"gold_loss":0.0,"damage_taken":7.0},{"damage_healed":0.0,"max_hp_gain":0.0,"max_hp_loss":0.0,"gold_gain":0.0,"event_name":"Addict","player_choice":"Obtained Relic","floor":21.0,"gold_loss":85.0,"damage_taken":0.0,"relics_obtained":["MawBank"]},{"damage_healed":0.0,"max_hp_gain":0.0,"max_hp_loss":0.0,"gold_gain":0.0,"event_name":"conspire:Investor","player_choice":"Invest 1","floor":25.0,"gold_loss":0.0,"damage_taken":0.0},{"damage_healed":0.0,"max_hp_gain":0.0,"max_hp_loss":0.0,"gold_gain":99.0,"event_name":"Nest","player_choice":"Stole From Cult","floor":27.0,"gold_loss":0.0,"damage_taken":0.0}],"is_beta":false,"boss_relics":[{"not_picked":["conspire:RunicOctahedron","Busted Crown"],"picked":"Replay:Wanted Poster"},{"not_picked":["Kintsugi","Runic Dome"],"picked":"conspire:SpecialSausage"}],"items_purged_floors":[2,31],"is_endless":false,"potions_floor_spawned":[5,13,14,16,18,22,30,37],"killed_by":"Maw","ascension_level":3}}