{"host":"Ceyx","time":1610471841,"event":{"mods":["BaseMod","Beaked The Cultist","Better Match","Better Skull","Better Third Choice","BetterRewards","Conspire","Downfall","Hermit","Hubris","Infinite Spire","KinomotoSakuraMod(????)","Minty Spire (QoL Compilation)","Permanent Neow","Prisma Mod","Replay The Spire","Shop Mod","StSLib","The Alterego","The Jungle","The Poker Player","Waifu the Spire"],"gold_per_floor":[110,60,10,22,39,72,22,34,34,34,34,50,50,50,50,60,60,157,157,175,222,222,244,194,224,224,262,312,349,373,373,394,344,344,444,444,459,514,514,514,319,359,359,391,391,422,462,486,486,509,509,509],"floor_reached":53,"playtime":5566,"items_purged":["alterego_mod:Strike","alterego_mod:Defend","alterego_mod:Strike","Languid","CommonCold","alterego_mod:Stockings"],"score":1025,"play_id":"76b53022-0021-4078-a6dd-ce89cb50f5fa","local_time":"20210113001721","is_ascension_mode":true,"campfire_choices":[{"data":"alterego_mod:Table","floor":10.0,"key":"SMITH"},{"data":"alterego_mod:BigMeatyClaws","floor":26,"key":"SMITH"},{"floor":31,"key":"REST"},{"floor":34,"key":"DIG"},{"floor":43,"key":"REST"},{"floor":51,"key":"DIG"}],"circlet_count":0,"master_deck":["alterego_mod:Defend+1","alterego_mod:Defend","alterego_mod:Defend","alterego_mod:Impale","alterego_mod:BigMeatyClaws+1","alterego_mod:BrynhildrsRune+1","alterego_mod:Table+1","alterego_mod:BiFurious+1","alterego_mod:Swimsuit+1","alterego_mod:IndependentAction+1","alterego_mod:Birthday+1","alterego_mod:BrynhildrRomantia+1","hubris:Greed","alterego_mod:AlterEgo","alterego_mod:Table+1","ReplayTheSpireMod:Book of Names","ClowCardTheErase","ClowCardTheIllusion+1","PrismaMod:MiyuUberAttack+1","alterego_mod:Bunnysuit+1","alterego_mod:GoddessCore+1","ReplayTheSpireMod:??????????????????????+1","Madness","Madness","Sickly","alterego_mod:Swimsuit","alterego_mod:MagicResistance","alterego_mod:IndependentAction","alterego_mod:DiscoLights"],"relics":["alterego_mod:MasochisticConstitution","Smiling Mask","Replay:Multitool","hubris:DisguiseKit","Replay:Ancient Bell","Gremlin Food","hubris:BottledRain","Thread and Needle","Question Card","PrismaticShard","Ancient Tea Set","Calipers","Replay:Mystery Machine","Nunchaku","hubris:FunFungus","Astrolabe","WingedGreaves","Ring of Misfortune","ReplayTheSpireMod:Ring of Collecting","BargainBundle","Art of War","Mirror","ReplayTheSpireMod:Ring of Challenge","hubris:GlazedTorus","CeramicFish","War Paint","conspire:DecoderRing"],"acts_visited":["Exordium","TheCity","TheBeyond"],"potions_floor_usage":[23,27,27,29,38,42,42,44,47,48,50,52,52],"damage_taken":[{"damage":5.0,"enemies":"Cultist","floor":1.0,"turns":4.0},{"damage":13.0,"enemies":"Jaw Worm","floor":4.0,"turns":4.0},{"damage":22.0,"enemies":"Small Slimes","floor":5.0,"turns":5.0},{"damage":16.0,"enemies":"3 Sentries","floor":6.0,"turns":8.0},{"damage":25.0,"enemies":"Exordium Thugs","floor":8.0,"turns":5.0},{"damage":0.0,"enemies":"Large Slime","floor":12.0,"turns":3.0},{"damage":2.0,"enemies":"Looter","floor":16.0,"turns":3.0},{"damage":0.0,"enemies":"Slime Boss","floor":18.0,"turns":6.0},{"damage":31.0,"enemies":"3 Byrds","floor":20.0,"turns":6.0},{"damage":8,"enemies":"Shell Parasite","floor":23,"turns":3},{"damage":14,"enemies":"Gremlin Leader","floor":25,"turns":7},{"damage":31,"enemies":"Book of Stabbing","floor":27,"turns":5},{"damage":44,"enemies":"Slavers","floor":29,"turns":9},{"damage":10,"enemies":"Cultist and Chosen","floor":30,"turns":6},{"damage":24,"enemies":"3 Cultists","floor":32,"turns":6},{"damage":5,"enemies":"Collector","floor":35,"turns":6},{"damage":51,"enemies":"3 Darklings","floor":37,"turns":6},{"damage":0,"enemies":"Mind Bloom Boss Battle","floor":38,"turns":5},{"damage":54,"enemies":"Nemesis","floor":42,"turns":5},{"damage":20,"enemies":"Giant Head","floor":44,"turns":6},{"damage":63,"enemies":"beaked:SuperParasite","floor":46,"turns":11},{"damage":10,"enemies":"Giant Head","floor":47,"turns":5},{"damage":21,"enemies":"Orb Walker","floor":48,"turns":4},{"damage":50,"enemies":"4 Shapes","floor":50,"turns":5},{"damage":55,"enemies":"hubris:GrandSnecko","floor":52,"turns":15}],"seed_played":"-792847360269456446","potions_obtained":[{"floor":4.0,"key":"DistilledChaos"},{"floor":6.0,"key":"Guardian:BlockOnCardUsePotion"},{"floor":8.0,"key":"AttackPotion"},{"floor":16.0,"key":"Fire Potion"},{"floor":21.0,"key":"Fire Potion"},{"floor":23,"key":"Elixir"},{"floor":25,"key":"FearPotion"},{"floor":27,"key":"conspire:TimeTravelPotion"},{"floor":29,"key":"Ancient Potion"},{"floor":32,"key":"infinitespire:BlackPotion"},{"floor":42,"key":"DistilledChaos"},{"floor":46,"key":"Weak Potion"},{"floor":47,"key":"conspire:TimeTravelPotion"},{"floor":49,"key":"hexamod:EctoCoolerPotion"},{"floor":49,"key":"SkillPotion"}],"is_trial":false,"path_per_floor":["M","$","$","M","M","E","$","M","T","R","?","M","R","PTL","PTL","M","R","B",null,"M","?","AVR","M","$","E","R","E","T","E","M","R","M","$","R","B",null,"M","?","?","?","$","E","R","E","T","E","E","M","?","M","R","B",null],"character_chosen":"The_Alterego","items_purchased":["BargainBundle","Energy Potion","Swift Potion","alterego_mod:Stockings","alterego_mod:Swimsuit","alterego_mod:MagicResistance","alterego_mod:IndependentAction","alterego_mod:DiscoLights"],"campfire_rested":2,"item_purchase_floors":[41,41,41,41,41,41,41,41],"current_hp_per_floor":[66,66,66,61,47,32,32,8,8,8,8,8,30,30,30,29,51,53,76,63,44,44,46,46,63,63,35,35,31,42,69,56,56,56,83,95,74,93,80,80,80,52,83,82,82,61,70,82,82,70,70,92],"gold":509,"neow_bonus":"RANDOM_COMMON_RELIC","is_daily":false,"chose_seed":false,"campfire_upgraded":2,"win_rate":0.0,"timestamp":1610471841,"path_taken":["M","?","$","M","M","E","$","M","T","R","?","M","R","PTL","PTL","?","R","BOSS","M","?","AVR","M","?","E","R","E","T","E","?","R","M","$","R","BOSS","M","?","?","?","$","E","R","E","T","E","E","M","?","?","R","BOSS"],"items_purchased_type":["Relic","Potion","Potion","Card","Card","Card","Card","Card"],"build_version":"2020-12-18","purchased_purges":6,"victory":true,"max_hp_per_floor":[71,71,71,72,73,74,74,75,75,75,75,75,75,75,75,76,76,76,76,79,79,79,80,80,81,81,82,82,89,93,93,94,94,94,95,95,99,102,102,102,102,106,106,107,107,112,117,122,122,127,127,128],"card_choices":[{"not_picked":["alterego_mod:Exercise","alterego_mod:RidiculouslyBig"],"picked":"alterego_mod:Table","floor":1.0},{"not_picked":["alterego_mod:Rip","alterego_mod:BoobPocket"],"picked":"alterego_mod:BiFurious","floor":4.0},{"not_picked":["alterego_mod:DiscoLights","alterego_mod:Clones","alterego_mod:Table"],"picked":"SKIP","floor":5.0},{"not_picked":["alterego_mod:PerceptionDisorder","alterego_mod:DiscoLights"],"picked":"alterego_mod:Swimsuit","floor":6.0},{"not_picked":["alterego_mod:Jiggle","alterego_mod:Complex","alterego_mod:PerceptionDisorder"],"picked":"SKIP","floor":8.0},{"not_picked":["alterego_mod:MagicResistance","alterego_mod:Birthday","Run Through"],"picked":"alterego_mod:IndependentAction","floor":12.0},{"not_picked":["alterego_mod:Pet","alterego_mod:Weigh","Armaments"],"picked":"alterego_mod:Birthday","floor":16.0},{"not_picked":["alterego_mod:Alter","alterego_mod:GIGAMILK","conspire:HitWhereItHurts"],"picked":"alterego_mod:BrynhildrRomantia","floor":18.0},{"not_picked":["conspire:NecroticWound","Replay:UnknownCurse","Hallucinations"],"picked":"Languid","floor":19.0},{"not_picked":["Slimebound:Icky","Writhe","Injury"],"picked":"hubris:Greed","floor":19.0},{"not_picked":["ReplayTheSpireMod:Compounding Headache","sneckomod:Bewildered","hexamod:Haunted"],"picked":"CommonCold","floor":19.0},{"not_picked":["alterego_mod:Pet","alterego_mod:DeftHands+1","Flex"],"picked":"alterego_mod:AlterEgo","floor":20.0},{"not_picked":["alterego_mod:Valentines","alterego_mod:DeftHands","hubris:CleavingFinish"],"picked":"alterego_mod:Table+1","floor":21.0},{"not_picked":["FlurryOfBlows","Conserve Battery+1","Weave","Pummel"],"picked":"ClowCardTheErase","floor":23},{"not_picked":["hexamod:SoulSteal+1","beaked:CheekyTricks","BasicCrystalCard+1","Feed"],"picked":"ClowCardTheIllusion+1","floor":25},{"not_picked":["sneckomod:UnknownWeak","Panic Button","Guardian:Gem_Lightblue","Combust"],"picked":"PrismaMod:MiyuUberAttack+1","floor":27},{"not_picked":["champ:AdrenalArmor+1","sneckomod:UnknownBlock","Battle Trance","sneckomod:UnknownUncommonSkill","ReplayTheSpireMod:Corrosion Curse"],"picked":"SKIP","floor":29},{"not_picked":["ClowCardTheWood","Guardian:PolyBeam","beaked:RitualOfBody","Dropkick","conspire:Charge"],"picked":"SKIP","floor":30},{"not_picked":["Guardian:ShieldCharger","Replay:SS_forest_6","alterego_mod:Cycle","hexamod:SwordOfDarkness+1","hubris:ReadiedAction"],"picked":"SKIP","floor":32},{"not_picked":["alterego_mod:PresenceConcealment","Slimebound:ForwardTackle+1","LikeWater","hermit:Combo","Power Through"],"picked":"SKIP","floor":37},{"not_picked":["Fusion","Reinforced Body","sneckomod:UnknownClassINFINITE_BLACK","Swift Strike+1","hubris:ReadiedAction"],"picked":"SKIP","floor":42},{"not_picked":["alterego_mod:Complex","Guardian:Gem_Lightblue","expansioncontent:AwakenDeath+1","champ:PerfectedStrike+1","Spot Weakness"],"picked":"SKIP","floor":44},{"not_picked":["hexamod:Hexaguard+1","champ:StanceDance","ClowCardTheMist","champ:RisingSlash","Fiend Fire"],"picked":"SKIP","floor":46},{"not_picked":["Tantrum","hexamod:FastForward","hexamod:BurningTouch","ClowCardTheThrough","hubris:SharpeningStone"],"picked":"SKIP","floor":47},{"not_picked":["expansioncontent:DonusPower","PokerPlayerMod:Trickery","ClowCardTheRain","hexamod:GhostLash","Clash"],"picked":"SKIP","floor":48},{"not_picked":["PrismaMod:MiyuCheapChannelVul+1","Clash+1","Replay:SS_fish_3","Evaluate+1","Flex"],"picked":"SKIP","floor":50}],"player_experience":626397,"relics_obtained":[{"floor":6.0,"key":"Replay:Multitool"},{"floor":9.0,"key":"hubris:DisguiseKit"},{"floor":21.0,"key":"Question Card"},{"floor":25,"key":"Ancient Tea Set"},{"floor":27,"key":"Calipers"},{"floor":28,"key":"Replay:Mystery Machine"},{"floor":29,"key":"Nunchaku"},{"floor":34,"key":"hubris:FunFungus"},{"floor":38,"key":"WingedGreaves"},{"floor":40,"key":"Ring of Misfortune"},{"floor":40,"key":"ReplayTheSpireMod:Ring of Collecting"},{"floor":42,"key":"Art of War"},{"floor":44,"key":"Mirror"},{"floor":45,"key":"ReplayTheSpireMod:Ring of Challenge"},{"floor":45,"key":"hubris:GlazedTorus"},{"floor":46,"key":"CeramicFish"},{"floor":47,"key":"War Paint"},{"floor":51,"key":"conspire:DecoderRing"}],"event_choices":[{"damage_healed":0,"gold_gain":0,"player_choice":"Fight","damage_taken":0,"max_hp_gain":0,"max_hp_loss":0,"event_name":"MindBloom","floor":38,"gold_loss":0},{"damage_healed":0,"gold_gain":0,"player_choice":"Embrace Madness","damage_taken":13,"max_hp_gain":0,"max_hp_loss":0,"event_name":"Winding Halls","floor":39,"gold_loss":0,"cards_obtained":["Madness","Madness"]},{"damage_healed":0,"gold_gain":0,"player_choice":"Got Potions","damage_taken":0,"max_hp_gain":0,"max_hp_loss":0,"event_name":"Lab","floor":49,"gold_loss":0}],"is_beta":true,"boss_relics":[{"not_picked":["Calling Bell","Ectoplasm"],"picked":"Replay:Ancient Bell"},{"not_picked":["Toy Ornithopter","Strawberry"],"picked":"Gremlin Food"},{"not_picked":["Replay:Bottled Flurry","infinitespire:Midas Blood"],"picked":"hubris:BottledRain"},{"not_picked":["FossilizedHelix","Replay:Kaleidoscope"],"picked":"Thread and Needle"},{"not_picked":["hubris:HollowSoul","hubris:CrackedHourglass"],"picked":"Astrolabe"}],"items_purged_floors":[2,3,7,24,33,41],"is_endless":false,"potions_floor_spawned":[4,6,8,16,23,25,27,29,32,42,46,47],"ascension_level":1}}