{"host":"5ezk7t18wcb10u1o","time":1610466743,"event":{"mods":["BaseMod","Bestiary","Colored Powertips","Minty Spire (QoL Compilation)","Relic Sorter"],"gold_per_floor":[113,113,263,283,295,295,220,220,220,220,246,280,307,344,344,344,344],"floor_reached":16,"playtime":639,"items_purged":["Doubt"],"score":220,"play_id":"cba52073-2637-45db-a02e-348868ae9970","local_time":"20210112155223","is_ascension_mode":true,"campfire_choices":[{"data":"Go for the Eyes","floor":6,"key":"SMITH"},{"data":"Dualcast","floor":8,"key":"SMITH"},{"data":"Zap","floor":10,"key":"SMITH"},{"floor":15,"key":"REST"}],"circlet_count":0,"master_deck":["AscendersBane","Strike_B","Strike_B","Strike_B","Defend_B","Defend_B","Defend_B","Defend_B","Zap+1","Dualcast+1","Go for the Eyes+1","Melter","Coolheaded","Scrape","Leap+1","All For One"],"relics":["Cracked Core","DataDisk","CeramicFish","Toxic Egg 2","Frozen Egg 2"],"acts_visited":["Exordium"],"potions_floor_usage":[12,12,14,16],"damage_taken":[{"damage":1,"enemies":"2 Louse","floor":1,"turns":2},{"damage":6,"enemies":"Small Slimes","floor":4,"turns":4},{"damage":4,"enemies":"Jaw Worm","floor":5,"turns":4},{"damage":0,"enemies":"Looter","floor":11,"turns":2},{"damage":19,"enemies":"Gremlin Nob","floor":12,"turns":4},{"damage":6,"enemies":"3 Louse","floor":13,"turns":2},{"damage":14,"enemies":"3 Sentries","floor":14,"turns":7},{"damage":34,"enemies":"Slime Boss","floor":16,"turns":7}],"seed_played":"277151255051366530","potions_obtained":[{"floor":4,"key":"AttackPotion"},{"floor":11,"key":"GamblersBrew"},{"floor":12,"key":"DistilledChaos"},{"floor":13,"key":"Weak Potion"}],"is_trial":false,"path_per_floor":["M","?","?","M","M","R","$","R","T","R","M","E","M","E","R","B"],"character_chosen":"DEFECT","items_purchased":[],"campfire_rested":1,"item_purchase_floors":[],"current_hp_per_floor":[63,56,56,50,46,46,46,46,46,46,46,27,21,7,28,0,0],"gold":344,"neow_bonus":"RANDOM_COMMON_RELIC","is_daily":false,"chose_seed":false,"campfire_upgraded":3,"win_rate":0.0,"timestamp":1610466743,"path_taken":["M","?","?","M","M","R","$","R","T","R","M","E","M","E","R","BOSS"],"items_purchased_type":[],"build_version":"2020-12-22","purchased_purges":1,"victory":false,"max_hp_per_floor":[71,71,71,71,71,71,71,71,71,71,71,71,71,71,71,71,71],"card_choices":[{"not_picked":["Beam Cell","Redo"],"picked":"Go for the Eyes","floor":1},{"not_picked":["Steam Power","Sweeping Beam"],"picked":"Melter","floor":4},{"not_picked":["Ball Lightning","Sweeping Beam"],"picked":"Coolheaded","floor":5},{"not_picked":["Undo","Gash"],"picked":"Scrape","floor":11},{"not_picked":["Rainbow+1","Beam Cell","Capacitor"],"picked":"SKIP","floor":12},{"not_picked":["Streamline","Consume+1"],"picked":"Leap+1","floor":13},{"not_picked":["Stack+1","Redo+1"],"picked":"All For One","floor":14}],"player_experience":1120957,"relics_obtained":[{"floor":9,"key":"CeramicFish"},{"floor":12,"key":"Toxic Egg 2"},{"floor":14,"key":"Frozen Egg 2"}],"event_choices":[{"cards_removed":["Strike_B"],"damage_healed":0,"gold_gain":0,"player_choice":"Card Removal","damage_taken":7,"max_hp_gain":0,"max_hp_loss":0,"event_name":"Golden Wing","floor":2,"gold_loss":0},{"damage_healed":0,"gold_gain":150,"player_choice":"AGREE","damage_taken":0,"max_hp_gain":0,"max_hp_loss":0,"event_name":"Liars Game","floor":3,"gold_loss":0,"cards_obtained":["Doubt"]}],"is_beta":false,"boss_relics":[],"items_purged_floors":[7],"is_endless":false,"potions_floor_spawned":[4,11,12,13],"killed_by":"Slime Boss","ascension_level":20}}