{"host":"cv6i479uilws7tk5","time":1610475772,"event":{"mods":["BaseMod","Better Altar","Better Match","Better Note","Better Sensory Stone","Better Skull","Better Third Choice","Energized Spire","Highlight Path","Minty Spire (QoL Compilation)","Rare Cards Sparkle","Relic Stats","StSLib"],"gold_per_floor":[113,113,113,125,138,138,165,165,192,192,192,192],"floor_reached":11,"playtime":298,"items_purged":[],"score":96,"play_id":"d72ba7c8-594e-406d-9c2e-f361f038985f","local_time":"20210112112252","is_ascension_mode":true,"campfire_choices":[{"floor":6,"key":"REST"},{"floor":8,"key":"REST"}],"circlet_count":0,"master_deck":["Strike_B","Strike_B","Strike_B+1","Strike_B","Defend_B","Defend_B","Defend_B","Defend_B","Zap","Dualcast","Gash","Enlightenment+1","Go for the Eyes","Genetic Algorithm"],"relics":["Cracked Core","Bird Faced Urn","CeramicFish","Pen Nib"],"acts_visited":["Exordium"],"potions_floor_usage":[7],"damage_taken":[{"damage":17,"enemies":"Small Slimes","floor":1,"turns":4},{"damage":13,"enemies":"Jaw Worm","floor":4,"turns":4},{"damage":7,"enemies":"2 Louse","floor":5,"turns":3},{"damage":30,"enemies":"Gremlin Nob","floor":7,"turns":5},{"damage":37,"enemies":"3 Sentries","floor":11,"turns":6}],"seed_played":"2256915622456734418","potions_obtained":[{"floor":1,"key":"Weak Potion"},{"floor":5,"key":"SpeedPotion"}],"is_trial":false,"path_per_floor":["M","?","?","M","M","R","E","R","T","?","E"],"character_chosen":"DEFECT","items_purchased":[],"campfire_rested":2,"item_purchase_floors":[],"current_hp_per_floor":[51,56,56,43,36,57,27,48,48,33,0,0],"gold":192,"neow_bonus":"ONE_RARE_RELIC","is_daily":false,"chose_seed":false,"campfire_upgraded":0,"win_rate":0.0,"timestamp":1610475772,"path_taken":["M","?","?","M","M","R","E","R","T","?","E"],"items_purchased_type":[],"build_version":"2020-12-22","purchased_purges":0,"victory":false,"max_hp_per_floor":[68,73,73,73,73,73,73,73,73,73,73,73],"relic_stats":{"counters":[5,22],"Bird Faced Urn":[0],"CeramicFish":0,"Pen Nib":[1],"obtain_stats":[{"Bird Faced Urn":0,"CeramicFish":7,"Pen Nib":9,"Cracked Core":0},{"Bird Faced Urn":0,"CeramicFish":4,"Pen Nib":4,"Cracked Core":0},{"Bird Faced Urn":0,"CeramicFish":16,"Pen Nib":16,"Cracked Core":0}]},"card_choices":[{"not_picked":["Doom and Gloom","Barrage"],"picked":"Gash","floor":1},{"not_picked":["Madness","Mind Blast"],"picked":"Enlightenment","floor":3},{"not_picked":["Leap","Turbo"],"picked":"Go for the Eyes","floor":4},{"not_picked":["Go for the Eyes","Defragment"],"picked":"Genetic Algorithm","floor":5},{"not_picked":["Auto Shields","Steam","Stack"],"picked":"SKIP","floor":7}],"player_experience":332721,"relics_obtained":[{"floor":7,"key":"CeramicFish"},{"floor":9,"key":"Pen Nib"}],"event_choices":[{"damage_healed":0,"gold_gain":0,"player_choice":"Donut","damage_taken":0,"max_hp_gain":5,"max_hp_loss":0,"event_name":"Big Fish","floor":2,"gold_loss":0},{"damage_healed":0,"gold_gain":1,"player_choice":"1","damage_taken":0,"max_hp_gain":0,"max_hp_loss":0,"event_name":"betterStone:BetterStone","floor":3,"gold_loss":0},{"damage_healed":48,"gold_gain":0,"player_choice":"Upgrade","damage_taken":15,"max_hp_gain":0,"max_hp_loss":73,"event_name":"betterThird:BetterShining","floor":10,"gold_loss":0,"cards_upgraded":["Enlightenment","Strike_B"]}],"is_beta":false,"boss_relics":[],"items_purged_floors":[],"is_endless":false,"potions_floor_spawned":[1,5],"killed_by":"3 Sentries","ascension_level":7}}