{"host":"athd8lg4sftw81ak","time":1610411455,"event":{"mods":["BaseMod","Downfall","Hermit","Jorbs\u0027s Wanderer Trilogy","Minty Spire (QoL Compilation)","StSLib"],"gold_per_floor":[116,116,116,135,5,34,34,44,113,113,63,88,116,142,154,262,274,303,327,23,43,63,95,95,123,176,208,219,219,54,84,84,184,184,194,209,209,139,139,171,71,71,71],"floor_reached":42,"playtime":1786,"items_purged":["Shame","Strike_B"],"score":647,"play_id":"22eef4bf-6b7a-4751-8df7-4036c443584e","local_time":"20210111183055","is_ascension_mode":true,"campfire_choices":[{"data":"Chaos","floor":7.0,"key":"SMITH"},{"data":"Zap","floor":10.0,"key":"SMITH"},{"data":"Darkness","floor":15.0,"key":"SMITH"},{"floor":24.0,"key":"REST"},{"floor":32,"key":"REST"}],"circlet_count":0,"master_deck":["Strike_B","Strike_B+1","Defend_B","Defend_B","Defend_B","Defend_B+1","Zap+1","Dualcast","Streamline","Chaos+1","Compile Driver","Darkness+1","Conserve Battery+1","FTL","Cold Snap","Buffer","Coolheaded","expansioncontent:DashGenerateEvil","BootSequence","Go for the Eyes","Reinforced Body+1","Undo","Loop","Hologram","Barrage+1","Multi-Cast","Darkness+1","Barrage+1","Chill","expansioncontent:DashGenerateEvil","Buffer","Parasite"],"relics":["Cracked Core","NeowsBlessing","Pen Nib","Bottled Flame","Meat on the Bone","MawBank","SlaversCollar","Runic Capacitor","Symbiotic Virus","Ancient Tea Set","Lantern","Strawberry","Vajra","War Paint","Inserter","Art of War"],"acts_visited":["Exordium","TheCity","TheBeyond"],"potions_floor_usage":[33],"damage_taken":[{"damage":0.0,"enemies":"Small Slimes","floor":1.0,"turns":1.0},{"damage":0.0,"enemies":"2 Louse","floor":4.0,"turns":1.0},{"damage":0.0,"enemies":"Gremlin Nob","floor":6.0,"turns":1.0},{"damage":6.0,"enemies":"Cultist","floor":8.0,"turns":3.0},{"damage":11.0,"enemies":"3 Sentries","floor":12.0,"turns":5.0},{"damage":2.0,"enemies":"3 Louse","floor":13.0,"turns":3.0},{"damage":14.0,"enemies":"Exordium Wildlife","floor":14.0,"turns":4.0},{"damage":26.0,"enemies":"Slime Boss","floor":16.0,"turns":4.0},{"damage":5.0,"enemies":"Chosen","floor":18.0,"turns":3.0},{"damage":7.0,"enemies":"3 Byrds","floor":19.0,"turns":5.0},{"damage":19.0,"enemies":"Centurion and Healer","floor":21.0,"turns":7.0},{"damage":10.0,"enemies":"Snecko","floor":22.0,"turns":5.0},{"damage":11.0,"enemies":"Slavers","floor":23.0,"turns":5.0},{"damage":2.0,"enemies":"Gremlin Leader","floor":25.0,"turns":6.0},{"damage":18.0,"enemies":"Book of Stabbing","floor":27.0,"turns":3.0},{"damage":18,"enemies":"Snake Plant","floor":28,"turns":5},{"damage":19,"enemies":"Slavers","floor":31,"turns":5},{"damage":7,"enemies":"Collector","floor":33,"turns":10},{"damage":29,"enemies":"3 Darklings","floor":35,"turns":7},{"damage":0,"enemies":"3 Shapes","floor":36,"turns":4},{"damage":14,"enemies":"Nemesis","floor":40,"turns":6},{"damage":52,"enemies":"Writhing Mass","floor":42,"turns":6}],"seed_played":"6101076039082851245","potions_obtained":[{"floor":6.0,"key":"SkillPotion"},{"floor":8.0,"key":"SpeedPotion"},{"floor":14.0,"key":"Guardian:BlockOnCardUsePotion"},{"floor":16.0,"key":"SkillPotion"},{"floor":18.0,"key":"sneckomod:MuddlingPotion"},{"floor":21.0,"key":"SkillPotion"},{"floor":23.0,"key":"EssenceOfSteel"},{"floor":25.0,"key":"DuplicationPotion"},{"floor":36,"key":"Guardian:BlockOnCardUsePotion"}],"is_trial":false,"path_per_floor":["M","?","?","M","$","E","R","M","T","R","?","E","M","M","R","B",null,"M","M","$","M","M","E","R","E","T","E","M","?","$","E","R","B",null,"M","M","?","$","?","E","$","M"],"character_chosen":"DEFECT","items_purchased":["Compile Driver","Darkness","expansioncontent:DashGenerateEvil","Runic Capacitor","Loop","Hologram","Chill"],"campfire_rested":2,"item_purchase_floors":[5,5,20,20,30,30,38],"current_hp_per_floor":[75,60,57,57,57,57,57,51,51,51,51,40,38,36,36,22,75,70,63,63,44,46,47,69,67,67,56,50,50,50,43,67,60,82,53,53,53,53,53,51,51,0,0],"gold":71,"neow_bonus":"THREE_ENEMY_KILL","is_daily":false,"chose_seed":false,"campfire_upgraded":3,"win_rate":0.0,"timestamp":1610411455,"path_taken":["M","?","?","M","$","E","R","M","T","R","?","E","M","M","R","BOSS","M","M","$","M","M","E","R","E","T","E","M","?","$","E","R","BOSS","M","M","?","$","?","E","$","?"],"items_purchased_type":["Card","Card","Card","Relic","Card","Card","Card"],"build_version":"2020-12-22","purchased_purges":2,"victory":false,"max_hp_per_floor":[75,75,75,75,75,75,75,75,75,75,75,75,75,75,75,75,75,75,75,75,75,75,75,75,75,75,82,82,82,82,82,82,82,82,82,82,82,82,82,82,82,82,82],"card_choices":[{"not_picked":["Coolheaded","Turbo"],"picked":"Streamline","floor":1.0},{"not_picked":["Aggregate","Blizzard"],"picked":"Chaos","floor":4.0},{"not_picked":["Turbo","Rebound"],"picked":"Conserve Battery","floor":6.0},{"not_picked":["Rebound","Darkness","Tempest"],"picked":"SKIP","floor":8.0},{"not_picked":["Heatsinks","Ball Lightning"],"picked":"FTL","floor":12.0},{"not_picked":["Fusion","Redo"],"picked":"Cold Snap","floor":13.0},{"not_picked":["Compile Driver","Fusion","Cold Snap"],"picked":"SKIP","floor":14.0},{"not_picked":["Thunder Strike","Core Surge"],"picked":"Buffer","floor":16.0},{"not_picked":["Beam Cell","Streamline","Redo"],"picked":"SKIP","floor":18.0},{"not_picked":["Chaos","Ball Lightning"],"picked":"Coolheaded","floor":19.0},{"not_picked":["Conserve Battery","FTL"],"picked":"BootSequence","floor":21.0},{"not_picked":["Barrage","Sweeping Beam"],"picked":"Go for the Eyes","floor":22.0},{"not_picked":["Steam","Reprogram+1"],"picked":"Reinforced Body","floor":23.0},{"not_picked":["All For One","Streamline+1","Lockon"],"picked":"SKIP","floor":25.0},{"not_picked":["Cold Snap+1","Coolheaded+1"],"picked":"Undo","floor":27.0},{"not_picked":["Rebound","Stack","Ball Lightning"],"picked":"SKIP","floor":28},{"not_picked":["Gash","Coolheaded"],"picked":"Barrage+1","floor":31},{"not_picked":["Core Surge","Meteor Strike"],"picked":"Multi-Cast","floor":33},{"not_picked":["Go for the Eyes+1","Beam Cell"],"picked":"Darkness+1","floor":35},{"not_picked":["Tempest","Storm"],"picked":"Barrage+1","floor":36},{"not_picked":["Ball Lightning","Barrage"],"picked":"Buffer","floor":40}],"player_experience":582802,"relics_obtained":[{"floor":6.0,"key":"Bottled Flame"},{"floor":9.0,"key":"Meat on the Bone"},{"floor":12.0,"key":"MawBank"},{"floor":23.0,"key":"Symbiotic Virus"},{"floor":25.0,"key":"Ancient Tea Set"},{"floor":26.0,"key":"Lantern"},{"floor":27.0,"key":"Strawberry"},{"floor":31,"key":"War Paint"},{"floor":40,"key":"Art of War"}],"event_choices":[{"damage_healed":0.0,"max_hp_gain":0.0,"max_hp_loss":0.0,"gold_gain":0.0,"event_name":"Shining Light","player_choice":"Entered Light","floor":2.0,"gold_loss":0.0,"damage_taken":15.0,"cards_upgraded":["Strike_B","Defend_B"]},{"damage_healed":0.0,"max_hp_gain":0.0,"max_hp_loss":0.0,"gold_gain":0.0,"event_name":"Scrap Ooze","player_choice":"Success","floor":3.0,"gold_loss":0.0,"damage_taken":3.0,"relics_obtained":["Pen Nib"]},{"cards_removed":["Strike_B"],"damage_healed":0.0,"max_hp_gain":0.0,"max_hp_loss":0.0,"gold_gain":0.0,"event_name":"The Cleric","player_choice":"Card Removal","floor":11.0,"gold_loss":50.0,"damage_taken":0.0},{"damage_healed":0,"gold_gain":0,"player_choice":"Stole Relic","damage_taken":0,"relics_obtained":["Vajra"],"max_hp_gain":0,"max_hp_loss":0,"event_name":"Addict","floor":29,"gold_loss":0,"cards_obtained":["Shame"]},{"damage_healed":0,"gold_gain":0,"player_choice":"Ignored","damage_taken":0,"max_hp_gain":0,"max_hp_loss":0,"event_name":"Mysterious Sphere","floor":37,"gold_loss":0},{"damage_healed":0,"gold_gain":0,"player_choice":"Copied","damage_taken":0,"max_hp_gain":0,"max_hp_loss":0,"event_name":"Duplicator","floor":39,"gold_loss":0,"cards_obtained":["expansioncontent:DashGenerateEvil"]}],"is_beta":false,"boss_relics":[{"not_picked":["Busted Crown","Philosopher\u0027s Stone"],"picked":"SlaversCollar"},{"not_picked":["Fusion Hammer","Snecko Eye"],"picked":"Inserter"}],"items_purged_floors":[30,41],"is_endless":false,"potions_floor_spawned":[6,8,14,16,18,21,23,25,36],"killed_by":"Writhing Mass","ascension_level":4}}