{"host":"ch0czqmvyp36vaf6","time":1610433089,"event":{"mods":["BaseMod","CapriCore","Friendly Minions","GungeonMod","Hermit","Highlight Path","Koishi","Lobotomy","Marisa£¨Ùöéë¡¡Øª×âÞÞ£©","Minty Spire (QoL Compilation)","Quick Restart","StSLib","The Animator","The Bug Knight","The Cursed","The Dragon Tamer","The Gatherer","The Hierophant","The Immortal","The Poker Player","The Runesmith"],"gold_per_floor":[113,38,58,68,143,143,159,159,159,159,12,42,57,76,76,178,178,195,213,213],"floor_reached":19,"playtime":580,"items_purged":["animator:Rider","animator:Strike"],"score":221,"play_id":"f55c0914-35ad-4287-9e5c-7087ec185422","local_time":"20210112153129","is_ascension_mode":false,"campfire_choices":[{"data":"animator:IrohaTamaki","floor":6,"key":"SMITH"},{"data":"animator:Megumin+1","floor":8,"key":"SMITH"},{"data":"animator:IrohaTamaki","floor":15,"key":"SMITH"}],"circlet_count":0,"master_deck":["animator:Strike_Fate","animator:Defend_Fate","animator:Defend","animator:Defend","animator:Defend","animator:Alexander","animator:Megumin+8","animator:IrohaTamaki+1","animator:Mitsurugi","animator:IrohaTamaki+1","animator:Shinoa","animator:Yoichi+1"],"relics":["animator:LivingPicture","animator:TheMissingPiece","animator:PurgingStone","Lantern","Calipers","DemoMod:GlassGuonStoneRelic","Mercury Hourglass","Empty Cage"],"acts_visited":["Exordium","TheCity"],"potions_floor_usage":[7,16,18,18,18,19],"damage_taken":[{"damage":1,"enemies":"Jaw Worm","floor":1,"turns":4},{"damage":0,"enemies":"2 Louse","floor":3,"turns":1},{"damage":4,"enemies":"Small Slimes","floor":4,"turns":2},{"damage":0,"enemies":"Looter","floor":7,"turns":3},{"damage":24,"enemies":"Gremlin Nob","floor":12,"turns":5},{"damage":0,"enemies":"Blue Slaver","floor":13,"turns":3},{"damage":0,"enemies":"Large Slime","floor":14,"turns":3},{"damage":0,"enemies":"Slime Boss","floor":16,"turns":6},{"damage":0,"enemies":"Spheric Guardian","floor":18,"turns":3},{"damage":0,"enemies":"Chosen","floor":19,"turns":8}],"seed_played":"-7034788738014887613","potions_obtained":[{"floor":3,"key":"Block Potion"},{"floor":14,"key":"CultistPotion"},{"floor":16,"key":"EntropicBrew"},{"floor":19,"key":"PowerPotion"}],"is_trial":false,"path_per_floor":["M","$","M","M","?","R","M","R","T","?","$","E","M","M","R","B",null,"M","M"],"character_chosen":"THE_ANIMATOR","items_purchased":["animator:IrohaTamaki"],"campfire_rested":0,"item_purchase_floors":[11],"current_hp_per_floor":[65,65,65,61,50,50,50,50,50,50,50,26,26,26,26,26,66,66,66,66],"gold":213,"neow_bonus":"RANDOM_COMMON_RELIC","is_daily":false,"chose_seed":false,"campfire_upgraded":3,"win_rate":0.0,"timestamp":1610433089,"path_taken":["M","$","M","M","?","R","M","R","T","?","$","E","M","M","R","BOSS","M","M"],"items_purchased_type":["Card"],"build_version":"2020-12-22","purchased_purges":2,"victory":false,"max_hp_per_floor":[66,66,66,66,66,66,66,66,66,66,66,66,66,66,66,66,66,66,66,66],"card_choices":[{"not_picked":["animator:Shion","animator:FielNirvalen"],"picked":"animator:Megumin","floor":1},{"not_picked":["animator:Yuuichirou","animator:Nanami"],"picked":"animator:IrohaTamaki","floor":3},{"not_picked":["animator:Genos","animator:ZankiKiguchi"],"picked":"animator:Mitsurugi","floor":4},{"not_picked":["animator:LizardPriest","animator:Arpeggio"],"picked":"animator:Shinoa","floor":12},{"not_picked":["animator:MaesHughes","animator:UneriGinkaku","animator:Tyuule"],"picked":"SKIP","floor":13},{"not_picked":["animator:Tet","animator:UneriGinkaku","animator:GazelDwargon"],"picked":"SKIP","floor":14},{"not_picked":["animator:Caster","animator:Genos"],"picked":"animator:Yoichi+1","floor":19}],"player_experience":420059,"relics_obtained":[{"floor":9,"key":"Calipers"},{"floor":12,"key":"Mercury Hourglass"}],"event_choices":[{"damage_healed":0,"gold_gain":75,"player_choice":"Gather Gold","damage_taken":11,"max_hp_gain":0,"max_hp_loss":0,"event_name":"World of Goop","floor":5,"gold_loss":0}],"is_beta":false,"boss_relics":[{"not_picked":["SlaversCollar","Fusion Hammer"],"picked":"Empty Cage"}],"items_purged_floors":[2,11],"is_endless":false,"potions_floor_spawned":[3,14,16,19],"killed_by":"Chosen","ascension_level":0}}