{"host":"gf95gjygaqy6b70i","time":1610490996,"event":{"mods":["BaseMod","Colored Map","Colored Powertips","Minty Spire (QoL Compilation)"],"gold_per_floor":[117,117,117,135,145,145,171,171,216,230,246,3,3,20,20,117,117,117,117,117,117,117,117,93,93,93,93,93,93,93,93,93,93,93],"floor_reached":33,"language":"ENG","playtime":1179,"items_purged":[],"score":282,"play_id":"0d9087e9-119a-4ae0-ba8d-23520f5964f3","local_time":"20210112233636","is_ascension_mode":true,"campfire_choices":[{"data":"Poisoned Stab","floor":6,"key":"SMITH"},{"floor":13,"key":"REST"},{"floor":15,"key":"REST"},{"floor":23,"key":"REST"},{"floor":29,"key":"REST"},{"floor":32,"key":"REST"}],"circlet_count":0,"master_deck":["Strike_G","Strike_G","Strike_G","Strike_G","Defend_G","Defend_G","Defend_G","Defend_G","Defend_G","Survivor","Neutralize+1","Dagger Throw","Poisoned Stab+1","Accuracy","Cloak And Dagger","Well Laid Plans","Crippling Poison","Sadistic Nature","Noxious Fumes","Flying Knee","After Image","Dodge and Roll","Backflip","Slice","Noxious Fumes+1","Blade Dance","Adrenaline","Poisoned Stab","Venomology"],"relics":["Philosopher\u0027s Stone","Tiny Chest","Vajra","Ectoplasm","Nilry\u0027s Codex","Art of War","Boot","Centennial Puzzle"],"acts_visited":["Exordium","TheCity"],"potions_floor_usage":[10,14,28,28,30],"damage_taken":[{"damage":0,"enemies":"Jaw Worm","floor":1,"turns":5},{"damage":0,"enemies":"2 Louse","floor":4,"turns":2},{"damage":1,"enemies":"Small Slimes","floor":5,"turns":4},{"damage":20,"enemies":"Lagavulin","floor":7,"turns":6},{"damage":10,"enemies":"Exordium Thugs","floor":10,"turns":4},{"damage":26,"enemies":"Gremlin Gang","floor":11,"turns":5},{"damage":0,"enemies":"Lots of Slimes","floor":14,"turns":3},{"damage":3,"enemies":"Slime Boss","floor":16,"turns":8},{"damage":22,"enemies":"3 Byrds","floor":18,"turns":5},{"damage":7,"enemies":"Chosen","floor":20,"turns":4},{"damage":35,"enemies":"3 Cultists","floor":25,"turns":6},{"damage":8,"enemies":"Cultist and Chosen","floor":27,"turns":6},{"damage":21,"enemies":"Gremlin Leader","floor":28,"turns":7},{"damage":7,"enemies":"Chosen and Byrds","floor":30,"turns":5},{"damage":12,"enemies":"Snecko","floor":31,"turns":4},{"damage":37,"enemies":"Champ","floor":33,"turns":8}],"seed_played":"2965609567710359042","potions_obtained":[{"floor":4,"key":"LiquidMemories"},{"floor":5,"key":"FairyPotion"},{"floor":10,"key":"SkillPotion"},{"floor":18,"key":"SpeedPotion"},{"floor":25,"key":"SpeedPotion"},{"floor":30,"key":"Fruit Juice"}],"is_trial":false,"path_per_floor":["M","?","?","M","M","R","E","?","T","M","M","$","R","M","R","B",null,"M","?","M","?","T","R","$","M","T","M","E","R","M","M","R","B"],"character_chosen":"THE_SILENT","items_purchased":["Sadistic Nature","Noxious Fumes","Slice"],"campfire_rested":5,"item_purchase_floors":[12,12,24],"current_hp_per_floor":[70,70,70,70,69,69,49,42,42,32,6,6,27,27,48,45,70,48,48,41,25,25,46,46,11,11,3,8,29,27,15,37,0,0],"gold":93,"neow_bonus":"BOSS_RELIC","is_daily":false,"chose_seed":false,"campfire_upgraded":1,"win_rate":0.0,"timestamp":1610490996,"path_taken":["M","?","?","M","M","R","E","?","T","M","M","$","R","M","R","BOSS","M","?","M","?","?","R","$","?","T","M","E","R","M","?","R","BOSS"],"items_purchased_type":["Card","Card","Card"],"build_version":"2020-12-22","purchased_purges":0,"victory":false,"max_hp_per_floor":[70,70,70,70,70,70,70,70,70,70,70,70,70,70,70,70,70,70,70,70,70,70,70,70,70,70,70,70,70,75,75,75,75,75],"card_choices":[{"not_picked":["PiercingWail","Acrobatics"],"picked":"Dagger Throw","floor":1},{"not_picked":["Acrobatics","Distraction"],"picked":"Poisoned Stab","floor":4},{"not_picked":["Venomology","Outmaneuver"],"picked":"Accuracy","floor":5},{"not_picked":["Flechettes","Dagger Spray"],"picked":"Cloak And Dagger","floor":7},{"not_picked":["Expertise","Deflect"],"picked":"Well Laid Plans","floor":10},{"not_picked":["Outmaneuver","Deflect"],"picked":"Crippling Poison","floor":11},{"not_picked":["Poisoned Stab","Sucker Punch"],"picked":"Flying Knee","floor":14},{"not_picked":["Malaise","Storm of Steel"],"picked":"After Image","floor":16},{"not_picked":["Masterful Stab","Catalyst"],"picked":"Dodge and Roll","floor":18},{"not_picked":["Dagger Spray","Riddle With Holes"],"picked":"Backflip","floor":20},{"not_picked":["Dagger Spray+1","Flying Knee+1"],"picked":"Noxious Fumes+1","floor":25},{"not_picked":["Skewer","Deadly Poison"],"picked":"Blade Dance","floor":27},{"not_picked":["Prepared+1","Expertise+1"],"picked":"Adrenaline","floor":28},{"not_picked":["Bane","Prepared"],"picked":"Poisoned Stab","floor":30},{"not_picked":["Choke","Reflex"],"picked":"Venomology","floor":31}],"player_experience":65495,"relics_obtained":[{"floor":7,"key":"Tiny Chest"},{"floor":9,"key":"Vajra"},{"floor":21,"key":"Nilry\u0027s Codex"},{"floor":22,"key":"Art of War"},{"floor":26,"key":"Boot"},{"floor":28,"key":"Centennial Puzzle"}],"event_choices":[{"damage_healed":0,"gold_gain":0,"player_choice":"Grow","damage_taken":0,"max_hp_gain":0,"max_hp_loss":0,"event_name":"Living Wall","floor":2,"gold_loss":0,"cards_upgraded":["Neutralize"]},{"damage_healed":0,"gold_gain":0,"player_choice":"Ignored","damage_taken":0,"max_hp_gain":0,"max_hp_loss":0,"event_name":"Liars Game","floor":3,"gold_loss":0},{"cards_removed":["Strike_G"],"damage_healed":0,"gold_gain":0,"player_choice":"Card Removal","damage_taken":7,"max_hp_gain":0,"max_hp_loss":0,"event_name":"Golden Wing","floor":8,"gold_loss":0},{"damage_healed":0,"gold_gain":0,"player_choice":"Ignored","damage_taken":0,"max_hp_gain":0,"max_hp_loss":0,"event_name":"Beggar","floor":19,"gold_loss":0},{"damage_healed":0,"gold_gain":0,"player_choice":"Obtained Book","damage_taken":16,"max_hp_gain":0,"max_hp_loss":0,"event_name":"Cursed Tome","floor":21,"gold_loss":0}],"is_beta":false,"boss_relics":[{"not_picked":["Snecko Eye","Runic Pyramid"],"picked":"Ectoplasm"}],"items_purged_floors":[],"is_endless":false,"potions_floor_spawned":[4,5,10,18,25,30],"killed_by":"Champ","ascension_level":1}}