{"host":"rcus31dlwi4i4y2l","time":1610461160,"event":{"mods":["AchievementEnabler","BaseMod","Downfall","Googly Eyes","Hermit","Marisa????????","Minty Spire (QoL Compilation)","StSLib","The Cursed"],"gold_per_floor":[99,99,99,99,199,199,199,299,326,326,326,79,4,0,17,114,114,114,126,293,309,309,324,349,376,390,240,250,260,106,106,124,222,272,272,286,296,296,365,365,389,416,478,504,533,556,568,632,655,667,679,718,185,185,185],"floor_reached":56,"playtime":7397,"items_purged":["Slimebound:Strike_Slimebound","Slimebound:Defend_Slimebound","Slimebound:FlameTackle"],"score":1195,"play_id":"5da71d2e-dade-4e58-a71a-a4c9fccdd4d0","local_time":"20210112081920","is_ascension_mode":false,"campfire_choices":[{"data":"Slimebound:Split","floor":1,"key":"SMITH"},{"data":"Slimebound:CorrosiveSpit","floor":10,"key":"SMITH"},{"floor":13,"key":"REST"},{"floor":18,"key":"RECALL"},{"floor":27,"key":"REST"},{"data":"Slimebound:AcidTongue","floor":35,"key":"SMITH"},{"floor":54,"key":"DIG"}],"circlet_count":0,"master_deck":["Slimebound:Tackle","Slimebound:Defend_Slimebound","Slimebound:Split+1","Slimebound:CorrosiveSpit+1","Slimebound:SplitBruiser","Slimebound:PressTheAttack+1","Slimebound:RainOfGoop+1","Slimebound:RollThrough","Slimebound:SplitMire","Slimebound:LeechingTouch","Slimebound:AcidTongue+1","Slimebound:PressTheAttack","Slimebound:Schlurp","Slimebound:LeechEnergy","Slimebound:OneTwoCombo","Slimebound:Dissolve+1","Slimebound:Overexert+1","Slimebound:SlimeSlap+1","Slimebound:GoopSpray","Slimebound:LeechingTouch","Slimebound:SplitMire","Slimebound:SlimeSpikes+1","Slimebound:LeechEnergy+1","Slimebound:GrowthPunch","Slimebound:SplitBruiser","Slimebound:SlimeSpikes+1","Slimebound:RallyTheTroops","Slimebound:LeadByExample","Slimebound:SpikyOuterGoop+1","Slimebound:SplitMire","Slimebound:Darklings","Slimebound:SplitBruiser+1","Slimebound:SplitMire","Slimebound:Gluttony+1","Slimebound:RejuvenatingLick+1","Slimebound:OneTwoCombo","Slimebound:TongueLash+1"],"relics":["Slimebound:AbsorbEndCombat","downfall:HeartsMalice","Tiny Chest","downfall:HeartBlessingGreen","Astrolabe","downfall:RedIOU","Omamori","downfall:HeartBlessingRed","downfall:HeartBlessingBlue","Slimebound:AggressiveSlimeRelic","Nilry\u0027s Codex","Tiny House","White Beast Statue","Gremlin Horn","MawBank","Shovel","TungstenRod","Prayer Wheel","Blue Candle","Membership Card","Gambling Chip","Oddly Smooth Stone","Shuriken"],"acts_visited":["Exordium","TheCity","TheBeyond","TheEnding"],"potions_floor_usage":[42,42,46,48,48,48,49,50,55,55,55],"damage_taken":[{"damage":0,"enemies":"Cultist","floor":2,"turns":1},{"damage":0,"enemies":"Small Slimes","floor":4,"turns":1},{"damage":0,"enemies":"Jaw Worm","floor":6,"turns":1},{"damage":48,"enemies":"downfall:Heads","floor":8,"turns":5},{"damage":33,"enemies":"Lagavulin","floor":9,"turns":5},{"damage":22,"enemies":"downfall:FleeingMerchant","floor":12,"turns":4},{"damage":20,"enemies":"downfall:FleeingMerchant","floor":14,"turns":4},{"damage":20,"enemies":"Large Slime","floor":15,"turns":3},{"damage":42,"enemies":"downfall:Ironclad","floor":16,"turns":6},{"damage":23,"enemies":"3 Byrds","floor":19,"turns":3},{"damage":28,"enemies":"downfall:FleeingMerchant","floor":20,"turns":4},{"damage":40,"enemies":"Centurion and Healer","floor":21,"turns":3},{"damage":16,"enemies":"Snecko","floor":23,"turns":3},{"damage":40,"enemies":"Snake Plant","floor":26,"turns":3},{"damage":8,"enemies":"Centurion and Healer","floor":28,"turns":4},{"damage":29,"enemies":"Snecko","floor":29,"turns":4},{"damage":8,"enemies":"Chosen and Byrds","floor":32,"turns":2},{"damage":57,"enemies":"downfall:Defect","floor":33,"turns":5},{"damage":20,"enemies":"3 Shapes","floor":36,"turns":2},{"damage":49,"enemies":"3 Darklings","floor":37,"turns":3},{"damage":39,"enemies":"Writhing Mass","floor":42,"turns":4},{"damage":24,"enemies":"Mind Bloom Boss Battle","floor":43,"turns":3},{"damage":42,"enemies":"Maw","floor":44,"turns":4},{"damage":43,"enemies":"3 Darklings","floor":45,"turns":4},{"damage":49,"enemies":"4 Shapes","floor":46,"turns":3},{"damage":45,"enemies":"2 Orb Walkers","floor":48,"turns":4},{"damage":25,"enemies":"Spire Growth","floor":49,"turns":3},{"damage":57,"enemies":"downfall:Silent","floor":50,"turns":5},{"damage":87,"enemies":"downfall:CharBossMerchant","floor":52,"turns":4},{"damage":79,"enemies":"downfall:NeowBoss","floor":55,"turns":15}],"seed_played":"-4250049060657289780","potions_obtained":[{"floor":8,"key":"LiquidBronze"},{"floor":15,"key":"champ:CounterPotion"},{"floor":16,"key":"Strength Potion"},{"floor":19,"key":"Slimebound:SlimedPotion"},{"floor":29,"key":"Swift Potion"},{"floor":32,"key":"LiquidMemories"},{"floor":34,"key":"BlessingOfTheForge"},{"floor":42,"key":"LiquidBronze"},{"floor":43,"key":"sneckomod:MuddlingPotion"},{"floor":44,"key":"Fruit Juice"},{"floor":46,"key":"EssenceOfSteel"},{"floor":48,"key":"Block Potion"},{"floor":49,"key":"Weak Potion"},{"floor":52,"key":"hexamod:EctoCoolerPotion"}],"is_trial":false,"path_per_floor":["R","M","?","M","?","M","T","?","E","R","?","$","R","$","M","B",null,"R","M","$","M","?","M","T","T","M","R","M","M","$","?","M","B",null,"R","M","M","?","T","?","T","M","?","M","M","M","T","?","M","B",null,"E","$","R","B",null],"character_chosen":"SLIMEBOUND","items_purchased":["Slimebound:LeechingTouch","Slimebound:AcidTongue","Slimebound:PressTheAttack","Slimebound:SplitMire","Slimebound:AggressiveSlimeRelic","Membership Card","Gambling Chip","Oddly Smooth Stone","PowerPotion","champ:CounterPotion"],"campfire_rested":2,"item_purchase_floors":[12,12,12,20,30,53,53,53,53,53],"current_hp_per_floor":[60,60,60,60,60,60,60,34,23,23,23,19,37,45,51,37,60,60,57,44,36,36,42,42,42,18,49,61,50,50,34,36,35,75,75,73,54,54,54,54,54,45,59,53,58,56,56,49,58,53,80,46,46,46,80],"gold":185,"neow_bonus":"THREE_ENEMY_KILL","is_daily":false,"chose_seed":false,"campfire_upgraded":3,"win_rate":0.0,"timestamp":1610461160,"path_taken":["R","?","?","M","?","?","T","?","E","R","?","$","R","$","M","BOSS","R","M","$","M","?","M","T","?","M","R","M","M","?","?","M","BOSS","R","M","M","?","?","?","T","M","?","M","M","?","?","?","M","BOSS","E","$","R","BOSS"],"items_purchased_type":["Card","Card","Card","Card","Relic","Relic","Relic","Relic","Potion","Potion"],"build_version":"2020-12-22","purchased_purges":3,"victory":true,"max_hp_per_floor":[60,60,60,60,60,60,60,60,60,60,60,60,60,60,60,60,60,60,60,60,60,60,60,60,60,60,70,70,70,70,70,70,70,75,75,75,75,75,75,75,75,75,75,75,75,80,80,80,80,80,80,80,80,80,80],"card_choices":[{"not_picked":["Slimebound:BestDefense","Slimebound:GoopSpray"],"picked":"Slimebound:SplitBruiser","floor":2},{"not_picked":["Slimebound:ComboTackle","Slimebound:LeechingTouch"],"picked":"Slimebound:PressTheAttack","floor":4},{"not_picked":["Slimebound:MassFeed","Slimebound:FinishingTackle"],"picked":"Slimebound:RainOfGoop","floor":6},{"not_picked":["Slimebound:SlimeTap","Slimebound:FormOfPuddle"],"picked":"Slimebound:SplitBruiser","floor":8},{"not_picked":["Slimebound:ViciousTackle","Slimebound:SplitLeeching"],"picked":"Slimebound:RollThrough","floor":9},{"not_picked":["Slimebound:ComboTackle","Slimebound:Schlurp"],"picked":"Slimebound:SplitMire","floor":12},{"not_picked":["Slimebound:ComboTackle","Slimebound:ViciousTackle"],"picked":"Slimebound:Schlurp","floor":14},{"not_picked":["Slimebound:SlimeBrawl","Slimebound:SamplingLick"],"picked":"Slimebound:LeechEnergy","floor":15},{"not_picked":["Slimebound:LeechLife","Slimebound:MassRepurpose"],"picked":"Slimebound:OneTwoCombo","floor":16},{"not_picked":["Slimebound:SplitBruiser","Slimebound:RollThrough+1"],"picked":"Slimebound:GoopSpray","floor":19},{"not_picked":["Slimebound:ComboTackle","Slimebound:SplitBruiser"],"picked":"Slimebound:LeechingTouch","floor":20},{"not_picked":["Slimebound:Grow+1","Slimebound:RollThrough"],"picked":"Slimebound:SlimeSpikes+1","floor":21},{"not_picked":["Slimebound:SlimeTap+1","Slimebound:MassRepurpose"],"picked":"Slimebound:LeechEnergy+1","floor":23},{"not_picked":["Slimebound:Chomp","Slimebound:Schlurp"],"picked":"Slimebound:GrowthPunch","floor":26},{"not_picked":["Slimebound:SplitAcid","Slimebound:SlimeBrawl+1"],"picked":"Slimebound:SplitBruiser","floor":28},{"not_picked":["Slimebound:SplitAcid","Slimebound:Equalize","Slimebound:SlimeTap"],"picked":"SKIP","floor":29},{"not_picked":["Slimebound:LeechEnergy+1","Slimebound:Dissolve"],"picked":"Slimebound:SlimeSpikes+1","floor":32},{"not_picked":["Slimebound:Teamwork","Slimebound:SlimeSlap"],"picked":"Slimebound:RallyTheTroops","floor":33},{"not_picked":["Slimebound:SplitAcid","Slimebound:Equalize"],"picked":"Slimebound:LeadByExample","floor":34},{"not_picked":["Slimebound:ViciousTackle","Slimebound:RainOfGoop+1"],"picked":"Slimebound:SpikyOuterGoop+1","floor":36},{"not_picked":["Slimebound:ForwardTackle","Slimebound:SplitBruiser"],"picked":"Slimebound:SplitMire","floor":37},{"not_picked":["Slimebound:Chomp","Slimebound:ForwardTackle+1"],"picked":"Slimebound:SplitBruiser+1","floor":42},{"not_picked":["Slimebound:Gluttony","Slimebound:LeechEnergy+1"],"picked":"Slimebound:SplitMire","floor":44},{"not_picked":["Slimebound:HauntingLick","Slimebound:ViciousTackle+1"],"picked":"Slimebound:Gluttony+1","floor":45},{"not_picked":["Slimebound:GoopSpray","Slimebound:SlimeBarrage+1"],"picked":"Slimebound:RejuvenatingLick+1","floor":46},{"not_picked":["Slimebound:RejuvenatingLick+1","Slimebound:BestDefense+1"],"picked":"Slimebound:OneTwoCombo","floor":48},{"not_picked":["Slimebound:RollThrough+1","Slimebound:ComboTackle","Slimebound:Replication+1"],"picked":"SKIP","floor":49},{"not_picked":["Slimebound:Grow+1","Slimebound:FinishingTackle+1","Slimebound:Schlurp"],"picked":"SKIP","floor":49},{"not_picked":["Slimebound:FinishingTackle","Slimebound:RollThrough+1"],"picked":"Slimebound:TongueLash+1","floor":52}],"player_experience":108727,"relics_obtained":[{"floor":7,"key":"Tiny Chest"},{"floor":9,"key":"Vajra"},{"floor":25,"key":"Omamori"},{"floor":31,"key":"Nilry\u0027s Codex"},{"floor":38,"key":"White Beast Statue"},{"floor":39,"key":"Gremlin Horn"},{"floor":41,"key":"MawBank"},{"floor":43,"key":"Shovel"},{"floor":47,"key":"TungstenRod"},{"floor":48,"key":"Prayer Wheel"},{"floor":52,"key":"Blue Candle"},{"floor":54,"key":"Shuriken"}],"event_choices":[{"damage_healed":0,"gold_gain":0,"player_choice":"Fight","damage_taken":0,"max_hp_gain":0,"max_hp_loss":0,"event_name":"Mysterious Sphere","floor":48,"gold_loss":0}],"is_beta":false,"boss_relics":[{"not_picked":["Coffee Dripper","SlaversCollar"],"picked":"Astrolabe"},{"not_picked":["SacredBark","Runic Dome"],"picked":"Tiny House"}],"items_purged_floors":[12,20,53],"is_endless":false,"potions_floor_spawned":[8,15,16,19,23,29,32,33,42,43,44,45,46,48,49,52],"ascension_level":0}}