{"host":"txhhdwa0hqfs4jhb","time":1610480412,"event":{"mods":["AchievementEnabler","BaseMod","Better Third Choice","Filter the Spire","Hermit","Mad Scientist","Minty Spire (QoL Compilation)","Relic Stats","Replay The Spire","StSLib","Thieving Mod"],"gold_per_floor":[114,324,339,514,0,0,0,20,20,34,66,66,93,113,113,214,214,233,233,148,166,166,192,462,491,491,491,491],"floor_reached":27,"playtime":1417,"items_purged":["Doubt"],"score":284,"play_id":"9b63a32c-ab59-4886-bc1d-710cf1ec80bf","local_time":"20210112194012","is_ascension_mode":false,"campfire_choices":[{"data":"MadScienceMod:ArtilleryShot","floor":6,"key":"SMITH"},{"floor":12,"key":"REST"},{"data":"MadScienceMod:TimeDilationField","floor":15,"key":"SMITH"}],"circlet_count":0,"master_deck":["MadScienceMod:Strike_MadScience+1","MadScienceMod:Strike_MadScience+1","MadScienceMod:Strike_MadScience+1","MadScienceMod:Strike_MadScience+1","MadScienceMod:Defend_MadScience+1","MadScienceMod:Defend_MadScience+1","MadScienceMod:Defend_MadScience+1","MadScienceMod:Defend_MadScience+1","MadScienceMod:PoweredStrike","MadScienceMod:HideBehindJunk+1","MadScienceMod:Strafe","MadScienceMod:ExtractOil","MadScienceMod:OilDrum","MadScienceMod:ArtilleryShot+1","MadScienceMod:Strafe","Good Instincts","MadScienceMod:TimeDilationField+1","MadScienceMod:Generator+1","MadScienceMod:ExploreOptions","MadScienceMod:EnergyBarrier","MadScienceMod:RadioactiveSword","MadScienceMod:Mechanize+1","MadScienceMod:FlammableWall+1","MadScienceMod:Virus"],"relics":["MadScienceMod:FuelTank","PreservedInsect","Golden Egg","Iron Hammer","Incense Burner","Replay:Grab Bag","ChewingGum","ReplayTheSpireMod:DimensionalGlitch","Snecko Eye","Ancient Tea Set","Bronze Scales","Orichalcum","Thread and Needle"],"acts_visited":["Exordium","TheCity"],"potions_floor_usage":[23,23,27,27],"damage_taken":[{"damage":0,"enemies":"Small Slimes","floor":1,"turns":3},{"damage":6,"enemies":"Jaw Worm","floor":3,"turns":3},{"damage":0,"enemies":"2 Louse","floor":8,"turns":2},{"damage":1,"enemies":"Blue Slaver","floor":10,"turns":6},{"damage":36,"enemies":"Lagavulin","floor":11,"turns":13},{"damage":12,"enemies":"Gremlin Nob","floor":13,"turns":3},{"damage":0,"enemies":"3 Louse","floor":14,"turns":3},{"damage":19,"enemies":"Hexaghost","floor":16,"turns":12},{"damage":0,"enemies":"Chosen","floor":18,"turns":4},{"damage":11,"enemies":"2 Thieves","floor":21,"turns":4},{"damage":6,"enemies":"Slavers","floor":23,"turns":4},{"damage":5,"enemies":"Book of Stabbing","floor":25,"turns":4},{"damage":4,"enemies":"Shelled Parasite and Fungi","floor":27,"turns":4}],"seed_played":"2208665052925538149","potions_obtained":[{"floor":3,"key":"PowerPotion"},{"floor":11,"key":"Weak Potion"},{"floor":14,"key":"Explosive Potion"},{"floor":23,"key":"Energy Potion"}],"is_trial":false,"path_per_floor":["M","?","M","?","$","R","?","M","T","M","E","R","E","M","R","B",null,"M","?","?","M","?","E","?","E","T","M"],"character_chosen":"MAD_SCIENTIST","items_purchased":["PreservedInsect","MadScienceMod:ArtilleryShot","MadScienceMod:Strafe","Good Instincts"],"campfire_rested":1,"item_purchase_floors":[5,5,5,5],"current_hp_per_floor":[80,60,54,54,54,54,54,54,54,53,17,41,29,29,29,10,80,80,65,65,54,54,48,7,2,2,0,0],"gold":491,"neow_bonus":"RANDOM_EVENT","is_daily":false,"chose_seed":false,"campfire_upgraded":2,"win_rate":0.0,"timestamp":1610480412,"path_taken":["M","?","M","?","$","R","?","M","T","M","E","R","E","M","R","BOSS","M","?","?","M","?","E","?","E","T","M"],"items_purchased_type":["Relic","Card","Card","Card"],"build_version":"2020-12-22","purchased_purges":1,"victory":false,"max_hp_per_floor":[80,80,80,80,80,80,80,80,80,80,80,80,80,80,80,80,80,80,85,85,85,85,85,85,85,85,85,85],"relic_stats":{"counters":[13,65],"Bronze Scales":[11],"Snecko Eye":[41,41,32,34],"PreservedInsect":129,"Orichalcum":[0],"obtain_stats":[{"MadScienceMod:FuelTank":0,"Golden Egg":9,"Replay:Grab Bag":17,"Thread and Needle":26,"PreservedInsect":5,"Incense Burner":13,"Orichalcum":25,"Ancient Tea Set":20,"Bronze Scales":23,"Snecko Eye":17,"ChewingGum":17,"Iron Hammer":11,"ReplayTheSpireMod:DimensionalGlitch":17},{"MadScienceMod:FuelTank":0,"Golden Egg":3,"Replay:Grab Bag":8,"Thread and Needle":12,"PreservedInsect":2,"Incense Burner":6,"Orichalcum":12,"Ancient Tea Set":9,"Bronze Scales":11,"Snecko Eye":8,"ChewingGum":8,"Iron Hammer":5,"ReplayTheSpireMod:DimensionalGlitch":8},{"MadScienceMod:FuelTank":0,"Golden Egg":8,"Replay:Grab Bag":45,"Thread and Needle":61,"PreservedInsect":6,"Incense Burner":30,"Orichalcum":61,"Ancient Tea Set":49,"Bronze Scales":57,"Snecko Eye":45,"ChewingGum":45,"Iron Hammer":27,"ReplayTheSpireMod:DimensionalGlitch":45}]},"card_choices":[{"not_picked":["MadScienceMod:FlameCannon","MadScienceMod:MechanicalClaw"],"picked":"MadScienceMod:Strafe","floor":1},{"not_picked":["MadScienceMod:Retarget","MadScienceMod:FlexibleSpear"],"picked":"MadScienceMod:ExtractOil","floor":2},{"not_picked":["MadScienceMod:FragmentationGrenade","MadScienceMod:NowOrNever"],"picked":"MadScienceMod:OilDrum","floor":3},{"not_picked":["MadScienceMod:Strafe","MadScienceMod:Detonate"],"picked":"MadScienceMod:TimeDilationField","floor":8},{"not_picked":["MadScienceMod:Refuel","MadScienceMod:FragmentationGrenade"],"picked":"MadScienceMod:Generator","floor":10},{"not_picked":["MadScienceMod:Mechanize","MadScienceMod:AntimatterBomb"],"picked":"MadScienceMod:ExploreOptions","floor":11},{"not_picked":["MadScienceMod:Strafe","MadScienceMod:NowOrNever"],"picked":"MadScienceMod:EnergyBarrier","floor":13},{"not_picked":["MadScienceMod:Strafe","MadScienceMod:AutoStrike"],"picked":"MadScienceMod:RadioactiveSword","floor":14},{"not_picked":["MadScienceMod:Assemble","MadScienceMod:Generator"],"picked":"MadScienceMod:Mechanize","floor":16},{"not_picked":["MadScienceMod:MechanicalClaw+1","MadScienceMod:FragmentationGrenade"],"picked":"MadScienceMod:FlammableWall+1","floor":18},{"not_picked":["MadScienceMod:FragmentationGrenade","MadScienceMod:Weaponize","MadScienceMod:NowOrNever+1"],"picked":"SKIP","floor":21},{"not_picked":["MadScienceMod:FlexibleSpear","MadScienceMod:NowOrNever","MadScienceMod:Tune"],"picked":"SKIP","floor":23},{"not_picked":["MadScienceMod:MechanicalClaw","MadScienceMod:FumeHood"],"picked":"MadScienceMod:Virus","floor":25}],"player_experience":243572,"relics_obtained":[{"floor":9,"key":"Golden Egg"},{"floor":11,"key":"Iron Hammer"},{"floor":13,"key":"Incense Burner"},{"floor":23,"key":"Bronze Scales"},{"floor":25,"key":"Orichalcum"},{"floor":26,"key":"Thread and Needle"}],"event_choices":[{"damage_healed":0,"gold_gain":0,"player_choice":"Donut","damage_taken":0,"max_hp_gain":5,"max_hp_loss":0,"event_name":"Big Fish","floor":0,"gold_loss":0},{"damage_healed":0,"gold_gain":175,"player_choice":"AGREE","damage_taken":339,"max_hp_gain":0,"max_hp_loss":0,"event_name":"betterThird:BetterSerpent","floor":4,"gold_loss":0},{"damage_healed":0,"gold_gain":0,"player_choice":"Grow","damage_taken":0,"max_hp_gain":0,"max_hp_loss":0,"event_name":"Living Wall","floor":7,"gold_loss":0,"cards_upgraded":["MadScienceMod:HideBehindJunk"]},{"damage_healed":0,"gold_gain":0,"player_choice":"Shed Blood","damage_taken":20,"max_hp_gain":5,"max_hp_loss":0,"event_name":"Forgotten Altar","floor":19,"gold_loss":0},{"damage_healed":0,"gold_gain":0,"player_choice":"Obtained Relic","damage_taken":0,"relics_obtained":["Ancient Tea Set"],"max_hp_gain":0,"max_hp_loss":0,"event_name":"Addict","floor":20,"gold_loss":85},{"damage_healed":0,"gold_gain":0,"player_choice":"Simplicity","damage_taken":0,"max_hp_gain":0,"max_hp_loss":8,"event_name":"betterThird:BetterWriting","floor":22,"gold_loss":0},{"damage_healed":0,"gold_gain":270,"player_choice":"GOLD GOLD GOLD ","damage_taken":27,"max_hp_gain":0,"max_hp_loss":0,"event_name":"Knowing Skull","floor":24,"potions_obtained":[],"gold_loss":0,"cards_obtained":[]}],"is_beta":false,"boss_relics":[{"not_picked":["Replay:Drink Me","Kintsugi"],"picked":"Replay:Grab Bag"},{"not_picked":["Coffee Dripper","Philosopher\u0027s Stone"],"picked":"ChewingGum"},{"not_picked":["Replay:Bronze Core","Fusion Hammer"],"picked":"ReplayTheSpireMod:DimensionalGlitch"},{"not_picked":["Runic Pyramid","Calling Bell"],"picked":"Snecko Eye"}],"items_purged_floors":[5],"is_endless":false,"potions_floor_spawned":[3,11,14,16,18,23],"killed_by":"Shelled Parasite and Fungi","ascension_level":0}}