{"host":"uxx7prhn9zlu6i2v","time":1610410775,"event":{"mods":["100% Spire Juice","2.2 Compatiblity","AchievementEnabler","Act Like it!","BaseMod","CapriCore","Colored Powertips","Dio Mod","Gensokyo","GifTheSpireLib","KomeijiMod","Marisa????????","Minty Spire (QoL Compilation)","Pale of the Ancients","Permanent Neow","Quick Restart","RNG Fix","Rare Cards Sparkle","Reimu??????","Relic Filter","Relic Sorter","Relic Stats","Spicy Shops","StSLib","The Administrix","The Bug Knight","The Exalted","The Immortal","The Mystic","Yakumo Yukari mod","??????REMEMod"],"gold_per_floor":[15,15,28,44,61,61,61,61,85,105,117,134,134,59,59,164,164,183,203,130,145,105,105,124,124,124,124,154,174,424,435,435,539,539,555,207,207,49,49,67,67,82,82,100,100,100,100,100,100,100,119,135,135,213,213,225,225,14,14,14],"floor_reached":61,"playtime":3103,"items_purged":["Bromod:Strike_Bro","Normality","Exhaustion"],"score":1435,"play_id":"6e504711-fc01-4f3c-a4bb-b67fc18b0b05","local_time":"20210111181935","is_ascension_mode":false,"campfire_choices":[{"data":"Bromod:PointStrike","floor":6.0,"key":"SMITH"},{"data":"Bromod:Vitality","floor":15.0,"key":"SMITH"},{"floor":23,"key":"REST"},{"data":"Bromod:Vitality","floor":27,"key":"SMITH"},{"data":"Bromod:Vitality","floor":32,"key":"SMITH"},{"data":"Bromod:CollisionForce","floor":41,"key":"SMITH"},{"floor":47,"key":"REST"},{"data":"Bromod:Foundry","floor":49,"key":"SMITH"},{"data":"Bromod:SteelFiber","floor":55,"key":"SMITH"},{"data":"Bromod:ArchwingLauncher","floor":57,"key":"SMITH"}],"circlet_count":0,"master_deck":["Bromod:Defend_Bro","Bromod:Defend_Bro","Bromod:SlashDash","Bromod:SlashDash","Bromod:SlashDash","Bromod:NorthWind","Bromod:SlipMagazine","Bromod:QuickDraw","Bromod:PointStrike+1","Bromod:DriftingContact+1","Clumsy","Bromod:OrganShatter","Bromod:Vitality+1","Bromod:SteelCharge+1","Bromod:SteelFiber+1","Bromod:HeatedCharge","Bromod:FinishingTouch+1","Bromod:Vitality+1","Gensokyo:FourOfAKind","Gensokyo:FourOfAKind","Gensokyo:FourOfAKind","Gensokyo:FourOfAKind","Bromod:Vitality+1","Bromod:EnergySiphon+1","Bromod:JaggedEdge","Bromod:CollisionForce+1","Bromod:SlashDash","Bromod:QuickThinking","Gensokyo:FourOfAKind","Bromod:FastHands+1","Bromod:BloodRush+1","Gensokyo:ImpossibleRequest","Bromod:Foundry+1","Bromod:Rejuvenation+1","TerribleSouvenir+1","Writhe","Bromod:ArchwingLauncher+1"],"relics":["Bromod:Ordis","Bromod:AscarisDevice","REME_ComplimentaryCards","Gensokyo:CelestialsFlawlessClothing","Gensokyo:NagashiBinaDoll","Regal Pillow","Kunai","Cursed Key","InkBottle","Bromod:ArcaneDeflection","StoneCalendar","Sozu","Membership Card","Strange Spoon","DollysMirror","HollowMod:StagPassRelic","Strawberry","paleoftheancients:Timepiece","Gremlin Horn","paleoftheancients:SoulOfTheShowman","Pantograph","REME_CardOfGreed","TheAbacus"],"acts_visited":["Gensokyo:Gensokyo","Gensokyo:Gensokyoer","Gensokyo:Gensokyoest","paleoftheancients:PaleOfTheAncients"],"potions_floor_usage":[16,19,21,28,33,35,35,56],"damage_taken":[{"damage":0.0,"enemies":"Gensokyo:Gryphon","floor":1.0,"turns":3.0},{"damage":1.0,"enemies":"Gensokyo:Python","floor":3.0,"turns":4.0},{"damage":0.0,"enemies":"Gensokyo:3_Fairies","floor":4.0,"turns":5.0},{"damage":17.0,"enemies":"Gensokyo:LivingMonolith","floor":5.0,"turns":4.0},{"damage":6.0,"enemies":"Gensokyo:Kitsune","floor":10.0,"turns":4.0},{"damage":3.0,"enemies":"Gensokyo:2_Rabbits","floor":11.0,"turns":5.0},{"damage":8.0,"enemies":"Gensokyo:Gryphon_and_Rabbit","floor":12.0,"turns":5.0},{"damage":0,"enemies":"Gensokyo:Yukari","floor":16,"turns":10},{"damage":21,"enemies":"Gensokyo:2_Gloops","floor":18,"turns":7},{"damage":16,"enemies":"Gensokyo:3_Dogs","floor":19,"turns":5},{"damage":31,"enemies":"Gensokyo:Swordslinger","floor":21,"turns":5},{"damage":69,"enemies":"Gensokyo:3_Gloops","floor":24,"turns":8},{"damage":31,"enemies":"Gensokyo:Reisen","floor":28,"turns":6},{"damage":10,"enemies":"Gensokyo:Monolith_and_Dog","floor":29,"turns":7},{"damage":28,"enemies":"Gensokyo:Wraith","floor":31,"turns":8},{"damage":0,"enemies":"Gensokyo:Eternal_Rivals","floor":33,"turns":10},{"damage":24,"enemies":"Gensokyo:3_Boulders","floor":35,"turns":7},{"damage":0,"enemies":"Gensokyo:3_Bats","floor":40,"turns":5},{"damage":0,"enemies":"Gensokyo:3_Boulders","floor":42,"turns":7},{"damage":15,"enemies":"Gensokyo:Sharpion","floor":44,"turns":4},{"damage":44,"enemies":"Gensokyo:Scarlet_Devils","floor":50,"turns":12},{"damage":49,"enemies":"Gensokyo:Scarlet_Devils","floor":51,"turns":14},{"damage":35,"enemies":"Gensokyo:Scarlet_Devils","floor":52,"turns":8},{"damage":9,"enemies":"Gensokyo:Scarlet_Devils","floor":56,"turns":11},{"damage":20,"enemies":"paleoftheancients:N","floor":60,"turns":8}],"seed_played":"-6532425153249166739","potions_obtained":[{"floor":1.0,"key":"Energy Potion"},{"floor":4.0,"key":"Energy Potion"},{"floor":10.0,"key":"ZuzhouPotion:ReiMu"},{"floor":16,"key":"Explosive Potion"},{"floor":19,"key":"DistilledChaos"},{"floor":24,"key":"Weak Potion"},{"floor":28,"key":"Fire Potion"},{"floor":31,"key":"GrandPatriotsElixir:ReiMu"},{"floor":33,"key":"SteroidPotion"}],"is_trial":false,"path_per_floor":["M","?","M","M","M","R","?","?","T","M","M","M","T","$","R","B",null,"M","M","COS","M","?","R","M","?","T","R","E","M","?","M","R","B",null,"M","$","?","COS","?","M","R","M","T","M","?","?","R","T","R","B","M","M","?","T","R","M","R","$","?","B",null],"character_chosen":"THE_EXALTED","items_purchased":["Membership Card","Bromod:CollisionForce","Strange Spoon","Bromod:SlashDash","REME_CardOfGreed","TheAbacus"],"campfire_rested":2,"item_purchase_floors":[36,36,36,36,58,58],"current_hp_per_floor":[75,57,56,56,39,39,39,39,39,33,30,22,22,22,22,22,75,54,38,38,7,7,44,53,53,53,53,22,12,12,36,36,36,50,26,26,26,26,26,26,26,26,26,11,4,4,34,41,41,57,33,53,53,53,53,57,57,57,57,57],"gold":14,"neow_bonus":"REMOVE_TWO","is_daily":false,"chose_seed":false,"campfire_upgraded":8,"win_rate":0.0,"timestamp":1610410775,"path_taken":["M","?","?","M","M","R","?","?","T","M","M","?","?","?","R","BOSS","M","M","COS","M","?","R","?","?","T","R","E","M","?","M","R","BOSS","M","$","?","COS","?","?","R","M","T","M","?","?","R","?","R","BOSS","M","M","?","T","R","M","R","$","?","BOSS"],"items_purchased_type":["Relic","Card","Relic","Card","Relic","Relic"],"build_version":"2020-12-22","purchased_purges":3,"victory":true,"max_hp_per_floor":[75,75,75,75,75,75,75,75,75,75,75,75,75,75,75,75,75,75,75,75,75,75,75,75,53,53,53,53,53,50,50,50,50,50,50,50,50,50,50,50,50,50,50,50,50,50,50,57,57,57,57,57,57,57,57,57,57,57,57,57],"relic_stats":{"Sozu":4,"Strange Spoon":[21],"Regal Pillow":30,"TheAbacus":[24],"Gremlin Horn":[13,13],"counters":[25,172],"Pantograph":4,"StoneCalendar":[403],"Kunai":[56],"Cursed Key":4,"obtain_stats":[{"Bromod:AscarisDevice":0,"Regal Pillow":9,"Gremlin Horn":50,"StoneCalendar":29,"Gensokyo:NagashiBinaDoll":8,"Bromod:Ordis":0,"Gensokyo:CelestialsFlawlessClothing":2,"Cursed Key":17,"HollowMod:StagPassRelic":43,"Sozu":34,"paleoftheancients:Timepiece":50,"Strange Spoon":36,"TheAbacus":58,"DollysMirror":38,"Bromod:ArcaneDeflection":28,"Strawberry":48,"Pantograph":54,"Kunai":13,"Membership Card":36,"REME_CardOfGreed":58,"InkBottle":26,"paleoftheancients:SoulOfTheShowman":51,"REME_ComplimentaryCards":0},{"Bromod:AscarisDevice":0,"Regal Pillow":4,"Gremlin Horn":21,"StoneCalendar":14,"Gensokyo:NagashiBinaDoll":4,"Bromod:Ordis":0,"Gensokyo:CelestialsFlawlessClothing":1,"Cursed Key":8,"HollowMod:StagPassRelic":19,"Sozu":16,"paleoftheancients:Timepiece":21,"Strange Spoon":17,"TheAbacus":24,"DollysMirror":17,"Bromod:ArcaneDeflection":13,"Strawberry":20,"Pantograph":23,"Kunai":7,"Membership Card":17,"REME_CardOfGreed":24,"InkBottle":12,"paleoftheancients:SoulOfTheShowman":22,"REME_ComplimentaryCards":0},{"Bromod:AscarisDevice":0,"Regal Pillow":16,"Gremlin Horn":131,"StoneCalendar":77,"Gensokyo:NagashiBinaDoll":16,"Bromod:Ordis":0,"Gensokyo:CelestialsFlawlessClothing":3,"Cursed Key":40,"HollowMod:StagPassRelic":115,"Sozu":96,"paleoftheancients:Timepiece":131,"Strange Spoon":103,"TheAbacus":164,"DollysMirror":103,"Bromod:ArcaneDeflection":71,"Strawberry":119,"Pantograph":153,"Kunai":30,"Membership Card":103,"REME_CardOfGreed":164,"InkBottle":65,"paleoftheancients:SoulOfTheShowman":145,"REME_ComplimentaryCards":0}],"InkBottle":[73]},"card_choices":[{"not_picked":["Bromod:HornetStrike","Bromod:SteelFiber"],"picked":"Bromod:NorthWind","floor":1.0},{"not_picked":["Bromod:SeismicWave","Bromod:PressurePoint"],"picked":"Bromod:SlipMagazine","floor":3.0},{"not_picked":["Bromod:BodyCount","Bromod:PressurePoint"],"picked":"Bromod:QuickDraw","floor":4.0},{"not_picked":["Bromod:Foundry","Bromod:SteelFiber"],"picked":"Bromod:PointStrike","floor":5.0},{"not_picked":["Bromod:Serration","Bromod:ReflexCoil"],"picked":"Bromod:OrganShatter","floor":10.0},{"not_picked":["Bromod:Rejuvenation","Bromod:BulletJump"],"picked":"Bromod:Vitality","floor":11.0},{"not_picked":["Bromod:Stretch","Bromod:Foundry"],"picked":"Bromod:SteelCharge","floor":12.0},{"not_picked":["Bromod:FocusEnergy","Bromod:ChillingReload"],"picked":"Bromod:Flow","floor":16},{"not_picked":["Bromod:BriefRespite","Bromod:QuickDraw"],"picked":"Bromod:SteelFiber","floor":18},{"not_picked":["Bromod:BodyCount+1","Bromod:Redirection"],"picked":"Bromod:HeatedCharge","floor":19},{"not_picked":["Bromod:Redirection","Bromod:BodyCount+1"],"picked":"Bromod:FinishingTouch+1","floor":21},{"not_picked":["Bromod:ContagiousSpread","Bromod:SteelFiber"],"picked":"Bromod:Vitality","floor":24},{"not_picked":["Bromod:ShatteringImpact","Bromod:BodyCount+1","Bromod:HeatedCharge"],"picked":"SKIP","floor":28},{"not_picked":["Bromod:OrganShatter","Bromod:Provoked+1"],"picked":"Bromod:Vitality","floor":29},{"not_picked":["Bromod:Vitality","Bromod:BodyCount+1"],"picked":"Bromod:EnergySiphon+1","floor":31},{"not_picked":["Bromod:Adaptation","Bromod:FashionFrame"],"picked":"Bromod:JaggedEdge","floor":33},{"not_picked":["Bromod:Redirection+1","Bromod:FinishingTouch+1","Bromod:ShatteringImpact"],"picked":"SKIP","floor":35},{"not_picked":["Bromod:SteelCharge","Bromod:SeismicWave+1"],"picked":"Bromod:FastHands+1","floor":40},{"not_picked":["Bromod:QuickDraw","Bromod:EnergySiphon+1"],"picked":"Bromod:BloodRush+1","floor":42},{"not_picked":["Bromod:PointStrike+1","Bromod:HeatedCharge+1"],"picked":"Bromod:Foundry","floor":44},{"not_picked":["Bromod:RadialBlind","Bromod:FastHands"],"picked":"Bromod:Rejuvenation+1","floor":51},{"not_picked":["Bromod:HeatedCharge+1","Bromod:Reflection","Bromod:ShatteringImpact"],"picked":"SKIP","floor":52},{"not_picked":["Bromod:Reflection+1","Bromod:OrganShatter"],"picked":"Bromod:ArchwingLauncher","floor":56}],"player_experience":1740997,"relics_obtained":[{"floor":9.0,"key":"Regal Pillow"},{"floor":13.0,"key":"Kunai"},{"floor":26,"key":"InkBottle"},{"floor":28,"key":"Bromod:ArcaneDeflection"},{"floor":43,"key":"HollowMod:StagPassRelic"},{"floor":48,"key":"Strawberry"},{"floor":51,"key":"paleoftheancients:SoulOfTheShowman"},{"floor":52,"key":"paleoftheancients:SoulOfTheShapes"},{"floor":54,"key":"Pantograph"},{"floor":56,"key":"paleoftheancients:SoulOfTheShrineMaiden"}],"event_choices":[{"damage_healed":0,"gold_gain":0,"player_choice":"Upgraded","damage_taken":0,"max_hp_gain":0,"max_hp_loss":0,"event_name":"Upgrade Shrine","floor":53,"gold_loss":0,"cards_upgraded":["TerribleSouvenir"]}],"is_beta":false,"boss_relics":[{"not_picked":["REME_LowDesire","Velvet Choker"],"picked":"Cursed Key"},{"not_picked":["Tiny House","Snecko Eye"],"picked":"Sozu"}],"items_purged_floors":[14,36,58],"is_endless":false,"potions_floor_spawned":[1,4,10,16,19,24,28,31,33,35,42,52],"ascension_level":0}}