{"host":"i5mpj6c318yblse4","time":1610451833,"event":{"mods":["AchievementEnabler","BaseMod","Colored Map","Minty Spire (QoL Compilation)","Shop Mod","StSLib","SuperFastMode"],"gold_per_floor":[112,127,127,77,94,125,125,159,159,177,177,177,195,195,195,195,195],"floor_reached":16,"playtime":254,"items_purged":[],"score":121,"play_id":"517dab9f-9426-4101-be95-5efd4adc283b","local_time":"20210112204353","is_ascension_mode":true,"campfire_choices":[{"floor":7,"key":"REST"},{"floor":12,"key":"REST"},{"floor":15,"key":"REST"}],"circlet_count":0,"master_deck":["Strike_B","Strike_B","Defend_B","Defend_B","Defend_B","Zap+1","Dualcast","Redo+1","Redo+1","Compile Driver","White Noise"],"relics":["Cracked Core","Smiling Mask","Matryoshka","War Paint","Omamori"],"acts_visited":["Exordium"],"potions_floor_usage":[6],"damage_taken":[{"damage":7,"enemies":"Jaw Worm","floor":1,"turns":3},{"damage":14,"enemies":"Small Slimes","floor":2,"turns":2},{"damage":0,"enemies":"2 Louse","floor":5,"turns":1},{"damage":24,"enemies":"Lagavulin","floor":6,"turns":4},{"damage":22,"enemies":"3 Sentries","floor":8,"turns":4},{"damage":4,"enemies":"Red Slaver","floor":10,"turns":2},{"damage":11,"enemies":"Exordium Thugs","floor":13,"turns":3},{"damage":48,"enemies":"The Guardian","floor":16,"turns":8}],"seed_played":"-2150112876039663839","potions_obtained":[{"floor":5,"key":"Block Potion"},{"floor":8,"key":"PowerPotion"},{"floor":10,"key":"SpeedPotion"},{"floor":13,"key":"Fire Potion"}],"is_trial":false,"path_per_floor":["M","M","?","?","M","E","R","E","T","M","?","R","M","?","R","B"],"character_chosen":"DEFECT","items_purchased":[],"campfire_rested":3,"item_purchase_floors":[],"current_hp_per_floor":[61,47,47,47,47,23,43,21,21,17,17,37,26,26,46,0,0],"gold":195,"neow_bonus":"REMOVE_TWO","is_daily":false,"chose_seed":false,"campfire_upgraded":0,"win_rate":0.0,"timestamp":1610451833,"path_taken":["M","M","?","?","M","E","R","E","T","?","?","R","M","?","R","BOSS"],"items_purchased_type":[],"build_version":"2020-12-22","purchased_purges":0,"victory":false,"max_hp_per_floor":[68,68,68,68,68,68,68,68,68,68,68,68,68,68,68,68,68],"card_choices":[{"not_picked":["Cold Snap","Reinforced Body"],"picked":"Redo","floor":1},{"not_picked":["Hologram","Glacier"],"picked":"Redo","floor":2},{"not_picked":["Recycle","Sweeping Beam"],"picked":"Compile Driver","floor":5},{"not_picked":["Capacitor","Beam Cell"],"picked":"White Noise","floor":6},{"not_picked":["Aggregate","Conserve Battery","Redo"],"picked":"SKIP","floor":8},{"not_picked":["Stack","Compile Driver","Creative AI"],"picked":"SKIP","floor":10},{"not_picked":["Stack","Auto Shields","Go for the Eyes"],"picked":"SKIP","floor":13}],"player_experience":363407,"relics_obtained":[{"floor":6,"key":"Smiling Mask"},{"floor":8,"key":"Matryoshka"},{"floor":9,"key":"War Paint"},{"floor":9,"key":"Omamori"}],"event_choices":[{"damage_healed":0,"gold_gain":0,"player_choice":"Grow","damage_taken":0,"max_hp_gain":0,"max_hp_loss":0,"event_name":"Living Wall","floor":3,"gold_loss":0,"cards_upgraded":["Redo"]},{"cards_removed":["Strike_B"],"damage_healed":0,"gold_gain":0,"player_choice":"Card Removal","damage_taken":0,"max_hp_gain":0,"max_hp_loss":0,"event_name":"The Cleric","floor":4,"gold_loss":50},{"damage_healed":0,"gold_gain":0,"player_choice":"Ignored","damage_taken":0,"max_hp_gain":0,"max_hp_loss":0,"event_name":"Golden Wing","floor":11,"gold_loss":0},{"damage_healed":0,"gold_gain":0,"player_choice":"Ignored","damage_taken":0,"max_hp_gain":0,"max_hp_loss":0,"event_name":"Liars Game","floor":14,"gold_loss":0}],"is_beta":false,"boss_relics":[],"items_purged_floors":[],"is_endless":false,"potions_floor_spawned":[5,8,10,13],"killed_by":"The Guardian","ascension_level":2}}