{"host":"htqwg582tjjtn9p7","time":1610461167,"event":{"mods":["2.2 Compatiblity","AchievementEnabler","Act Like it!","Aspiration","BaseMod","Better Third Choice","Colored Map","Conspire","Curses Come First","Displayed Cursed Tome","Energized Spire","Force Act Four","Fox Events","GifTheSpireLib","Hermit","Highlight Path","JesterMod","Mad Scientist","Minty Spire (QoL Compilation)","Pale of the Ancients","Permanent Neow","Random Character Button","Relic Stats","Replay The Spire","Robot Space Explorer","Somnambulant","Spicy Shops","Spikes Relics","StSLib","Stuff the Spire","The Blue Laboratory","The Bug Knight","The Factory","The Forsaken","The Gatherer","The Judge","The Jungle","The Marked","The Runesmith","The Servant 0.9.4","Uncapped"],"gold_per_floor":[112,112,129,149,169,169,188,221,276,294,310,310,331,378,378,455,555,568,582,582,303,313,313,343,343,443,443,456,456,456,456,456,534,634,646,646,646,697,714,714,714,744,867,882,897,386,386,404,404,404,417,433,433,10,10,10,10,186,186,186,186],"floor_reached":60,"playtime":2667,"items_purged":["Pain","Strike_B"],"score":1476,"play_id":"a5dbf1d4-f56a-4c95-8ac9-82565565ed90","local_time":"20210112151927","is_ascension_mode":true,"campfire_choices":[{"floor":6,"key":"REST"},{"floor":12,"key":"REST"},{"floor":15,"key":"REST"},{"floor":23,"key":"REST"},{"floor":27,"key":"REST"},{"floor":30,"key":"REST"},{"data":"Reprogram","floor":32,"key":"SMITH"},{"data":"conspire:Rain","floor":40,"key":"SMITH"},{"floor":49,"key":"REST"},{"data":"Echo Form","floor":55,"key":"SMITH"},{"data":"Mayhem","floor":57,"key":"SMITH"}],"circlet_count":0,"master_deck":["AscendersBane","Defend_B","Defend_B","Defend_B","Defend_B","Zap","Dualcast","Barrage","Reprogram+1","Skim","Beam Cell","Gash","conspire:Rain+1","ReplayGash","ReplayGash","Gash+1","Gash","Hyperbeam","CurseOfTheBell","BootSequence","Steam+1","Reinforced Body","White Noise","Conserve Battery","Conserve Battery","Leap","Echo Form+1","Hologram","Gash","Hologram","Steam+1","Conserve Battery","Gash+1","Mayhem+1"],"relics":["Cracked Core","aspiration:ChemicalBlood","WarpedTongs","Durian","Odd Mushroom","foxEvents:LuckyCharm","Philosopher\u0027s Stone","Orichalcum","Matryoshka","conspire:DeflatedDodgeball","Replay:Wax Seal","Prayer Wheel","theJungle:SpiritDisease","theJungle:BirthdayCakeSlice","Calling Bell","Prayer Wheel","StuffTheSpire:PointBlank","Replay:Rubber Ducky","aspiration:HiddenCompartment","theForsaken:Gavel","SnailShell","Happy Flower","paleoftheancients:Timepiece","paleoftheancients:KeyRelic","CultistMask","ReplayTheSpireMod:Ring of Exchange","StuffTheSpire:Rhapsscallions","InkBottle"],"acts_visited":["Exordium","Exordium","theJungle:Jungle","theFactory:Factory"],"potions_floor_usage":[7,8,8,10,13,13,14,16,18,18,19,22,24,28,28,33,33,42,42,44,50,50,51,56,56,60,60,60],"damage_taken":[{"damage":14,"enemies":"Small Slimes","floor":1,"turns":3},{"damage":6,"enemies":"Cultist","floor":3,"turns":4},{"damage":6,"enemies":"2 Louse","floor":4,"turns":3},{"damage":11,"enemies":"conspire:2 RoseBushes","floor":5,"turns":9},{"damage":4,"enemies":"2 Fungi Beasts","floor":7,"turns":4},{"damage":19,"enemies":"Gremlin Nob","floor":8,"turns":5},{"damage":13,"enemies":"3 Louse","floor":10,"turns":5},{"damage":7,"enemies":"2 Fungi Beasts","floor":11,"turns":4},{"damage":16,"enemies":"The Mushroom Lair","floor":13,"turns":4},{"damage":21,"enemies":"Colosseum Slavers","floor":14,"turns":4},{"damage":17,"enemies":"Fading Forest","floor":16,"turns":11},{"damage":28,"enemies":"theJungle:Flameango_and_Byrd","floor":18,"turns":7},{"damage":28,"enemies":"Shell Parasite","floor":19,"turns":4},{"damage":29,"enemies":"theJungle:Lyon","floor":22,"turns":5},{"damage":36,"enemies":"theJungle:MamaSnecko","floor":24,"turns":7},{"damage":41,"enemies":"Snake Plant","floor":28,"turns":6},{"damage":27,"enemies":"theJungle:FunGuy","floor":33,"turns":8},{"damage":2,"enemies":"theFactory:4_Mini-Bots","floor":35,"turns":3},{"damage":14,"enemies":"conspire:MimicChest","floor":38,"turns":12},{"damage":0,"enemies":"theFactory:BigBot","floor":39,"turns":7},{"damage":4,"enemies":"theFactory:DrinkBrewer","floor":42,"turns":8},{"damage":19,"enemies":"theFactory:Personnel_and_Big_Bot","floor":44,"turns":6},{"damage":3,"enemies":"theFactory:DefectiveSentry","floor":45,"turns":9},{"damage":0,"enemies":"theFactory:Personnel_and_Mini-Bots","floor":48,"turns":5},{"damage":0,"enemies":"theFactory:Experiment01","floor":50,"turns":12},{"damage":15,"enemies":"theFactory:Experiment01","floor":51,"turns":14},{"damage":39,"enemies":"theFactory:Experiment01","floor":52,"turns":11},{"damage":77,"enemies":"theFactory:Experiment01","floor":56,"turns":5},{"damage":38,"enemies":"paleoftheancients:N","floor":60,"turns":3}],"seed_played":"-2140446741026375467","potions_obtained":[{"floor":1,"key":"BlessingOfTheForge"},{"floor":4,"key":"Flashbang"},{"floor":7,"key":"Cursed Concoction"},{"floor":8,"key":"Energy Potion"},{"floor":16,"key":"blueLaboratory:ForbiddenFruitJuice"},{"floor":18,"key":"blueLaboratory:TeslaPotion"},{"floor":19,"key":"blueLaboratory:BiasPotion"},{"floor":24,"key":"Regen Potion"},{"floor":39,"key":"blueLaboratory:BottleOfRum"},{"floor":60,"key":"PowerPotion"},{"floor":60,"key":"Energy Potion"}],"is_trial":false,"path_per_floor":["M","?","M","M","M","R","M","E","T","M","M","R","?","?","R","B",null,"M","M","?","$","M","R","E","?","T","R","M","?","R","?","R","B",null,"M","?","?","?","M","R","?","E","T","M","M","$","?","M","R","B","M","M","?","$","R","M","R","T","?","B"],"character_chosen":"DEFECT","items_purchased":["ReplayGash","Orichalcum","SnailShell","Hologram","Happy Flower","LifebloodPotion","StuffTheSpire:Rhapsscallions","Mayhem"],"campfire_rested":7,"item_purchase_floors":[21,21,46,46,46,46,54,54],"current_hp_per_floor":[54,54,48,42,31,53,49,35,35,22,15,39,23,2,26,17,64,36,69,70,70,41,62,26,31,31,52,26,26,47,52,52,25,63,61,69,75,61,61,61,61,57,57,38,35,35,35,35,57,71,66,51,51,52,52,76,76,76,76,38,38],"gold":186,"neow_bonus":"RANDOM_COMMON_RELIC","is_daily":false,"chose_seed":false,"campfire_upgraded":4,"win_rate":0.0,"timestamp":1610461167,"path_taken":["M","?","?","M","M","R","M","E","T","M","M","R","?","?","R","BOSS","M","M","?","$","M","R","E","?","T","R","?","?","R","?","R","BOSS","M","?","?","?","M","R","?","E","T","M","M","$","?","?","R","BOSS","M","M","?","$","R","M","R","T","?","BOSS"],"items_purchased_type":["Card","Relic","Relic","Card","Relic","Potion","Relic","Card"],"build_version":"2020-12-22","purchased_purges":2,"victory":false,"max_hp_per_floor":[75,75,75,75,75,75,75,80,80,80,80,80,80,80,80,80,80,80,70,70,70,70,70,70,70,70,70,70,70,70,75,75,75,75,75,75,75,75,75,75,75,75,75,75,75,75,75,75,75,75,75,75,75,76,76,76,76,76,76,76,76],"relic_stats":{"Happy Flower":[16],"counters":[29,188],"Prayer Wheel":8,"Orichalcum":[114],"obtain_stats":[{"ReplayTheSpireMod:Ring of Exchange":53,"SnailShell":46,"StuffTheSpire:Rhapsscallions":54,"theForsaken:Gavel":43,"Replay:Rubber Ducky":38,"Matryoshka":24,"theJungle:BirthdayCakeSlice":31,"Philosopher\u0027s Stone":17,"Prayer Wheel":28,"Tiny Chest":34,"Replay:Wax Seal":26,"Cracked Core":0,"InkBottle":58,"aspiration:ChemicalBlood":0,"paleoftheancients:KeyRelic":50,"Happy Flower":46,"theJungle:SpiritDisease":29,"Odd Mushroom":13,"Orichalcum":21,"aspiration:HiddenCompartment":42,"WarpedTongs":2,"Calling Bell":34,"paleoftheancients:Timepiece":50,"CultistMask":50,"Durian":8,"foxEvents:LuckyCharm":14,"StuffTheSpire:PointBlank":34,"conspire:DeflatedDodgeball":26},{"ReplayTheSpireMod:Ring of Exchange":27,"SnailShell":23,"StuffTheSpire:Rhapsscallions":27,"theForsaken:Gavel":21,"Replay:Rubber Ducky":19,"Matryoshka":15,"theJungle:BirthdayCakeSlice":16,"Philosopher\u0027s Stone":11,"Prayer Wheel":16,"Tiny Chest":17,"Replay:Wax Seal":15,"Cracked Core":0,"InkBottle":28,"aspiration:ChemicalBlood":0,"paleoftheancients:KeyRelic":25,"Happy Flower":23,"theJungle:SpiritDisease":16,"Odd Mushroom":9,"Orichalcum":13,"aspiration:HiddenCompartment":21,"WarpedTongs":1,"Calling Bell":17,"paleoftheancients:Timepiece":25,"CultistMask":25,"Durian":6,"foxEvents:LuckyCharm":10,"StuffTheSpire:PointBlank":17,"conspire:DeflatedDodgeball":15},{"ReplayTheSpireMod:Ring of Exchange":180,"SnailShell":138,"StuffTheSpire:Rhapsscallions":180,"theForsaken:Gavel":123,"Replay:Rubber Ducky":108,"Matryoshka":79,"theJungle:BirthdayCakeSlice":85,"Philosopher\u0027s Stone":56,"Prayer Wheel":82,"Tiny Chest":93,"Replay:Wax Seal":79,"Cracked Core":0,"InkBottle":185,"aspiration:ChemicalBlood":0,"paleoftheancients:KeyRelic":155,"Happy Flower":138,"theJungle:SpiritDisease":85,"Odd Mushroom":41,"Orichalcum":67,"aspiration:HiddenCompartment":123,"WarpedTongs":3,"Calling Bell":93,"paleoftheancients:Timepiece":155,"CultistMask":155,"Durian":28,"foxEvents:LuckyCharm":45,"StuffTheSpire:PointBlank":93,"conspire:DeflatedDodgeball":79}],"InkBottle":[2],"WarpedTongs":[185]},"card_choices":[{"not_picked":["Force Field","StuffTheSpire:LoadUp"],"picked":"Barrage","floor":1},{"not_picked":["Ball Lightning","Steam"],"picked":"Reprogram","floor":3},{"not_picked":["Compile Driver","ReplayTheSpireMod:Reroute Power"],"picked":"Skim","floor":4},{"not_picked":["Go for the Eyes","Barrage"],"picked":"Beam Cell","floor":5},{"not_picked":["Ball Lightning","Chaos","Compile Driver"],"picked":"SKIP","floor":7},{"not_picked":["Loop","Rebound"],"picked":"Barrage","floor":8},{"not_picked":["BasicCrystalCard","StuffTheSpire:Plugnplay"],"picked":"Gash","floor":10},{"not_picked":["Ball Lightning","Capacitor"],"picked":"conspire:Rain","floor":11},{"not_picked":["Turbo","Go for the Eyes+1","Compile Driver"],"picked":"SKIP","floor":18},{"not_picked":["StuffTheSpire:LoadUp","StuffTheSpire:Coldhearted","Streamline"],"picked":"SKIP","floor":19},{"not_picked":["StuffTheSpire:Plugnplay+1","Self Repair"],"picked":"Gash+1","floor":22},{"not_picked":["White Noise","StuffTheSpire:Purify"],"picked":"Gash","floor":24},{"not_picked":["Chaos","Panic Button+1","Beam Cell"],"picked":"SKIP","floor":28},{"not_picked":["ReplayTheSpireMod:Calculation Training","Turbo","Rebound"],"picked":"SKIP","floor":28},{"not_picked":["Electrodynamics","Core Surge"],"picked":"Hyperbeam","floor":33},{"not_picked":["Barrage","StuffTheSpire:Plugnplay"],"picked":"BootSequence","floor":35},{"not_picked":["Blizzard","Go for the Eyes"],"picked":"Steam+1","floor":35},{"not_picked":["Cold Snap","ReplayGash"],"picked":"Reinforced Body","floor":35},{"not_picked":["Capacitor","Genetic Algorithm+1"],"picked":"White Noise","floor":38},{"not_picked":["Consume","Beam Cell+1"],"picked":"Conserve Battery","floor":39},{"not_picked":["Double Energy","Streamline"],"picked":"Conserve Battery","floor":39},{"not_picked":["StuffTheSpire:LoadUp+1","Steam Power","Ball Lightning"],"picked":"SKIP","floor":39},{"not_picked":["StuffTheSpire:Plugnplay+1","Turbo+1"],"picked":"Leap","floor":42},{"not_picked":["Defragment","ReplayGash"],"picked":"Echo Form","floor":44},{"not_picked":["ReplayTheSpireMod:Calculation Training+1","StuffTheSpire:Plugnplay+1"],"picked":"Hologram","floor":44},{"not_picked":["Cold Snap+1","Capacitor","Beam Cell"],"picked":"SKIP","floor":44},{"not_picked":["Steam","Coolheaded"],"picked":"Gash","floor":45},{"not_picked":["DiskWipe+1","StuffTheSpire:LoadUp","Stack"],"picked":"SKIP","floor":45},{"not_picked":["StuffTheSpire:Purify","Rebound","Undo"],"picked":"SKIP","floor":45},{"not_picked":["Undo","Double Energy","BasicCrystalCard+1"],"picked":"SKIP","floor":48},{"not_picked":["Ball Lightning","StuffTheSpire:Coldhearted","Go for the Eyes"],"picked":"SKIP","floor":48},{"not_picked":["BasicCrystalCard","ReplaySort","Stack"],"picked":"SKIP","floor":48},{"not_picked":["Force Field+1","StuffTheSpire:Plugnplay"],"picked":"Steam+1","floor":51},{"not_picked":["Beam Cell+1","Sweeping Beam+1","ReplayTheSpireMod:Calculation Training"],"picked":"SKIP","floor":51},{"not_picked":["Loop","StuffTheSpire:Rend","StuffTheSpire:LoadUp"],"picked":"SKIP","floor":51},{"not_picked":["RefreshScreen+1","Panic Button+1"],"picked":"Conserve Battery","floor":52},{"not_picked":["StuffTheSpire:LoadUp","Barrage+1"],"picked":"Gash+1","floor":52},{"not_picked":["Capacitor","Meteor Strike","Redo"],"picked":"SKIP","floor":52}],"player_experience":1936118,"relics_obtained":[{"floor":8,"key":"Durian"},{"floor":13,"key":"Odd Mushroom"},{"floor":14,"key":"foxEvents:LuckyCharm"},{"floor":24,"key":"Matryoshka"},{"floor":26,"key":"conspire:DeflatedDodgeball"},{"floor":26,"key":"Replay:Wax Seal"},{"floor":34,"key":"Prayer Wheel"},{"floor":34,"key":"StuffTheSpire:PointBlank"},{"floor":34,"key":"Tiny Chest"},{"floor":38,"key":"Replay:Rubber Ducky"},{"floor":42,"key":"aspiration:HiddenCompartment"},{"floor":43,"key":"theForsaken:Gavel"},{"floor":53,"key":"ReplayTheSpireMod:Ring of Exchange"},{"floor":58,"key":"InkBottle"}],"event_choices":[{"damage_healed":0,"gold_gain":0,"player_choice":"Rummage","damage_taken":0,"relics_obtained":["WarpedTongs"],"max_hp_gain":0,"max_hp_loss":0,"event_name":"Accursed Blacksmith","floor":2,"gold_loss":0,"cards_obtained":["Pain"]},{"damage_healed":0,"gold_gain":0,"player_choice":"Fought Mushrooms","damage_taken":0,"max_hp_gain":0,"max_hp_loss":0,"event_name":"Mushrooms","floor":13,"gold_loss":0},{"cards_removed":["Barrage"],"damage_healed":5,"gold_gain":0,"player_choice":"Offered Common","damage_taken":0,"max_hp_gain":0,"max_hp_loss":0,"event_name":"Bonfire Elementals","floor":25,"gold_loss":0},{"cards_removed":["Barrage"],"damage_healed":5,"gold_gain":0,"player_choice":"Offered Special","damage_taken":0,"max_hp_gain":0,"max_hp_loss":0,"event_name":"Bonfire Elementals","floor":25,"gold_loss":0},{"damage_healed":0,"gold_gain":0,"player_choice":"Bought 0 Potions","damage_taken":0,"max_hp_gain":0,"max_hp_loss":0,"event_name":"The Woman in Blue","floor":47,"gold_loss":0}],"is_beta":false,"boss_relics":[{"not_picked":["energizedSpire:SpiderWeb","Runesmith:UraniumAnvil"],"picked":"Philosopher\u0027s Stone"},{"not_picked":["Abe\u0027s Treasure","energizedSpire:HugeHouse"],"picked":"Calling Bell"}],"items_purged_floors":[21,46],"is_endless":false,"potions_floor_spawned":[1,4,8,11,16,18,28,39,45,50,52],"killed_by":"paleoftheancients:N","ascension_level":13}}