{"host":"0av13bfd5y1jedv9","time":1610415629,"event":{"mods":["Act Like it!","BaseMod","Conspire","Downfall","Hallownest","Hubris","Infinite Spire","Minty Spire (QoL Compilation)","Relic Sorter","Replay The Spire","StSLib","The Hierophant","The Senshi"],"gold_per_floor":[99,99,99,99,99,132,156,170,20,33,33,53,53,71,83,182,182,194,216,247,276,288,300,312,324,363,385,322,334,331,343,369,477,489,501,498,522,552,584,596,608,652,688,734,746,758,343,393,424,450,450,501,182,182,192],"floor_reached":56,"playtime":6924,"items_purged":[],"score":1252,"play_id":"19873eac-4e5d-4618-a228-292ba4a459aa","local_time":"20210112014029","is_ascension_mode":false,"campfire_choices":[{"floor":1.0,"key":"RECALL"},{"data":"champ:MurderStrike","floor":9.0,"key":"SMITH"},{"floor":13.0,"key":"REST"},{"data":"champ:StanceDance","floor":18.0,"key":"SMITH"},{"floor":23.0,"key":"REST"},{"floor":25.0,"key":"REST"},{"floor":28.0,"key":"REST"},{"floor":40.0,"key":"REST"},{"data":"champ:VampiricStrike","floor":46,"key":"SMITH"},{"floor":54,"key":"REST"}],"circlet_count":0,"master_deck":["champ:Strike","champ:Strike","champ:Strike","champ:Strike","champ:Defend","champ:Defend","champ:Execute","champ:Taunt","champ:GladiatorsShout","champ:DeathBlow","champ:Encircle","champ:MurderStrike+1","champ:GutPunch","champ:FocusedBerserking","champ:Riposte","champ:StanceDance+1","champ:AdrenalArmor","Offering","CurseOfTheBell","champ:FlashCut","champ:GladiatorStyle+1","champ:CrookedStrike+1","champ:SteelEdge","champ:BringItOn","champ:Backstep","champ:VampiricStrike+1","champ:FanOfKnives+1","champ:CrookedStrike+1","champ:FocusedDefense+1","champ:Duel+1","champ:FaceSlap","champ:Haymaker+1","Pot Of Greed","Pot Of Greed","Pot Of Greed","Rupture","champ:Backstep+1"],"relics":["downfall:HeartsMalice","m_IronCrown","infinitespire:Golems Mask","downfall:HeartBlessingRed","downfall:HeartBlessingBlue","Calling Bell","hubris:64BitClover","Sundial","MawBank","Peace Pipe","champ:FightingForDummies","downfall:HeartBlessingGreen","hubris:HollowSoul","champ:DefensiveTrainingManual","Pen Nib","infinitespire:CursedDice","Replay:Bandana","ClockworkSouvenir","Quantum Egg","Grinning Jar","infinitespire:Satchel","theSenshi:SailorFukuRelic"],"acts_visited":["Exordium","TheCity","TheBeyond","TheEnding"],"potions_floor_usage":[43,49,49,50,50,55,55],"damage_taken":[{"damage":0.0,"enemies":"Cultist","floor":2.0,"turns":1.0},{"damage":0.0,"enemies":"Small Slimes","floor":4.0,"turns":1.0},{"damage":0.0,"enemies":"Gremlin Nob","floor":6.0,"turns":1.0},{"damage":23.0,"enemies":"Jaw Worm","floor":8.0,"turns":3.0},{"damage":19.0,"enemies":"Gremlin Gang","floor":10.0,"turns":5.0},{"damage":33.0,"enemies":"Exordium Wildlife","floor":12.0,"turns":4.0},{"damage":13.0,"enemies":"Lots of Slimes","floor":14.0,"turns":2.0},{"damage":22.0,"enemies":"Large Slime","floor":15.0,"turns":3.0},{"damage":78.0,"enemies":"downfall:Watcher","floor":16.0,"turns":6.0},{"damage":44.0,"enemies":"Shell Parasite","floor":19.0,"turns":4.0},{"damage":59.0,"enemies":"Centurion and Healer","floor":20.0,"turns":5.0},{"damage":39.0,"enemies":"Shelled Parasite and Fungi","floor":21.0,"turns":4.0},{"damage":77.0,"enemies":"Nightmare","floor":26.0,"turns":8.0},{"damage":47.0,"enemies":"3 Cultists","floor":27.0,"turns":4.0},{"damage":29.0,"enemies":"downfall:FleeingMerchant","floor":30.0,"turns":4.0},{"damage":43.0,"enemies":"Cultist and Chosen","floor":32.0,"turns":4.0},{"damage":92.0,"enemies":"downfall:Ironclad","floor":33.0,"turns":7.0},{"damage":21.0,"enemies":"downfall:FleeingMerchant","floor":36.0,"turns":4.0},{"damage":32.0,"enemies":"3 Shapes","floor":37.0,"turns":3.0},{"damage":54.0,"enemies":"3 Darklings","floor":38.0,"turns":6.0},{"damage":67.0,"enemies":"Transient","floor":39.0,"turns":5.0},{"damage":128.0,"enemies":"Giant Head","floor":42.0,"turns":8.0},{"damage":37,"enemies":"Maw","floor":43,"turns":7},{"damage":36,"enemies":"R_Hoarder","floor":44,"turns":8},{"damage":23,"enemies":"downfall:FleeingMerchant","floor":47,"turns":2},{"damage":31,"enemies":"Sphere and 2 Shapes","floor":48,"turns":3},{"damage":70,"enemies":"Transient","floor":49,"turns":5},{"damage":72,"enemies":"downfall:Silent","floor":50,"turns":10},{"damage":89,"enemies":"downfall:CharBossMerchant","floor":52,"turns":6},{"damage":95,"enemies":"downfall:NeowBoss","floor":55,"turns":17}],"seed_played":"-2579105140185603087","potions_obtained":[{"floor":6.0,"key":"Swift Potion"},{"floor":10.0,"key":"Venom Potion"},{"floor":14.0,"key":"EntropicBrew"},{"floor":20.0,"key":"Strength Potion"},{"floor":26.0,"key":"BlessingOfTheForge"},{"floor":27.0,"key":"ColorlessPotion"},{"floor":32.0,"key":"DuplicationPotion"},{"floor":37.0,"key":"AttackPotion"},{"floor":38.0,"key":"sneckomod:MuddlingPotion"},{"floor":42.0,"key":"Block Potion"},{"floor":43,"key":"Fire Potion"},{"floor":49,"key":"FearPotion"}],"is_trial":false,"path_per_floor":["R","M","?","M","?","E","T","M","R","M","?","M","R","M","M","B",null,"R","M","M","M","?","R","T","R","NM","M","R","?","$","?","M","B",null,"R","$","M","M","M","R","T","E","M","E","?","R","$","M","M","B",null,"E","$","R","B",null],"character_chosen":"THE_CHAMP","items_purchased":["ClockworkSouvenir","Quantum Egg","Grinning Jar","champ:UltimateStancePotion","SkillPotion","Rupture","theSenshi:SailorFukuRelic","DistilledChaos","AttackPotion","Explosive Potion"],"campfire_rested":6,"item_purchase_floors":[47,47,47,47,47,47,53,53,53,53],"current_hp_per_floor":[90,90,90,90,90,90,90,82,92,83,83,78,100,100,100,66,100,100,88,62,46,46,76,76,100,66,47,77,77,73,73,62,27,100,100,100,88,80,36,66,66,7,85,79,79,79,79,75,30,8,100,34,34,64,100],"gold":192,"neow_bonus":"THREE_ENEMY_KILL","is_daily":false,"chose_seed":false,"campfire_upgraded":3,"win_rate":0.0,"timestamp":1610415629,"path_taken":["R","M","?","M","?","E","T","M","R","M","?","M","R","?","M","BOSS","R","M","M","?","?","R","T","R","NM","?","R","?","?","?","M","BOSS","R","$","M","M","M","R","T","E","M","E","?","R","$","M","M","BOSS","E","$","R","BOSS"],"items_purchased_type":["Relic","Relic","Relic","Potion","Potion","Card","Relic","Potion","Potion","Potion"],"build_version":"2020-12-22","purchased_purges":0,"victory":true,"max_hp_per_floor":[90,90,90,90,90,90,90,90,100,100,100,100,100,100,100,100,100,100,100,100,100,100,100,100,100,100,100,100,100,100,100,100,100,100,100,100,100,100,100,100,100,100,100,100,100,100,100,100,100,100,100,100,100,100,100],"card_choices":[{"not_picked":["champ:CalledShot","champ:BladeFlurry"],"picked":"champ:GladiatorsShout","floor":2.0},{"not_picked":["champ:Haymaker","champ:AdrenalArmor"],"picked":"champ:Encircle","floor":4.0},{"not_picked":["champ:DeathBlow","champ:Circumvent"],"picked":"champ:MurderStrike","floor":6.0},{"not_picked":["champ:GladiatorsShout","champ:Backstep"],"picked":"champ:GutPunch","floor":8.0},{"not_picked":["champ:BringItOn","champ:PerfectedStrike"],"picked":"champ:FocusedBerserking","floor":10.0},{"not_picked":["champ:FalseCounter","champ:Backstep"],"picked":"champ:Riposte","floor":12.0},{"not_picked":["champ:BerserkerStyle","champ:FalseCounter"],"picked":"champ:StanceDance","floor":14.0},{"not_picked":["champ:BerserkerStyle","champ:StanceDance"],"picked":"champ:AdrenalArmor","floor":15.0},{"not_picked":["champ:CheapShot","champ:IgnorePain"],"picked":"Offering","floor":16.0},{"not_picked":["champ:DeathBlow","champ:GladiatorsShout","champ:BladeFlurry"],"picked":"SKIP","floor":19.0},{"not_picked":["champ:BerserkersShout","champ:GutPunch"],"picked":"champ:FlashCut","floor":20.0},{"not_picked":["champ:FocusedDefense","champ:Circumvent"],"picked":"champ:GladiatorStyle+1","floor":21.0},{"not_picked":["champ:GladiatorsShout","champ:ViciousMockery"],"picked":"champ:SteelEdge","floor":26.0},{"not_picked":["champ:StanceDance","champ:Riposte"],"picked":"champ:BringItOn","floor":27.0},{"not_picked":["champ:PreciseThrust","champ:EnGarde","champ:FocusedBerserking"],"picked":"SKIP","floor":30.0},{"not_picked":["champ:PerfectedStrike","champ:Riposte"],"picked":"champ:Backstep","floor":32.0},{"not_picked":["champ:Improvising","champ:CheapShot"],"picked":"champ:VampiricStrike","floor":33.0},{"not_picked":["champ:TornadoPunch+1","champ:AdrenalArmor"],"picked":"champ:FanOfKnives+1","floor":36.0},{"not_picked":["champ:CrookedStrike+1","champ:TornadoPunch+1","champ:StanceDance"],"picked":"SKIP","floor":37.0},{"not_picked":["champ:GutPunch+1","champ:FlashCut"],"picked":"champ:CrookedStrike+1","floor":38.0},{"not_picked":["champ:Circumvent+1","champ:Backstep+1"],"picked":"champ:FocusedDefense+1","floor":39.0},{"not_picked":["champ:FocusedBerserking","champ:FocusedGladiator+1"],"picked":"champ:Duel+1","floor":42.0},{"not_picked":["champ:Haymaker","champ:Lariat+1"],"picked":"champ:FaceSlap","floor":43},{"not_picked":["champ:DeathBlow","champ:BladeFlurry"],"picked":"champ:Haymaker+1","floor":44},{"not_picked":["champ:RecklessLeap","champ:BerserkersShout","champ:CrookedStrike"],"picked":"SKIP","floor":47},{"not_picked":["champ:BerserkersShout","Combust","Feed"],"picked":"SKIP","floor":48},{"not_picked":["champ:BladeFlurry","champ:GladiatorsShout+1"],"picked":"champ:Backstep+1","floor":49},{"not_picked":["champ:Haymaker","champ:AdrenalArmor","champ:FlashCut"],"picked":"SKIP","floor":52}],"player_experience":183311,"relics_obtained":[{"floor":6.0,"key":"infinitespire:Golems Mask"},{"floor":17.0,"key":"hubris:64BitClover"},{"floor":17.0,"key":"Sundial"},{"floor":17.0,"key":"MawBank"},{"floor":24.0,"key":"Peace Pipe"},{"floor":26.0,"key":"champ:FightingForDummies"},{"floor":37.0,"key":"champ:DefensiveTrainingManual"},{"floor":41.0,"key":"Pen Nib"},{"floor":42.0,"key":"infinitespire:CursedDice"},{"floor":44,"key":"Replay:Bandana"},{"floor":52,"key":"infinitespire:Satchel"}],"event_choices":[{"damage_healed":0.0,"max_hp_gain":0.0,"max_hp_loss":0.0,"gold_gain":0.0,"cards_transformed":["champ:Defend"],"event_name":"Transmorgrifier","player_choice":"Transformed","floor":22.0,"gold_loss":0.0,"damage_taken":0.0,"cards_obtained":["champ:CrookedStrike"]},{"cards_removed":["champ:Defend"],"damage_healed":0.0,"max_hp_gain":0.0,"max_hp_loss":0.0,"gold_gain":0.0,"event_name":"Purifier","player_choice":"Purged","floor":29.0,"gold_loss":0.0,"damage_taken":0.0},{"damage_healed":0,"gold_gain":0,"player_choice":"Leave","damage_taken":0,"max_hp_gain":0,"max_hp_loss":0,"event_name":"conspire:Investor","floor":45,"gold_loss":0}],"is_beta":false,"boss_relics":[{"not_picked":["infinitespire:Cupcake","Philosopher\u0027s Stone"],"picked":"Calling Bell"},{"not_picked":["Kintsugi","conspire:RoyalGoblet"],"picked":"hubris:HollowSoul"}],"items_purged_floors":[],"is_endless":false,"potions_floor_spawned":[6,10,14,20,26,27,32,37,38,42,43,49],"ascension_level":0}}