{"host":"2l7l3zadxvu2c1wr","time":1610441926,"event":{"mods":["AchievementEnabler","AlwaysNeverKeys","Aspiration","BaseMod","Better Third Choice","BetterRewards","Colored Map","Colored Powertips","DeckTracker","Downfall","GifTheSpireLib","Gold Saver","Highlight Path","Hubris","Infinite Spire","Minty Spire (QoL Compilation)","Permanent Neow","Quick Restart","Rare Cards Sparkle","Replay The Spire","Spikes Relics","StSLib","Stuff the Spire"],"gold_per_floor":[112,112,0,16,32,62,62,96,121,133,133,133,163,180,180,180,180],"floor_reached":16,"playtime":574,"items_purged":[],"score":126,"play_id":"9cdbd08b-72b3-4a8a-8ea4-3c569458f9f9","local_time":"20210112185846","is_ascension_mode":true,"campfire_choices":[{"data":"Berserk","floor":7,"key":"SMITH"},{"data":"Enlightenment","floor":12,"key":"SMITH"},{"floor":15,"key":"DIG"}],"circlet_count":0,"master_deck":["Strike_R","Strike_R","Strike_R","Strike_R","Strike_R","Defend_R","Defend_R","Defend_R","Defend_R","Bash+1","Pummel","Enlightenment+1","Wild Strike","Berserk+1","CutThroughFate+1","Seeing Red","Cleave","Flying Knee","Cleave"],"relics":["Burning Blood","aspiration:Nostalgia","Replay:M_StaffOfTheSnake","hubris:Towel","PreservedInsect","Whetstone","SpikesRelics:DaevaFist","Happy Flower","MiniBlackHole"],"acts_visited":["Exordium"],"potions_floor_usage":[13,14],"damage_taken":[{"damage":13,"enemies":"Cultist","floor":1,"turns":5},{"damage":3,"enemies":"Jaw Worm","floor":4,"turns":4},{"damage":2,"enemies":"Small Slimes","floor":5,"turns":3},{"damage":26,"enemies":"Gremlin Nob","floor":6,"turns":5},{"damage":26,"enemies":"3 Sentries","floor":8,"turns":6},{"damage":6,"enemies":"Exordium Thugs","floor":10,"turns":3},{"damage":16,"enemies":"Gremlin Nob","floor":13,"turns":3},{"damage":6,"enemies":"Red Slaver","floor":14,"turns":3},{"damage":54,"enemies":"The Guardian","floor":16,"turns":7}],"seed_played":"3808235377393912138","potions_obtained":[{"floor":8,"key":"BloodPotion"},{"floor":10,"key":"CultistPotion"}],"is_trial":false,"path_per_floor":["M","?","?","M","M","E","R","E","T","M","?","R","E","M","R_BF","B"],"character_chosen":"IRONCLAD","items_purchased":[],"campfire_rested":0,"item_purchase_floors":[],"current_hp_per_floor":[73,73,79,82,86,66,66,46,46,46,46,46,36,53,53,0,0],"gold":180,"neow_bonus":"NOSTALGIA","is_daily":false,"chose_seed":false,"campfire_upgraded":2,"win_rate":0.0,"timestamp":1610441926,"path_taken":["M","?","?","M","M","E","R","E","T","M","?","R","E","M","R_BF","BOSS"],"items_purchased_type":[],"build_version":"2020-12-22","purchased_purges":0,"victory":false,"max_hp_per_floor":[80,80,86,86,86,86,86,86,86,86,86,86,86,86,86,86,86],"card_choices":[{"not_picked":["Armaments","Spot Weakness"],"picked":"Pummel","floor":1},{"not_picked":["Feel No Pain","Replay:Undeath\u0027s Touch"],"picked":"Wild Strike","floor":4},{"not_picked":["Shrug It Off","Bloodletting"],"picked":"Berserk","floor":5},{"not_picked":["Clothesline","TalkToTheHand"],"picked":"CutThroughFate","floor":6},{"not_picked":["Nirvana","Ghostly Armor"],"picked":"Seeing Red","floor":8},{"not_picked":["CutThroughFate","Grand Finale"],"picked":"Cleave","floor":10},{"not_picked":["Exhume","Defy Death"],"picked":"Flying Knee","floor":13},{"not_picked":["StuffTheSpire:RockThrow","Nirvana"],"picked":"Cleave","floor":14}],"player_experience":177931,"relics_obtained":[{"floor":6,"key":"PreservedInsect"},{"floor":8,"key":"Whetstone"},{"floor":9,"key":"SpikesRelics:DaevaFist"},{"floor":13,"key":"Happy Flower"},{"floor":15,"key":"MiniBlackHole"}],"event_choices":[{"damage_healed":0,"gold_gain":0,"player_choice":"RENOUNCE","damage_taken":112,"max_hp_gain":0,"max_hp_loss":0,"event_name":"betterThird:BetterSerpent","floor":3,"gold_loss":112,"cards_obtained":["Enlightenment"]},{"damage_healed":0,"gold_gain":0,"player_choice":"Bought 0 Potions","damage_taken":0,"max_hp_gain":0,"max_hp_loss":0,"event_name":"The Woman in Blue","floor":11,"gold_loss":0}],"is_beta":false,"boss_relics":[],"items_purged_floors":[],"is_endless":false,"potions_floor_spawned":[8,10],"killed_by":"The Guardian","ascension_level":1}}