{"host":"gafwejejal4v72m6","time":1610475820,"event":{"mods":["Aspiration","BaseMod","BetterRewards","Clockwork Mod","Conspire","Googly Eyes","Hermit","Hubris","Minty Spire (QoL Compilation)","Rare Cards Sparkle","Shop Mod","StSLib","The Necromancer"],"gold_per_floor":[114,114,114,127,143,143,161,161,161,174,209,209,239,239,239,337,337,356,316,330,44,70,107,107,142,142,167,11,11,11,11,11,111,111,124,124,224,238,256,256,291,316,316,378,81,103,103,319,319,319],"floor_reached":51,"playtime":3488,"items_purged":["hubris:Lust"],"score":1208,"play_id":"4e956f90-cfce-4a76-8557-6d66d8c16f8c","local_time":"20210113012340","is_ascension_mode":true,"campfire_choices":[{"floor":6.0,"key":"REST"},{"data":"hermit:Misfire","floor":8.0,"key":"SMITH"},{"data":"hermit:Maintenance","floor":12.0,"key":"SMITH"},{"floor":15.0,"key":"REST"},{"floor":24.0,"key":"REST"},{"data":"hermit:Coalescence","floor":32.0,"key":"SMITH"},{"data":"hermit:Covet","floor":40.0,"key":"SMITH"},{"data":"Apotheosis","floor":47,"key":"SMITH"},{"data":"hermit:Snapshot","floor":49,"key":"SMITH"}],"circlet_count":0,"master_deck":["hermit:Strike_Hermit","hermit:Strike_Hermit","hermit:Strike_Hermit","hermit:Defend_Hermit","hermit:Defend_Hermit","hermit:Defend_Hermit","hermit:Snapshot+1","hermit:Covet+1","hermit:EyeOfTheStorm","hermit:Determination+1","hermit:Misfire+1","hermit:Coalescence+1","hermit:Brawl+1","hermit:Quickdraw","hermit:Showdown+1","hermit:Maintenance+1","hermit:Combo+1","hermit:FatalDesire+1","hermit:Scavenge+1","hermit:GhostlyPresence","hermit:LoneWolf+1","hermit:Scavenge","Shame","hermit:FinalCanter+1","hermit:TakeCover+1","Parasite","hermit:Grudge+1","hermit:GhostlyPresence+1","Apotheosis+1","hermit:Dive","hermit:FinalCanter","hermit:Midnight","Secret Technique"],"relics":["hermit:Momento","Frozen Egg 2","hubris:Reverence","hubris:Icosahedron","aspiration:StickyExplosives_weak","Orichalcum","Question Card","Peace Pipe","conspire:RoyalGoblet","hubris:FunFungus","Thread and Needle","Ancient Tea Set","Eternal Feather","Membership Card","Nunchaku","Potion Belt","hubris:HollowSoul","conspire:TopHat","Happy Flower","Lizard Tail","Bag of Preparation","Bottled Flame","Medical Kit","hubris:NiceRug","Strawberry","aspiration:ChemicalBlood"],"acts_visited":["Exordium","TheCity","TheBeyond"],"potions_floor_usage":[48,48,50,50,50,50,50,50],"damage_taken":[{"damage":7.0,"enemies":"Jaw Worm","floor":1.0,"turns":3.0},{"damage":6.0,"enemies":"2 Louse","floor":4.0,"turns":2.0},{"damage":0.0,"enemies":"Cultist","floor":5.0,"turns":3.0},{"damage":0.0,"enemies":"Exordium Wildlife","floor":7.0,"turns":3.0},{"damage":0.0,"enemies":"Blue Slaver","floor":10.0,"turns":3.0},{"damage":22.0,"enemies":"Lagavulin","floor":11.0,"turns":5.0},{"damage":20.0,"enemies":"3 Sentries","floor":13.0,"turns":8.0},{"damage":12.0,"enemies":"Hexaghost","floor":16.0,"turns":7.0},{"damage":7.0,"enemies":"Shell Parasite","floor":18.0,"turns":4.0},{"damage":9.0,"enemies":"Chosen","floor":20.0,"turns":5.0},{"damage":19.0,"enemies":"Shelled Parasite and Fungi","floor":22.0,"turns":5.0},{"damage":13.0,"enemies":"conspire:SneckoGhost","floor":23.0,"turns":5.0},{"damage":13.0,"enemies":"Gremlin Leader","floor":25.0,"turns":4.0},{"damage":0.0,"enemies":"Cultist and Chosen","floor":27.0,"turns":7.0},{"damage":20.0,"enemies":"Collector","floor":33.0,"turns":7.0},{"damage":13.0,"enemies":"Orb Walker","floor":35.0,"turns":4.0},{"damage":17.0,"enemies":"3 Darklings","floor":38.0,"turns":5.0},{"damage":21.0,"enemies":"Writhing Mass","floor":39.0,"turns":6.0},{"damage":0,"enemies":"Reptomancer","floor":41,"turns":1},{"damage":3,"enemies":"Maw","floor":42,"turns":7},{"damage":16,"enemies":"Mind Bloom Boss Battle","floor":44,"turns":7},{"damage":7,"enemies":"Sphere and 2 Shapes","floor":46,"turns":7},{"damage":34,"enemies":"hubris:Merchant","floor":48,"turns":9},{"damage":58,"enemies":"hubris:GrandSnecko","floor":50,"turns":14}],"seed_played":"2864702034927635679","potions_obtained":[{"floor":7.0,"key":"Dexterity Potion"},{"floor":10.0,"key":"Explosive Potion"},{"floor":13.0,"key":"Block Potion"},{"floor":16.0,"key":"Energy Potion"},{"floor":23.0,"key":"Energy Potion"},{"floor":25.0,"key":"SkillPotion"},{"floor":33.0,"key":"Ancient Potion"},{"floor":35.0,"key":"Block Potion"},{"floor":42,"key":"BlessingOfTheForge"},{"floor":48,"key":"EntropicBrew"},{"floor":48,"key":"Regen Potion"},{"floor":48,"key":"Dexterity Potion"}],"is_trial":false,"path_per_floor":["M","?","?","M","M","R","M","R","T","M","E","R","E","T","R","B",null,"M","?","M","$","M","E","R","E","T","M","$","?","$","T","R","B",null,"M","?","?","M","M","R","E","M","T","?","$","M","R","$","R","B",null],"character_chosen":"HERMIT","items_purchased":["Frozen Egg 2","hermit:EyeOfTheStorm","hermit:Determination+1","hubris:Reverence","hermit:Misfire","hubris:FunFungus","Membership Card","Bag of Preparation","Bottled Flame","Apotheosis","Medical Kit","hermit:Dive"],"campfire_rested":3,"item_purchase_floors":[0,0,0,0,0,21,28,45,45,45,48,48],"current_hp_per_floor":[44,44,44,38,38,60,60,60,60,60,38,38,18,18,40,28,75,68,68,59,59,46,39,61,50,50,65,65,65,65,65,75,58,75,66,66,66,53,39,54,54,57,57,50,50,52,67,51,69,26],"gold":319,"neow_bonus":"","is_daily":false,"chose_seed":false,"campfire_upgraded":6,"win_rate":0.0,"timestamp":1610475820,"path_taken":["M","?","?","M","M","R","?","R","T","M","E","R","E","?","R","BOSS","M","?","?","$","M","E","R","E","T","M","$","?","$","?","R","BOSS","M","?","?","M","M","R","E","?","T","?","$","M","R","$","R","BOSS"],"items_purchased_type":["Relic","Card","Card","Relic","Card","Relic","Relic","Relic","Relic","Card","Relic","Card"],"build_version":"2020-12-22","purchased_purges":1,"victory":true,"max_hp_per_floor":[75,75,75,75,75,75,75,75,75,75,75,75,75,75,75,75,75,75,75,75,75,75,75,75,75,75,75,75,75,75,75,75,75,75,75,75,75,75,75,75,75,75,75,75,75,75,75,82,82,82],"card_choices":[{"not_picked":["hermit:BodyArmor","hermit:Brawl+1"],"picked":"hermit:Coalescence","floor":1.0},{"not_picked":["hermit:Malice","hermit:Coalescence"],"picked":"hermit:Brawl+1","floor":4.0},{"not_picked":["hermit:Brawl+1","hermit:Horror"],"picked":"hermit:Quickdraw","floor":5.0},{"not_picked":["hermit:SprayPray","hermit:HighCaliber"],"picked":"hermit:Showdown","floor":7.0},{"not_picked":["hermit:Quickdraw","hermit:Horror","hermit:LowProfile"],"picked":"SKIP","floor":10.0},{"not_picked":["hermit:BigShot+1","hermit:FatalDesire+1"],"picked":"hermit:Maintenance","floor":11.0},{"not_picked":["hermit:Glare","hermit:Dive"],"picked":"hermit:Combo+1","floor":13.0},{"not_picked":["hermit:RoundhouseKick","hermit:Gambit","hermit:DeadOrAlive"],"picked":"hermit:FatalDesire+1","floor":16.0},{"not_picked":["hermit:SprayPray+1","hermit:BodyArmor","hermit:Misfire"],"picked":"hermit:Scavenge+1","floor":18.0},{"not_picked":["hermit:Roulette","hermit:Quickdraw","hermit:EyeOfTheStorm"],"picked":"hermit:GhostlyPresence","floor":20.0},{"not_picked":["hermit:Deadeye","hermit:Coalescence+1","hermit:Ricochet+1","hermit:Manifest"],"picked":"SKIP","floor":22.0},{"not_picked":["hermit:Scavenge","hermit:Vantage","hermit:Grudge"],"picked":"hermit:LoneWolf+1","floor":23.0},{"not_picked":["hermit:Deadeye","hermit:Ricochet","hermit:Combo+1"],"picked":"hermit:Scavenge","floor":25.0},{"not_picked":["hermit:CalledShot+1","hermit:WideOpen","hermit:Feint","hermit:Misfire"],"picked":"SKIP","floor":27.0},{"not_picked":["hermit:DeadOrAlive","hermit:FromBeyond","hermit:Purgatory"],"picked":"hermit:FinalCanter","floor":33.0},{"not_picked":["hermit:Brawl+1","hermit:HoleUp","hermit:PistolWhip","hermit:BigShot+1"],"picked":"SKIP","floor":35.0},{"not_picked":["hermit:CalledShot+1","hermit:WideOpen+1","hermit:DeadMansHand+1"],"picked":"hermit:TakeCover+1","floor":38.0},{"not_picked":["hermit:Misfire+1","hermit:Spite","hermit:Midnight","hermit:Shortfuse+1"],"picked":"SKIP","floor":39.0},{"not_picked":["hermit:CalledShot","hermit:Quickdraw","hermit:ItchyTrigger+1","hermit:Coalescence+1"],"picked":"SKIP","floor":41},{"not_picked":["hermit:Dissolve","hermit:Coalescence+1","hermit:Gestalt"],"picked":"hermit:Grudge+1","floor":42},{"not_picked":["hermit:Headshot+1","hermit:GoldenBullet","hermit:TrackingShot+1"],"picked":"hermit:GhostlyPresence+1","floor":44},{"not_picked":["hermit:HoleUp","hermit:DeadMansHand+1","hermit:Ricochet+1","hermit:Misfire+1"],"picked":"SKIP","floor":46},{"not_picked":[],"picked":"hermit:FinalCanter","floor":48},{"not_picked":[],"picked":"hermit:Midnight","floor":48},{"not_picked":[],"picked":"Secret Technique","floor":48},{"not_picked":["hermit:CalledShot"],"picked":"SKIP","floor":48},{"not_picked":["hermit:Brawl+1"],"picked":"SKIP","floor":48},{"not_picked":["PanicButton"],"picked":"SKIP","floor":48}],"player_experience":73900,"relics_obtained":[{"floor":9.0,"key":"aspiration:StickyExplosives_weak"},{"floor":11.0,"key":"Orichalcum"},{"floor":13.0,"key":"Question Card"},{"floor":14.0,"key":"Peace Pipe"},{"floor":23.0,"key":"Thread and Needle"},{"floor":25.0,"key":"Ancient Tea Set"},{"floor":26.0,"key":"Eternal Feather"},{"floor":31.0,"key":"Potion Belt"},{"floor":41,"key":"conspire:TopHat"},{"floor":43,"key":"Happy Flower"},{"floor":44,"key":"Lizard Tail"},{"floor":48,"key":"Strawberry"},{"floor":48,"key":"aspiration:ChemicalBlood"}],"event_choices":[{"cards_removed":["hermit:Strike_Hermit"],"damage_healed":0.0,"max_hp_gain":0.0,"max_hp_loss":0.0,"gold_gain":0.0,"event_name":"Purifier","player_choice":"Purged","floor":3.0,"gold_loss":0.0,"damage_taken":0.0},{"damage_healed":0.0,"max_hp_gain":0.0,"max_hp_loss":0.0,"gold_gain":0.0,"event_name":"Designer","player_choice":"Upgrade","floor":19.0,"gold_loss":40.0,"damage_taken":0.0,"cards_upgraded":["hermit:Showdown"]},{"damage_healed":0.0,"max_hp_gain":0.0,"max_hp_loss":0.0,"gold_gain":0.0,"event_name":"Addict","player_choice":"Stole Relic","floor":29.0,"gold_loss":0.0,"damage_taken":0.0,"relics_obtained":["Nunchaku"],"cards_obtained":["Shame"]},{"damage_healed":0.0,"max_hp_gain":0.0,"max_hp_loss":0.0,"gold_gain":100.0,"event_name":"Golden Shrine","player_choice":"Pray","floor":37.0,"gold_loss":0.0,"damage_taken":0.0},{"damage_healed":0,"gold_gain":0,"player_choice":"Fight","damage_taken":0,"max_hp_gain":0,"max_hp_loss":0,"event_name":"MindBloom","floor":44,"gold_loss":0}],"is_beta":false,"boss_relics":[{"not_picked":["conspire:SeveredTorchhead","hubris:VirtuousBlindfold"],"picked":"conspire:RoyalGoblet"},{"not_picked":["conspire:SlowCooker","conspire:SpecialSausage"],"picked":"hubris:HollowSoul"}],"items_purged_floors":[0],"is_endless":false,"potions_floor_spawned":[7,10,13,16,20,23,25,33,35,42],"ascension_level":4}}