{"host":"gndxudri6ebovps6","time":1610486787,"event":{"mods":["AchievementEnabler","Act Like it!","Aspiration","BaseMod","Better Altar","Better Match","Better Note","Better Sensory Stone","Better Skull","Better Vampires","BetterRewards","Block Reminder","Conspire","GifTheSpireLib","Hubris","Infinite Spire","Marked Mod","Minty Spire (QoL Compilation)","Pale of the Ancients","Quick Restart","Replay The Spire","Shop Mod","Spicy Shops","Spikes Relics","StSLib","Stuff the Spire","The Cursed","The Disciple","The Judge","The Necromancer","everything is the same but u backflip on backflip","vexMod"],"gold_per_floor":[109,148,56,71,90,90,122,122,122,149,6,16,26,26,26,146,146,171,171,387,402,402,411,454,45,70,100,129,142,151,5,5,144,144,169,194,194,203,58,108,120,182,221,242,286,298,310,322,334,346,388,427,439,451,463,500,512,86,86,86,86],"floor_reached":60,"language":"ENG","playtime":2802,"items_purged":["Decay"],"score":1432,"play_id":"4f3a6446-6915-458d-b914-8e7f313580e7","local_time":"20210112192627","is_ascension_mode":true,"campfire_choices":[{"data":"Mayhem","floor":6.0,"key":"SMITH"},{"data":"Siphon_Strength","floor":8.0,"key":"SMITH"},{"data":"Blood_Is_Power","floor":15.0,"key":"SMITH"},{"floor":23.0,"key":"REST"},{"floor":30.0,"key":"REST"},{"data":"Cloudkill","floor":32.0,"key":"SMITH"},{"data":"infinitespire:Execution","floor":46.0,"key":"SMITH"},{"data":"Thousand_Bone_Knives","floor":49.0,"key":"SMITH"},{"data":"Summon_Vampire_Lady","floor":55,"key":"SMITH"},{"data":"Toxic_Smoke_Screen","floor":57,"key":"SMITH"}],"circlet_count":0,"master_deck":["Strike_W+1","Strike_W+1","Strike_W+1","Strike_W+1","Defend_W+1","Defend_W+1","Defend_W+1","Defend_W+1","Negative_Energy_Arrows","Bone_Wall","Blood_Is_Power+1","Mayhem+1","Siphon_Strength+1","Uncharnel+1","Siphon_Strength+1","Negative_Energy_Javelin","Consume_Illness","Blood_Is_Power+1","Negative_Energy_Javelin","Spectral_Walk+1","Summon_Undead_Army+1","Blood_Wake","Scare","Thousand_Bone_Knives+1","Pandemic+1","Spectral_Armor","Cloudkill+1","Bone_Armor","Summon_Vampire_Lady+1","Death_Coil+1","Summon_Undead+1","Thousand_Bone_Knives+1","Strike_from_Beyond","infinitespire:Execution+1","Violent_Necrosis+1","Blood_Is_Power+1","Bone_Bullets+1","Toxic_Smoke_Screen+1","Siphon_Strength","Summon_Undead_Army"],"relics":["Vampire_Amulet","BrokenLever","Orichalcum","Lee\u0027s Waffle","Replay:WaspNest","Pantograph","Torii","conspire:TopHat","aspiration:TomeofQuesting","Thread and Needle","Dream Catcher","Bronze Scales","Golden Idol","vexMod:ImprovementManual","aspiration:Lifesprig","CeramicFish","Blood Vial","Replay:Wax Seal","conspire:TreasureMap","conspire:DeflatedDodgeball","StuffTheSpire:Experiment12","Juzu Bracelet","conspire:RunicOctahedron","SpikesRelics:DaevaFist","MawBank","Smiling Mask","Ornamental Fan","conspire:RoyalGoblet","ReplayFunnel","paleoftheancients:Timepiece","Letter Opener","CultistMask","paleoftheancients:SoulOfTheShowman","ReplayTheSpireMod:Ninjato"],"acts_visited":["Exordium","TheCity","TheBeyond","paleoftheancients:PaleOfTheAncients"],"potions_floor_usage":[56],"damage_taken":[{"damage":0.0,"enemies":"Small Slimes","floor":1.0,"turns":4.0},{"damage":8.0,"enemies":"2 Louse","floor":4.0,"turns":3.0},{"damage":2.0,"enemies":"Cultist","floor":5.0,"turns":3.0},{"damage":9.0,"enemies":"Lagavulin","floor":7.0,"turns":6.0},{"damage":14.0,"enemies":"Gremlin Nob","floor":10.0,"turns":4.0},{"damage":5.0,"enemies":"Gremlin Gang","floor":12.0,"turns":4.0},{"damage":0.0,"enemies":"2 Fungi Beasts","floor":13.0,"turns":4.0},{"damage":10.0,"enemies":"The Guardian","floor":16.0,"turns":7.0},{"damage":5.0,"enemies":"Spheric Guardian","floor":18.0,"turns":4.0},{"damage":5.0,"enemies":"2 Thieves","floor":21.0,"turns":4.0},{"damage":11.0,"enemies":"Gremlin Leader","floor":24.0,"turns":4.0},{"damage":3.0,"enemies":"Centurion and Healer","floor":27.0,"turns":5.0},{"damage":4.0,"enemies":"Chosen and Byrds","floor":28.0,"turns":3.0},{"damage":3.0,"enemies":"Snake Plant","floor":29.0,"turns":3.0},{"damage":1.0,"enemies":"Collector","floor":33.0,"turns":6.0},{"damage":5.0,"enemies":"Orb Walker","floor":35.0,"turns":3.0},{"damage":10.0,"enemies":"3 Shapes","floor":36.0,"turns":5.0},{"damage":2.0,"enemies":"R_Hoarder","floor":40.0,"turns":8.0},{"damage":22.0,"enemies":"Giant Head","floor":42.0,"turns":8.0},{"damage":14.0,"enemies":"Spire Growth","floor":45.0,"turns":5.0},{"damage":69.0,"enemies":"hubris:GrandSnecko","floor":50.0,"turns":7.0},{"damage":49.0,"enemies":"hubris:GrandSnecko","floor":51.0,"turns":8.0},{"damage":3,"enemies":"hubris:GrandSnecko","floor":52,"turns":9},{"damage":16,"enemies":"hubris:GrandSnecko","floor":56,"turns":8},{"damage":173,"enemies":"paleoftheancients:N","floor":60,"turns":11}],"seed_played":"-5115119089417990699","potions_obtained":[{"floor":7.0,"key":"BlessingOfTheForge"},{"floor":10.0,"key":"Venom Potion"},{"floor":18.0,"key":"Ancient Potion"},{"floor":27.0,"key":"Weak Potion"},{"floor":28.0,"key":"Toxic Potion"},{"floor":33.0,"key":"AttackPotion"},{"floor":36.0,"key":"SteroidPotion"},{"floor":41.0,"key":"EssenceOfSteel"},{"floor":41.0,"key":"EssenceOfSteel"},{"floor":45.0,"key":"Strength Potion"}],"is_trial":false,"path_per_floor":["M","?","?","M","M","R","E","R","T","E","$","M","M","?","R","B",null,"M","?","?","M","?","R","E","$","T","M","M","M","R","$","R","B",null,"M","M","?","?","$","E","?","E","T","AVR","M","R","$","?","R","B","M","M","?","$","R","M","R","$","?","B"],"character_chosen":"NECROMANCER","items_purchased":["BrokenLever","Orichalcum","Blood_Is_Power","Mayhem","Lee\u0027s Waffle","Replay:WaspNest","Siphon_Strength","Pantograph","Bronze Scales","conspire:TreasureMap","conspire:DeflatedDodgeball","Juzu Bracelet","SpikesRelics:DaevaFist","ReplayTheSpireMod:Ninjato","Siphon_Strength","Summon_Undead_Army"],"campfire_rested":2,"item_purchase_floors":[0,0,0,0,0,0,0,0,11,25,25,31,39,58,58,58],"current_hp_per_floor":[82,50,50,46,46,46,42,42,42,30,30,36,40,40,40,57,82,79,79,10,11,11,35,32,32,32,35,37,38,62,62,62,82,82,79,82,78,78,78,78,78,69,69,69,59,59,59,59,59,78,56,78,78,78,78,78,78,78,78,0,0],"gold":86,"neow_bonus":"","is_daily":false,"chose_seed":false,"campfire_upgraded":8,"win_rate":0.0,"timestamp":1610486787,"path_taken":["M","?","?","?","M","R","E","R","T","E","$","?","M","?","R","BOSS","M","?","?","?","?","R","E","$","T","?","M","M","R","?","R","BOSS","M","M","?","?","$","E","?","E","T","AVR","M","R","?","?","R","BOSS","M","M","?","$","R","M","R","$","?","BOSS"],"items_purchased_type":["Relic","Relic","Card","Card","Relic","Relic","Card","Relic","Relic","Relic","Relic","Relic","Relic","Relic","Card","Card"],"build_version":"2020-12-22","purchased_purges":1,"victory":false,"max_hp_per_floor":[82,82,82,82,82,82,82,82,82,82,82,82,82,82,82,82,82,82,82,82,82,82,82,82,82,82,82,82,82,82,82,82,82,82,82,82,78,78,78,78,78,78,78,78,78,78,78,78,78,78,78,78,78,78,78,78,78,78,78,78,78],"card_choices":[{"not_picked":["Consume_Illness","Death_March_Dance"],"picked":"Uncharnel","floor":1.0},{"not_picked":["Summon_Undead_Army","Negative_Energy_Mist"],"picked":"Siphon_Strength","floor":2.0},{"not_picked":["Bone_Armory","Bone_Shift"],"picked":"Negative_Energy_Javelin","floor":4.0},{"not_picked":["Finger_Of_Death","Death_March_Dance"],"picked":"Consume_Illness","floor":5.0},{"not_picked":["Blood_Magic","Bone_Armory"],"picked":"Blood_Is_Power","floor":7.0},{"not_picked":["Strike_from_Beyond","Shackles_Of_Pain"],"picked":"Negative_Energy_Javelin","floor":10.0},{"not_picked":["Consume_Illness","Negative_Energy_Sphere"],"picked":"Spectral_Walk","floor":12.0},{"not_picked":["Negative_Energy_Sphere","Negative_Energy_Javelin"],"picked":"Summon_Undead_Army","floor":13.0},{"not_picked":["Hellfire","Reap_The_Weak"],"picked":"Blood_Wake","floor":16.0},{"not_picked":["Bone_Spikes","Negative_Energy_Javelin"],"picked":"Scare","floor":18.0},{"not_picked":["Death_March_Dance","Finger_Of_Death","Consume_Illness"],"picked":"SKIP","floor":21.0},{"not_picked":["Negative_Energy_Mist","Consume_Illness"],"picked":"Thousand_Bone_Knives","floor":23.0},{"not_picked":["Blood_Shield+1","Negative_Energy_Mist"],"picked":"Pandemic+1","floor":24.0},{"not_picked":["Life_Tap","Blood_Curse"],"picked":"Spectral_Armor","floor":27.0},{"not_picked":["Finger_Of_Death","Flesh_Made_Foul"],"picked":"Cloudkill","floor":28.0},{"not_picked":["Bones_to_Steel","Deaths_Shadow","Negative_Energy_Burst"],"picked":"SKIP","floor":29.0},{"not_picked":["Chill_Blood","Exploit"],"picked":"Bone_Armor","floor":30.0},{"not_picked":["Skeleton_Dragon","Hellfire"],"picked":"Summon_Vampire_Lady","floor":33.0},{"not_picked":["Vampiric_Strike","Strike_from_Beyond+1"],"picked":"Death_Coil+1","floor":35.0},{"not_picked":["Death_March_Dance+1","Flesh_Made_Foul"],"picked":"Summon_Undead+1","floor":36.0},{"not_picked":["Detonate_Bones","Scare"],"picked":"Thousand_Bone_Knives","floor":40.0},{"not_picked":["Bone_Spikes+1","Blood_Whip+1"],"picked":"Strike_from_Beyond","floor":42.0},{"not_picked":["Summon_Undead","Blood_Whip+1"],"picked":"Violent_Necrosis+1","floor":45.0},{"not_picked":["Life_Tap","Pandemic"],"picked":"Blood_Is_Power+1","floor":51.0},{"not_picked":["Life_Drain","Scare+1"],"picked":"Bone_Bullets+1","floor":52},{"not_picked":["Shackles_Of_Pain+1","Blood_for_Blood"],"picked":"Toxic_Smoke_Screen","floor":56}],"player_experience":498917,"relics_obtained":[{"floor":2.0,"key":"Torii"},{"floor":7.0,"key":"aspiration:TomeofQuesting"},{"floor":9.0,"key":"Thread and Needle"},{"floor":10.0,"key":"Dream Catcher"},{"floor":24.0,"key":"Replay:Wax Seal"},{"floor":26.0,"key":"StuffTheSpire:Experiment12"},{"floor":40.0,"key":"MawBank"},{"floor":42.0,"key":"Smiling Mask"},{"floor":43.0,"key":"Ornamental Fan"},{"floor":52,"key":"paleoftheancients:SoulOfTheShowman"},{"floor":56,"key":"paleoftheancients:SoulOfTheDefect"}],"event_choices":[{"damage_healed":0.0,"max_hp_gain":0.0,"max_hp_loss":0.0,"gold_gain":0.0,"event_name":"WeMeetAgain","player_choice":"Paid Gold","floor":3.0,"gold_loss":92.0,"damage_taken":0.0,"relics_obtained":["conspire:TopHat"]},{"damage_healed":0.0,"max_hp_gain":0.0,"max_hp_loss":0.0,"gold_gain":0.0,"event_name":"Golden Idol","player_choice":"Take Wound","floor":14.0,"gold_loss":0.0,"damage_taken":0.0,"relics_obtained":["Golden Idol"],"cards_obtained":["Injury"]},{"damage_healed":0.0,"max_hp_gain":0.0,"max_hp_loss":0.0,"gold_gain":0.0,"event_name":"Back to Basics","player_choice":"Simplicity","floor":19.0,"gold_loss":0.0,"damage_taken":0.0,"cards_upgraded":["Strike_W","Strike_W","Strike_W","Strike_W","Defend_W","Defend_W","Defend_W","Defend_W"]},{"damage_healed":0.0,"max_hp_gain":0.0,"max_hp_loss":0.0,"gold_gain":216.0,"event_name":"betterSkull:BetterSkull","player_choice":"RE RE RE GO GO ","floor":20.0,"gold_loss":0.0,"damage_taken":77.0,"cards_upgraded":[],"relics_obtained":["aspiration:Lifesprig","CeramicFish","Blood Vial"]},{"cards_removed":["Injury"],"damage_healed":0.0,"max_hp_gain":0.0,"max_hp_loss":0.0,"gold_gain":0.0,"event_name":"Fountain of Cleansing","player_choice":"Removed Curses","floor":22.0,"gold_loss":0.0,"damage_taken":0.0},{"damage_healed":0.0,"max_hp_gain":0.0,"max_hp_loss":4.0,"gold_gain":0.0,"event_name":"Winding Halls","player_choice":"Max HP","floor":37.0,"gold_loss":0.0,"damage_taken":0.0},{"damage_healed":0.0,"max_hp_gain":0.0,"max_hp_loss":0.0,"gold_gain":0.0,"event_name":"Wheel of Change","player_choice":"Cursed","floor":38.0,"gold_loss":0.0,"damage_taken":0.0,"cards_obtained":["Decay"]},{"damage_healed":0.0,"max_hp_gain":0.0,"max_hp_loss":0.0,"gold_gain":0.0,"event_name":"Lab","player_choice":"Got Potions","floor":41.0,"gold_loss":0.0,"damage_taken":0.0},{"damage_healed":0.0,"max_hp_gain":0.0,"max_hp_loss":0.0,"gold_gain":0.0,"event_name":"Accursed Blacksmith","player_choice":"Forge","floor":48.0,"gold_loss":0.0,"damage_taken":0.0,"cards_upgraded":["Thousand_Bone_Knives"]},{"damage_healed":0,"gold_gain":0,"player_choice":"Leave","damage_taken":0,"max_hp_gain":0,"max_hp_loss":0,"event_name":"conspire:Investor","floor":53,"gold_loss":0}],"is_beta":false,"boss_relics":[{"not_picked":["vexMod:NewClearReactor","vexMod:RockOfEvil"],"picked":"vexMod:ImprovementManual"},{"not_picked":["Busted Crown","ReplayTheSpireMod:DimensionalGlitch"],"picked":"conspire:RunicOctahedron"}],"items_purged_floors":[58],"is_endless":false,"potions_floor_spawned":[7,10,18,27,28,33,36,45],"killed_by":"paleoftheancients:N","ascension_level":3}}