{"host":"dlyy4wv9zatha4f7","time":1610468709,"event":{"mods":["BaseMod","Better Third Choice","Colored Map","GifTheSpireLib","Minty Spire (QoL Compilation)","Small Relic Pack","Spicy Shops","StSLib","SuperFastMode","Unceasing Turn Reminder"],"gold_per_floor":[110,124,84,103,118,147,26,26,106,136,136,1,1,1],"floor_reached":13,"playtime":420,"items_purged":["Regret"],"score":135,"play_id":"b9abd1a6-df51-4c6c-8493-02cd4aefa187","local_time":"20210112182509","is_ascension_mode":true,"campfire_choices":[{"data":"Bouncing Flask","floor":8,"key":"SMITH"}],"circlet_count":0,"master_deck":["Strike_G","Strike_G","Strike_G","Strike_G","Defend_G","Defend_G","Defend_G","Defend_G","Defend_G","Survivor","Neutralize","Dagger Throw","Bouncing Flask+1","Malaise","Backstab","Deadly Poison"],"relics":["Ring of the Snake","NeowsBlessing","Bird Faced Urn","InkBottle","Meat on the Bone","Dream Catcher","ClockworkSouvenir"],"acts_visited":["Exordium"],"potions_floor_usage":[6,6,10],"damage_taken":[{"damage":0,"enemies":"Cultist","floor":1,"turns":1},{"damage":0,"enemies":"2 Louse","floor":2,"turns":1},{"damage":0,"enemies":"Small Slimes","floor":4,"turns":1},{"damage":2,"enemies":"Red Slaver","floor":5,"turns":4},{"damage":11,"enemies":"Lagavulin","floor":6,"turns":7},{"damage":36,"enemies":"Gremlin Nob","floor":10,"turns":5},{"damage":26,"enemies":"3 Sentries","floor":13,"turns":6}],"seed_played":"397095649000086277","potions_obtained":[{"floor":2,"key":"Energy Potion"},{"floor":3,"key":"Strength Potion"},{"floor":3,"key":"ColorlessPotion"},{"floor":4,"key":"Strength Potion"}],"is_trial":false,"path_per_floor":["M","M","?","M","M","E","$","R","T","E","?","$","E"],"character_chosen":"THE_SILENT","items_purchased":["InkBottle","ClockworkSouvenir"],"campfire_rested":0,"item_purchase_floors":[7,12],"current_hp_per_floor":[63,63,63,63,61,50,50,50,50,26,26,26,0,0],"gold":1,"neow_bonus":"THREE_ENEMY_KILL","is_daily":false,"chose_seed":false,"campfire_upgraded":1,"win_rate":0.0,"timestamp":1610468709,"path_taken":["M","?","?","?","?","E","$","R","T","E","?","$","E"],"items_purchased_type":["Relic","Relic"],"build_version":"2020-12-22","purchased_purges":1,"victory":false,"max_hp_per_floor":[70,70,70,70,70,70,70,70,70,70,70,70,70,70],"card_choices":[{"not_picked":["Cloak And Dagger","Outmaneuver"],"picked":"Dagger Throw","floor":1},{"not_picked":["Dagger Throw","Dagger Spray"],"picked":"Bouncing Flask","floor":2},{"not_picked":["Blade Dance","Blur"],"picked":"Malaise","floor":4},{"not_picked":["Quick Slash","Outmaneuver","Blade Dance"],"picked":"SKIP","floor":5},{"not_picked":["Flying Knee","Prepared"],"picked":"Backstab","floor":6},{"not_picked":["Cloak And Dagger","Blade Dance"],"picked":"Deadly Poison","floor":10}],"player_experience":2241296,"relics_obtained":[{"floor":6,"key":"Bird Faced Urn"},{"floor":9,"key":"Meat on the Bone"},{"floor":10,"key":"Dream Catcher"}],"event_choices":[{"damage_healed":0,"gold_gain":0,"player_choice":"Bought 3 Potions","damage_taken":0,"max_hp_gain":0,"max_hp_loss":0,"event_name":"The Woman in Blue","floor":3,"gold_loss":0},{"cards_removed":["Strike_G"],"damage_healed":0,"gold_gain":0,"player_choice":"Card Removal","damage_taken":0,"max_hp_gain":0,"max_hp_loss":0,"event_name":"Wheel of Change","floor":11,"gold_loss":0}],"is_beta":false,"boss_relics":[],"items_purged_floors":[12],"is_endless":false,"potions_floor_spawned":[2,4],"killed_by":"3 Sentries","ascension_level":9}}