{"host":"3bmixpcp66vorgem","time":1610485660,"event":{"mods":["AchievementEnabler","BaseMod","JesterMod","Minty Spire (QoL Compilation)","Slay the Relics Exporter","StSLib"],"gold_per_floor":[114,131,13,13,25,25,39,39,39,39,55,55,55,55,55,153,153,173,98,23,41,41,41,51,71,71,83,96,6,23,41,41,141,141,154,154,174,185,19,19,31,31,31,45,45,60,60,60,60],"floor_reached":48,"language":"FRA","playtime":4061,"items_purged":["jesterMod:DesperateStrike"],"score":679,"play_id":"debbf6c7-5750-4cba-8b77-dd5e5a204ddf","local_time":"20210112220740","is_ascension_mode":true,"campfire_choices":[{"data":"jesterMod:Disposophobia","floor":6.0,"key":"SMITH"},{"data":"jesterMod:Haste","floor":8.0,"key":"SMITH"},{"data":"jesterMod:Prankster","floor":15.0,"key":"SMITH"},{"data":"jesterMod:Discretion","floor":23,"key":"SMITH"},{"floor":32,"key":"REST"},{"floor":40,"key":"REST"},{"data":"Panache","floor":42,"key":"SMITH"}],"circlet_count":0,"master_deck":["jesterMod:Sickle","jesterMod:Dodge","jesterMod:DancingMad+1","jesterMod:Mending+1","jesterMod:SelfMockery","jesterMod:Disposophobia+1","jesterMod:Haste+1","jesterMod:Prankster+1","jesterMod:HitAndRun","jesterMod:Pillage","jesterMod:Juggle","jesterMod:Prankster","jesterMod:Pause+1","jesterMod:Discretion+1","jesterMod:Mending","jesterMod:Haste+1","jesterMod:Tinker","jesterMod:Disposophobia","jesterMod:Anticipation","jesterMod:FlameDance+1","jesterMod:Haste","jesterMod:Encore","jesterMod:Haste","Panache+1"],"relics":["jesterMod:JesterCap","Eternal Feather","Prayer Wheel","Pandora\u0027s Box","Letter Opener","jesterMod:MachoBrace","Gremlin Horn"],"acts_visited":["TheCity","TheBeyond"],"potions_floor_usage":[21,24,25,30,46,48],"damage_taken":[{"damage":1.0,"enemies":"Cultist","floor":1.0,"turns":3.0},{"damage":3.0,"enemies":"Small Slimes","floor":2.0,"turns":2.0},{"damage":5.0,"enemies":"2 Louse","floor":5.0,"turns":4.0},{"damage":3.0,"enemies":"Blue Slaver","floor":7.0,"turns":5.0},{"damage":14.0,"enemies":"Large Slime","floor":11.0,"turns":7.0},{"damage":0.0,"enemies":"The Guardian","floor":16.0,"turns":12.0},{"damage":11,"enemies":"Chosen","floor":18,"turns":3},{"damage":0,"enemies":"3 Byrds","floor":21,"turns":2},{"damage":12,"enemies":"Snake Plant","floor":24,"turns":2},{"damage":0,"enemies":"Snecko","floor":25,"turns":2},{"damage":16,"enemies":"3 Cultists","floor":27,"turns":3},{"damage":12,"enemies":"Centurion and Healer","floor":28,"turns":3},{"damage":15,"enemies":"Shelled Parasite and Fungi","floor":30,"turns":3},{"damage":18,"enemies":"Snecko","floor":31,"turns":4},{"damage":8,"enemies":"Collector","floor":33,"turns":5},{"damage":10,"enemies":"3 Darklings","floor":35,"turns":3},{"damage":10,"enemies":"3 Shapes","floor":37,"turns":2},{"damage":29,"enemies":"Transient","floor":38,"turns":5},{"damage":0,"enemies":"Maw","floor":41,"turns":3},{"damage":16,"enemies":"Jaw Worm Horde","floor":44,"turns":3},{"damage":30,"enemies":"Transient","floor":46,"turns":5},{"damage":27,"enemies":"3 Darklings","floor":48,"turns":2}],"seed_played":"4917343295496306595","potions_obtained":[{"floor":1.0,"key":"FairyPotion"},{"floor":7.0,"key":"PowerPotion"},{"floor":16.0,"key":"Block Potion"},{"floor":24,"key":"ColorlessPotion"},{"floor":28,"key":"ColorlessPotion"},{"floor":31,"key":"SteroidPotion"},{"floor":35,"key":"SteroidPotion"},{"floor":44,"key":"Weak Potion"},{"floor":46,"key":"Weak Potion"}],"is_trial":false,"path_per_floor":["M","M","$","?","M","R","M","R","T","?","M","T","?","$","R","B",null,"M","$","?","M","?","R","M","M","T","M","M","?","M","M","R","B",null,"M","?","M","M","$","R","M","R","T","M","?","M","?","M"],"character_chosen":"THE_JESTER","items_purchased":["jesterMod:Mending","jesterMod:SelfMockery","Panache"],"campfire_rested":2,"item_purchase_floors":[3,3,39],"current_hp_per_floor":[69,66,66,66,61,61,58,58,58,58,44,44,44,44,53,53,66,55,55,55,55,49,58,46,46,46,30,18,18,3,21,54,46,64,54,54,44,15,15,51,51,66,66,50,50,20,20,0,0],"gold":60,"neow_bonus":"TRANSFORM_CARD","is_daily":false,"chose_seed":false,"campfire_upgraded":5,"win_rate":0.0,"timestamp":1610485660,"path_taken":["M","?","$","?","M","R","?","R","T","?","M","?","?","$","R","BOSS","M","$","?","M","?","R","M","M","T","M","?","?","M","?","R","BOSS","M","?","?","M","$","R","M","R","T","M","?","M","?","M"],"items_purchased_type":["Card","Card","Card"],"build_version":"2020-12-22","purchased_purges":1,"victory":false,"max_hp_per_floor":[70,70,70,70,70,70,70,70,70,70,70,70,70,70,70,70,70,70,70,70,70,70,70,70,70,70,70,70,70,70,70,70,70,70,70,70,70,70,70,70,70,70,70,70,70,70,70,70,70],"card_choices":[{"not_picked":["jesterMod:Exasperation","jesterMod:Taunt","jesterMod:Talion"],"picked":"SKIP","floor":1.0},{"not_picked":["jesterMod:HitAndRun","jesterMod:Hide"],"picked":"jesterMod:DancingMad","floor":2.0},{"not_picked":["jesterMod:Inspiration","jesterMod:MudBall"],"picked":"jesterMod:Disposophobia","floor":5.0},{"not_picked":["jesterMod:Unleash","jesterMod:LightTheWick"],"picked":"jesterMod:Haste","floor":7.0},{"not_picked":["jesterMod:OblivionStrike","jesterMod:ButterKnife"],"picked":"jesterMod:Prankster","floor":11.0},{"not_picked":["jesterMod:HitAndRun","jesterMod:Hide"],"picked":"jesterMod:Prankster","floor":18},{"not_picked":["jesterMod:ButterKnife","jesterMod:Schizophrenia"],"picked":"jesterMod:Pause+1","floor":18},{"not_picked":["jesterMod:OblivionStrike","jesterMod:TrickyDodge"],"picked":"jesterMod:Discretion","floor":21},{"not_picked":["jesterMod:Twirl","jesterMod:Procrastination","jesterMod:JackInTheBox"],"picked":"SKIP","floor":21},{"not_picked":["jesterMod:Talion","jesterMod:Swiftness"],"picked":"jesterMod:Mending","floor":24},{"not_picked":["jesterMod:Patience","jesterMod:PerfectDodge"],"picked":"jesterMod:Haste+1","floor":24},{"not_picked":["jesterMod:Hide","jesterMod:Procrastination"],"picked":"jesterMod:Tinker","floor":25},{"not_picked":["jesterMod:JackInTheBox","jesterMod:Discretion","jesterMod:BoilDown"],"picked":"SKIP","floor":25},{"not_picked":["jesterMod:JackInTheBox+1","jesterMod:Feint","jesterMod:Talion"],"picked":"SKIP","floor":27},{"not_picked":["jesterMod:Contradiction","jesterMod:TrickyDodge","jesterMod:Unleash+1"],"picked":"SKIP","floor":27},{"not_picked":["jesterMod:Rebuff+1","jesterMod:SelfMockery"],"picked":"jesterMod:Disposophobia","floor":28},{"not_picked":["jesterMod:RecklessStrike","jesterMod:Feint","jesterMod:MudBall+1"],"picked":"SKIP","floor":28},{"not_picked":["jesterMod:ButterKnife+1","jesterMod:Hide"],"picked":"jesterMod:Anticipation","floor":30},{"not_picked":["jesterMod:Discretion","jesterMod:Loot+1","jesterMod:DesperateStrike"],"picked":"SKIP","floor":30},{"not_picked":["jesterMod:DesperateStrike+1","jesterMod:RecklessStrike"],"picked":"jesterMod:FlameDance+1","floor":31},{"not_picked":["jesterMod:Procrastination","jesterMod:Loot"],"picked":"jesterMod:Haste","floor":31},{"not_picked":["jesterMod:Juggle","jesterMod:Finale"],"picked":"jesterMod:Encore","floor":33},{"not_picked":["jesterMod:SmokeScreen+1","jesterMod:Rebuff"],"picked":"jesterMod:Haste","floor":35},{"not_picked":["jesterMod:SmokeScreen","jesterMod:Discretion","jesterMod:Illness"],"picked":"SKIP","floor":35},{"not_picked":["jesterMod:ButterKnife","jesterMod:TrickyDodge","jesterMod:Feint+1"],"picked":"SKIP","floor":37},{"not_picked":["jesterMod:Feint","jesterMod:ButterKnife","jesterMod:Exasperation"],"picked":"SKIP","floor":37},{"not_picked":["jesterMod:TrickyDodge+1","jesterMod:Tinker","jesterMod:Hide+1"],"picked":"SKIP","floor":38},{"not_picked":["jesterMod:JackInTheBox","jesterMod:Loot","jesterMod:Prankster"],"picked":"SKIP","floor":38},{"not_picked":["jesterMod:SelfMockery+1","jesterMod:Procrastination+1","jesterMod:Juggle"],"picked":"SKIP","floor":41},{"not_picked":["jesterMod:BouncingKnife","jesterMod:SelfMockery+1","jesterMod:OblivionStrike"],"picked":"SKIP","floor":41},{"not_picked":["jesterMod:Dilapidation+1","jesterMod:RecklessStrike","jesterMod:SmokeScreen+1"],"picked":"SKIP","floor":44},{"not_picked":["jesterMod:FlameDance+1","jesterMod:Precipitation+1","jesterMod:Loot"],"picked":"SKIP","floor":44},{"not_picked":["jesterMod:SelfMockery+1","jesterMod:Arrythmia+1","jesterMod:Hide"],"picked":"SKIP","floor":46},{"not_picked":["jesterMod:JackInTheBox+1","jesterMod:Swiftness","jesterMod:SelfMockery+1"],"picked":"SKIP","floor":46}],"player_experience":2240382,"relics_obtained":[{"floor":9.0,"key":"Eternal Feather"},{"floor":12.0,"key":"Prayer Wheel"},{"floor":26,"key":"Letter Opener"},{"floor":43,"key":"Gremlin Horn"}],"event_choices":[{"damage_healed":0.0,"max_hp_gain":0.0,"max_hp_loss":0.0,"gold_gain":0.0,"event_name":"Upgrade Shrine","player_choice":"Upgraded","floor":4.0,"gold_loss":0.0,"damage_taken":0.0,"cards_upgraded":["jesterMod:DancingMad"]},{"damage_healed":0.0,"max_hp_gain":0.0,"max_hp_loss":0.0,"gold_gain":0.0,"event_name":"Shining Light","player_choice":"Ignored","floor":10.0,"gold_loss":0.0,"damage_taken":0.0},{"damage_healed":0.0,"max_hp_gain":0.0,"max_hp_loss":0.0,"gold_gain":0.0,"event_name":"Liars Game","player_choice":"Ignored","floor":13.0,"gold_loss":0.0,"damage_taken":0.0},{"cards_removed":["jesterMod:DesperateStrike"],"damage_healed":0,"gold_gain":0,"player_choice":"Gave Gold","damage_taken":0,"max_hp_gain":0,"max_hp_loss":0,"event_name":"Beggar","floor":20,"gold_loss":75},{"damage_healed":0,"gold_gain":0,"player_choice":"","damage_taken":6,"max_hp_gain":0,"max_hp_loss":0,"event_name":"Knowing Skull","floor":22,"potions_obtained":[],"gold_loss":0,"cards_obtained":[]},{"cards_removed":["jesterMod:MudBall"],"damage_healed":0,"gold_gain":0,"player_choice":"Upgrade and Remove","damage_taken":0,"max_hp_gain":0,"max_hp_loss":0,"event_name":"Designer","floor":29,"gold_loss":90,"cards_upgraded":["jesterMod:Mending"]},{"cards_removed":["jesterMod:Talion"],"damage_healed":0,"gold_gain":0,"player_choice":"Purged","damage_taken":0,"max_hp_gain":0,"max_hp_loss":0,"event_name":"Purifier","floor":36,"gold_loss":0},{"damage_healed":0,"gold_gain":0,"player_choice":"Memory 1","damage_taken":0,"max_hp_gain":0,"max_hp_loss":0,"event_name":"SensoryStone","floor":45,"gold_loss":0},{"cards_removed":["jesterMod:Feint"],"damage_healed":0,"gold_gain":0,"player_choice":"Removed Attack","damage_taken":0,"max_hp_gain":0,"max_hp_loss":0,"event_name":"Falling","floor":47,"gold_loss":0}],"is_beta":false,"boss_relics":[{"not_picked":["SacredBark","Coffee Dripper"],"picked":"Pandora\u0027s Box"},{"not_picked":["Tiny House","Busted Crown"],"picked":"jesterMod:MachoBrace"}],"items_purged_floors":[19],"is_endless":false,"potions_floor_spawned":[1,7,16,18,24,28,31,35,44,46],"killed_by":"3 Darklings","ascension_level":5}}