{"host":"8qunn9rv8l67kf3a","time":1610484382,"event":{"mods":["100% Spire Juice","2.2 Compatiblity","Act Like it!","Aspiration","Bard","BaseMod","Beaked The Cultist","Bestiary","Better Match","Better Note","Better Sensory Stone","Better Skull","Better Third Choice","Better Vampires","BetterRewards","Block Reminder","Chen","Colored Map","Conspire","Downfall","Energized Spire","Gensokyo","Gold Saver","GungeonMod","Halation","Hermit","Hubris","Infinite Spire","KinomotoSakuraMod(????)","Koishi","Marisa????????","Marked Mod","Minty Spire (QoL Compilation)","MostiFishMod","Onozuka Komachi Mod","Potionbrewer","Random Character Button","Reimu??????","Replay The Spire","Shade Mod","Spikes Relics","StSLib","The Administrix","The Bladedancer","The Bug Knight","The Cursed","The Dragon Tamer","The Druid","The Florist","The Gatherer","The Hierophant","The Jungle","The Marked","The Mystic","The Senshi","The Servant 0.9.4","The Vixen","TheBandit","TheFirefly","TheVacant","Trackpad","Waifu the Spire","Youmu??????","Yuyuko","vexMod","??????REMEMod"],"gold_per_floor":[681,696,713,727,756,770,788,788,788,788,788,805,819,819,922,922,939,990,1025,1133,671,671,671,671,694,719,738,780,707,707,707,707,707,819,819,845,820,820,820,820,898,898,930,964,1008,518,518,518,518,518,33,90,90,90],"floor_reached":57,"language":"ENG","playtime":2166,"items_purged":["blademaster:WrongfulFootwork","Injury"],"score":766,"play_id":"6cdc322f-55c8-4da6-9689-1445526efc81","local_time":"20210112154622","is_ascension_mode":false,"campfire_choices":[{"floor":10.0,"key":"REST"},{"data":"DemoMod:Polaris","floor":15.0,"key":"SMITH"},{"data":"DemoMod:CursedBullets","floor":23.0,"key":"SMITH"},{"data":"DemoMod:ProbeStrike","floor":25.0,"key":"SMITH"},{"floor":42,"key":"RECALL"},{"data":"DemoMod:TripleGun","floor":44,"key":"SMITH"},{"data":"DemoMod:HardPowerCard","floor":46,"key":"SMITH"},{"floor":51,"key":"REST"},{"floor":54,"key":"REST"}],"circlet_count":0,"master_deck":["DemoMod:Strike_Huntress+1","DemoMod:Strike_Huntress+1","DemoMod:Strike_Huntress+1","DemoMod:Defend_Huntress+1","DemoMod:Defend_Huntress+1","DemoMod:Defend_Huntress+1","DemoMod:Defend_Huntress+1","DemoMod:Roll+1","DemoMod:ManualReload+1","DemoMod:RustySidearm+1","DemoMod:CrossBow+1","DemoMod:CursedBullets+1","DemoMod:Elimentaler+1","beaked:StickSmack+1","DemoMod:ConditionalReflex+1","DemoMod:FightSabre+1","DemoMod:ProbeStrike+1","DemoMod:ThirdPartyController+1","DemoMod:Unmoved+1","DemoMod:BalloonGun+1","DemoMod:Polaris+1","DemoMod:BulletBore+1","DemoMod:TripleGun+1","DemoMod:HuntsMan+1","DemoMod:Ejector+1","DemoMod:FastSwitch+1","DemoMod:AbyssalTentacle+1","hubris:EnhanceAbility+1","DemoMod:CursedBullets+1","DemoMod:TripleGun+1","Gensokyo:BlemishedSteel","DemoMod:FinishedGun+1","DemoMod:HardPowerCard+1","DemoMod:ConditionalReflex+1","DemoMod:GunstockTap+1","Gensokyo:LochNessMonster+1","DemoMod:Invincible+1","DemoMod:ProbeStrike+1"],"relics":["DemoMod:Dog","DaveBox","REME_ComplimentaryCards","BrkXgEgg","ReplayFunnel","hubris:Teleporter","ReplayTheSpireMod:CursedCoin","Bronze Scales","DemoMod:GnawedKey","SynthV:TestCard","DSteel32","PureWhite:ReiMu","potionbrewer:BottledElixir","infinitespire:Bottled Soul","ExusiaiGun","Pantograph","RoseTintedShades","Blue Doll","ClockworkSouvenir","Bag of Marbles","Frozen Egg 2","hubris:Icosahedron","HaiYi:Twilight","Gensokyo:TheCrow","hubris:MobiusCoin","hubris:ToyBattleship","SynthV","DemoMod:MeatBun","aspiration:EmptySkull","conspire:TopHat"],"acts_visited":["Exordium","Gensokyo:Gensokyo","Gensokyo:Gensokyoer","TheEnding"],"potions_floor_usage":[57,57,57],"damage_taken":[{"damage":4.0,"enemies":"Gensokyo:3_Fairies","floor":1.0,"turns":5.0},{"damage":0.0,"enemies":"Gensokyo:Python","floor":2.0,"turns":4.0},{"damage":2.0,"enemies":"Gensokyo:2_Kodama","floor":3.0,"turns":2.0},{"damage":11.0,"enemies":"Gensokyo:CorruptedTreant","floor":5.0,"turns":5.0},{"damage":31.0,"enemies":"Gensokyo:Aya","floor":6.0,"turns":8.0},{"damage":3.0,"enemies":"Gensokyo:3_Kodama","floor":7.0,"turns":3.0},{"damage":3.0,"enemies":"Gensokyo:5_Fairies","floor":8.0,"turns":5.0},{"damage":14.0,"enemies":"Gensokyo:Kitsune","floor":13.0,"turns":4.0},{"damage":0.0,"enemies":"Gensokyo:LivingMonolith","floor":14.0,"turns":2.0},{"damage":25.0,"enemies":"Gensokyo:Reimu","floor":16.0,"turns":10.0},{"damage":0.0,"enemies":"Gensokyo:3_Dogs","floor":18.0,"turns":3.0},{"damage":0.0,"enemies":"Gensokyo:AngelMirror","floor":20.0,"turns":3.0},{"damage":14.0,"enemies":"Gensokyo:AngelMirror","floor":28.0,"turns":2.0},{"damage":3.0,"enemies":"Gensokyo:Koishi","floor":29.0,"turns":2.0},{"damage":8.0,"enemies":"Gensokyo:Eternal_Rivals","floor":35.0,"turns":3.0},{"damage":8,"enemies":"Gensokyo:AncientGuardian","floor":37,"turns":3},{"damage":24,"enemies":"Gensokyo:3_Boulders","floor":47,"turns":2},{"damage":15,"enemies":"Gensokyo:AtlasGolem","floor":48,"turns":2},{"damage":16,"enemies":"conspire:MimicChest","floor":49,"turns":2},{"damage":13,"enemies":"Gensokyo:Shinki","floor":52,"turns":3},{"damage":58,"enemies":"Shield and Spear","floor":56,"turns":2},{"damage":40,"enemies":"The Heart","floor":57,"turns":3}],"seed_played":"-5290381344036847555","potions_obtained":[{"floor":1.0,"key":"Explosive Potion"},{"floor":6.0,"key":"sneckomod:MuddlingPotion"},{"floor":8.0,"key":"Energy Potion"},{"floor":29.0,"key":"BlessingOfTheForge"}],"is_trial":false,"path_per_floor":["M","M","M","M","E","M","M","T","R","?","?","M","M","R","B",null,"M","?","?","?","$","R","$","R","T","T","M","E","COS","PTL","PTL","?","R_BF","B",null,"M","?","?","R","R","T","R","M","M","?","COS","R_BF","B",null,"R","$","E","B"],"character_chosen":"HUNTRESS","items_purchased":["BrkXgEgg","ReplayFunnel","ReplayTheSpireMod:CursedCoin","Bronze Scales","DemoMod:GnawedKey","Blue Doll","ClockworkSouvenir","hubris:EnhanceAbility+1","DemoMod:Invincible+1","aspiration:EmptySkull","DemoMod:ProbeStrike"],"campfire_rested":3,"item_purchase_floors":[0,0,0,0,0,22,22,22,55,55,55],"current_hp_per_floor":[66,66,64,53,22,19,16,16,37,37,44,30,30,30,5,70,70,42,42,42,42,42,42,42,42,42,28,25,25,25,25,25,46,62,70,62,62,62,62,62,62,62,38,23,7,21,42,57,70,70,70,12,0,0],"gold":90,"neow_bonus":"","is_daily":false,"chose_seed":false,"campfire_upgraded":5,"win_rate":0.0,"timestamp":1610484382,"path_taken":["M","M","?","M","E","M","M","T","R","?","?","M","M","R","BOSS","M","?","?","?","$","R","?","R","T","?","M","E","COS","PTL","PTL","?","R_BF","BOSS","M","?","?","R","R","T","R","M","M","?","COS","R_BF","BOSS","R","$","E","BOSS"],"items_purchased_type":["Relic","Relic","Relic","Relic","Relic","Relic","Relic","Card","Card","Relic","Card"],"build_version":"2020-12-22","purchased_purges":2,"victory":false,"max_hp_per_floor":[70,70,70,70,70,70,70,70,70,70,70,70,70,70,70,70,70,70,70,70,70,70,70,70,70,70,70,70,70,70,70,70,70,70,70,70,70,70,70,70,70,70,70,70,70,70,70,70,70,70,70,70,70,70],"card_choices":[{"not_picked":["DemoMod:HardPowerCard","DemoMod:AC15"],"picked":"DemoMod:CursedBullets","floor":1.0},{"not_picked":["DemoMod:Ejector","DemoMod:BoxingGlove","DemoMod:PracticeMakesPerfect","DemoMod:GunstockTap"],"picked":"DemoMod:Elimentaler+1","floor":2.0},{"not_picked":["DemoMod:CursedBullets","DemoMod:Camera","DemoMod:HighKaliber","DemoMod:Unmoved"],"picked":"DemoMod:DirectionalPad","floor":3.0},{"not_picked":["DemoMod:FeignSurrender","DemoMod:LifeOrb","DemoMod:HighKaliber","DemoMod:HuntsMan"],"picked":"DemoMod:ConditionalReflex","floor":5.0},{"not_picked":["DemoMod:GunShield","DemoMod:ProbeStrike","DemoMod:CombinedRifle","DemoMod:StickyCrossBow"],"picked":"DemoMod:FightSabre+1","floor":6.0},{"not_picked":["DemoMod:PotionOfGunFriendShip","DemoMod:TeaPot","DemoMod:HardPowerCard","DemoMod:BoxingGlove"],"picked":"DemoMod:ProbeStrike","floor":7.0},{"not_picked":["DemoMod:ConditionalReflex","DemoMod:Polaris","DemoMod:RadGun","DemoMod:LifeOrb"],"picked":"DemoMod:ThirdPartyController+1","floor":8.0},{"not_picked":["DemoMod:HardPowerCard","DemoMod:DirectionalPad","DemoMod:PotionOfGunFriendShip","DemoMod:BoxingGlove"],"picked":"DemoMod:Unmoved","floor":13.0},{"not_picked":["DemoMod:HuntsMan","DemoMod:BattleInHaste","DemoMod:BoxingGlove","DemoMod:ConditionalReflex"],"picked":"DemoMod:BalloonGun+1","floor":14.0},{"not_picked":["DemoMod:PracticeMakesPerfect","DemoMod:AbyssalTentacle","DemoMod:MegaHand","DemoMod:Unmoved"],"picked":"DemoMod:Polaris","floor":14.0},{"not_picked":["DemoMod:FightSabre+1","DemoMod:GunslingerForm+1","DemoMod:ThirdPartyController+1","DemoMod:Slinger+1"],"picked":"DemoMod:BulletBore+1","floor":16.0},{"not_picked":["DemoMod:StickyCrossBow","DemoMod:EasyReloadBullets+1","DemoMod:GunstockTap","DemoMod:BoxingGlove"],"picked":"DemoMod:TripleGun+1","floor":18.0},{"not_picked":["DemoMod:LifeOrb+1","DemoMod:Polaris","DemoMod:TableSutra+1","DemoMod:FeignSurrender"],"picked":"DemoMod:HuntsMan+1","floor":18.0},{"not_picked":["DemoMod:HuntsMan","DemoMod:StickyCrossBow","DemoMod:TeaPot","DemoMod:ThirdPartyController+1"],"picked":"DemoMod:Ejector+1","floor":19.0},{"not_picked":["DemoMod:MegaHand","DemoMod:BoxingGlove","DemoMod:Ejector","DemoMod:Unmoved"],"picked":"DemoMod:FastSwitch","floor":20.0},{"not_picked":["DemoMod:LifeOrb+1","DemoMod:FortunesFavor","DemoMod:SkilledReload+1","DemoMod:AC15"],"picked":"DemoMod:AbyssalTentacle+1","floor":20.0},{"not_picked":["DemoMod:DirectionalPad","DemoMod:FortunesFavor","DemoMod:DoubleSwitch+1","DemoMod:BoxingGlove"],"picked":"DemoMod:CursedBullets","floor":28.0},{"not_picked":["DemoMod:FastSwitch","DemoMod:FullFirepower+1","DemoMod:BoxingGlove+1","DemoMod:HuntsMan"],"picked":"DemoMod:TripleGun","floor":29.0},{"not_picked":["DemoMod:FullFirepower+1","DemoMod:Slinger+1","DemoMod:BlackHoleGun+1","DemoMod:DarkMarker+1"],"picked":"DemoMod:FinishedGun+1","floor":35.0},{"not_picked":["DemoMod:Unmoved+1","DemoMod:SAA","DemoMod:StickyCrossBow","DemoMod:BoxingGlove+1"],"picked":"DemoMod:HardPowerCard","floor":37},{"not_picked":["DemoMod:Unmoved","DemoMod:Polaris+1","DemoMod:MachoBrace+1","DemoMod:HardPowerCard+1","DemoMod:DoubleSwitch"],"picked":"SKIP","floor":47},{"not_picked":["DemoMod:SAA","DemoMod:PotionOfGunFriendShip","DemoMod:GunShield","DemoMod:DirectionalPad"],"picked":"DemoMod:ConditionalReflex+1","floor":48},{"not_picked":["DemoMod:ChanceBullets+1","DemoMod:TripleGun+1","DemoMod:MachoBrace","DemoMod:DoubleSwitch+1"],"picked":"DemoMod:GunstockTap+1","floor":49},{"not_picked":["DemoMod:SAA","DemoMod:MachoBrace","DemoMod:HardPowerCard+1","DemoMod:TripleGun","DemoMod:EasyReloadBullets+1"],"picked":"SKIP","floor":56}],"player_experience":695832,"relics_obtained":[{"floor":1.0,"key":"SynthV:TestCard"},{"floor":6.0,"key":"PureWhite:ReiMu"},{"floor":9.0,"key":"potionbrewer:BottledElixir"},{"floor":19.0,"key":"Pantograph"},{"floor":20.0,"key":"RoseTintedShades"},{"floor":27.0,"key":"Bag of Marbles"},{"floor":29.0,"key":"Frozen Egg 2"},{"floor":45,"key":"hubris:MobiusCoin"},{"floor":49,"key":"hubris:ToyBattleship"},{"floor":56,"key":"conspire:TopHat"}],"event_choices":[],"is_beta":false,"boss_relics":[{"not_picked":["FeatherPendant","conspire:RoyalGoblet"],"picked":"ExusiaiGun"},{"not_picked":["trackpad:Coffee","Ring of Chaos"],"picked":"HaiYi:Twilight"}],"items_purged_floors":[0,55],"is_endless":false,"potions_floor_spawned":[1,6,8,14,28,29,47,49],"killed_by":"The Heart","ascension_level":0}}