{"host":"fdq5pmhluajjrf8d","time":1610470689,"event":{"mods":["BaseMod","Minty Spire (QoL Compilation)"],"gold_per_floor":[114,129,142,142,157,157,157,157,157,167,183,200,234,147,147,221,221,235,255,255,255,255],"floor_reached":21,"playtime":1163,"items_purged":[],"score":454,"play_id":"88b51cd7-ce75-49ee-9d93-81e78f885674","local_time":"20210112115809","is_ascension_mode":true,"campfire_choices":[{"data":"Blade Dance","floor":6.0,"key":"SMITH"},{"data":"Accuracy","floor":8.0,"key":"SMITH"},{"data":"Neutralize","floor":15.0,"key":"SMITH"}],"circlet_count":0,"master_deck":["AscendersBane","Strike_G+1","Strike_G","Strike_G","Strike_G","Defend_G","Defend_G","Defend_G","Defend_G","Survivor","Neutralize+1","Concentrate","Outmaneuver","Choke","PiercingWail+1","Blade Dance+1","Accuracy+1","Heel Hook","Blade Dance","Backflip","Heel Hook","Infinite Blades","Burst","CurseOfTheBell","PiercingWail","Cloak And Dagger"],"relics":["Ring of the Snake","Meat on the Bone","StoneCalendar","Calling Bell","Bronze Scales","Question Card","Mango"],"acts_visited":["Exordium","TheCity"],"potions_floor_usage":[16],"damage_taken":[{"damage":5.0,"enemies":"Cultist","floor":1.0,"turns":5.0},{"damage":1.0,"enemies":"Jaw Worm","floor":2.0,"turns":3.0},{"damage":0.0,"enemies":"2 Louse","floor":3.0,"turns":3.0},{"damage":0.0,"enemies":"Exordium Thugs","floor":5.0,"turns":3.0},{"damage":4.0,"enemies":"Large Slime","floor":10.0,"turns":5.0},{"damage":0.0,"enemies":"2 Fungi Beasts","floor":11.0,"turns":4.0},{"damage":3.0,"enemies":"Lots of Slimes","floor":12.0,"turns":3.0},{"damage":5.0,"enemies":"3 Sentries","floor":13.0,"turns":3.0},{"damage":0,"enemies":"Slime Boss","floor":16,"turns":7},{"damage":22,"enemies":"Spheric Guardian","floor":18,"turns":4},{"damage":30,"enemies":"Shell Parasite","floor":19,"turns":5},{"damage":34,"enemies":"Sentry and Sphere","floor":21,"turns":3}],"seed_played":"-6864441683295060453","potions_obtained":[{"floor":1.0,"key":"Block Potion"},{"floor":2.0,"key":"Explosive Potion"},{"floor":10.0,"key":"SkillPotion"},{"floor":12.0,"key":"Explosive Potion"}],"is_trial":false,"path_per_floor":["M","M","M","?","M","R","$","R","T","M","M","M","E","$","R","B",null,"M","M","?","M"],"character_chosen":"THE_SILENT","items_purchased":["Infinite Blades"],"campfire_rested":0,"item_purchase_floors":[14],"current_hp_per_floor":[54,53,53,35,35,35,35,35,35,31,31,40,35,35,35,35,68,46,28,28,0,0],"gold":255,"neow_bonus":"TRANSFORM_TWO_CARDS","is_daily":false,"chose_seed":false,"campfire_upgraded":3,"win_rate":0.0,"timestamp":1610470689,"path_taken":["M","M","?","?","M","R","?","R","T","M","M","M","E","$","R","BOSS","M","M","?","M"],"items_purchased_type":["Card"],"build_version":"2020-12-22","purchased_purges":0,"victory":false,"max_hp_per_floor":[60,60,60,60,60,60,60,60,60,60,60,60,60,60,60,60,74,74,74,74,74,74],"card_choices":[{"not_picked":["Crippling Poison","Outmaneuver"],"picked":"Choke","floor":1.0},{"not_picked":["Underhanded Strike","Prepared"],"picked":"PiercingWail","floor":2.0},{"not_picked":["Accuracy","Bane"],"picked":"Blade Dance","floor":3.0},{"not_picked":["Reflex","Deadly Poison"],"picked":"Accuracy","floor":5.0},{"not_picked":["Setup","Reflex"],"picked":"Heel Hook","floor":10.0},{"not_picked":["Outmaneuver","Slice"],"picked":"Blade Dance","floor":11.0},{"not_picked":["Reflex","Wraith Form v2"],"picked":"Backflip","floor":12.0},{"not_picked":["Poisoned Stab","Calculated Gamble"],"picked":"Heel Hook","floor":13.0},{"not_picked":["Tools of the Trade","After Image"],"picked":"Burst","floor":16},{"not_picked":["Sucker Punch","Outmaneuver","Eviscerate"],"picked":"PiercingWail","floor":18},{"not_picked":["Escape Plan","Calculated Gamble","Riddle With Holes"],"picked":"Cloak And Dagger","floor":19}],"player_experience":1901097,"relics_obtained":[{"floor":9.0,"key":"Meat on the Bone"},{"floor":13.0,"key":"StoneCalendar"},{"floor":17,"key":"Bronze Scales"},{"floor":17,"key":"Question Card"},{"floor":17,"key":"Mango"}],"event_choices":[{"damage_healed":0.0,"max_hp_gain":0.0,"max_hp_loss":0.0,"gold_gain":0.0,"event_name":"Shining Light","player_choice":"Entered Light","floor":4.0,"gold_loss":0.0,"damage_taken":18.0,"cards_upgraded":["Strike_G","PiercingWail"]},{"damage_healed":0,"gold_gain":0,"player_choice":"Ignored","damage_taken":0,"max_hp_gain":0,"max_hp_loss":0,"event_name":"Ghosts","floor":20,"gold_loss":0}],"is_beta":false,"boss_relics":[{"not_picked":["Empty Cage","Fusion Hammer"],"picked":"Calling Bell"}],"items_purged_floors":[],"is_endless":false,"potions_floor_spawned":[1,2,10,12],"killed_by":"Sentry and Sphere","ascension_level":19}}