{"host":"cv77zuuuekizn3ic","time":1610422290,"event":{"mods":["AchievementEnabler","BaseMod","Marisa£®ÏF”Í°°ƒß¿Ì…≥£©","Minty Spire (QoL Compilation)","StSLib","Waifu the Spire","everything is the same but u backflip on backflip","slay the spire mod where everything is the same but ironclad has a cowboy hat"],"gold_per_floor":[113,93,113,263,31,31,45,71,71,91,112,112,125,138,138,212,212,226,240,275,23,41,66,66,101,101,101,111,36,36,48,48,123,123,143,2,2,2,2,33,33,48,101,151,165,165,20,50,50,50,50,50,50,85,85,85],"floor_reached":55,"playtime":3826,"items_purged":["Doubt","Strike_G"],"score":1467,"play_id":"f2fd2eab-8166-408c-b080-b00785ae231d","local_time":"20210112113130","is_ascension_mode":true,"campfire_choices":[{"data":"Neutralize","floor":6.0,"key":"SMITH"},{"data":"Expertise","floor":12.0,"key":"SMITH"},{"data":"Well Laid Plans","floor":15.0,"key":"SMITH"},{"floor":24.0,"key":"REST"},{"data":"Calculated Gamble","floor":32.0,"key":"SMITH"},{"data":"Acrobatics","floor":41.0,"key":"SMITH"},{"floor":49.0,"key":"RECALL"},{"data":"Burst","floor":52.0,"key":"SMITH"}],"circlet_count":0,"master_deck":["AscendersBane","Strike_G","Defend_G","Defend_G","Defend_G","Defend_G","Defend_G","Survivor","Neutralize+1","Slice","Skewer","Dash","Grand Finale","Well Laid Plans+1","Expertise+1","Backflip","Adrenaline","Calculated Gamble","Backflip","Calculated Gamble","Footwork","Burst+1","Flechettes","Calculated Gamble+1","Acrobatics+1","After Image","Prepared","Venomology","Master of Strategy","Panacea","Reflex","Wraith","Acrobatics","Outmaneuver"],"relics":["Ring of the Serpent","NeowsBlessing","Medical Kit","Thread and Needle","Lizard Tail","Odd Mushroom","Red Mask","Pantograph","Darkstone Periapt","Juzu Bracelet","Coffee Dripper","Gremlin Horn","Art of War","PreservedInsect","Anchor"],"acts_visited":["Exordium","TheCity","TheBeyond","TheEnding"],"potions_floor_usage":[54,54,55,55],"damage_taken":[{"damage":0.0,"enemies":"Jaw Worm","floor":1.0,"turns":1.0},{"damage":0.0,"enemies":"Cultist","floor":3.0,"turns":1.0},{"damage":0.0,"enemies":"2 Louse","floor":7.0,"turns":1.0},{"damage":47.0,"enemies":"Lagavulin","floor":8.0,"turns":10.0},{"damage":0.0,"enemies":"2 Fungi Beasts","floor":10.0,"turns":4.0},{"damage":0.0,"enemies":"The Mushroom Lair","floor":11.0,"turns":6.0},{"damage":0.0,"enemies":"Blue Slaver","floor":13.0,"turns":3.0},{"damage":0.0,"enemies":"Exordium Wildlife","floor":14.0,"turns":5.0},{"damage":0.0,"enemies":"Hexaghost","floor":16.0,"turns":9.0},{"damage":21.0,"enemies":"Spheric Guardian","floor":18.0,"turns":6.0},{"damage":1.0,"enemies":"Shell Parasite","floor":19.0,"turns":5.0},{"damage":23.0,"enemies":"Masked Bandits","floor":20.0,"turns":4.0},{"damage":0.0,"enemies":"Cultist and Chosen","floor":22.0,"turns":5.0},{"damage":10.0,"enemies":"Book of Stabbing","floor":23.0,"turns":6.0},{"damage":7.0,"enemies":"Gremlin Leader","floor":25.0,"turns":9.0},{"damage":0.0,"enemies":"Centurion and Healer","floor":28.0,"turns":3.0},{"damage":4.0,"enemies":"Snake Plant","floor":31.0,"turns":5.0},{"damage":22.0,"enemies":"Automaton","floor":33.0,"turns":9.0},{"damage":2.0,"enemies":"3 Darklings","floor":35.0,"turns":4.0},{"damage":0.0,"enemies":"Giant Head","floor":40.0,"turns":7.0},{"damage":0.0,"enemies":"Orb Walker","floor":42.0,"turns":4.0},{"damage":0.0,"enemies":"4 Shapes","floor":45.0,"turns":4.0},{"damage":1.0,"enemies":"Nemesis","floor":48.0,"turns":7.0},{"damage":52.0,"enemies":"Donu and Deca","floor":50.0,"turns":8.0},{"damage":5,"enemies":"Shield and Spear","floor":54,"turns":6},{"damage":118,"enemies":"The Heart","floor":55,"turns":8}],"seed_played":"8895348281421022740","potions_obtained":[{"floor":1.0,"key":"FearPotion"},{"floor":2.0,"key":"LiquidMemories"},{"floor":8.0,"key":"SpeedPotion"},{"floor":11.0,"key":"Swift Potion"},{"floor":13.0,"key":"FearPotion"},{"floor":19.0,"key":"Fruit Juice"},{"floor":23.0,"key":"Poison Potion"},{"floor":25.0,"key":"BlessingOfTheForge"},{"floor":33.0,"key":"DistilledChaos"},{"floor":40.0,"key":"Fire Potion"},{"floor":42.0,"key":"Poison Potion"}],"is_trial":false,"path_per_floor":["M","?","M","?","$","R","M","E","T","M","?","R","M","M","R","B",null,"M","M","?","$","M","E","R","E","T","?","M","?","$","M","R","B",null,"M","$","?","$","?","E","R","M","T","?","M","?","$","E","R","B",null,"R","$","E","B"],"character_chosen":"THE_SILENT","items_purchased":["Medical Kit","Calculated Gamble","DistilledChaos","Venomology","Art of War"],"campfire_rested":1,"item_purchase_floors":[5,21,21,36,47],"current_hp_per_floor":[59,59,59,59,59,59,59,12,12,12,12,12,12,12,12,12,53,32,31,8,8,13,3,24,17,17,17,17,17,17,13,13,16,57,55,55,45,45,45,45,45,54,54,54,54,60,60,59,59,25,64,64,64,59,0,0],"gold":85,"neow_bonus":"THREE_ENEMY_KILL","is_daily":false,"chose_seed":false,"campfire_upgraded":6,"win_rate":0.0,"timestamp":1610422290,"path_taken":["M","?","?","?","$","R","M","E","T","M","?","R","M","M","R","BOSS","M","M","?","$","M","E","R","E","T","?","M","?","?","M","R","BOSS","M","$","?","$","?","E","R","M","T","?","M","?","$","E","R","BOSS","R","$","E","BOSS"],"items_purchased_type":["Relic","Card","Potion","Card","Relic"],"build_version":"2020-12-22","purchased_purges":2,"victory":false,"max_hp_per_floor":[66,66,66,66,66,66,66,66,66,66,66,66,66,66,66,66,66,66,66,66,66,71,71,71,71,71,71,71,71,71,71,71,71,71,71,71,71,71,71,71,71,71,71,71,71,77,77,77,77,77,77,77,77,77,77,77],"card_choices":[{"not_picked":["Riddle With Holes","Dodge and Roll"],"picked":"Slice","floor":1.0},{"not_picked":["Deflect","Sucker Punch"],"picked":"Skewer","floor":3.0},{"not_picked":["Quick Slash","Accuracy"],"picked":"Dash","floor":7.0},{"not_picked":["Slice","Masterful Stab"],"picked":"Grand Finale","floor":8.0},{"not_picked":["Poisoned Stab","Deadly Poison"],"picked":"Well Laid Plans","floor":10.0},{"not_picked":["Deadly Poison","Crippling Poison"],"picked":"Expertise","floor":11.0},{"not_picked":["Underhanded Strike","Sucker Punch"],"picked":"Backflip","floor":13.0},{"not_picked":["Dash","Deadly Poison","Dodge and Roll"],"picked":"SKIP","floor":14.0},{"not_picked":["Malaise","Corpse Explosion"],"picked":"Adrenaline","floor":16.0},{"not_picked":["Outmaneuver","Slice","Crippling Poison"],"picked":"SKIP","floor":18.0},{"not_picked":["Bane","Flying Knee"],"picked":"Calculated Gamble","floor":19.0},{"not_picked":["Poisoned Stab","Dagger Throw"],"picked":"Backflip","floor":20.0},{"not_picked":["Deadly Poison","Backstab","Finisher"],"picked":"SKIP","floor":22.0},{"not_picked":["Slice","Dagger Throw"],"picked":"Footwork","floor":23.0},{"not_picked":["Predator+1","Endless Agony"],"picked":"Burst","floor":25.0},{"not_picked":["Sucker Punch","Backflip"],"picked":"Flechettes","floor":28.0},{"not_picked":["Dodge and Roll","PiercingWail","Sucker Punch"],"picked":"SKIP","floor":31.0},{"not_picked":["Doppelganger","Adrenaline"],"picked":"After Image","floor":33.0},{"not_picked":["Footwork+1","Skewer+1"],"picked":"Prepared","floor":35.0},{"not_picked":["Metamorphosis","Sadistic Nature"],"picked":"Master of Strategy","floor":37.0},{"not_picked":["Sadistic Nature","Mayhem"],"picked":"Panacea","floor":37.0},{"not_picked":["Blade Dance+1","Noxious Fumes"],"picked":"Reflex","floor":40.0},{"not_picked":["Distraction","Sucker Punch","Finisher"],"picked":"SKIP","floor":42.0},{"not_picked":["Underhanded Strike","Well Laid Plans","Cloak And Dagger"],"picked":"SKIP","floor":45.0},{"not_picked":["Distraction+1","Bouncing Flask"],"picked":"Acrobatics","floor":48.0},{"not_picked":["Predator","Reflex"],"picked":"Outmaneuver","floor":54}],"player_experience":872269,"relics_obtained":[{"floor":8.0,"key":"Thread and Needle"},{"floor":9.0,"key":"Lizard Tail"},{"floor":11.0,"key":"Odd Mushroom"},{"floor":20.0,"key":"Red Mask"},{"floor":23.0,"key":"Pantograph"},{"floor":25.0,"key":"Darkstone Periapt"},{"floor":26.0,"key":"Juzu Bracelet"},{"floor":40.0,"key":"Gremlin Horn"},{"floor":48.0,"key":"PreservedInsect"},{"floor":54,"key":"Anchor"}],"event_choices":[{"damage_healed":0.0,"max_hp_gain":0.0,"max_hp_loss":0.0,"gold_gain":0.0,"event_name":"The Woman in Blue","player_choice":"Bought 1 Potion","floor":2.0,"gold_loss":0.0,"damage_taken":0.0},{"damage_healed":0.0,"max_hp_gain":0.0,"max_hp_loss":0.0,"gold_gain":150.0,"event_name":"Liars Game","player_choice":"AGREE","floor":4.0,"gold_loss":0.0,"damage_taken":0.0,"cards_obtained":["Doubt"]},{"damage_healed":0.0,"max_hp_gain":0.0,"max_hp_loss":0.0,"gold_gain":0.0,"event_name":"Mushrooms","player_choice":"Fought Mushrooms","floor":11.0,"gold_loss":0.0,"damage_taken":0.0},{"damage_healed":0.0,"max_hp_gain":0.0,"max_hp_loss":0.0,"gold_gain":0.0,"event_name":"Masked Bandits","player_choice":"Fought Bandits","floor":20.0,"gold_loss":0.0,"damage_taken":0.0},{"damage_healed":0.0,"max_hp_gain":0.0,"max_hp_loss":0.0,"gold_gain":0.0,"event_name":"Vampires","player_choice":"Ignored","floor":27.0,"gold_loss":0.0,"damage_taken":0.0},{"damage_healed":0.0,"max_hp_gain":0.0,"max_hp_loss":0.0,"gold_gain":0.0,"cards_transformed":["Strike_G","Strike_G"],"event_name":"Designer","player_choice":"Transformed Cards","floor":29.0,"gold_loss":75.0,"damage_taken":0.0,"cards_obtained":["Calculated Gamble","Acrobatics"]},{"damage_healed":0.0,"max_hp_gain":0.0,"max_hp_loss":0.0,"gold_gain":0.0,"event_name":"SensoryStone","player_choice":"Memory 3","floor":37.0,"gold_loss":0.0,"damage_taken":10.0},{"cards_removed":["Strike_G"],"damage_healed":0.0,"max_hp_gain":0.0,"max_hp_loss":0.0,"gold_gain":0.0,"event_name":"Wheel of Change","player_choice":"Card Removal","floor":39.0,"gold_loss":0.0,"damage_taken":0.0},{"damage_healed":0.0,"max_hp_gain":0.0,"max_hp_loss":0.0,"gold_gain":50.0,"event_name":"Golden Shrine","player_choice":"Pray","floor":44.0,"gold_loss":0.0,"damage_taken":0.0},{"damage_healed":0.0,"max_hp_gain":0.0,"max_hp_loss":0.0,"gold_gain":0.0,"event_name":"OrinTheCat","player_choice":"Ignored","floor":46.0,"gold_loss":0.0,"damage_taken":0.0}],"is_beta":false,"boss_relics":[{"not_picked":["Calling Bell","Philosopher\u0027s Stone"],"picked":"Ring of the Serpent"},{"not_picked":["Busted Crown","HoveringKite"],"picked":"Coffee Dripper"}],"items_purged_floors":[5,21],"is_endless":false,"potions_floor_spawned":[1,8,11,13,14,19,23,25,33,40,42,45],"killed_by":"The Heart","ascension_level":15}}