{"host":"9eojso4kl4lidi9b","time":1610428291,"event":{"mods":["BaseMod","Beaked The Cultist","Better Skull","Colored Map","Colored Powertips","Conspire","Downfall","GifTheSpireLib","Minty Spire (QoL Compilation)","Random Character Button","Relic Sorter","Replay The Spire","Small Relic Pack","StSLib","Stuff the Spire","The Blackbeard","The Druid","The Factory","The Judge","The Necromancer","The Poker Player","The Wild Card","Trackpad","Unceasing Turn Reminder","Yuri Mod"],"gold_per_floor":[99,114,129,144,144,159,159,159,159,174,189,204,204,219,234,334,334,334,349,364,364,379,394,419,419,442,442,457,487,587,22,37,37,37],"floor_reached":33,"playtime":1502,"items_purged":[],"score":317,"play_id":"1b629200-cca7-4d1c-b013-07ed826628df","local_time":"20210111231131","daily_mods":["Specialized","Red Cards","downfall:WorldOfGoo"],"is_ascension_mode":false,"campfire_choices":[{"data":"sneckomod:TailWhip","floor":1,"key":"SMITH"},{"floor":13,"key":"REST"},{"floor":18,"key":"DIG"},{"floor":25,"key":"REST"},{"floor":27,"key":"REST"}],"circlet_count":0,"master_deck":["sneckomod:Strike","sneckomod:Strike","sneckomod:Strike","sneckomod:Defend","sneckomod:Defend","sneckomod:Defend","sneckomod:TailWhip+1","sneckomod:SnekBite","sneckomod:Unknown","sneckomod:Unknown","Sword Boomerang","Sword Boomerang","Sword Boomerang","Sword Boomerang","Sword Boomerang","Perfected Strike","sneckomod:UnknownClassORANGE","sneckomod:UnknownCommonAttack","theWildCard:Arsene","Clothesline","sneckomod:UnknownClassPURPLE","Pommel Strike","Thunderclap","Pummel","Limit Break","Perfected Strike","sneckomod:ImprovisedGuard","sneckomod:UnknownStrike+1","sneckomod:RainOfDice+1","sneckomod:MixItUp+1","sneckomod:QuickBite","sneckomod:UnknownCommonSkill","sneckomod:Unknown0Cost","sneckomod:SlitherStrike","Transmutation","sneckomod:RainOfDice","sneckomod:SnakeSap"],"relics":["sneckomod:SneckoSoul","Bronze Scales","NlothsMask","Philosopher\u0027s Stone","Gremlin Horn","Prayer Wheel","downfall:GremlinWheel","trackpad:IceCube"],"acts_visited":["Exordium","TheCity"],"potions_floor_usage":[6,16,16,28,28,28,28,29,30,31,32,33,33,33],"damage_taken":[{"damage":0,"enemies":"Cultist","floor":2,"turns":2},{"damage":2,"enemies":"2 Louse","floor":3,"turns":2},{"damage":6,"enemies":"Jaw Worm","floor":4,"turns":3},{"damage":0,"enemies":"Blue Slaver","floor":6,"turns":1},{"damage":15,"enemies":"Gremlin Gang","floor":10,"turns":3},{"damage":9,"enemies":"Large Slime","floor":11,"turns":3},{"damage":14,"enemies":"Exordium Thugs","floor":12,"turns":3},{"damage":0,"enemies":"Blue Slaver","floor":14,"turns":2},{"damage":0,"enemies":"3 Louse","floor":15,"turns":2},{"damage":40,"enemies":"Hexaghost","floor":16,"turns":6},{"damage":40,"enemies":"conspire:FuzzyDice","floor":19,"turns":6},{"damage":5,"enemies":"Spheric Guardian","floor":20,"turns":3},{"damage":31,"enemies":"Snake Plant","floor":22,"turns":4},{"damage":13,"enemies":"Centurion and Healer","floor":23,"turns":4},{"damage":12,"enemies":"Cultist and Chosen","floor":26,"turns":3},{"damage":19,"enemies":"Shelled Parasite and Fungi","floor":28,"turns":3},{"damage":28,"enemies":"Gremlin Leader","floor":29,"turns":5},{"damage":4,"enemies":"Gremlin Leader","floor":30,"turns":3},{"damage":9,"enemies":"downfall:FleeingMerchant","floor":31,"turns":4},{"damage":20,"enemies":"Sentry and Sphere","floor":32,"turns":4},{"damage":30,"enemies":"downfall:Silent","floor":33,"turns":3}],"seed_played":"-5514344210177769252","potions_obtained":[{"floor":2,"key":"Guardian:BlockOnCardUsePotion"},{"floor":3,"key":"champ:CounterPotion"},{"floor":4,"key":"sneckomod:DiceRollPotion"},{"floor":10,"key":"SpeedPotion"},{"floor":19,"key":"CultistPotion"},{"floor":26,"key":"FearPotion"},{"floor":29,"key":"DistilledChaos"},{"floor":30,"key":"SpeedPotion"},{"floor":32,"key":"SteroidPotion"}],"is_trial":false,"path_per_floor":["R","M","M","M","?","M","T","?","?","M","M","M","R","M","M","B",null,"R_BF","M","M","?","M","M","T","R","M","R","M","E","?","$","M","B"],"character_chosen":"THE_SNECKO","items_purchased":["trackpad:IceCube","sneckomod:SlitherStrike","sneckomod:MuddlingPotion","FearPotion","Toxic Potion","Transmutation"],"campfire_rested":3,"item_purchase_floors":[31,31,31,31,31,31],"current_hp_per_floor":[90,90,89,84,84,85,85,85,85,70,62,48,76,76,76,36,94,94,54,49,94,64,51,51,79,67,95,76,49,45,37,25,0,0],"gold":37,"neow_bonus":"","is_daily":true,"chose_seed":false,"campfire_upgraded":1,"win_rate":0.0,"timestamp":1610428291,"path_taken":["R","M","?","M","?","M","T","?","?","M","M","M","R","M","M","BOSS","R_BF","M","?","?","M","M","T","R","?","R","M","E","?","?","M","BOSS"],"items_purchased_type":["Relic","Card","Potion","Potion","Potion","Card"],"build_version":"2020-12-22","purchased_purges":0,"victory":false,"max_hp_per_floor":[90,90,91,92,92,93,93,93,93,93,94,94,94,94,94,94,94,94,94,94,94,95,95,95,95,95,95,95,96,96,97,102,102,102],"card_choices":[{"not_picked":["sneckomod:DefensiveFlair","Life Link"],"picked":"Perfected Strike","floor":2},{"not_picked":["StuffTheSpire:RagingBull","sneckomod:QuickBite"],"picked":"sneckomod:UnknownClassBLESSING","floor":3},{"not_picked":["Replay:Undeath\u0027s Touch","sneckomod:UnknownClassBLACKBEARD_BLACK"],"picked":"sneckomod:UnknownClassORANGE","floor":4},{"not_picked":["Anger","Searing Blow"],"picked":"sneckomod:UnknownCommonAttack","floor":6},{"not_picked":["Replay:Undeath\u0027s Touch","Headbutt"],"picked":"Clothesline","floor":10},{"not_picked":["Pommel Strike","Clash"],"picked":"sneckomod:UnknownClassPURPLE","floor":11},{"not_picked":["sneckomod:DiceBlock","sneckomod:UnknownUncommonSkill"],"picked":"Pommel Strike","floor":12},{"not_picked":["Bloodletting","sneckomod:MixItUp"],"picked":"Thunderclap","floor":14},{"not_picked":["Anger","Reaper"],"picked":"Pummel","floor":15},{"not_picked":["sneckomod:UnlimitedRolls","sneckomod:GlitteringGambit"],"picked":"Limit Break","floor":16},{"not_picked":["Sword Boomerang+1","sneckomod:Unknown2Cost"],"picked":"Perfected Strike","floor":19},{"not_picked":["sneckomod:CheapStock","sneckomod:UnknownUncommonSkill"],"picked":"sneckomod:ImprovisedGuard","floor":20},{"not_picked":["sneckomod:RainOfDice","Heavy Blade"],"picked":"sneckomod:UnknownStrike+1","floor":22},{"not_picked":["Warcry","Iron Wave"],"picked":"sneckomod:RainOfDice+1","floor":23},{"not_picked":["sneckomod:DiceCrush","sneckomod:SoulRoll"],"picked":"sneckomod:MixItUp+1","floor":26},{"not_picked":["Dropkick","StuffTheSpire:Incineration"],"picked":"sneckomod:QuickBite","floor":28},{"not_picked":["sneckomod:SoulCleanse","Impervious"],"picked":"sneckomod:UnknownCommonSkill","floor":29},{"not_picked":["sneckomod:UnknownUncommonAttack","Havoc"],"picked":"sneckomod:Unknown0Cost","floor":31},{"not_picked":["StuffTheSpire:RockThrow+1","Dark Embrace+1"],"picked":"sneckomod:RainOfDice","floor":32},{"not_picked":["sneckomod:UnknownVulnerable","sneckomod:UnknownClassBEAKED_YELLOW"],"picked":"sneckomod:SnakeSap","floor":32}],"player_experience":1161744,"relics_obtained":[{"floor":7,"key":"Bronze Scales"},{"floor":18,"key":"Gremlin Horn"},{"floor":29,"key":"Prayer Wheel"},{"floor":30,"key":"downfall:GremlinWheel"}],"event_choices":[{"damage_healed":0,"gold_gain":0,"player_choice":"Ignored","damage_taken":0,"max_hp_gain":0,"max_hp_loss":0,"event_name":"Golden Idol","floor":5,"gold_loss":0},{"damage_healed":0,"gold_gain":0,"player_choice":"Trade","damage_taken":0,"relics_obtained":["NlothsMask"],"max_hp_gain":0,"max_hp_loss":0,"event_name":"FaceTrader","floor":9,"gold_loss":0},{"cards_removed":["sneckomod:UnknownClassBLESSING"],"damage_healed":45,"gold_gain":0,"player_choice":"Offered Uncommon","damage_taken":0,"max_hp_gain":0,"max_hp_loss":0,"event_name":"Bonfire Elementals","floor":21,"gold_loss":0}],"is_beta":false,"boss_relics":[{"not_picked":["StuffTheSpire:ModemDavis","Runic Pyramid"],"picked":"Philosopher\u0027s Stone"}],"items_purged_floors":[],"is_endless":false,"potions_floor_spawned":[2,3,4,10,12,19,26,29,30,32],"killed_by":"downfall:Silent","ascension_level":0}}