{"host":"tr12w2fixbnujl15","time":1610480755,"event":{"mods":["2.2 Compatiblity","BaseMod","Better Skull","BetterRewards","Clockwork Mod","Colored Powertips","Evolution","Hermit","Hubris","Infinite Spire","Koishi","Mad Scientist","Minty Spire (QoL Compilation)","Quick Restart","Replay The Spire","Shop Mod","StSLib","SuperFastMode","The Animator","The Bug Knight","The Construct","The Cursed","The Hierophant","The Necromancer","The Sage","The Senshi","The Servant 0.9.4","The Spell Scribe","TheFirefly","WarShipGirlsR/????R mod"],"gold_per_floor":[115,140,140,116,143,143,163,163,213,213,225,274,274,274,274,329,454,481,481,374,361,361,361,388,388,388],"floor_reached":25,"language":"ENG","playtime":704,"items_purged":[],"score":189,"play_id":"e7acf64d-8178-4229-ac7e-3dcdb9613585","local_time":"20210112144555","is_ascension_mode":false,"campfire_choices":[{"floor":6,"key":"REST"},{"floor":10,"key":"REST"},{"floor":13,"key":"REST"},{"data":"animator:Priestess","floor":15,"key":"SMITH"},{"floor":23,"key":"REST"}],"circlet_count":0,"master_deck":["animator:Shigure","animator:Defend_NoGameNoLife+1","animator:Strike+1","animator:Strike+1","animator:Strike+1","animator:Defend+1","animator:Defend+1","animator:Defend+1","animator:DolaSchwi","animator:DolaCouronne","animator:Tyuule","animator:Gilgamesh+6","animator:Layla","animator:ShinjiMatou","animator:SakuraMatou","animator:MetalKnight","animator:Priestess+1","animator:RoryMercury","animator:Bozes","animator:NagisaMomoe","animator:Kyubey+1","animator:Jibril","animator:Archer","animator:KyokoSakura","animator:Caster","animator:RinTohsaka"],"relics":["animator:LivingPicture","animator:TheMissingPiece","EVO:Axolotl","animator:PurgingStone","Juzu Bracelet","sagemod:Blowpipe","Dream Catcher","hubris:Icosahedron","animator:Buoy","Odd Mushroom","MerchantsRug"],"acts_visited":["Exordium","TheCity"],"potions_floor_usage":[16,16,16,25],"damage_taken":[{"damage":22.0,"enemies":"Jaw Worm","floor":1.0,"turns":5.0},{"damage":7,"enemies":"2 Louse","floor":5,"turns":2},{"damage":0,"enemies":"Small Slimes","floor":7,"turns":3},{"damage":14,"enemies":"Red Slaver","floor":11,"turns":5},{"damage":23,"enemies":"The Mushroom Lair","floor":12,"turns":5},{"damage":27,"enemies":"The Guardian","floor":16,"turns":7},{"damage":0,"enemies":"Chosen","floor":18,"turns":3},{"damage":27,"enemies":"2 Thieves","floor":21,"turns":4},{"damage":46,"enemies":"Chosen and Byrds","floor":24,"turns":7},{"damage":14,"enemies":"Snake Plant","floor":25,"turns":2}],"seed_played":"2760179401264338041","potions_obtained":[{"floor":5,"key":"BlessingOfTheForge"},{"floor":8,"key":"infinitespire:BlackPotion"},{"floor":8,"key":"Energy Potion"},{"floor":21,"key":"Fire Potion"}],"is_trial":false,"path_per_floor":["M","?","?","$","M","R","M","?","T","R","M","?","R","?","R","B",null,"M","?","$","M","?","R","M","M"],"character_chosen":"THE_ANIMATOR","items_purchased":["Juzu Bracelet","animator:Tyuule","animator:Gilgamesh","Dream Catcher","animator:ShinjiMatou","animator:Archer","MerchantsRug"],"campfire_rested":4,"item_purchase_floors":[0,0,0,0,4,20,20],"current_hp_per_floor":[44,44,44,44,37,56,56,56,56,66,52,29,48,66,66,39,66,66,66,66,39,39,59,13,0,0],"gold":388,"neow_bonus":"","is_daily":false,"chose_seed":false,"campfire_upgraded":1,"win_rate":0.0,"timestamp":1610480755,"path_taken":["M","?","?","$","M","R","M","?","T","R","M","?","R","?","R","BOSS","M","?","$","M","?","R","M","M"],"items_purchased_type":["Relic","Card","Card","Relic","Card","Card","Relic"],"build_version":"2020-12-22","purchased_purges":0,"victory":false,"max_hp_per_floor":[66,66,66,66,66,66,66,66,66,66,66,66,66,66,66,66,66,66,66,66,66,66,67,67,67,67],"card_choices":[{"not_picked":["animator:Geryuganshoop","animator:LizardPriest"],"picked":"animator:Layla","floor":1.0},{"not_picked":["animator:Gillette","animator:MamiTomoe"],"picked":"animator:SakuraMatou","floor":5},{"not_picked":["animator:GuildGirl","animator:Ain"],"picked":"animator:MetalKnight","floor":6},{"not_picked":["animator:YuiTsuruno","animator:EmiyaShirou"],"picked":"animator:Priestess","floor":7},{"not_picked":["animator:SuzuneAmano","animator:PandorasActor"],"picked":"animator:RoryMercury","floor":10},{"not_picked":["animator:LeleiLaLalena","animator:YaoHaDucy"],"picked":"animator:Bozes","floor":11},{"not_picked":["animator:DolaRiku","animator:DwarfShaman"],"picked":"animator:Gilgamesh","floor":12},{"not_picked":["animator:CowGirl","animator:Rider"],"picked":"animator:NagisaMomoe","floor":13},{"not_picked":["animator:AcuraShin","animator:HomuraAkemi"],"picked":"animator:Kyubey","floor":16},{"not_picked":["animator:SayakaMiki","animator:Elsword"],"picked":"animator:Jibril","floor":18},{"not_picked":["animator:AcuraTooru","animator:SayakaMiki"],"picked":"animator:KyokoSakura","floor":21},{"not_picked":["animator:Priestess","animator:MetalKnight"],"picked":"animator:Caster","floor":23},{"not_picked":["animator:Archer","animator:Genos+1"],"picked":"animator:RinTohsaka","floor":24}],"player_experience":49250,"relics_obtained":[{"floor":9,"key":"animator:Buoy"},{"floor":12,"key":"Odd Mushroom"}],"event_choices":[{"damage_healed":0.0,"max_hp_gain":0.0,"max_hp_loss":0.0,"gold_gain":0.0,"event_name":"Living Wall","player_choice":"Grow","floor":3.0,"gold_loss":0.0,"damage_taken":0.0,"cards_upgraded":["animator:Gilgamesh"]},{"damage_healed":0,"gold_gain":0,"player_choice":"Got Potions","damage_taken":0,"max_hp_gain":0,"max_hp_loss":0,"event_name":"Lab","floor":8,"gold_loss":0},{"damage_healed":0,"gold_gain":0,"player_choice":"Fought Mushrooms","damage_taken":0,"max_hp_gain":0,"max_hp_loss":0,"event_name":"Mushrooms","floor":12,"gold_loss":0},{"damage_healed":22,"gold_gain":0,"player_choice":"Banana","damage_taken":0,"max_hp_gain":0,"max_hp_loss":0,"event_name":"Big Fish","floor":14,"gold_loss":0},{"damage_healed":0,"gold_gain":0,"player_choice":"Simplicity","damage_taken":0,"max_hp_gain":0,"max_hp_loss":0,"event_name":"Back to Basics","floor":19,"gold_loss":0,"cards_upgraded":["animator:Defend_NoGameNoLife","animator:Strike","animator:Strike","animator:Strike","animator:Defend","animator:Defend","animator:Defend"]},{"damage_healed":0,"gold_gain":0,"player_choice":"Upgraded","damage_taken":0,"max_hp_gain":0,"max_hp_loss":0,"event_name":"Upgrade Shrine","floor":22,"gold_loss":0,"cards_upgraded":["animator:Kyubey"]}],"is_beta":false,"boss_relics":[{"not_picked":["hubris:GrandSneckoEye","Velvet Choker"],"picked":"Replay:Wanted Poster"}],"items_purged_floors":[],"is_endless":false,"potions_floor_spawned":[5,21],"killed_by":"Snake Plant","ascension_level":0}}