{"host":"fkig9nrckec4xsh0","time":1610430034,"event":{"mods":["BaseMod","Colored Map","Minty Spire (QoL Compilation)","Quick Restart","Replay The Spire","StSLib"],"gold_per_floor":[116,127,202,202,152,185,195,221,221,221,221],"floor_reached":10,"playtime":358,"items_purged":[],"score":116,"play_id":"ad5dc124-a53d-43a9-80f2-f375c449f9ef","local_time":"20210112004034","is_ascension_mode":true,"campfire_choices":[],"circlet_count":0,"master_deck":["Strike_G","Strike_G","Strike_G","Strike_G","Defend_G","Defend_G","Defend_G","Defend_G","Defend_G","Survivor","Neutralize","Hidden Blade","Accuracy","Hidden Blade","Cloak And Dagger","Phantasmal Killer"],"relics":["Ring of the Snake","NeowsBlessing","ReplayTheSpireMod:Ring of Collecting","Shuriken","Du-Vu Doll","Girya","Ring of Hypnosis"],"acts_visited":["Exordium"],"potions_floor_usage":[8],"damage_taken":[{"damage":0,"enemies":"Small Slimes","floor":1,"turns":1},{"damage":0,"enemies":"2 Louse","floor":2,"turns":1},{"damage":0,"enemies":"Gremlin Nob","floor":6,"turns":1},{"damage":1,"enemies":"Jaw Worm","floor":7,"turns":4},{"damage":29,"enemies":"Lagavulin","floor":8,"turns":7},{"damage":29,"enemies":"3 Sentries","floor":10,"turns":6}],"seed_played":"-3626090675707834079","potions_obtained":[{"floor":6,"key":"DuplicationPotion"}],"is_trial":false,"path_per_floor":["M","M","?","?","?","E","M","E","T","E"],"character_chosen":"THE_SILENT","items_purchased":[],"campfire_rested":0,"item_purchase_floors":[],"current_hp_per_floor":[70,70,59,59,59,59,58,29,29,0,0],"gold":221,"neow_bonus":"THREE_ENEMY_KILL","is_daily":false,"chose_seed":false,"campfire_upgraded":0,"win_rate":0.0,"timestamp":1610430034,"path_taken":["M","M","?","?","?","E","M","E","T","E"],"items_purchased_type":[],"build_version":"2020-12-22","purchased_purges":0,"victory":false,"max_hp_per_floor":[70,70,70,70,70,70,70,70,70,70,70],"card_choices":[{"not_picked":["Tactician","Cloak And Dagger"],"picked":"Hidden Blade","floor":1},{"not_picked":["Dodge and Roll","Dagger Spray"],"picked":"Accuracy","floor":2},{"not_picked":["Deadly Poison","PiercingWail"],"picked":"Hidden Blade","floor":6},{"not_picked":["Flying Knee","Dagger Throw"],"picked":"Cloak And Dagger","floor":7},{"not_picked":["Deflect","Underhanded Strike"],"picked":"Phantasmal Killer","floor":8}],"player_experience":288589,"relics_obtained":[{"floor":4,"key":"ReplayTheSpireMod:Ring of Collecting"},{"floor":6,"key":"Shuriken"},{"floor":8,"key":"Du-Vu Doll"},{"floor":9,"key":"Girya"},{"floor":9,"key":"Ring of Hypnosis"}],"event_choices":[{"damage_healed":0,"gold_gain":75,"player_choice":"Gather Gold","damage_taken":11,"max_hp_gain":0,"max_hp_loss":0,"event_name":"World of Goop","floor":3,"gold_loss":0},{"cards_removed":["Strike_G"],"damage_healed":0,"gold_gain":0,"player_choice":"Card Removal","damage_taken":0,"max_hp_gain":0,"max_hp_loss":0,"event_name":"The Cleric","floor":5,"gold_loss":50}],"is_beta":false,"boss_relics":[],"items_purged_floors":[],"is_endless":false,"potions_floor_spawned":[6],"killed_by":"3 Sentries","ascension_level":3}}