{"host":"3x36qx7z3zqcvkt0","time":1610454356,"event":{"mods":["Act Like it!","Arknights The Spire","BaseMod","Colored Map","Colored Powertips","Downfall","Friendly Minions","Gensokyo","Koishi","LagranYue(拉格朗・月)","Marisa（F雨　魔理沙）","Minty Spire (QoL Compilation)","Prisma Mod","Replay The Spire","Shop Mod","StSLib","The Cursed","The Servant 0.9.4","Yuyuko","【功能Mod】聪明的最终Boss"],"gold_per_floor":[99,99,199,219,219,246,246,246,246,246],"floor_reached":8,"playtime":733,"items_purged":[],"score":60,"play_id":"4e551231-3cb5-482c-822a-dd9572f29710","local_time":"20210112202556","is_ascension_mode":true,"campfire_choices":[{"floor":1,"key":"RECALL"}],"circlet_count":0,"master_deck":["Slimebound:Strike_Slimebound","Slimebound:Strike_Slimebound","Slimebound:Strike_Slimebound","Slimebound:Tackle","Slimebound:Defend_Slimebound","Slimebound:Defend_Slimebound","Slimebound:Defend_Slimebound","Slimebound:Defend_Slimebound","Slimebound:Split","Slimebound:CorrosiveSpit","Slimebound:Teamwork","Slimebound:LeadByExample","Slimebound:RejuvenatingLick"],"relics":["LagranYue:RandomDrawCardRelic","downfall:BrokenWingStatue","m_BurningSludge","Lantern","Golden Egg"],"acts_visited":["Exordium"],"potions_floor_usage":[],"damage_taken":[{"damage":6,"enemies":"Jaw Worm","floor":4,"turns":5},{"damage":44,"enemies":"3 Sentries","floor":6,"turns":7},{"damage":19,"enemies":"Replay:BlueRogue","floor":8,"turns":3}],"seed_played":"-694047683575051976","potions_obtained":[],"is_trial":false,"path_per_floor":["R","?","?","M","?","E","T","E"],"character_chosen":"SLIMEBOUND","items_purchased":[],"campfire_rested":0,"item_purchase_floors":[],"current_hp_per_floor":[42,42,42,48,48,10,10,0,0,0],"gold":246,"neow_bonus":"THREE_RARE_CARDS","is_daily":false,"chose_seed":false,"campfire_upgraded":0,"win_rate":0.0,"timestamp":1610454356,"path_taken":["R","?","?","M","?","E","T","E"],"items_purchased_type":[],"build_version":"2020-12-22","purchased_purges":0,"victory":false,"max_hp_per_floor":[60,60,60,60,60,60,60,60,60,60],"card_choices":[{"not_picked":["Slimebound:PrepareCrush","Slimebound:OozeBath"],"picked":"Slimebound:Teamwork","floor":0},{"not_picked":["Slimebound:ComboTackle","Slimebound:RollThrough"],"picked":"Slimebound:LeadByExample","floor":4},{"not_picked":["Slimebound:GrowthPunch","Slimebound:SlimeBarrage"],"picked":"Slimebound:RejuvenatingLick","floor":6}],"player_experience":239863,"relics_obtained":[{"floor":6,"key":"Lantern"},{"floor":7,"key":"Golden Egg"}],"event_choices":[],"is_beta":false,"boss_relics":[],"items_purged_floors":[],"is_endless":false,"potions_floor_spawned":[],"killed_by":"Replay:BlueRogue","ascension_level":3}}