{"host":"64h6jdpsiwrne03s","time":1610469536,"event":{"mods":["Act Like it!","BaseMod","Bestiary","Colored Powertips","Gensokyo","Marisa£®ÏF”Í°°ƒß¿Ì…≥£©","Minty Spire (QoL Compilation)","Reimu£®≤©¿ˆ¡È√Œ£©","Remilia£®¿Ÿ√◊¿Ú—«£©","StSLib","The Servant 0.9.4","Youmu£®ªÍ∆«—˝√Œ£©"],"gold_per_floor":[114,114,126,51,51,81,81,110,110,110,122,139,64,110,110,184,184,194,194,210,110,98,131,131,144,144,163,196,196,231,250,250,328,328,340,356,381,381,89,122,141,0,26,26,59,59,69,84,84,84,84,84,29,60,60,60],"floor_reached":55,"playtime":4026,"items_purged":["Strike_Lin:ReiMu","Strike_Lin:ReiMu","Strike_Lin:ReiMu"],"score":1665,"play_id":"0b084bd4-c1ff-4b0a-b6da-2ad524e9ff3b","local_time":"20210113003856","is_ascension_mode":true,"campfire_choices":[{"data":"Gensokyo:CrescentMoonSlash","floor":7.0,"key":"SMITH"},{"data":"SubAcupoint:ReiMu","floor":10.0,"key":"SMITH"},{"floor":15.0,"key":"REST"},{"data":"Free:ReiMu","floor":24.0,"key":"SMITH"},{"data":"OctopathBindingBorder2:ReiMu","floor":29.0,"key":"SMITH"},{"floor":32.0,"key":"REST"},{"floor":46.0,"key":"RECALL"},{"data":"Determination:ReiMu","floor":49.0,"key":"SMITH"},{"data":"NB:ReiMu","floor":52.0,"key":"SMITH"}],"circlet_count":0,"master_deck":["AscendersBane","Defend_Lin:ReiMu","Defend_Lin:ReiMu","Defend_Lin:ReiMu","Defend_Lin:ReiMu","NB:ReiMu+1","Stagnation:ReiMu","Gensokyo:CrescentMoonSlash+1","ShadowOfCrow2:ReiMu","FoulBorder2:ReiMu+1","SubAcupoint:ReiMu+1","Free:ReiMu+1","OctopathBindingBorder2:ReiMu+1","Determination:ReiMu+1","KyokaiOfKami:ReiMu","Amulet:ReiMu+1"],"relics":["FlyPower:ReiMu","NeowsBlessing","Calipers","Potion Belt","Turnip","RedLine:ReiMu","Bottled Flame","FadedRune:ReiMu","Toxic Egg 2","Ornamental Fan","Busted Crown","Mango","Lee\u0027s Waffle","Peace Pipe","Red Mask","Vajra","SkyOrb:ReiMu","InkBottle"],"acts_visited":["Gensokyo:Gensokyo","Gensokyo:Gensokyoer","TheBeyond","TheEnding"],"potions_floor_usage":[54,54,54,55],"damage_taken":[{"damage":0.0,"enemies":"Gensokyo:Python","floor":1.0,"turns":1.0},{"damage":0.0,"enemies":"Gensokyo:Gryphon","floor":3.0,"turns":1.0},{"damage":0.0,"enemies":"Gensokyo:Aya","floor":6.0,"turns":1.0},{"damage":0.0,"enemies":"Gensokyo:Mamizou","floor":8.0,"turns":11.0},{"damage":12.0,"enemies":"Gensokyo:3_Fairies","floor":11.0,"turns":4.0},{"damage":10.0,"enemies":"Gensokyo:Python_and_Kodama","floor":12.0,"turns":3.0},{"damage":34.0,"enemies":"Gensokyo:Yukari","floor":16.0,"turns":11.0},{"damage":2.0,"enemies":"Gensokyo:2_Gloops","floor":18.0,"turns":3.0},{"damage":8.0,"enemies":"Gensokyo:AngelMirror","floor":20.0,"turns":5.0},{"damage":9.0,"enemies":"Gensokyo:Reisen","floor":23.0,"turns":6.0},{"damage":0.0,"enemies":"Gensokyo:Wraith","floor":25.0,"turns":5.0},{"damage":3.0,"enemies":"Gensokyo:Monolith_and_Dog","floor":27.0,"turns":5.0},{"damage":1.0,"enemies":"Gensokyo:Koishi","floor":28.0,"turns":7.0},{"damage":9.0,"enemies":"Gensokyo:Tenshi","floor":30.0,"turns":7.0},{"damage":0.0,"enemies":"Gensokyo:Swordslinger","floor":31.0,"turns":5.0},{"damage":0.0,"enemies":"Gensokyo:Kaguya","floor":33.0,"turns":17.0},{"damage":3.0,"enemies":"Orb Walker","floor":35.0,"turns":4.0},{"damage":0.0,"enemies":"3 Shapes","floor":36.0,"turns":5.0},{"damage":8.0,"enemies":"Mind Bloom Boss Battle","floor":37.0,"turns":9.0},{"damage":30.0,"enemies":"Reptomancer","floor":40.0,"turns":7.0},{"damage":3.0,"enemies":"Maw","floor":41.0,"turns":7.0},{"damage":13.0,"enemies":"Giant Head","floor":45.0,"turns":11.0},{"damage":0.0,"enemies":"Sphere and 2 Shapes","floor":47.0,"turns":5.0},{"damage":9.0,"enemies":"Transient","floor":48.0,"turns":6.0},{"damage":0.0,"enemies":"Donu and Deca","floor":50.0,"turns":8.0},{"damage":44,"enemies":"Shield and Spear","floor":54,"turns":8},{"damage":25,"enemies":"The Heart","floor":55,"turns":5}],"seed_played":"8589753458819302622","potions_obtained":[{"floor":3.0,"key":"SkillPotion"},{"floor":6.0,"key":"ColorlessPotion"},{"floor":11.0,"key":"Ancient Potion"},{"floor":16.0,"key":"EntropicBrew"},{"floor":18.0,"key":"EssenceOfSteel"},{"floor":37.0,"key":"Regen Potion"},{"floor":41.0,"key":"SpeedPotion"},{"floor":45.0,"key":"BlessingOfTheForge"}],"is_trial":false,"path_per_floor":["M","?","M","$","?","E","R","E","T","R","M","M","$","T","R","B",null,"M","?","M","$","?","E","R","M","T","M","E","R","E","M","R","B",null,"M","M","?","?","$","E","M","?","T","?","E","R","M","M","R","B",null,"R","$","E","B"],"character_chosen":"REIMU","items_purchased":["ShadowOfCrow2:ReiMu","Lee\u0027s Waffle","PowerPotion"],"campfire_rested":2,"item_purchase_floors":[4,39,53],"current_hp_per_floor":[54,42,42,42,42,42,42,42,42,42,30,20,20,20,38,4,46,44,44,36,36,48,39,39,39,39,36,35,35,26,26,44,44,56,53,53,59,59,81,51,48,48,48,48,35,35,35,41,41,41,68,68,68,24,0,0],"gold":60,"neow_bonus":"THREE_ENEMY_KILL","is_daily":false,"chose_seed":false,"campfire_upgraded":6,"win_rate":0.0,"timestamp":1610469536,"path_taken":["M","?","?","$","?","E","R","E","T","R","?","M","$","?","R","BOSS","M","?","M","$","?","E","R","M","T","M","E","R","E","?","R","BOSS","M","M","?","?","$","E","?","?","T","?","E","R","M","M","R","BOSS","R","$","E","BOSS"],"items_purchased_type":["Card","Relic","Potion"],"build_version":"2020-12-22","purchased_purges":3,"victory":false,"max_hp_per_floor":[60,60,60,60,60,60,60,60,60,60,60,60,60,60,60,60,60,60,60,60,60,60,60,60,60,60,60,60,60,60,60,60,60,60,60,60,74,74,81,81,81,81,81,77,77,77,77,77,77,77,77,77,77,77,77,77],"card_choices":[{"not_picked":["AirStrike:ReiMu","AlertArray:ReiMu","SpreadBorder2:ReiMu"],"picked":"SKIP","floor":1.0},{"not_picked":["ManaGlint:ReiMu","SubcavityInstant:ReiMu","SafetyPray:ReiMu"],"picked":"SKIP","floor":3.0},{"not_picked":["SpiritualOutbreak2:ReiMu","SafetyPray:ReiMu","Enchanting:ReiMu"],"picked":"SKIP","floor":6.0},{"not_picked":["PayForSelf:ReiMu","SpreadBorder2:ReiMu"],"picked":"SubAcupoint:ReiMu","floor":8.0},{"not_picked":["CareerPray:ReiMu","PhosphorusFlame:ReiMu"],"picked":"RainPray2:ReiMu","floor":11.0},{"not_picked":["Gathering:ReiMu","CareerPray:ReiMu","AirStrike:ReiMu"],"picked":"SKIP","floor":12.0},{"not_picked":["Gathering:ReiMu","CareerPray:ReiMu","AirStrike:ReiMu"],"picked":"SKIP","floor":12.0},{"not_picked":["PrayRite:ReiMu","RunawayExorcism:ReiMu"],"picked":"Free:ReiMu","floor":16.0},{"not_picked":["NineCharacters:ReiMu","OrbThrow:ReiMu"],"picked":"OctopathBindingBorder2:ReiMu","floor":18.0},{"not_picked":["OrbThrow:ReiMu","Amulet:ReiMu+1","MikOfLucky:ReiMu"],"picked":"SKIP","floor":20.0},{"not_picked":["AirStrike:ReiMu","CeremonyResonance:ReiMu","MikOfLucky:ReiMu+1"],"picked":"SKIP","floor":23.0},{"not_picked":["SubAcupoint:ReiMu","SpringWay:ReiMu","UpKicking:ReiMu"],"picked":"SKIP","floor":25.0},{"not_picked":["CollectionFlower2:ReiMu","Amulet:ReiMu","SubcavityInstant:ReiMu"],"picked":"SKIP","floor":27.0},{"not_picked":["ManaGlint:ReiMu","OrbThrow:ReiMu","SafetyPray:ReiMu+1"],"picked":"SKIP","floor":28.0},{"not_picked":["PayForSelf:ReiMu","FineLineFantasy:ReiMu+1","TightArray:ReiMu"],"picked":"SKIP","floor":30.0},{"not_picked":["PayForSelf:ReiMu","FantasyBorder:ReiMu+1"],"picked":"Determination:ReiMu","floor":31.0},{"not_picked":["BlastKick2:ReiMu","Determination:ReiMu"],"picked":"KyokaiOfKami:ReiMu","floor":33.0},{"not_picked":["TightArray:ReiMu"],"picked":"SKIP","floor":35.0},{"not_picked":["SubAcupoint:ReiMu"],"picked":"SKIP","floor":36.0},{"not_picked":["NineCharacters:ReiMu+1"],"picked":"SKIP","floor":40.0},{"not_picked":["DoubleButterfly:ReiMu"],"picked":"SKIP","floor":41.0},{"not_picked":["UpKicking:ReiMu"],"picked":"SKIP","floor":45.0},{"not_picked":["SubAcupoint:ReiMu"],"picked":"SKIP","floor":47.0},{"not_picked":[],"picked":"Amulet:ReiMu+1","floor":48.0},{"not_picked":["InherentArray:ReiMu"],"picked":"SKIP","floor":54}],"player_experience":419940,"relics_obtained":[{"floor":6.0,"key":"Calipers"},{"floor":8.0,"key":"Potion Belt"},{"floor":9.0,"key":"Turnip"},{"floor":23.0,"key":"Bottled Flame"},{"floor":26.0,"key":"FadedRune:ReiMu"},{"floor":28.0,"key":"Toxic Egg 2"},{"floor":30.0,"key":"Ornamental Fan"},{"floor":37.0,"key":"Mango"},{"floor":40.0,"key":"Peace Pipe"},{"floor":43.0,"key":"Vajra"},{"floor":45.0,"key":"SkyOrb:ReiMu"},{"floor":54,"key":"InkBottle"}],"event_choices":[{"damage_healed":0.0,"max_hp_gain":0.0,"max_hp_loss":0.0,"gold_gain":0.0,"event_name":"MindBloom","player_choice":"Fight","floor":37.0,"gold_loss":0.0,"damage_taken":0.0},{"damage_healed":0.0,"max_hp_gain":0.0,"max_hp_loss":0.0,"gold_gain":0.0,"event_name":"Match and Keep!","player_choice":"0 cards matched","floor":38.0,"gold_loss":0.0,"damage_taken":0.0,"cards_obtained":[]},{"damage_healed":0.0,"max_hp_gain":0.0,"max_hp_loss":0.0,"gold_gain":0.0,"event_name":"Tomb of Lord Red Mask","player_choice":"Paid","floor":42.0,"gold_loss":141.0,"damage_taken":0.0,"relics_obtained":["Red Mask"]},{"damage_healed":0.0,"max_hp_gain":0.0,"max_hp_loss":4.0,"gold_gain":0.0,"event_name":"Winding Halls","player_choice":"Max HP","floor":44.0,"gold_loss":0.0,"damage_taken":0.0}],"is_beta":false,"boss_relics":[{"not_picked":["Ectoplasm","Cursed Key"],"picked":"RedLine:ReiMu"},{"not_picked":["Snecko Eye","Calling Bell"],"picked":"Busted Crown"}],"items_purged_floors":[13,21,39],"is_endless":false,"potions_floor_spawned":[3,6,11,16,18,20,23,30,37,41,45,47],"killed_by":"The Heart","ascension_level":19}}