{"host":"tom9euzqew4po1rs","time":1610479770,"event":{"mods":["BaseMod","Curses Come First","Downfall","Minty Spire (QoL Compilation)","Quick Restart","Rare Cards Sparkle","Replay The Spire","StSLib","The Cursed"],"gold_per_floor":[0,14,24,43,43,53,53,53,116,17,17,66,66,5,20,122,172,172,192,192,205,215,230,301,315,315,58,101,132,132,164,191,297,297,297,322,436,458,490,517,563,563,200,200,200,234,234,279,279,293,293,293],"floor_reached":50,"playtime":3540,"items_purged":["Guardian:Aged"],"score":611,"play_id":"31582596-c4a6-4950-a274-a6e68795b567","local_time":"20210112142930","is_ascension_mode":false,"campfire_choices":[{"data":"1","floor":1,"key":"LIFT"},{"data":"2","floor":8,"key":"LIFT"},{"floor":13,"key":"REST"},{"data":"3","floor":18,"key":"LIFT"},{"data":"Slimebound:OozeBath","floor":26,"key":"SMITH"},{"data":"Slimebound:OneTwoCombo","floor":30,"key":"SMITH"},{"data":"Slimebound:DuplicatedForm","floor":35,"key":"SMITH"},{"floor":42,"key":"RECALL"},{"data":"Slimebound:MassFeed","floor":44,"key":"SMITH"},{"floor":47,"key":"REST"},{"data":"Slimebound:Split","floor":49,"key":"SMITH"}],"circlet_count":0,"master_deck":["Slimebound:Strike_Slimebound","Slimebound:Strike_Slimebound","Slimebound:Strike_Slimebound","Slimebound:Tackle","Slimebound:Defend_Slimebound","Slimebound:Defend_Slimebound","Slimebound:Defend_Slimebound","Slimebound:Defend_Slimebound","Slimebound:Split+1","Slimebound:CorrosiveSpit","Slimebound:LeechEnergy","Slimebound:Gluttony","Slimebound:ViciousTackle","Slimebound:MassFeed+1","Slimebound:Grow","Slimebound:SlimeSpikes","Slimebound:Grow","Slimebound:SplitBruiser","Slimebound:LivingWall","Slimebound:SlimeSpikes","Slimebound:Prepare","Slimebound:LeechEnergy","Slimebound:RejuvenatingLick","Slimebound:OneTwoCombo+1","Slimebound:SplitLeeching","Slimebound:TongueLash+1","Slimebound:Schlurp","Slimebound:Schlurp","Slimebound:GrowthPunch","Slimebound:OozeBath+1","Slimebound:PressTheAttack+1","Slimebound:LeechingTouch+1","Slimebound:SamplingLick","Slimebound:Schlurp","Slimebound:DuplicatedForm+1","Slimebound:LivingWall","Slimebound:OneTwoCombo","Slimebound:Schlurp+1","Slimebound:Teamwork","Slimebound:Repurpose","Slimebound:SplitBruiser","Slimebound:Split","expansioncontent:Flail","Slimebound:MassFeed+1","Slimebound:SamplingLick+1","Slimebound:Gluttony","Slimebound:SplitAcid+1","Slimebound:RainOfGoop+1","Slimebound:RejuvenatingLick","Slimebound:SplitBruiser","Parasite","Slimebound:SlimeSpikes","Slimebound:LeechLife"],"relics":["Slimebound:AbsorbEndCombat","Girya","Orichalcum","Shuriken","Happy Flower","Tiny House","HornCleat","Membership Card","Replay:Bandana","Question Card","Painkiller Herb","downfall:GremlinSack","Blue Doll","Replay:Bottled Flurry","ClockworkSouvenir","Simple Rune","Vajra"],"acts_visited":["Exordium","TheCity","TheBeyond"],"potions_floor_usage":[4,6,9,16,19,19,21,22,28,31,33,39,43,48],"damage_taken":[{"damage":16,"enemies":"2 Louse","floor":2,"turns":3},{"damage":4,"enemies":"Small Slimes","floor":3,"turns":3},{"damage":12,"enemies":"Jaw Worm","floor":4,"turns":3},{"damage":15,"enemies":"2 Fungi Beasts","floor":6,"turns":3},{"damage":32,"enemies":"3 Sentries","floor":9,"turns":6},{"damage":8,"enemies":"downfall:FleeingMerchant","floor":10,"turns":4},{"damage":11,"enemies":"downfall:FleeingMerchant","floor":14,"turns":4},{"damage":14,"enemies":"Exordium Thugs","floor":15,"turns":5},{"damage":43,"enemies":"downfall:Ironclad","floor":16,"turns":9},{"damage":4,"enemies":"Chosen","floor":19,"turns":4},{"damage":22,"enemies":"Centurion and Healer","floor":21,"turns":5},{"damage":36,"enemies":"Shelled Parasite and Fungi","floor":22,"turns":5},{"damage":19,"enemies":"Cultist and Chosen","floor":23,"turns":6},{"damage":31,"enemies":"3 Cultists","floor":25,"turns":5},{"damage":8,"enemies":"downfall:FleeingMerchant","floor":27,"turns":4},{"damage":45,"enemies":"Gremlin Leader","floor":28,"turns":5},{"damage":16,"enemies":"Chosen and Byrds","floor":29,"turns":5},{"damage":18,"enemies":"Centurion and Healer","floor":31,"turns":5},{"damage":23,"enemies":"Snake Plant","floor":32,"turns":3},{"damage":73,"enemies":"downfall:Watcher","floor":33,"turns":7},{"damage":18,"enemies":"3 Shapes","floor":36,"turns":5},{"damage":15,"enemies":"3 Shapes","floor":37,"turns":4},{"damage":16,"enemies":"3 Darklings","floor":38,"turns":4},{"damage":8,"enemies":"Sphere and 2 Shapes","floor":39,"turns":2},{"damage":20,"enemies":"Spire Growth","floor":40,"turns":4},{"damage":19,"enemies":"downfall:FleeingMerchant","floor":43,"turns":4},{"damage":46,"enemies":"Writhing Mass","floor":46,"turns":4},{"damage":65,"enemies":"Giant Head","floor":48,"turns":7},{"damage":83,"enemies":"downfall:Silent","floor":50,"turns":5}],"seed_played":"6378131688139824805","potions_obtained":[{"floor":3,"key":"Fire Potion"},{"floor":4,"key":"Fire Potion"},{"floor":6,"key":"Strength Potion"},{"floor":12,"key":"champ:CounterPotion"},{"floor":15,"key":"SpeedPotion"},{"floor":17,"key":"LiquidMemories"},{"floor":20,"key":"CultistPotion"},{"floor":21,"key":"sneckomod:MuddlingPotion"},{"floor":25,"key":"AttackPotion"},{"floor":28,"key":"Block Potion"},{"floor":31,"key":"Slimebound:SlimedPotion"},{"floor":38,"key":"SkillPotion"},{"floor":40,"key":"Block Potion"},{"floor":46,"key":"SkillPotion"}],"is_trial":false,"path_per_floor":["R","M","M","M","?","M","T","R","?","$","?","?","R","$","M","B",null,"R","M","?","M","M","M","T","M","R","$","E","M","R","M","M","B",null,"T","?","?","?","?","?","T","T","T","T","?","?","T","E","T","B"],"character_chosen":"SLIMEBOUND","items_purchased":["Slimebound:Grow","Slimebound:SplitBruiser","Slimebound:LeechEnergy","Membership Card","Replay:Bandana","Slimebound:LeechingTouch+1","Replay:Bottled Flurry","ClockworkSouvenir","Slimebound:RejuvenatingLick","Slimebound:SplitBruiser","Simple Rune"],"campfire_rested":2,"item_purchase_floors":[10,10,14,27,27,27,43,43,43,43,43],"current_hp_per_floor":[60,48,56,56,56,49,49,49,21,21,41,41,59,56,49,44,68,68,72,72,76,57,56,56,55,55,65,54,58,58,56,68,58,80,80,80,80,80,80,83,83,83,83,83,83,45,69,65,65,0,0,0],"gold":293,"neow_bonus":"ONE_RARE_RELIC","is_daily":false,"chose_seed":false,"campfire_upgraded":5,"win_rate":0.0,"timestamp":1610479770,"path_taken":["R","M","M","M","?","M","T","R","?","$","?","?","R","$","M","BOSS","R","M","?","M","M","M","T","M","R","$","E","M","R","M","M","BOSS","T","?","?","?","?","?","T","T","T","T","?","?","T","E","T","BOSS"],"items_purchased_type":["Card","Card","Card","Relic","Relic","Card","Relic","Relic","Card","Card","Relic"],"build_version":"2020-12-22","purchased_purges":1,"victory":false,"max_hp_per_floor":[60,60,60,60,60,60,60,60,60,60,60,60,60,60,63,63,68,68,72,72,76,76,76,76,80,80,80,80,80,80,80,80,80,80,80,80,80,80,80,83,83,83,83,83,83,83,83,83,83,83,83,83],"card_choices":[{"not_picked":["Slimebound:SlimeBarrage","Slimebound:FinishingTackle"],"picked":"Slimebound:LeechEnergy","floor":2},{"not_picked":["Slimebound:Schlurp","Slimebound:SplitAcid"],"picked":"Slimebound:Gluttony","floor":3},{"not_picked":["Slimebound:RollThrough","Slimebound:Chomp"],"picked":"Slimebound:ViciousTackle","floor":4},{"not_picked":["Slimebound:Grow","Slimebound:SplitBruiser"],"picked":"Slimebound:MassFeed","floor":6},{"not_picked":["Slimebound:SplitBruiser","Slimebound:SamplingLick"],"picked":"Slimebound:Grow","floor":9},{"not_picked":["Slimebound:Nibble","Slimebound:Chomp"],"picked":"Slimebound:SlimeSpikes","floor":10},{"not_picked":["Slimebound:SplitMire","Slimebound:Gluttony"],"picked":"Slimebound:LivingWall","floor":12},{"not_picked":["Slimebound:SplitAcid","Slimebound:FirmFortitude"],"picked":"Slimebound:SlimeSpikes","floor":12},{"not_picked":["Slimebound:SplitBruiser","Slimebound:RollThrough"],"picked":"Slimebound:Prepare","floor":14},{"not_picked":["Slimebound:Prepare","Slimebound:LeechingTouch"],"picked":"Slimebound:RejuvenatingLick","floor":15},{"not_picked":["Slimebound:WasteNot","Slimebound:SelfFormingGoo"],"picked":"Slimebound:OneTwoCombo","floor":16},{"not_picked":["Slimebound:PressTheAttack","Slimebound:ViciousTackle"],"picked":"Slimebound:SplitLeeching","floor":17},{"not_picked":["Slimebound:ComboTackle","Slimebound:Grow"],"picked":"Slimebound:TongueLash+1","floor":19},{"not_picked":["Slimebound:BestDefense","Slimebound:LeechEnergy+1"],"picked":"Slimebound:Schlurp","floor":21},{"not_picked":["Slimebound:SplitMire","Slimebound:LivingWall"],"picked":"Slimebound:Schlurp","floor":22},{"not_picked":["Slimebound:Replication+1","Slimebound:DisruptingSlam+1"],"picked":"Slimebound:GrowthPunch","floor":23},{"not_picked":["Slimebound:SlimeSpikes+1","Slimebound:PressTheAttack+1"],"picked":"Slimebound:OozeBath","floor":25},{"not_picked":["Slimebound:RollThrough","Slimebound:SplitMire"],"picked":"Slimebound:PressTheAttack+1","floor":27},{"not_picked":["Slimebound:FinishingTackle+1","Slimebound:PressTheAttack"],"picked":"Slimebound:SamplingLick","floor":28},{"not_picked":["Slimebound:PressTheAttack+1","Slimebound:GoopSpray","Slimebound:SplitMire"],"picked":"Slimebound:Schlurp","floor":29},{"not_picked":["Slimebound:LeechEnergy","Slimebound:Gluttony","Slimebound:ComboTackle"],"picked":"Slimebound:DuplicatedForm","floor":31},{"not_picked":["Slimebound:SlimeBrawl+1","Slimebound:SamplingLick","Slimebound:PressTheAttack+1"],"picked":"Slimebound:LivingWall","floor":32},{"not_picked":["Slimebound:Overexert","Slimebound:Teamwork","Slimebound:SelfFormingGoo"],"picked":"Slimebound:OneTwoCombo","floor":33},{"not_picked":["Slimebound:SplitMire+1","Slimebound:SlimeSpikes","Slimebound:ComboTackle+1"],"picked":"Slimebound:Schlurp+1","floor":36},{"not_picked":["Slimebound:Schlurp","Slimebound:SamplingLick+1","Slimebound:Equalize+1"],"picked":"Slimebound:MassFeed","floor":37},{"not_picked":["Slimebound:LeechingTouch+1","Slimebound:SlimeBarrage","Slimebound:GrowthPunch"],"picked":"Slimebound:SamplingLick+1","floor":38},{"not_picked":["Slimebound:FinishingTackle+1","Slimebound:LeadByExample+1","Slimebound:Prepare"],"picked":"Slimebound:Gluttony","floor":39},{"not_picked":["Slimebound:LeechEnergy+1","Slimebound:Schlurp+1","Slimebound:GoopSpray"],"picked":"Slimebound:SplitAcid+1","floor":40},{"not_picked":["Slimebound:SamplingLick","Slimebound:SplitLeeching","Slimebound:Schlurp"],"picked":"Slimebound:RainOfGoop+1","floor":43},{"not_picked":["Slimebound:BestDefense","Slimebound:DisruptingSlam","Slimebound:Replication"],"picked":"Slimebound:SlimeSpikes","floor":46},{"not_picked":["Slimebound:Schlurp+1","Slimebound:FinishingTackle","Slimebound:Replication"],"picked":"Slimebound:LeechLife","floor":48}],"player_experience":104245,"relics_obtained":[{"floor":7,"key":"Orichalcum"},{"floor":9,"key":"Shuriken"},{"floor":12,"key":"Happy Flower"},{"floor":24,"key":"HornCleat"},{"floor":28,"key":"Question Card"},{"floor":37,"key":"downfall:GremlinSack"},{"floor":41,"key":"Blue Doll"},{"floor":48,"key":"Vajra"}],"event_choices":[{"damage_healed":20,"gold_gain":0,"player_choice":"Banana","damage_taken":0,"max_hp_gain":0,"max_hp_loss":0,"event_name":"Big Fish","floor":11,"gold_loss":0}],"is_beta":false,"boss_relics":[{"not_picked":["Velvet Choker","Replay:Drink Me"],"picked":"Tiny House"},{"not_picked":["Calling Bell","Kintsugi"],"picked":"Painkiller Herb"}],"items_purged_floors":[43],"is_endless":false,"potions_floor_spawned":[3,4,6,15,21,25,28,31,38,40,46],"killed_by":"downfall:Silent","ascension_level":0}}