{"host":"5dzuyvrjb30uqvwu","time":1610482632,"event":{"mods":["AchievementEnabler","BaseMod","Colored Powertips","Lobotomy","Minty Spire (QoL Compilation)","Quick Restart","slay the spire mod where everything is the same but ironclad has a cowboy hat"],"gold_per_floor":[110,110,121,135,135,166,166,166,166,10,10,51,51,65,65,194,194,209,223,243,168,168,168],"floor_reached":22,"playtime":1491,"items_purged":["Strike_R"],"score":204,"play_id":"92ba35da-7139-4d5a-817b-0459ed55070c","local_time":"20210112121712","is_ascension_mode":true,"campfire_choices":[{"data":"Rampage","floor":7.0,"key":"SMITH"},{"floor":11.0,"key":"REST"},{"data":"Rupture","floor":15,"key":"SMITH"}],"circlet_count":0,"master_deck":["Strike_R","Strike_R","Strike_R","Defend_R","Defend_R","Defend_R","Defend_R","Bash","Heavy Blade","FieryBird","Rampage+1","VoidDream","OSAHOGD","Battle Trance","Pommel Strike","NothingThere","Rupture+1","PunishingBird","Berserk","LongBird","Seeing Red"],"relics":["Burning Blood","CogitoBucket","RabbitCall","Golden Idol","Paper Frog","Oddly Smooth Stone","Matryoshka","Red Skull","Pocketwatch","SkinProphecy","Coffee Dripper"],"acts_visited":["Exordium","TheCity"],"potions_floor_usage":[14,14,22],"damage_taken":[{"damage":6.0,"enemies":"2 Louse","floor":1.0,"turns":3.0},{"damage":1.0,"enemies":"Jaw Worm","floor":3.0,"turns":3.0},{"damage":6.0,"enemies":"Cultist","floor":4.0,"turns":3.0},{"damage":52.0,"enemies":"3 Sentries","floor":6.0,"turns":9.0},{"damage":26.0,"enemies":"Lagavulin","floor":12.0,"turns":4.0},{"damage":16,"enemies":"2 Fungi Beasts","floor":14,"turns":10},{"damage":64,"enemies":"Slime Boss","floor":16,"turns":8},{"damage":43,"enemies":"Spheric Guardian","floor":18,"turns":4},{"damage":69,"enemies":"Shell Parasite","floor":19,"turns":6},{"damage":3,"enemies":"Shelled Parasite and Fungi","floor":20,"turns":2},{"damage":36,"enemies":"Snecko","floor":22,"turns":2}],"seed_played":"8292431446846793519","potions_obtained":[{"floor":1.0,"key":"ColorlessPotion"},{"floor":3.0,"key":"Regen Potion"},{"floor":6.0,"key":"GamblersBrew"},{"floor":19,"key":"Strength Potion"}],"is_trial":false,"path_per_floor":["M","?","M","M","?","E","R","?","T","$","R","E","?","M","R","B",null,"M","M","M","$","M"],"character_chosen":"IRONCLAD","items_purchased":["Red Skull"],"campfire_rested":1,"item_purchase_floors":[10],"current_hp_per_floor":[80,73,78,78,58,21,21,9,9,9,33,13,13,57,57,48,82,61,21,43,43,0,0],"gold":168,"neow_bonus":"","is_daily":false,"chose_seed":false,"campfire_upgraded":2,"win_rate":0.0,"timestamp":1610482632,"path_taken":["M","?","M","M","?","E","R","?","T","$","R","E","?","?","R","BOSS","M","M","M","$","M"],"items_purchased_type":["Relic"],"build_version":"2020-12-22","purchased_purges":1,"victory":false,"max_hp_per_floor":[80,80,80,80,80,80,80,80,80,80,80,80,80,80,80,82,82,84,86,88,88,92,92],"card_choices":[{"not_picked":["MeatLantern","SpiderBud"],"picked":"Murderer","floor":1.0},{"not_picked":["Anger","Headbutt"],"picked":"Heavy Blade","floor":1.0},{"not_picked":["Bloodbath","Murderer"],"picked":"FieryBird","floor":3.0},{"not_picked":["Warcry","Body Slam"],"picked":"Rampage","floor":3.0},{"not_picked":["Murderer","GalaxyChild","Scarecrow"],"picked":"Singing Bowl","floor":4.0},{"not_picked":["FairyFestival","ShyLook"],"picked":"VoidDream","floor":4.0},{"not_picked":["Sword Boomerang","Perfected Strike","Clash"],"picked":"SKIP","floor":4.0},{"not_picked":["Wellcheers","BeautyBeast","SpiderBud"],"picked":"Singing Bowl","floor":6.0},{"not_picked":["WallGazer","MHz"],"picked":"OSAHOGD","floor":6.0},{"not_picked":["Anger","Iron Wave"],"picked":"Battle Trance","floor":6.0},{"not_picked":["QueenOfHatred","UniverseFragment","FairyFestival"],"picked":"Singing Bowl","floor":12.0},{"not_picked":["Wellcheers","LaLuna"],"picked":"CherryBlossoms","floor":12.0},{"not_picked":["Cleave","Carnage"],"picked":"Pommel Strike","floor":12.0},{"not_picked":["Alriune","HappyTeddy","FairyFestival"],"picked":"Singing Bowl","floor":14},{"not_picked":["Scarecrow","QueenOfHatred"],"picked":"NothingThere","floor":14},{"not_picked":["Headbutt","Dual Wield"],"picked":"Rupture","floor":14},{"not_picked":["QueenBee","WhitesApple"],"picked":"PunishingBird","floor":16},{"not_picked":["Juggernaut","Impervious"],"picked":"Berserk","floor":16},{"not_picked":["SpiderBud","ShyLook"],"picked":"LongBird","floor":18},{"not_picked":["Armaments","Iron Wave","Pummel"],"picked":"SKIP","floor":18},{"not_picked":["Laetitia","MHz","WallGazer"],"picked":"Singing Bowl","floor":19},{"not_picked":["Entrench+1","Wild Strike+1","Armaments"],"picked":"SKIP","floor":19},{"not_picked":["SnowQueen","Laetitia","FairyFestival"],"picked":"Singing Bowl","floor":20},{"not_picked":["Clash","Blood for Blood"],"picked":"Seeing Red","floor":20}],"player_experience":329287,"relics_obtained":[{"floor":6.0,"key":"Paper Frog"},{"floor":9.0,"key":"Matryoshka"},{"floor":12.0,"key":"Pocketwatch"}],"event_choices":[{"cards_removed":["Murderer"],"damage_healed":0.0,"max_hp_gain":0.0,"max_hp_loss":0.0,"gold_gain":0.0,"event_name":"Golden Wing","player_choice":"Card Removal","floor":2.0,"gold_loss":0.0,"damage_taken":7.0},{"damage_healed":0.0,"max_hp_gain":0.0,"max_hp_loss":0.0,"gold_gain":0.0,"event_name":"Golden Idol","player_choice":"Take Damage","floor":5.0,"gold_loss":0.0,"damage_taken":20.0,"relics_obtained":["Golden Idol"]},{"damage_healed":0.0,"max_hp_gain":0.0,"max_hp_loss":0.0,"gold_gain":0.0,"event_name":"Scrap Ooze","player_choice":"Success","floor":8.0,"gold_loss":0.0,"damage_taken":12.0,"relics_obtained":["Oddly Smooth Stone"]},{"cards_removed":["Strike_R"],"damage_healed":0.0,"max_hp_gain":0.0,"max_hp_loss":0.0,"gold_gain":0.0,"event_name":"Living Wall","player_choice":"Forget","floor":13.0,"gold_loss":0.0,"damage_taken":0.0}],"is_beta":false,"boss_relics":[{"not_picked":["Pandora\u0027s Box","Snecko Eye"],"picked":"Coffee Dripper"}],"items_purged_floors":[21],"is_endless":false,"potions_floor_spawned":[1,3,6,19],"killed_by":"Snecko","ascension_level":1}}