{"host":"sc0o2qwpf9j16a4i","time":1610473341,"event":{"mods":["AchievementEnabler","BaseMod","BetterRewards","Block Reminder","Colored Map","Colored Powertips","Custom Start","Highlight Path","Minty Spire (QoL Compilation)","Relic Stats"],"gold_per_floor":[111,124,136,153,171,171,171,171,171],"floor_reached":8,"playtime":275,"items_purged":[],"score":100,"play_id":"c381334d-1bc0-410e-b203-03069f55b55c","local_time":"20210112194221","is_ascension_mode":true,"campfire_choices":[{"floor":6,"key":"REST"}],"circlet_count":0,"master_deck":["AscendersBane","Strike_P","Strike_P","Strike_P","Strike_P","Defend_P","Defend_P","Defend_P","Defend_P","Eruption","Vigilance","SashWhip","ThirdEye","CutThroughFate","MentalFortress","Indignation","CrushJoints"],"relics":["PureWater"],"acts_visited":["Exordium"],"potions_floor_usage":[8],"damage_taken":[{"damage":2,"enemies":"Small Slimes","floor":1,"turns":4},{"damage":7,"enemies":"2 Louse","floor":2,"turns":3},{"damage":0,"enemies":"Cultist","floor":3,"turns":4},{"damage":12,"enemies":"Blue Slaver","floor":4,"turns":7},{"damage":23,"enemies":"Large Slime","floor":5,"turns":8},{"damage":38,"enemies":"3 Sentries","floor":8,"turns":4}],"seed_played":"-1232098160283962317","potions_obtained":[{"floor":1,"key":"LiquidBronze"}],"is_trial":false,"path_per_floor":["M","M","M","M","M","R","?","E"],"character_chosen":"WATCHER","items_purchased":["SashWhip"],"campfire_rested":1,"item_purchase_floors":[0],"current_hp_per_floor":[59,52,52,40,17,37,37,0,0],"gold":171,"neow_bonus":"","is_daily":false,"chose_seed":false,"campfire_upgraded":0,"win_rate":0.0,"timestamp":1610473341,"path_taken":["M","M","M","M","M","R","?","E"],"items_purchased_type":["Card"],"build_version":"2020-12-22","purchased_purges":0,"victory":false,"max_hp_per_floor":[68,68,68,68,68,68,68,68,68],"relic_stats":{"counters":[11,57],"obtain_stats":[{"Snecko Eye":0,"PureWater":0},{"Snecko Eye":0,"PureWater":0},{"Snecko Eye":0,"PureWater":0}]},"card_choices":[{"not_picked":["JustLucky","Evaluate"],"picked":"ThirdEye","floor":1},{"not_picked":["WheelKick","Indignation"],"picked":"CutThroughFate","floor":2},{"not_picked":["PathToVictory","EmptyFist"],"picked":"MentalFortress","floor":3},{"not_picked":["CrushJoints","JustLucky"],"picked":"Indignation","floor":4},{"not_picked":["FlyingSleeves","MentalFortress"],"picked":"CrushJoints","floor":5}],"player_experience":611757,"relics_obtained":[],"event_choices":[{"damage_healed":0,"gold_gain":0,"player_choice":"Searched \u00270\u0027 times","damage_taken":0,"max_hp_gain":0,"max_hp_loss":0,"event_name":"Dead Adventurer","floor":7,"gold_loss":0}],"is_beta":false,"boss_relics":[],"items_purged_floors":[],"is_endless":false,"potions_floor_spawned":[1],"killed_by":"3 Sentries","ascension_level":20}}