{"host":"c59zqhrgluvxuu0k","time":1610427770,"event":{"mods":["100% Spire Juice","Arknights The Spire","BaseMod","Better Altar","Better Third Choice","BetterRewards","Colored Map","Colored Powertips","Curses Come First","Downfall","Friendly Minions","Hermit","Minty Spire (QoL Compilation)","Replay The Spire","Shop Mod","Spicy Shops","StSLib","The Blackbeard","The Cursed","The Death Knight","The Druid","The Jungle","The Runesmith","The Wild Card"],"gold_per_floor":[117,292,306,306,10,20,39,72,97,124,141,141,161,192,192,192,192],"floor_reached":16,"playtime":1270,"items_purged":["Doubt"],"score":128,"play_id":"e5245d24-193f-4e08-80ef-0adada86dc6e","local_time":"20210111220250","is_ascension_mode":true,"campfire_choices":[{"floor":15,"key":"REST"}],"circlet_count":0,"master_deck":["ats:Strike C","ats:Strike G","ats:Strike S","ats:Strike V","ats:Armor Crushing Shot","ats:Defend","ats:Defend","ats:Defend","ats:Defend","ats:Emotion Absorption+1","ats:Neurotoxin","ats:Poison Spread","Apotheosis","ats:Rapid Magazine","ats:Flexible Camouflage","ats:Ambush","ats:Song Of Battle","ats:Explosion Area Strengthen","ats:Wolf Pack"],"relics":["ats:Sanity","hexamod:BolsterEngine","ats:Originium","ats:Hidden Killer","ats:Spiritual Recovery","ReplayTheSpireMod:Lightbulb"],"acts_visited":["Exordium"],"potions_floor_usage":[7,8,8,10,13],"damage_taken":[{"damage":0,"enemies":"Small Slimes","floor":1,"turns":5},{"damage":0,"enemies":"Cultist","floor":3,"turns":4},{"damage":0,"enemies":"2 Louse","floor":6,"turns":2},{"damage":9,"enemies":"Gremlin Gang","floor":7,"turns":4},{"damage":22,"enemies":"3 Sentries","floor":8,"turns":7},{"damage":16,"enemies":"Gremlin Nob","floor":10,"turns":3},{"damage":14,"enemies":"Red Slaver","floor":11,"turns":6},{"damage":0,"enemies":"Large Slime","floor":13,"turns":4},{"damage":22,"enemies":"3 Sentries","floor":14,"turns":6},{"damage":24,"enemies":"The Guardian","floor":16,"turns":3}],"seed_played":"-7675995106262980419","potions_obtained":[{"floor":3,"key":"AttackPotion"},{"floor":6,"key":"Languid Potion"},{"floor":7,"key":"SkillPotion"},{"floor":8,"key":"AttackPotion"},{"floor":10,"key":"AttackPotion"}],"is_trial":false,"path_per_floor":["M","?","M","?","$","M","M","E","T","E","M","?","M","E","R","B"],"character_chosen":"DOCTOR_CLASS","items_purchased":["Apotheosis","ats:Rapid Magazine"],"campfire_rested":1,"item_purchase_floors":[5,5],"current_hp_per_floor":[72,72,72,72,72,72,63,53,53,37,23,23,23,1,22,0,0],"gold":192,"neow_bonus":"RANDOM_COMMON_RELIC","is_daily":false,"chose_seed":false,"campfire_upgraded":0,"win_rate":0.0,"timestamp":1610427770,"path_taken":["M","?","M","?","$","?","M","E","T","E","M","?","?","E","R","BOSS"],"items_purchased_type":["Card","Card"],"build_version":"2020-12-22","purchased_purges":1,"victory":false,"max_hp_per_floor":[72,72,72,72,72,72,72,72,72,72,72,72,72,72,72,72,72],"card_choices":[{"not_picked":["ats:Flexible Camouflage","ats:Red Shift"],"picked":"ats:Neurotoxin","floor":1},{"not_picked":["ats:Leaping Hammer","ats:Red Shift"],"picked":"ats:Poison Spread","floor":3},{"not_picked":["ats:Chain Hook","ats:Red Shift"],"picked":"ats:Flexible Camouflage","floor":6},{"not_picked":["ats:Rapid Magazine","ats:Composite Medical Shells","ats:Flame Of Heaven"],"picked":"SKIP","floor":7},{"not_picked":["ats:Apocalypse","ats:Flexible Camouflage"],"picked":"ats:Ambush","floor":8},{"not_picked":["ats:Flexible Camouflage","ats:Collapsing Strike"],"picked":"ats:Song Of Battle","floor":10},{"not_picked":["ats:Mental Burst","ats:Burning Ground"],"picked":"ats:Explosion Area Strengthen","floor":11},{"not_picked":["ats:Demon Strength","ats:Childhood Dance","ats:Defend Order"],"picked":"SKIP","floor":13},{"not_picked":["ats:Powerful Strike","ats:Childhood Dance"],"picked":"ats:Wolf Pack","floor":14}],"player_experience":2190635,"relics_obtained":[{"floor":8,"key":"ats:Originium"},{"floor":8,"key":"ats:Hidden Killer"},{"floor":10,"key":"ats:Originium"},{"floor":10,"key":"ats:Spiritual Recovery"},{"floor":14,"key":"ats:Originium"},{"floor":14,"key":"ReplayTheSpireMod:Lightbulb"}],"event_choices":[{"damage_healed":0,"gold_gain":175,"player_choice":"AGREE","damage_taken":117,"max_hp_gain":0,"max_hp_loss":0,"event_name":"betterThird:BetterSerpent","floor":2,"gold_loss":0},{"damage_healed":0,"gold_gain":0,"player_choice":"Upgraded","damage_taken":0,"max_hp_gain":0,"max_hp_loss":0,"event_name":"Upgrade Shrine","floor":4,"gold_loss":0,"cards_upgraded":["ats:Emotion Absorption"]},{"damage_healed":0,"gold_gain":0,"player_choice":"Bought 0 Potions","damage_taken":0,"max_hp_gain":0,"max_hp_loss":0,"event_name":"The Woman in Blue","floor":12,"gold_loss":0}],"is_beta":false,"boss_relics":[],"items_purged_floors":[5],"is_endless":false,"potions_floor_spawned":[3,6,7,8,10],"killed_by":"The Guardian","ascension_level":1}}