{"host":"0vlubjftylzdr3ny","time":1610477477,"event":{"mods":["Always Whale","BaseMod","GifTheSpireLib","Minty Spire (QoL Compilation)","Relic Filter","StSLib","Stuff the Spire"],"gold_per_floor":[109,34,49,49,64,64,95,95,95,125,184,184,184],"floor_reached":12,"playtime":412,"items_purged":["Strike_B"],"score":90,"play_id":"30e68a4d-dfef-4a85-9653-c29152eca3b9","local_time":"20210112195117","is_ascension_mode":true,"campfire_choices":[{"data":"Go for the Eyes","floor":6,"key":"SMITH"},{"data":"Beam Cell","floor":8,"key":"SMITH"}],"circlet_count":0,"master_deck":["Strike_B","Strike_B","Defend_B+1","Defend_B","Defend_B","Defend_B","Zap+1","Dualcast+1","Rip and Tear","Ball Lightning","Go for the Eyes+1","Beam Cell+1","Leap","StuffTheSpire:Snapshot"],"relics":["Cracked Core","StuffTheSpire:Rhapsscallions","Happy Flower","War Paint","The Courier"],"acts_visited":["Exordium"],"potions_floor_usage":[],"damage_taken":[{"damage":5,"enemies":"Small Slimes","floor":1,"turns":3},{"damage":1,"enemies":"2 Louse","floor":3,"turns":2},{"damage":6,"enemies":"Jaw Worm","floor":5,"turns":2},{"damage":19,"enemies":"Gremlin Nob","floor":7,"turns":4},{"damage":14,"enemies":"3 Sentries","floor":10,"turns":5},{"damage":14,"enemies":"Gremlin Nob","floor":11,"turns":3},{"damage":23,"enemies":"Lagavulin","floor":12,"turns":5}],"seed_played":"5547703244053628607","potions_obtained":[{"floor":7,"key":"PotionOfCapacity"},{"floor":10,"key":"Explosive Potion"}],"is_trial":false,"path_per_floor":["M","$","M","?","M","R","E","R","T","E","?","E"],"character_chosen":"DEFECT","items_purchased":[],"campfire_rested":0,"item_purchase_floors":[],"current_hp_per_floor":[70,70,69,69,63,63,49,49,49,35,21,0,0],"gold":184,"neow_bonus":"UPGRADE_CARD","is_daily":false,"chose_seed":false,"campfire_upgraded":2,"win_rate":0.0,"timestamp":1610477477,"path_taken":["M","$","M","?","M","R","E","R","T","E","?","E"],"items_purchased_type":[],"build_version":"2020-12-22","purchased_purges":1,"victory":false,"max_hp_per_floor":[75,75,75,75,75,75,80,80,80,80,80,80,80],"card_choices":[{"not_picked":["Sweeping Beam","Cold Snap"],"picked":"Rip and Tear","floor":1},{"not_picked":["Undo","Hello World"],"picked":"Ball Lightning","floor":3},{"not_picked":["Barrage","Compile Driver"],"picked":"Go for the Eyes","floor":5},{"not_picked":["Lockon","StuffTheSpire:Rend"],"picked":"Beam Cell","floor":7},{"not_picked":["StuffTheSpire:Coldhearted","Steam"],"picked":"StuffTheSpire:SnapShoot","floor":10},{"not_picked":["Fusion","Barrage"],"picked":"Leap","floor":11}],"player_experience":829084,"relics_obtained":[{"floor":7,"key":"StuffTheSpire:Rhapsscallions"},{"floor":9,"key":"Happy Flower"},{"floor":10,"key":"War Paint"},{"floor":11,"key":"The Courier"}],"event_choices":[{"damage_healed":0,"gold_gain":0,"player_choice":"Ignored","damage_taken":0,"max_hp_gain":0,"max_hp_loss":0,"event_name":"Liars Game","floor":4,"gold_loss":0},{"damage_healed":0,"gold_gain":30,"player_choice":"Searched \u00272\u0027 times","damage_taken":0,"max_hp_gain":0,"max_hp_loss":0,"event_name":"Dead Adventurer","floor":11,"gold_loss":0}],"is_beta":false,"boss_relics":[],"items_purged_floors":[2],"is_endless":false,"potions_floor_spawned":[7,10],"killed_by":"Lagavulin","ascension_level":1}}