{"host":"330wbiqvo1u76l3j","time":1610445508,"event":{"mods":["AchievementEnabler","BaseMod","Bestiary","Better Altar","Better Match","Better Note","Better Sensory Stone","Better Skull","Better Third Choice","Block Reminder","Colored Map","Colored Powertips","Displayed Cursed Tome","Highlight Path","Minty Spire (QoL Compilation)","Relic Stats","StSLib"],"gold_per_floor":[113,128,128,128,128,160,160,188,188,188,220,231,261,261,261,361,361,347,347,116,131,31,58,68,68,121,138,138,153,171,182,182,279,279,298,0,75,88,108,108,118,118,167,180,208,208,208,234,234,234,234,234,74,103,103,103],"floor_reached":55,"playtime":7197,"items_purged":["Strike_R","Strike_R","Defend_R"],"score":850,"play_id":"e3703c7b-0951-48e7-8a81-6d6c2079c3c7","local_time":"20210112035828","is_ascension_mode":true,"campfire_choices":[{"floor":10,"key":"RECALL"},{"floor":15,"key":"REST"},{"floor":28,"key":"REST"},{"floor":32,"key":"REST"},{"data":"Berserk","floor":40,"key":"SMITH"},{"floor":42,"key":"REST"},{"floor":49,"key":"REST"},{"data":"Apotheosis","floor":52,"key":"SMITH"}],"circlet_count":0,"master_deck":["Strike_R","Defend_R+1","Defend_R","Defend_R+1","Bash","Metallicize","Bludgeon","Berserk+1","Spot Weakness","Iron Wave","Heavy Blade+1","Whirlwind+1","Whirlwind","Double Tap","Flex+1","Armaments+1","Rage","Intimidate+1","Intimidate+1","Ghostly Armor+1","Anger+1","Pommel Strike","Body Slam+1","Demon Form","Headbutt+1","Dropkick","Flex+1","Iron Wave+1","Apotheosis+1","Heavy Blade+1","Metallicize"],"relics":["Burning Blood","NeowsBlessing","InkBottle","Dream Catcher","Lizard Tail","Paper Frog","Boot","War Paint","Black Star","PreservedInsect","Pocketwatch","Whetstone","Bag of Marbles","Philosopher\u0027s Stone","Red Mask","Shuriken","Toy Ornithopter","Ornamental Fan","Bottled Tornado","Centennial Puzzle","Strawberry","CaptainsWheel","Gremlin Horn"],"acts_visited":["Exordium","TheCity","TheBeyond","TheEnding"],"potions_floor_usage":[11,16,23,27,33,45,48,50,55],"damage_taken":[{"damage":0,"enemies":"Jaw Worm","floor":1,"turns":1},{"damage":0,"enemies":"Small Slimes","floor":2,"turns":1},{"damage":0,"enemies":"Gremlin Nob","floor":6,"turns":1},{"damage":10,"enemies":"Lagavulin","floor":8,"turns":6},{"damage":77,"enemies":"Gremlin Nob","floor":11,"turns":7},{"damage":0,"enemies":"Cultist","floor":12,"turns":2},{"damage":22,"enemies":"3 Sentries","floor":13,"turns":6},{"damage":66,"enemies":"Hexaghost","floor":16,"turns":10},{"damage":38,"enemies":"2 Thieves","floor":18,"turns":4},{"damage":0,"enemies":"3 Byrds","floor":21,"turns":2},{"damage":33,"enemies":"Book of Stabbing","floor":23,"turns":6},{"damage":21,"enemies":"Shelled Parasite and Fungi","floor":24,"turns":4},{"damage":4,"enemies":"Centurion and Healer","floor":27,"turns":8},{"damage":14,"enemies":"Snake Plant","floor":29,"turns":3},{"damage":22,"enemies":"Cultist and Chosen","floor":30,"turns":8},{"damage":13,"enemies":"Chosen and Byrds","floor":31,"turns":7},{"damage":26,"enemies":"Collector","floor":33,"turns":9},{"damage":22,"enemies":"3 Shapes","floor":35,"turns":2},{"damage":12,"enemies":"Orb Walker","floor":38,"turns":2},{"damage":33,"enemies":"Sphere and 2 Shapes","floor":39,"turns":5},{"damage":0,"enemies":"Writhing Mass","floor":41,"turns":1},{"damage":11,"enemies":"Spire Growth","floor":44,"turns":4},{"damage":12,"enemies":"Giant Head","floor":45,"turns":7},{"damage":24,"enemies":"Reptomancer","floor":48,"turns":5},{"damage":43,"enemies":"Time Eater","floor":50,"turns":5},{"damage":29,"enemies":"Shield and Spear","floor":54,"turns":5},{"damage":70,"enemies":"The Heart","floor":55,"turns":5}],"seed_played":"2302899848765771893","potions_obtained":[{"floor":2,"key":"BloodPotion"},{"floor":13,"key":"BloodPotion"},{"floor":16,"key":"LiquidBronze"},{"floor":24,"key":"SkillPotion"},{"floor":27,"key":"EssenceOfSteel"},{"floor":31,"key":"ElixirPotion"},{"floor":38,"key":"SkillPotion"},{"floor":44,"key":"DistilledChaos"},{"floor":48,"key":"Weak Potion"}],"is_trial":false,"path_per_floor":["M","M","?","?","?","E","?","E","T","R","E","M","E","?","R","B",null,"M","?","$","M","$","E","M","?","T","M","R","M","M","M","R","B",null,"M","?","T","M","M","R","M","R","T","M","E","?","?","E","R","B",null,"R","$","E","B"],"character_chosen":"IRONCLAD","items_purchased":["PreservedInsect","Metallicize"],"campfire_rested":5,"item_purchase_floors":[20,53],"current_hp_per_floor":[80,80,80,80,73,79,60,56,56,56,46,52,36,36,60,16,80,48,48,48,54,54,27,12,12,12,14,38,30,14,7,31,11,80,64,64,64,58,31,31,37,61,61,56,55,55,55,49,75,43,87,87,87,64,0,0],"gold":103,"neow_bonus":"THREE_ENEMY_KILL","is_daily":false,"chose_seed":false,"campfire_upgraded":2,"win_rate":0.0,"timestamp":1610445508,"path_taken":["M","M","?","?","?","E","?","E","T","R","E","?","E","?","R","BOSS","M","?","$","?","?","E","M","?","T","M","R","?","M","M","R","BOSS","M","?","?","?","M","R","M","R","T","M","E","?","?","E","R","BOSS","R","$","E","BOSS"],"items_purchased_type":["Relic","Card"],"build_version":"2020-12-22","purchased_purges":3,"victory":false,"max_hp_per_floor":[80,80,80,80,80,80,80,80,80,80,80,80,80,80,80,80,80,80,80,80,80,80,80,80,80,80,80,80,80,80,80,80,80,80,80,80,80,80,80,80,80,80,80,80,80,80,80,87,87,87,87,87,87,87,87,87],"relic_stats":{"Gremlin Horn":[0,0],"counters":[27,126],"PreservedInsect":290,"Whetstone":["Heavy Blade","Whirlwind"],"War Paint":["Defend_R","Defend_R"],"Boot":[43],"Burning Blood":144,"Dream Catcher":5,"Lizard Tail":40,"Centennial Puzzle":[9],"Shuriken":[12],"Ornamental Fan":[28],"Black Star":4,"obtain_stats":[{"NeowsBlessing":0,"Gremlin Horn":54,"PreservedInsect":20,"Whetstone":23,"War Paint":14,"Bottled Tornado":45,"Boot":13,"Burning Blood":0,"Dream Catcher":7,"Lizard Tail":8,"Centennial Puzzle":48,"CaptainsWheel":54,"Shuriken":37,"Ornamental Fan":45,"Strawberry":48,"Philosopher\u0027s Stone":34,"Black Star":17,"Bag of Marbles":26,"Red Mask":36,"InkBottle":6,"Toy Ornithopter":43,"Paper Frog":11,"Pocketwatch":23},{"NeowsBlessing":0,"Gremlin Horn":26,"PreservedInsect":9,"Whetstone":11,"War Paint":7,"Bottled Tornado":23,"Boot":7,"Burning Blood":0,"Dream Catcher":3,"Lizard Tail":4,"Centennial Puzzle":24,"CaptainsWheel":26,"Shuriken":18,"Ornamental Fan":23,"Strawberry":24,"Philosopher\u0027s Stone":17,"Black Star":8,"Bag of Marbles":12,"Red Mask":18,"InkBottle":3,"Toy Ornithopter":21,"Paper Frog":5,"Pocketwatch":11},{"NeowsBlessing":0,"Gremlin Horn":121,"PreservedInsect":38,"Whetstone":46,"War Paint":24,"Bottled Tornado":106,"Boot":24,"Burning Blood":0,"Dream Catcher":3,"Lizard Tail":9,"Centennial Puzzle":111,"CaptainsWheel":121,"Shuriken":87,"Ornamental Fan":106,"Strawberry":111,"Philosopher\u0027s Stone":85,"Black Star":34,"Bag of Marbles":50,"Red Mask":87,"InkBottle":3,"Toy Ornithopter":95,"Paper Frog":16,"Pocketwatch":46}],"InkBottle":[41],"Toy Ornithopter":20,"Pocketwatch":[53]},"card_choices":[{"not_picked":["Sword Boomerang","Clothesline"],"picked":"Metallicize","floor":1},{"not_picked":["Shockwave","Warcry","Headbutt"],"picked":"SKIP","floor":2},{"not_picked":["Battle Trance","Anger"],"picked":"Berserk","floor":6},{"not_picked":["Clash","Battle Trance"],"picked":"Spot Weakness","floor":8},{"not_picked":["Dark Embrace","Searing Blow"],"picked":"Iron Wave","floor":11},{"not_picked":["Clash","Armaments"],"picked":"Heavy Blade","floor":12},{"not_picked":["Fire Breathing","Armaments"],"picked":"Whirlwind","floor":13},{"not_picked":["Wild Strike","Anger"],"picked":"Whirlwind","floor":15},{"not_picked":["Immolate","Bludgeon"],"picked":"Double Tap","floor":16},{"not_picked":["Twin Strike","Hemokinesis"],"picked":"Flex+1","floor":18},{"not_picked":["True Grit","Twin Strike"],"picked":"Armaments+1","floor":21},{"not_picked":["Fiend Fire","Heavy Blade"],"picked":"Rage","floor":23},{"not_picked":["Clash","Power Through"],"picked":"Intimidate+1","floor":24},{"not_picked":["Thunderclap","Pommel Strike"],"picked":"Ghostly Armor+1","floor":27},{"not_picked":["Wild Strike","Dropkick"],"picked":"Anger+1","floor":28},{"not_picked":["Burning Pact","Headbutt","Heavy Blade"],"picked":"SKIP","floor":29},{"not_picked":["Body Slam","Pummel"],"picked":"Pommel Strike","floor":30},{"not_picked":["Pummel","Spot Weakness","Fiend Fire"],"picked":"SKIP","floor":31},{"not_picked":["Feel No Pain+1","Clash"],"picked":"Body Slam+1","floor":32},{"not_picked":["Juggernaut","Corruption"],"picked":"Demon Form","floor":33},{"not_picked":["Sword Boomerang","Dual Wield"],"picked":"Headbutt+1","floor":35},{"not_picked":["Sword Boomerang","Cleave+1"],"picked":"Dropkick","floor":38},{"not_picked":["Anger","Warcry","Berserk"],"picked":"SKIP","floor":39},{"not_picked":["Burning Pact+1","Perfected Strike"],"picked":"Flex+1","floor":41},{"not_picked":["True Grit+1","Perfected Strike"],"picked":"Iron Wave+1","floor":44},{"not_picked":["Ghostly Armor+1","Burning Pact","Brutality"],"picked":"SKIP","floor":45},{"not_picked":["Mind Blast","Trip"],"picked":"Apotheosis","floor":47},{"not_picked":["Dropkick+1","Twin Strike+1","Combust+1"],"picked":"SKIP","floor":48},{"not_picked":["Anger+1","Headbutt"],"picked":"Heavy Blade+1","floor":49},{"not_picked":["Pommel Strike+1","Brutality","Heavy Blade+1"],"picked":"SKIP","floor":54}],"player_experience":73100,"relics_obtained":[{"floor":6,"key":"InkBottle"},{"floor":8,"key":"Lizard Tail"},{"floor":11,"key":"Paper Frog"},{"floor":13,"key":"Boot"},{"floor":23,"key":"Pocketwatch"},{"floor":23,"key":"Whetstone"},{"floor":26,"key":"Bag of Marbles"},{"floor":37,"key":"Shuriken"},{"floor":43,"key":"Toy Ornithopter"},{"floor":45,"key":"Ornamental Fan"},{"floor":45,"key":"Bottled Tornado"},{"floor":48,"key":"Centennial Puzzle"},{"floor":48,"key":"Strawberry"},{"floor":54,"key":"CaptainsWheel"},{"floor":54,"key":"Gremlin Horn"}],"event_choices":[{"damage_healed":0,"gold_gain":0,"cards_transformed":["Strike_R"],"player_choice":"Change","damage_taken":0,"max_hp_gain":0,"max_hp_loss":0,"event_name":"Living Wall","floor":3,"gold_loss":0,"cards_obtained":["Bludgeon"]},{"damage_healed":80,"gold_gain":0,"player_choice":"Embrace Burn","damage_taken":0,"max_hp_gain":0,"max_hp_loss":80,"event_name":"betterThird:BetterShining","floor":4,"gold_loss":0},{"cards_removed":["Burn"],"damage_healed":0,"gold_gain":0,"player_choice":"Card Removal","damage_taken":7,"max_hp_gain":0,"max_hp_loss":0,"event_name":"Golden Wing","floor":5,"gold_loss":0},{"damage_healed":0,"gold_gain":0,"player_choice":"RE ","damage_taken":21,"relics_obtained":["Dream Catcher"],"max_hp_gain":0,"max_hp_loss":0,"event_name":"betterSkull:BetterSkull","floor":7,"gold_loss":0,"cards_upgraded":[]},{"damage_healed":0,"gold_gain":0,"player_choice":"Box","damage_taken":0,"relics_obtained":["War Paint"],"max_hp_gain":0,"max_hp_loss":0,"event_name":"Big Fish","floor":14,"gold_loss":0,"cards_obtained":["Regret"]},{"cards_removed":["Regret"],"damage_healed":0,"gold_gain":0,"player_choice":"Purged","damage_taken":0,"max_hp_gain":0,"max_hp_loss":0,"event_name":"Purifier","floor":19,"gold_loss":0},{"damage_healed":0,"gold_gain":0,"player_choice":"Copied","damage_taken":0,"max_hp_gain":0,"max_hp_loss":0,"event_name":"Duplicator","floor":25,"gold_loss":0,"cards_obtained":["Intimidate"]},{"damage_healed":0,"gold_gain":0,"player_choice":"Paid","damage_taken":0,"relics_obtained":["Red Mask"],"max_hp_gain":0,"max_hp_loss":0,"event_name":"Tomb of Lord Red Mask","floor":36,"gold_loss":298},{"cards_removed":["Strike_R"],"damage_healed":0,"gold_gain":0,"player_choice":"Removed Attack","damage_taken":0,"max_hp_gain":0,"max_hp_loss":0,"event_name":"Falling","floor":46,"gold_loss":0},{"damage_healed":0,"gold_gain":3,"player_choice":"1","damage_taken":0,"max_hp_gain":0,"max_hp_loss":0,"event_name":"betterStone:BetterStone","floor":47,"gold_loss":0}],"is_beta":false,"boss_relics":[{"not_picked":["Ectoplasm","Velvet Choker"],"picked":"Black Star"},{"not_picked":["Calling Bell","Astrolabe"],"picked":"Philosopher\u0027s Stone"}],"items_purged_floors":[20,22,53],"is_endless":false,"potions_floor_spawned":[2,13,16,24,27,31,38,44,48],"killed_by":"The Heart","ascension_level":2}}