{"host":"5h7tnviy6ct1qpjn","time":1610468852,"event":{"mods":["AchievementEnabler","BaseMod","Minty Spire (QoL Compilation)","Shop Mod","StSLib"],"gold_per_floor":[110,185,185,27,43,43,56,56,126,136,147,158,158,189,189,289,289,289,289,308,308,308],"floor_reached":21,"playtime":1321,"items_purged":["Regret"],"score":181,"play_id":"a0ddab94-7320-4ad0-9908-c7154d6a992d","local_time":"20210112172732","is_ascension_mode":false,"campfire_choices":[{"data":"Body Slam","floor":6,"key":"SMITH"},{"floor":15,"key":"REST"}],"circlet_count":0,"master_deck":["Strike_R","Strike_R","Strike_R","Strike_R","Strike_R","Defend_R","Defend_R","Defend_R","Defend_R","Bash","Cleave","Enlightenment","Body Slam+1","Flex","Pommel Strike","Inflame","Flame Barrier+1","Inflame","Impervious+1","CurseOfTheBell","Flex+1"],"relics":["Burning Blood","Bird Faced Urn","Potion Belt","Toxic Egg 2","Bottled Tornado","Calling Bell","Bag of Marbles","Sundial","WingedGreaves"],"acts_visited":["Exordium","TheCity"],"potions_floor_usage":[16,18],"damage_taken":[{"damage":7,"enemies":"Jaw Worm","floor":1,"turns":5},{"damage":0,"enemies":"Small Slimes","floor":5,"turns":3},{"damage":0,"enemies":"Cultist","floor":7,"turns":3},{"damage":28,"enemies":"Exordium Thugs","floor":10,"turns":5},{"damage":11,"enemies":"Blue Slaver","floor":11,"turns":4},{"damage":15,"enemies":"Red Slaver","floor":12,"turns":4},{"damage":19,"enemies":"3 Sentries","floor":14,"turns":5},{"damage":51,"enemies":"Hexaghost","floor":16,"turns":10},{"damage":5,"enemies":"3 Byrds","floor":18,"turns":4},{"damage":17,"enemies":"Spheric Guardian","floor":20,"turns":4},{"damage":65,"enemies":"3 Cultists","floor":21,"turns":5}],"seed_played":"7333892120761143038","potions_obtained":[{"floor":5,"key":"SmokeBomb"},{"floor":12,"key":"AttackPotion"}],"is_trial":false,"path_per_floor":["M","?","?","$","M","R","M","$","T","M","M","M","?","E","R","B",null,"M","?","M","M"],"character_chosen":"IRONCLAD","items_purchased":["Enlightenment"],"campfire_rested":1,"item_purchase_floors":[4],"current_hp_per_floor":[71,60,60,60,66,66,72,72,72,50,45,38,38,27,48,7,72,72,72,61,0,0],"gold":308,"neow_bonus":"ONE_RARE_RELIC","is_daily":false,"chose_seed":false,"campfire_upgraded":1,"win_rate":0.0,"timestamp":1610468852,"path_taken":["M","?","?","$","M","R","?","$","T","M","M","M","?","E","R","BOSS","M","?","M","M"],"items_purchased_type":["Card"],"build_version":"2020-12-22","purchased_purges":1,"victory":false,"max_hp_per_floor":[72,72,72,72,72,72,72,72,72,72,72,72,72,72,72,72,72,72,72,72,72,72],"card_choices":[{"not_picked":["Warcry","Whirlwind"],"picked":"Cleave","floor":1},{"not_picked":["Body Slam","Perfected Strike","Intimidate"],"picked":"SKIP","floor":5},{"not_picked":["Body Slam","Perfected Strike","Intimidate"],"picked":"SKIP","floor":5},{"not_picked":["Perfected Strike","Intimidate"],"picked":"Body Slam","floor":5},{"not_picked":["Reckless Charge","Shrug It Off"],"picked":"Flex","floor":7},{"not_picked":["Disarm+1","Armaments+1"],"picked":"Pommel Strike","floor":10},{"not_picked":["Clash","Sever Soul"],"picked":"Inflame","floor":11},{"not_picked":["Heavy Blade","Iron Wave"],"picked":"Flame Barrier+1","floor":12},{"not_picked":["Fiend Fire","Sword Boomerang"],"picked":"Inflame","floor":14},{"not_picked":["Double Tap+1","Brutality"],"picked":"Impervious+1","floor":16},{"not_picked":["Pommel Strike","Perfected Strike"],"picked":"Flex+1","floor":20}],"player_experience":19855,"relics_obtained":[{"floor":9,"key":"Toxic Egg 2"},{"floor":14,"key":"Bottled Tornado"},{"floor":17,"key":"Bag of Marbles"},{"floor":17,"key":"Sundial"},{"floor":17,"key":"WingedGreaves"}],"event_choices":[{"damage_healed":0,"gold_gain":75,"player_choice":"Gather Gold","damage_taken":11,"max_hp_gain":0,"max_hp_loss":0,"event_name":"World of Goop","floor":2,"gold_loss":0},{"damage_healed":0,"gold_gain":0,"player_choice":"Box","damage_taken":0,"relics_obtained":["Potion Belt"],"max_hp_gain":0,"max_hp_loss":0,"event_name":"Big Fish","floor":3,"gold_loss":0,"cards_obtained":["Regret"]},{"damage_healed":0,"gold_gain":0,"player_choice":"Ignored","damage_taken":0,"max_hp_gain":0,"max_hp_loss":0,"event_name":"Golden Idol","floor":13,"gold_loss":0},{"damage_healed":0,"gold_gain":0,"player_choice":"Ignored","damage_taken":0,"max_hp_gain":0,"max_hp_loss":0,"event_name":"WeMeetAgain","floor":19,"gold_loss":0}],"is_beta":false,"boss_relics":[{"not_picked":["Astrolabe","Empty Cage"],"picked":"Calling Bell"}],"items_purged_floors":[4],"is_endless":false,"potions_floor_spawned":[5,12,18],"killed_by":"3 Cultists","ascension_level":0}}