{"host":"Ceyx","time":1610438193,"event":{"mods":["BaseMod","Beaked The Cultist","Better Match","Better Skull","Better Third Choice","BetterRewards","Conspire","Downfall","Hermit","Hubris","Infinite Spire","KinomotoSakuraMod(????)","Minty Spire (QoL Compilation)","Permanent Neow","Prisma Mod","Replay The Spire","Shop Mod","StSLib","The Alterego","The Jungle","The Poker Player","Waifu the Spire"],"gold_per_floor":[111,111,122,0,14,44,78,111,111,111,111,186,133,133,133,238,238,258,248,265,190,208,208,223,223,223,223,223,223,223,234,234,234,234],"floor_reached":33,"playtime":4669,"items_purged":["Pain"],"score":305,"play_id":"c95f481e-21cb-406c-a49b-fd564e648c6f","local_time":"20210112145632","is_ascension_mode":false,"campfire_choices":[{"data":"PrismaMod:IllyaUncommonDefend","floor":10,"key":"SMITH"},{"data":"PrismaMod:IllyaCheapChannelPoison","floor":15,"key":"SMITH"},{"data":"PrismaMod:IllyaPoisonTippedWeapons","floor":23,"key":"SMITH"},{"data":"PrismaMod:IllyaPoisonTippedWeapons","floor":25,"key":"SMITH"},{"data":"PrismaMod:IllyaPoisonTippedWeapons","floor":27,"key":"SMITH"},{"data":"Enlightenment","floor":29,"key":"SMITH"},{"floor":32,"key":"REST"}],"circlet_count":0,"master_deck":["PrismaMod:IllyaCommonDefend","PrismaMod:IllyaCommonAttack","PrismaMod:IllyaCommonAttack","PrismaMod:IllyaCommonDefend","PrismaMod:IllyaCommonAttack","PrismaMod:IllyaCommonDefend","PrismaMod:IllyaUncommonAttack","PrismaMod:IllyaUncommonDefend+1","Good Instincts","PrismaMod:IllyaMaid","CommonCold","PrismaMod:IllyaEvokeAll","Enlightenment+1","PrismaMod:IllyaHassanGift","PrismaMod:IllyaCarnivalPrismaAstolfo","PrismaMod:IllyaAssassinRevenge","PrismaMod:IllyaCheapChannelPoison+1","PrismaMod:IllyaPoisonTippedWeapons+1","PrismaMod:IllyaInstallAlterEgo","Guardian:Aged","PrismaMod:IllyaFriendMaker+1","PrismaMod:IllyaPoisonTippedWeapons+1","PrismaMod:IllyaPoisonTippedWeapons+1","PrismaMod:IllyaGun","PrismaMod:IllyaStunPoison","infinitespire:Oblivion"],"relics":["PrismaMod:PrismaRuby","Ring of Peace","Ring of Fangs","infinitespire:Lucky Rock","CaptainsWheel","hubris:MysteriousPyramids","hubris:TinFlute","Kintsugi","hubris:Metronome"],"acts_visited":["Exordium","TheCity"],"potions_floor_usage":[6,8,20],"damage_taken":[{"damage":4,"enemies":"Small Slimes","floor":1,"turns":4},{"damage":0,"enemies":"conspire:RoseBush","floor":3,"turns":4},{"damage":0,"enemies":"Jaw Worm","floor":5,"turns":11},{"damage":2,"enemies":"Gremlin Nob","floor":6,"turns":5},{"damage":0,"enemies":"Blue Slaver","floor":7,"turns":5},{"damage":0,"enemies":"Lagavulin","floor":8,"turns":9},{"damage":53,"enemies":"Fading Forest","floor":16,"turns":11},{"damage":8,"enemies":"3 Byrds","floor":18,"turns":8},{"damage":16,"enemies":"2 Thieves","floor":19,"turns":5},{"damage":15,"enemies":"Snake Plant","floor":20,"turns":5},{"damage":23,"enemies":"3 Cultists","floor":22,"turns":7},{"damage":2,"enemies":"conspire:HollyBat","floor":24,"turns":7},{"damage":7,"enemies":"Cultist and Chosen","floor":31,"turns":6},{"damage":6,"enemies":"Automaton","floor":33,"turns":3}],"seed_played":"-6309492357850565688","potions_obtained":[{"floor":1,"key":"Regen Potion"},{"floor":5,"key":"Toxic Potion"},{"floor":6,"key":"GamblersBrew"},{"floor":16,"key":"sneckomod:MuddlingPotion"},{"floor":22,"key":"champ:CounterPotion"},{"floor":24,"key":"Elixir"}],"is_trial":false,"path_per_floor":["M","?","M","?","M","E","M","E","T","R","$","T","$","?","R","B",null,"M","M","M","$","M","R","M","R","T","R","?","R","AVR","M","R","B"],"character_chosen":"ILLYA","items_purchased":["PrismaMod:IllyaPoisonTippedWeapons"],"campfire_rested":1,"item_purchase_floors":[13],"current_hp_per_floor":[71,71,71,77,77,75,75,77,77,77,77,77,77,77,77,38,81,73,59,60,60,39,39,37,37,37,37,21,21,21,16,43,39,39],"gold":234,"neow_bonus":"RANDOM_COLORLESS","is_daily":false,"chose_seed":false,"campfire_upgraded":6,"win_rate":0.0,"timestamp":1610438192,"path_taken":["M","?","M","?","M","E","M","E","T","R","$","?","?","?","R","BOSS","M","M","M","$","M","R","M","R","T","R","?","R","AVR","M","R","BOSS"],"items_purchased_type":["Card"],"build_version":"2020-12-18","purchased_purges":1,"victory":false,"max_hp_per_floor":[75,75,75,81,81,81,81,81,81,81,81,81,81,81,81,81,81,81,83,85,85,85,85,85,85,85,85,90,90,90,90,90,92,92],"card_choices":[{"not_picked":["expansioncontent:Torchfire","Purity"],"picked":"Good Instincts","floor":0},{"not_picked":["PrismaMod:IllyaMinorRapidFire","PrismaMod:IllyaGrailKun"],"picked":"PrismaMod:IllyaMaid","floor":1},{"not_picked":["PrismaMod:IllyaMaid","PrismaMod:IllyaRussianRoulette"],"picked":"PrismaMod:IllyaEvokeAll","floor":3},{"not_picked":["PrismaMod:IllyaCheapChannelPoison","PrismaMod:IllyaUncommonAttack"],"picked":"PrismaMod:IllyaHassanGift","floor":5},{"not_picked":["PrismaMod:IllyaBride","PrismaMod:IllyaUpgradeOrbs"],"picked":"PrismaMod:IllyaCarnivalPrismaAstolfo","floor":6},{"not_picked":["PrismaMod:IllyaFriendMaker","PrismaMod:IllyaUncommonAttack"],"picked":"PrismaMod:IllyaAssassinRevenge","floor":7},{"not_picked":["PrismaMod:IllyaPoisonTippedWeapons","PrismaMod:IllyaBoysLove"],"picked":"PrismaMod:IllyaCheapChannelPoison","floor":8},{"not_picked":["PrismaMod:IllyaUberDefendChannel","PrismaMod:IllyaUberPoisonChannel"],"picked":"PrismaMod:IllyaInstallAlterEgo","floor":16},{"not_picked":["PrismaMod:IllyaRussianRoulette","PrismaMod:IllyaAOECommonAttack"],"picked":"PrismaMod:IllyaFriendMaker+1","floor":18},{"not_picked":["PrismaMod:IllyaCheapChannelAttack","PrismaMod:IllyaCheapChannelDefend"],"picked":"PrismaMod:IllyaPoisonTippedWeapons","floor":19},{"not_picked":["PrismaMod:IllyaDualEvoke","PrismaMod:IllyaDetonatingBlow"],"picked":"PrismaMod:IllyaPoisonTippedWeapons","floor":20},{"not_picked":["PrismaMod:IllyaUncommonDefend+1","PrismaMod:IllyaCommonEvoke"],"picked":"PrismaMod:IllyaGun","floor":22},{"not_picked":["PrismaMod:IllyaCheapChannelPoison","PrismaMod:IllyaPartialInstallAssassin+1"],"picked":"PrismaMod:IllyaStunPoison","floor":24},{"not_picked":["PrismaMod:IllyaRapidFire","PrismaMod:IllyaRussianRoulette","PrismaMod:IllyaCheapChannelDefend"],"picked":"SKIP","floor":31}],"player_experience":610057,"relics_obtained":[{"floor":2,"key":"Ring of Peace"},{"floor":2,"key":"Ring of Fangs"},{"floor":6,"key":"infinitespire:Lucky Rock"},{"floor":8,"key":"CaptainsWheel"},{"floor":9,"key":"hubris:MysteriousPyramids"},{"floor":12,"key":"hubris:TinFlute"},{"floor":26,"key":"hubris:Metronome"}],"event_choices":[{"damage_healed":0,"gold_gain":0,"player_choice":"RENOUNCE","damage_taken":122,"max_hp_gain":0,"max_hp_loss":0,"event_name":"betterThird:BetterSerpent","floor":4,"gold_loss":122,"cards_obtained":["Enlightenment"]},{"damage_healed":0,"gold_gain":0,"player_choice":"Shed Blood","damage_taken":21,"max_hp_gain":5,"max_hp_loss":0,"event_name":"Forgotten Altar","floor":28,"gold_loss":0}],"is_beta":true,"boss_relics":[{"not_picked":["Replay:Wanted Poster","Runic Dome"],"picked":"Kintsugi"}],"items_purged_floors":[21],"is_endless":false,"potions_floor_spawned":[1,5,6,16,22,24],"killed_by":"Automaton","ascension_level":0}}