{"host":"ecaj4hn004xnnrw9","time":1610482890,"event":{"mods":["AchievementEnabler","BaseMod","Better Third Choice","Hermit","Hubris","Infinite Spire","Jorbs\u0027s Wanderer Trilogy","Minty Spire (QoL Compilation)","Quick Restart","Shop Mod","StSLib","The Construct","The Jungle","The Runesmith"],"gold_per_floor":[110,110,185,8,23,23,43,43,43,43,60,91,23,47,47,47,47],"floor_reached":16,"language":"ENG","playtime":672,"items_purged":["Runesmith:Strike_RS"],"score":98,"play_id":"a32b781b-b5bf-481d-8db5-32d4db93cef1","local_time":"20210112202130","is_ascension_mode":false,"campfire_choices":[{"data":"Runesmith:BackupBattery","floor":6,"key":"SMITH"},{"data":"Runesmith:BackupBattery+1","floor":8,"key":"SMITH"},{"data":"Runesmith:BackupBattery+2","floor":10,"key":"SMITH"},{"floor":15,"key":"REST"}],"circlet_count":0,"master_deck":["Runesmith:Strike_RS","Runesmith:Strike_RS","Runesmith:Strike_RS","Runesmith:Defend_RS","Runesmith:Defend_RS","Runesmith:Defend_RS+1","Runesmith:Defend_RS","Runesmith:CraftFirestone+1","Runesmith:Fortify","Runesmith:HammerThrow","Runesmith:BackupBattery+3","Runesmith:HeatedChisel","Runesmith:GoWithTheFlow","Runesmith:RuneHurl","Runesmith:Terraform"],"relics":["Runesmith:BrokenRuby","NeowsBlessing","Nunchaku","Oddly Smooth Stone","Bag of Marbles"],"acts_visited":["Exordium"],"potions_floor_usage":[12,12],"damage_taken":[{"damage":0,"enemies":"Jaw Worm","floor":1,"turns":1},{"damage":0,"enemies":"2 Louse","floor":5,"turns":1},{"damage":0,"enemies":"Cultist","floor":7,"turns":1},{"damage":3,"enemies":"Blue Slaver","floor":11,"turns":3},{"damage":28,"enemies":"Lagavulin","floor":12,"turns":4},{"damage":37,"enemies":"Slime Boss","floor":16,"turns":8}],"seed_played":"6956916420164170390","potions_obtained":[{"floor":1,"key":"Swift Potion"},{"floor":7,"key":"LiquidMemories"},{"floor":12,"key":"LiquidBronze"}],"is_trial":false,"path_per_floor":["M","?","?","$","M","R","M","R","T","R","M","E","$","T","R","B"],"character_chosen":"RUNESMITH_CLASS","items_purchased":["Runesmith:BackupBattery","Runesmith:HeatedChisel","Runesmith:Terraform"],"campfire_rested":1,"item_purchase_floors":[4,4,13],"current_hp_per_floor":[70,56,45,45,45,45,45,45,45,45,42,14,14,14,35,0,0],"gold":47,"neow_bonus":"THREE_ENEMY_KILL","is_daily":false,"chose_seed":false,"campfire_upgraded":3,"win_rate":0.0,"timestamp":1610482890,"path_taken":["M","?","?","?","M","R","M","R","T","R","M","E","$","?","R","BOSS"],"items_purchased_type":["Card","Card","Card"],"build_version":"2020-12-22","purchased_purges":1,"victory":false,"max_hp_per_floor":[70,70,70,70,70,70,70,70,70,70,70,70,70,70,70,70,70],"card_choices":[{"not_picked":["Runesmith:CraftIncendium","Runesmith:CraftProtectio"],"picked":"Runesmith:HammerThrow","floor":1},{"not_picked":["Runesmith:Discharge","Runesmith:Augment"],"picked":"Runesmith:GoWithTheFlow","floor":5},{"not_picked":["Runesmith:HeatedChisel","Runesmith:HeatExchange"],"picked":"Runesmith:RuneHurl","floor":7},{"not_picked":["Runesmith:CraftSpiculum","Runesmith:ChargedHammer","Runesmith:BackupBattery"],"picked":"SKIP","floor":11},{"not_picked":["Runesmith:HeatedChisel","Runesmith:GoWithTheFlow","Runesmith:Malloc"],"picked":"SKIP","floor":12}],"player_experience":292520,"relics_obtained":[{"floor":9,"key":"Nunchaku"},{"floor":12,"key":"Oddly Smooth Stone"},{"floor":14,"key":"Bag of Marbles"}],"event_choices":[{"damage_healed":70,"gold_gain":0,"player_choice":"Upgrade","damage_taken":14,"max_hp_gain":0,"max_hp_loss":70,"event_name":"betterThird:BetterShining","floor":2,"gold_loss":0,"cards_upgraded":["Runesmith:Defend_RS","Runesmith:CraftFirestone"]},{"damage_healed":0,"gold_gain":75,"player_choice":"Gold","damage_taken":11,"max_hp_gain":0,"max_hp_loss":0,"event_name":"betterThird:BetterGoop","floor":3,"gold_loss":0}],"is_beta":false,"boss_relics":[],"items_purged_floors":[4],"is_endless":false,"potions_floor_spawned":[1,7,12],"killed_by":"Slime Boss","ascension_level":0}}