{"host":"on8rz1ayhhz269sg","time":1610452541,"event":{"mods":["BaseMod","Marisa£®ÏF”Í°°ƒß¿Ì…≥£©","Minty Spire (QoL Compilation)","StSLib","The Cursed","The Hierophant","≤–¡Ù÷ÆŒÔ"],"gold_per_floor":[111,21,21,56,56,56,58,103,129,30,30,57,77,77,77,194,194,211,211,211],"floor_reached":19,"playtime":1804,"items_purged":[],"score":117,"play_id":"982d7476-7d38-4469-94eb-42d51cfbca40","local_time":"20210112195541","is_ascension_mode":false,"campfire_choices":[{"data":"hierophant:Doubloon","floor":6.0,"key":"SMITH"},{"floor":11.0,"key":"REST"},{"floor":15.0,"key":"REST"}],"circlet_count":0,"master_deck":["hierophant:Strike_Hierophant","hierophant:Strike_Hierophant","hierophant:Strike_Hierophant","hierophant:Strike_Hierophant","hierophant:Punish","hierophant:Defend_Hierophant","hierophant:Defend_Hierophant","hierophant:Defend_Hierophant","hierophant:Defend_Hierophant","hierophant:ChurchCoffers","hierophant:Doubloon","hierophant:Remorse","hierophant:ConvertCurrency","hierophant:Doubloon+1","hierophant:Remorse","hierophant:Doubloon","hierophant:Doomsaying+1","hierophant:DisplayOfPower","hierophant:Upheaval","hierophant:Sermon","hierophant:Community","hierophant:SealAway","hierophant:Sermon","Injury","hierophant:Kindle","CurseOfTheBell","hierophant:Martyrdom"],"relics":["hierophant:PropheticMaskRelic","PreservedInsect","MealTicket","Golden Idol","Calling Bell","Pen Nib","Eternal Feather","Ice Cream"],"acts_visited":["Exordium","TheCity"],"potions_floor_usage":[],"damage_taken":[{"damage":5.0,"enemies":"Cultist","floor":1.0,"turns":4.0},{"damage":1.0,"enemies":"Jaw Worm","floor":4.0,"turns":3.0},{"damage":0.0,"enemies":"Small Slimes","floor":7.0,"turns":2.0},{"damage":49.0,"enemies":"Lagavulin","floor":8.0,"turns":8.0},{"damage":8.0,"enemies":"Blue Slaver","floor":12.0,"turns":4.0},{"damage":6.0,"enemies":"Large Slime","floor":13.0,"turns":6.0},{"damage":36.0,"enemies":"Slime Boss","floor":16.0,"turns":13.0},{"damage":28,"enemies":"Shell Parasite","floor":18,"turns":8},{"damage":60,"enemies":"Masked Bandits","floor":19,"turns":4}],"seed_played":"-8460775247162645658","potions_obtained":[{"floor":4.0,"key":"BlessingOfTheForge"},{"floor":12.0,"key":"DistilledChaos"},{"floor":16.0,"key":"BlessingOfTheForge"}],"is_trial":false,"path_per_floor":["M","$","$","M","?","R","M","E","T","$","R","M","M","?","R","B",null,"M","?"],"character_chosen":"HIEROPHANT","items_purchased":["hierophant:ConvertCurrency","hierophant:Remorse","hierophant:Sermon","hierophant:Community"],"campfire_rested":2,"item_purchase_floors":[2,2,10,10],"current_hp_per_floor":[77,77,77,76,76,76,76,27,27,42,66,58,52,52,76,40,82,54,0,0],"gold":211,"neow_bonus":"TEN_PERCENT_HP_BONUS","is_daily":false,"chose_seed":false,"campfire_upgraded":1,"win_rate":0.0,"timestamp":1610452541,"path_taken":["M","?","$","M","?","R","M","E","T","$","R","?","?","?","R","BOSS","M","?"],"items_purchased_type":["Card","Card","Card","Card"],"build_version":"2020-12-22","purchased_purges":0,"victory":false,"max_hp_per_floor":[82,82,82,82,82,82,82,82,82,82,82,82,82,82,82,82,82,82,82,82],"card_choices":[{"not_picked":["hierophant:FlamingChariot","hierophant:RustyCrate"],"picked":"hierophant:Remorse","floor":1.0},{"not_picked":["hierophant:AuricShield","hierophant:CursedGold"],"picked":"hierophant:Doomsaying","floor":4.0},{"not_picked":["hierophant:EyeForCoin","hierophant:Alms"],"picked":"hierophant:DisplayOfPower","floor":7.0},{"not_picked":["hierophant:DeathKnell","hierophant:Blessing"],"picked":"hierophant:Upheaval","floor":8.0},{"not_picked":["hierophant:RustyCrate","hierophant:SolarFlare"],"picked":"hierophant:SealAway","floor":12.0},{"not_picked":["hierophant:Shelter","hierophant:Purify"],"picked":"hierophant:Sermon","floor":13.0},{"not_picked":["hierophant:DeathKnell","hierophant:Levitation"],"picked":"hierophant:Kindle","floor":16.0},{"not_picked":["hierophant:SealAway","hierophant:Flagellation"],"picked":"hierophant:Martyrdom","floor":18}],"player_experience":152648,"relics_obtained":[{"floor":8.0,"key":"PreservedInsect"},{"floor":9.0,"key":"MealTicket"},{"floor":17.0,"key":"Pen Nib"},{"floor":17.0,"key":"Eternal Feather"},{"floor":17.0,"key":"Ice Cream"}],"event_choices":[{"damage_healed":0.0,"max_hp_gain":0.0,"max_hp_loss":0.0,"gold_gain":0.0,"event_name":"Living Wall","player_choice":"Grow","floor":5.0,"gold_loss":0.0,"damage_taken":0.0,"cards_upgraded":["hierophant:Doomsaying"]},{"damage_healed":0.0,"max_hp_gain":0.0,"max_hp_loss":0.0,"gold_gain":0.0,"event_name":"Golden Idol","player_choice":"Take Wound","floor":14.0,"gold_loss":0.0,"damage_taken":0.0,"relics_obtained":["Golden Idol"],"cards_obtained":["Injury"]},{"damage_healed":0,"gold_gain":0,"player_choice":"Fought Bandits","damage_taken":0,"max_hp_gain":0,"max_hp_loss":0,"event_name":"Masked Bandits","floor":19,"gold_loss":0}],"is_beta":false,"boss_relics":[{"not_picked":["PlaceholderMod:LiveLive","Empty Cage"],"picked":"Calling Bell"}],"items_purged_floors":[],"is_endless":false,"potions_floor_spawned":[4,12,16],"killed_by":"Masked Bandits","ascension_level":0}}