{"host":"vddkjx04kiwje1tk","time":1610425094,"event":{"mods":["AchievementEnabler","BaseMod","Colored Map","Minty Spire (QoL Compilation)","Quick Restart","SuperFastMode"],"gold_per_floor":[117,135,135,135,24,49,67,67,67,86,86,111,11,25,25,124,124,147,258,283,210,222,234,246,246],"floor_reached":24,"playtime":673,"items_purged":["Defend_R","Strike_R"],"score":416,"play_id":"a9d9f3f2-b127-4c8c-91c9-4582da9a916d","local_time":"20210112131814","is_ascension_mode":true,"campfire_choices":[{"floor":15,"key":"REST"},{"floor":23,"key":"REST"}],"circlet_count":0,"master_deck":["Strike_R","Strike_R","Defend_R","Defend_R","Defend_R","Bash","Feed+1","Fire Breathing","Double Tap"],"relics":["Burning Blood","NeowsBlessing","Blue Candle","Pocketwatch","Omamori","Bronze Scales","Calling Bell","MawBank","Letter Opener","Ginger","Sundial"],"acts_visited":["Exordium","TheCity"],"potions_floor_usage":[12,12,16,16],"damage_taken":[{"damage":0,"enemies":"2 Louse","floor":1,"turns":1},{"damage":0,"enemies":"Jaw Worm","floor":2,"turns":1},{"damage":0,"enemies":"Gremlin Nob","floor":6,"turns":1},{"damage":6,"enemies":"Cultist","floor":7,"turns":3},{"damage":21,"enemies":"Blue Slaver","floor":10,"turns":3},{"damage":40,"enemies":"Lagavulin","floor":12,"turns":5},{"damage":19,"enemies":"Exordium Wildlife","floor":14,"turns":3},{"damage":0,"enemies":"Slime Boss","floor":16,"turns":6},{"damage":33,"enemies":"2 Thieves","floor":18,"turns":4},{"damage":54,"enemies":"Shell Parasite","floor":20,"turns":6},{"damage":34,"enemies":"Centurion and Healer","floor":24,"turns":7}],"seed_played":"4655692111531604888","potions_obtained":[{"floor":6,"key":"BlessingOfTheForge"},{"floor":10,"key":"EntropicBrew"},{"floor":14,"key":"PowerPotion"},{"floor":18,"key":"BlessingOfTheForge"}],"is_trial":false,"path_per_floor":["M","M","?","?","$","E","M","$","T","M","?","E","$","M","R","B",null,"M","?","M","?","?","R","M"],"character_chosen":"IRONCLAD","items_purchased":["Fire Breathing"],"campfire_rested":2,"item_purchase_floors":[5],"current_hp_per_floor":[78,80,68,68,68,74,77,77,77,65,65,31,31,22,49,59,85,62,62,18,18,18,48,14,14],"gold":246,"neow_bonus":"THREE_ENEMY_KILL","is_daily":false,"chose_seed":false,"campfire_upgraded":0,"win_rate":0.0,"timestamp":1610425094,"path_taken":["M","M","?","?","$","E","?","$","T","M","?","E","$","M","R","BOSS","M","?","M","?","?","R","M"],"items_purchased_type":["Card"],"build_version":"2020-12-22","purchased_purges":2,"victory":false,"max_hp_per_floor":[80,80,80,80,80,80,83,83,83,86,86,86,86,90,90,94,94,98,98,102,102,102,102,102,102],"card_choices":[{"not_picked":["Armaments","True Grit","Battle Trance"],"picked":"SKIP","floor":1},{"not_picked":["Havoc","Dual Wield","Hemokinesis"],"picked":"SKIP","floor":2},{"not_picked":["Perfected Strike","Barricade"],"picked":"Double Tap","floor":6},{"not_picked":["Thunderclap","Twin Strike","Havoc"],"picked":"SKIP","floor":7},{"not_picked":["Fire Breathing","True Grit","Clothesline"],"picked":"SKIP","floor":10},{"not_picked":["Dropkick","Perfected Strike","Heavy Blade"],"picked":"SKIP","floor":12},{"not_picked":["Rage","Twin Strike","Havoc"],"picked":"SKIP","floor":14},{"not_picked":["Shockwave","Body Slam","Sever Soul"],"picked":"SKIP","floor":18},{"not_picked":["Perfected Strike","Armaments","Dual Wield"],"picked":"SKIP","floor":20}],"player_experience":257741,"relics_obtained":[{"floor":6,"key":"Pocketwatch"},{"floor":9,"key":"Omamori"},{"floor":12,"key":"Bronze Scales"},{"floor":17,"key":"MawBank"},{"floor":17,"key":"Letter Opener"},{"floor":17,"key":"Ginger"}],"event_choices":[{"damage_healed":0,"gold_gain":0,"player_choice":"Success","damage_taken":12,"relics_obtained":["Blue Candle"],"max_hp_gain":0,"max_hp_loss":0,"event_name":"Scrap Ooze","floor":3,"gold_loss":0},{"damage_healed":0,"gold_gain":0,"cards_transformed":["Strike_R"],"player_choice":"Transformed","damage_taken":0,"max_hp_gain":0,"max_hp_loss":0,"event_name":"Transmorgrifier","floor":4,"gold_loss":0,"cards_obtained":["Feed"]},{"damage_healed":0,"gold_gain":0,"player_choice":"Grow","damage_taken":0,"max_hp_gain":0,"max_hp_loss":0,"event_name":"Living Wall","floor":11,"gold_loss":0,"cards_upgraded":["Feed"]},{"damage_healed":0,"gold_gain":99,"player_choice":"Stole From Cult","damage_taken":0,"max_hp_gain":0,"max_hp_loss":0,"event_name":"Nest","floor":19,"gold_loss":0},{"damage_healed":0,"gold_gain":0,"player_choice":"Obtained Relic","damage_taken":0,"relics_obtained":["Sundial"],"max_hp_gain":0,"max_hp_loss":0,"event_name":"Addict","floor":21,"gold_loss":85},{"cards_removed":["Strike_R"],"damage_healed":0,"gold_gain":0,"player_choice":"Elegance","damage_taken":0,"max_hp_gain":0,"max_hp_loss":0,"event_name":"Back to Basics","floor":22,"gold_loss":0}],"is_beta":false,"boss_relics":[{"not_picked":["Tiny House","Snecko Eye"],"picked":"Calling Bell"}],"items_purged_floors":[5,13],"is_endless":false,"potions_floor_spawned":[6,10,14,18],"killed_by":"Centurion and Healer","ascension_level":8}}