{"host":"95i1gxnztdrdyvhi","time":1610492091,"event":{"mods":["AchievementEnabler","Act Like it!","BaseMod","Minty Spire (QoL Compilation)","Quick Restart","StSLib","Yakumo Yukari mod"],"gold_per_floor":[136,86,102,117,192,192,192,192],"floor_reached":7,"language":"ENG","playtime":201,"items_purged":[],"score":41,"play_id":"bdf73384-4ec6-48fb-a33f-b628210e1691","local_time":"20210112225451","is_ascension_mode":false,"campfire_choices":[{"data":"StretchesForeverDream_purple","floor":6,"key":"SMITH"}],"circlet_count":0,"master_deck":["AT_purpleEX","AT_purpleEX","AT_purpleEX","Defend_purpleEX","Defend_purpleEX","Defend_purpleEX","Defend_purpleEX","Observe_purple_1","Observe_purple_2","SharpContractionReality_purple","Line_surface_state_purple","StretchesForeverDream_purple+1"],"relics":["Boundary_crack","Memoryfragments_purpleEX","NeowsBlessing"],"acts_visited":["Exordium"],"potions_floor_usage":[7],"damage_taken":[{"damage":0,"enemies":"2 Louse","floor":1,"turns":1},{"damage":0,"enemies":"Jaw Worm","floor":3,"turns":1},{"damage":0,"enemies":"Cultist","floor":4,"turns":1},{"damage":11,"enemies":"Lagavulin","floor":7,"turns":9}],"seed_played":"4695993198402438695","potions_obtained":[{"floor":1,"key":"Weak Potion"}],"is_trial":false,"path_per_floor":["M","?","M","M","?","R","E"],"character_chosen":"Youkari","items_purchased":[],"campfire_rested":0,"item_purchase_floors":[],"current_hp_per_floor":[70,70,70,70,59,59,48,48],"gold":192,"neow_bonus":"THREE_ENEMY_KILL","is_daily":false,"chose_seed":false,"campfire_upgraded":1,"win_rate":0.0,"timestamp":1610492091,"path_taken":["M","?","M","M","?","R","E"],"items_purchased_type":[],"build_version":"2020-12-22","purchased_purges":0,"victory":false,"max_hp_per_floor":[70,70,70,70,70,70,70,70],"card_choices":[{"not_picked":["Yakumo_Ran_purple","MNeedle_purple"],"picked":"SharpContractionReality_purple","floor":1},{"not_picked":["Worldmountain_purple","MeetDecomposer_purple"],"picked":"Line_surface_state_purple","floor":3},{"not_picked":["Boundary_ObjectiveBoundary_purple","OpenedBox_purple"],"picked":"StretchesForeverDream_purple","floor":4}],"player_experience":636783,"relics_obtained":[],"event_choices":[{"cards_removed":["AT_purpleEX"],"damage_healed":0,"gold_gain":0,"player_choice":"Card Removal","damage_taken":0,"max_hp_gain":0,"max_hp_loss":0,"event_name":"The Cleric","floor":2,"gold_loss":50},{"damage_healed":0,"gold_gain":75,"player_choice":"Gather Gold","damage_taken":11,"max_hp_gain":0,"max_hp_loss":0,"event_name":"World of Goop","floor":5,"gold_loss":0}],"is_beta":false,"boss_relics":[],"items_purged_floors":[],"is_endless":false,"potions_floor_spawned":[1],"killed_by":"Lagavulin","ascension_level":0}}