{"host":"kdt6w7ix8lwe69i9","time":1610410697,"event":{"mods":["100% Spire Juice","Bartender","BaseMod","ChefMod","Downfall","Evolution","Fiend Mod","Jorbs\u0027s Wanderer Trilogy","Minty Spire (QoL Compilation)","Reimu（博丽灵梦）","Robot Space Explorer","Shade Mod","StSLib","The Caster","The Cursed","The Disciple","The Dragon Tamer","The Druid","The Fake Hero","The Forsaken","The Gatherer","The Marked","TheBandit","TheSwordswoman"],"gold_per_floor":[520,520,537,507,524,524,537,537,537,537,547,576,66,76,76,76,76],"floor_reached":16,"playtime":1488,"items_purged":["luka_mod:Wait"],"score":102,"play_id":"8ba79ee9-cd32-4ae3-b775-e96642a7aafb","local_time":"20210111191817","is_ascension_mode":false,"campfire_choices":[{"floor":6,"key":"REST"},{"floor":8,"key":"REST"},{"floor":15,"key":"REST"}],"circlet_count":0,"master_deck":["luka_mod:Overexert","luka_mod:StrikeLukaTwo","luka_mod:StrikeLukaThree","luka_mod:StrikeLukaFour","luka_mod:StrikeLukaFive","luka_mod:StrikeLukaSix","luka_mod:Salt","luka_mod:Guard","luka_mod:Edging","luka_mod:FlailWildly","luka_mod:Meditation","Writhe","luka_mod:WindSlash","luka_mod:GuardedStrike","luka_mod:AlicesGuard","luka_mod:ThunderThrust","luka_mod:AlmaElma","luka_mod:StressRelief","luka_mod:RestrictedStrike"],"relics":["luka_mod:KeepsakeRing","EVO:Axolotl","Ginger","Shuriken","Question Card","Thread and Needle","Bronze Scales"],"acts_visited":["Exordium"],"potions_floor_usage":[5,7,12,12,12,14],"damage_taken":[{"damage":16,"enemies":"Cultist","floor":1,"turns":5},{"damage":34,"enemies":"Cultist","floor":2,"turns":6},{"damage":8,"enemies":"Jaw Worm","floor":3,"turns":3},{"damage":5,"enemies":"Small Slimes","floor":5,"turns":2},{"damage":6,"enemies":"Looter","floor":7,"turns":3},{"damage":9,"enemies":"2 Fungi Beasts","floor":11,"turns":5},{"damage":27,"enemies":"Lagavulin","floor":12,"turns":8},{"damage":16,"enemies":"Gremlin Gang","floor":14,"turns":3},{"damage":20,"enemies":"The Guardian","floor":16,"turns":5}],"seed_played":"-7953850731008285819","potions_obtained":[{"floor":1,"key":"SteroidPotion"},{"floor":4,"key":"Fire Potion"},{"floor":4,"key":"PowerPotion"},{"floor":7,"key":"Explosive Potion"},{"floor":11,"key":"Block Potion"},{"floor":12,"key":"Weak Potion"}],"is_trial":false,"path_per_floor":["M","?","M","?","M","R","M","R","T","?","M","E","$","M","R","B"],"character_chosen":"LUKA_CLASS","items_purchased":["Thread and Needle","Bronze Scales"],"campfire_rested":3,"item_purchase_floors":[13,13],"current_hp_per_floor":[28,14,6,6,1,13,7,19,19,19,30,23,23,7,19,0,0],"gold":76,"neow_bonus":"ONE_RARE_RELIC","is_daily":false,"chose_seed":false,"campfire_upgraded":0,"win_rate":0.0,"timestamp":1610410697,"path_taken":["M","?","M","?","?","R","M","R","T","?","M","E","$","?","R","BOSS"],"items_purchased_type":["Relic","Relic"],"build_version":"2020-12-22","purchased_purges":1,"victory":false,"max_hp_per_floor":[40,40,40,40,40,40,40,40,40,40,40,40,40,40,40,40,40],"card_choices":[{"not_picked":["luka_mod:HeroicStrike","luka_mod:SmallBody"],"picked":"luka_mod:WindSlash","floor":1},{"not_picked":["luka_mod:HeroicStrike","luka_mod:FlashKill"],"picked":"luka_mod:GuardedStrike","floor":3},{"not_picked":["luka_mod:StrikeLuka","luka_mod:NeverSurrender"],"picked":"luka_mod:AlicesGuard","floor":5},{"not_picked":["luka_mod:IliasesJudgement","luka_mod:Request"],"picked":"luka_mod:ThunderThrust","floor":7},{"not_picked":["luka_mod:UnusedPoison","luka_mod:DemonSkullBeheading"],"picked":"luka_mod:AlmaElma","floor":11},{"not_picked":["luka_mod:Intense","luka_mod:StrikeLuka"],"picked":"luka_mod:StressRelief","floor":12},{"not_picked":["luka_mod:Overexert","luka_mod:IliasesJudgement","luka_mod:BladeOfHowlingWind"],"picked":"luka_mod:RestrictedStrike","floor":14}],"player_experience":1747961,"relics_obtained":[{"floor":9,"key":"Shuriken"},{"floor":12,"key":"Question Card"}],"event_choices":[{"damage_healed":0,"gold_gain":0,"player_choice":"Bought 2 Potions","damage_taken":0,"max_hp_gain":0,"max_hp_loss":0,"event_name":"The Woman in Blue","floor":4,"gold_loss":0},{"cards_removed":["luka_mod:Surrender"],"damage_healed":0,"gold_gain":0,"player_choice":"Purged","damage_taken":0,"max_hp_gain":0,"max_hp_loss":0,"event_name":"Purifier","floor":10,"gold_loss":0}],"is_beta":false,"boss_relics":[],"items_purged_floors":[13],"is_endless":false,"potions_floor_spawned":[1,7,11,12],"killed_by":"The Guardian","ascension_level":0}}