{"host":"higlslami84dw7m6","time":1610495638,"event":{"mods":["BaseMod","Colored Map","Downfall","Minty Spire (QoL Compilation)","Permanent Neow","Relic Stats","StSLib"],"gold_per_floor":[99,115,30,30,30,50,50,64,49,49,49,49,49],"floor_reached":11,"language":"ENG","playtime":576,"items_purged":[],"score":70,"play_id":"3ecd93cc-966c-43d8-a33c-23e191e14a59","local_time":"20210113005358","is_ascension_mode":true,"campfire_choices":[{"data":"Slimebound:CheckThePlaybook","floor":1,"key":"SMITH"},{"data":"Slimebound:Split","floor":10,"key":"SMITH"}],"circlet_count":0,"master_deck":["Slimebound:Strike_Slimebound","Slimebound:Strike_Slimebound","Slimebound:Strike_Slimebound","Slimebound:Tackle","Slimebound:Defend_Slimebound","Slimebound:Defend_Slimebound","Slimebound:Defend_Slimebound","Slimebound:Defend_Slimebound","Slimebound:Split+1","Slimebound:CorrosiveSpit","Slimebound:CheckThePlaybook+1","Slimebound:ComboTackle","Slimebound:FlameTackle","Slimebound:FirmFortitude","Slimebound:Chomp","Slimebound:HauntingLick","Slimebound:SamplingLick"],"relics":["Slimebound:AbsorbEndCombat","HornCleat"],"acts_visited":["Exordium"],"potions_floor_usage":[3],"damage_taken":[{"damage":7,"enemies":"Cultist","floor":2,"turns":3},{"damage":33,"enemies":"downfall:FleeingMerchant","floor":3,"turns":4},{"damage":14,"enemies":"2 Louse","floor":6,"turns":2},{"damage":6,"enemies":"Jaw Worm","floor":8,"turns":3},{"damage":9,"enemies":"downfall:FleeingMerchant","floor":9,"turns":4},{"damage":52,"enemies":"Lagavulin","floor":11,"turns":5}],"seed_played":"-3803024458622309242","potions_obtained":[{"floor":2,"key":"hexamod:EctoCoolerPotion"}],"is_trial":false,"path_per_floor":["R","M","$","?","?","M","T","M","$","R","E"],"character_chosen":"SLIMEBOUND","items_purchased":["Slimebound:FirmFortitude"],"campfire_rested":0,"item_purchase_floors":[3],"current_hp_per_floor":[54,54,27,27,45,35,35,35,36,36,0,0,0],"gold":49,"neow_bonus":"THREE_RARE_CARDS","is_daily":false,"chose_seed":false,"campfire_upgraded":2,"win_rate":0.0,"timestamp":1610495638,"path_taken":["R","M","?","?","?","M","T","M","$","R","E"],"items_purchased_type":["Card"],"build_version":"2020-12-22","purchased_purges":0,"victory":false,"max_hp_per_floor":[54,54,54,54,54,54,54,54,54,54,54,54,54],"relic_stats":{"counters":[6,20],"obtain_stats":[{"HornCleat":7,"Slimebound:AbsorbEndCombat":0},{"HornCleat":3,"Slimebound:AbsorbEndCombat":0},{"HornCleat":8,"Slimebound:AbsorbEndCombat":0}]},"card_choices":[{"not_picked":["Slimebound:LeechLife","Slimebound:Recycling"],"picked":"Slimebound:CheckThePlaybook","floor":0},{"not_picked":["Slimebound:SplitMire","Slimebound:PressTheAttack"],"picked":"Slimebound:ComboTackle","floor":2},{"not_picked":["Slimebound:SplitMire","Slimebound:PressTheAttack"],"picked":"Slimebound:FlameTackle","floor":3},{"not_picked":["Slimebound:SplitBruiser","Slimebound:GrowthPunch"],"picked":"Slimebound:Chomp","floor":6},{"not_picked":["Slimebound:OneTwoCombo","Slimebound:SplitLeeching"],"picked":"Slimebound:HauntingLick","floor":8},{"not_picked":["Slimebound:SplitMire","Slimebound:SlimeSpikes"],"picked":"Slimebound:SamplingLick","floor":9}],"player_experience":910056,"relics_obtained":[{"floor":7,"key":"HornCleat"}],"event_choices":[{"damage_healed":18,"gold_gain":0,"player_choice":"Banana","damage_taken":0,"max_hp_gain":0,"max_hp_loss":0,"event_name":"Big Fish","floor":5,"gold_loss":0}],"is_beta":false,"boss_relics":[],"items_purged_floors":[],"is_endless":false,"potions_floor_spawned":[2],"killed_by":"Lagavulin","ascension_level":3}}