{"host":"oigynbtg272c19pw","time":1610477319,"event":{"mods":["BaseMod","Colored Map","Minty Spire (QoL Compilation)","Relic Stats","StSLib"],"gold_per_floor":[119,119,12,162,179,205,217,229,229],"floor_reached":8,"playtime":140,"items_purged":[],"score":158,"play_id":"b951bfb4-3586-4196-83ee-0d3cab5a59c3","local_time":"20210112194839","is_ascension_mode":true,"campfire_choices":[{"data":"TalkToTheHand","floor":7.0,"key":"SMITH"}],"circlet_count":0,"master_deck":["AscendersBane","Strike_P","Strike_P","Strike_P","Strike_P","Defend_P+1","Defend_P","Defend_P","Defend_P","Eruption","Vigilance","Weave+1","TalkToTheHand+1","Protect","Doubt","Consecrate","FlurryOfBlows"],"relics":["PureWater","NeowsBlessing","MawBank"],"acts_visited":["Exordium"],"potions_floor_usage":[],"damage_taken":[{"damage":0.0,"enemies":"Small Slimes","floor":1.0,"turns":1.0},{"damage":0.0,"enemies":"Jaw Worm","floor":5.0,"turns":1.0},{"damage":0.0,"enemies":"Lagavulin","floor":6.0,"turns":1.0},{"damage":44,"enemies":"Gremlin Nob","floor":8,"turns":4}],"seed_played":"-5158489881124989324","potions_obtained":[{"floor":5.0,"key":"DuplicationPotion"}],"is_trial":false,"path_per_floor":["M","?","$","?","M","E","R","E"],"character_chosen":"WATCHER","items_purchased":["TalkToTheHand","Protect"],"campfire_rested":0,"item_purchase_floors":[3,3],"current_hp_per_floor":[61,41,41,41,41,41,41,0,0],"gold":229,"neow_bonus":"THREE_ENEMY_KILL","is_daily":false,"chose_seed":false,"campfire_upgraded":1,"win_rate":0.0,"timestamp":1610477319,"path_taken":["M","?","$","?","M","E","R","E"],"items_purchased_type":["Card","Card"],"build_version":"2020-12-13","purchased_purges":0,"victory":false,"max_hp_per_floor":[68,68,68,68,68,68,68,68,68],"relic_stats":{"counters":[4,7],"MawBank":24,"obtain_stats":[{"NeowsBlessing":0,"PureWater":0,"MawBank":6},{"NeowsBlessing":0,"PureWater":0,"MawBank":3},{"NeowsBlessing":0,"PureWater":0,"MawBank":3}]},"card_choices":[{"not_picked":["JustLucky","Indignation"],"picked":"Weave","floor":1.0},{"not_picked":["Fasting2","EmptyFist"],"picked":"Consecrate","floor":5.0},{"not_picked":["CrushJoints","Swivel"],"picked":"FlurryOfBlows","floor":6.0}],"player_experience":1371565,"relics_obtained":[{"floor":6.0,"key":"MawBank"}],"event_choices":[{"damage_healed":0.0,"max_hp_gain":0.0,"max_hp_loss":0.0,"gold_gain":0.0,"event_name":"Shining Light","player_choice":"Entered Light","floor":2.0,"gold_loss":0.0,"damage_taken":20.0,"cards_upgraded":["Defend_P","Weave"]},{"damage_healed":0.0,"max_hp_gain":0.0,"max_hp_loss":0.0,"gold_gain":150.0,"event_name":"Liars Game","player_choice":"AGREE","floor":4.0,"gold_loss":0.0,"damage_taken":0.0,"cards_obtained":["Doubt"]}],"is_beta":false,"boss_relics":[],"items_purged_floors":[],"is_endless":false,"potions_floor_spawned":[5],"killed_by":"Gremlin Nob","ascension_level":20}}