{"host":"2xjkbrmvrd7iq7pu","time":1610480881,"event":{"mods":["AchievementEnabler","Act Like it!","Arknights The Spire","BaseMod","Downfall","Gensokyo","Gremlin Mod","GungeonMod","KinomotoSakuraMod(ƒæ÷Æ±æ”£)","Lobotomy","Minty Spire (QoL Compilation)","Reimu£®≤©¿ˆ¡È√Œ£©","Replay The Spire","StSLib","The Alterego","The Bug Knight","The Cursed","Yakumo Yukari mod"],"gold_per_floor":[132,57,127,155,172,172,185,235,260,260,271,321,391,7,7,107,107,119,119,210,248,268,268,287,169,169,19,19,85,10,29,29,29,29],"floor_reached":33,"playtime":2038,"items_purged":["Guardian:Strike_Guardian","AT_purpleEX","Defend_purpleEX"],"score":266,"play_id":"edf4d558-4606-4440-862e-9b9e901a5e35","local_time":"20210113034801","is_ascension_mode":false,"campfire_choices":[{"data":"Theboundaryofcreation_purpleEX","floor":6,"key":"SMITH"},{"floor":10,"key":"REST"},{"data":"ProofOfUnderstanding_purple","floor":23,"key":"SMITH"},{"floor":28,"key":"REST"},{"floor":32,"key":"DIG"}],"circlet_count":0,"master_deck":["AT_purpleEX+1","AT_purpleEX","Defend_purpleEX","Defend_purpleEX","Observe_purple_1","Observe_purple_2","Theboundaryofcreation_purpleEX+1","Umbrella_purple","DimensionStaggered_purple","PurpleNeedle_purple","EighthInstrument_OneDividesIntoTwo_purple+1","Shallow_ocean_purpleEX","WatchEChange_purple","CommonSense_AntiCommonSense_purple+1","ProofOfUnderstanding_purple+1","SfantasyHide_purple+1","MetroBOOM_purple+1","Mirror_Drifter_purple+1","SharpContractionReality_purple+1","Umbrella_purple+1","ExternalForce_HighSpeedFlying_purple","D_absorption_purple","Boundary_of_Extermination_purpleEX"],"relics":["Boundary_crack","Memoryfragments_purpleEX","SsserpentHead","Bag of Marbles","Darkstone Periapt","CrazyTorch:ReiMu","Astrolabe","Garlic","ReplayFunnel","Du-Vu Doll"],"acts_visited":["Exordium","TheCity"],"potions_floor_usage":[16,18],"damage_taken":[{"damage":6,"enemies":"Jaw Worm","floor":1,"turns":4},{"damage":1,"enemies":"Cultist","floor":3,"turns":3},{"damage":0,"enemies":"2 Louse","floor":4,"turns":2},{"damage":9,"enemies":"Exordium Wildlife","floor":5,"turns":3},{"damage":24,"enemies":"Exordium Thugs","floor":7,"turns":5},{"damage":5,"enemies":"Gremlin Gang","floor":11,"turns":3},{"damage":5,"enemies":"Looter","floor":13,"turns":2},{"damage":2,"enemies":"Hexaghost","floor":16,"turns":8},{"damage":11,"enemies":"2 Thieves","floor":18,"turns":4},{"damage":5,"enemies":"Chosen","floor":20,"turns":3},{"damage":32,"enemies":"Shelled Parasite and Fungi","floor":21,"turns":4},{"damage":21,"enemies":"Snake Plant","floor":24,"turns":3},{"damage":24,"enemies":"Centurion and Healer","floor":29,"turns":6},{"damage":4,"enemies":"Cultist and Chosen","floor":31,"turns":3},{"damage":15,"enemies":"Pondfish","floor":33,"turns":3}],"seed_played":"-7698387894953548910","potions_obtained":[{"floor":3,"key":"DistilledChaos"},{"floor":5,"key":"Reflective Coating"},{"floor":13,"key":"DemoMod:LeadSkinPotion"},{"floor":22,"key":"CultistPotion"},{"floor":22,"key":"Reflective Coating"},{"floor":24,"key":"Venom Potion"},{"floor":29,"key":"Fire Potion"},{"floor":31,"key":"Energy Potion"}],"is_trial":false,"path_per_floor":["M","?","M","M","M","R","M","?","T","R","M","T","M","$","R","B",null,"M","?","M","M","?","R","M","$","T","?","R","M","$","M","R","B"],"character_chosen":"Youkari","items_purchased":["CommonSense_AntiCommonSense_purple","CrazyTorch:ReiMu","ExternalForce_HighSpeedFlying_purple"],"campfire_rested":2,"item_purchase_floors":[14,14,25],"current_hp_per_floor":[66,66,66,67,59,59,38,24,24,45,41,41,36,36,57,60,70,63,63,59,30,30,30,14,14,14,14,35,16,16,12,12,0,0],"gold":29,"neow_bonus":"THREE_RARE_CARDS","is_daily":false,"chose_seed":false,"campfire_upgraded":2,"win_rate":0.0,"timestamp":1610480881,"path_taken":["M","?","?","M","M","R","M","?","T","R","M","?","?","$","R","BOSS","M","?","?","M","?","R","M","?","T","?","R","?","?","M","R","BOSS"],"items_purchased_type":["Card","Relic","Card"],"build_version":"2020-12-22","purchased_purges":3,"victory":false,"max_hp_per_floor":[70,70,70,70,70,70,70,70,70,70,70,70,70,70,70,70,70,70,70,70,70,70,70,70,70,70,70,70,70,70,70,70,70,70],"card_choices":[{"not_picked":["Computing_the_future_purpleEX","MagicEyes_LaplaceDemon_purple"],"picked":"Theboundaryofcreation_purpleEX","floor":0},{"not_picked":["StateDuplicate_purple","SharpContractionReality_purple"],"picked":"Umbrella_purple","floor":1},{"not_picked":["StateErode_purple","MagicEyes_LaplaceDemon_purple"],"picked":"DimensionStaggered_purple","floor":3},{"not_picked":["SharpContractionReality_purple","ExistenceContinue_purple"],"picked":"PurpleNeedle_purple","floor":4},{"not_picked":["Realm_recovery_purpleEX","ExistenceContinue_purple","StateErode_purple"],"picked":"SKIP","floor":5},{"not_picked":["OpenedBox_purple","StateDuplicate_purple"],"picked":"EighthInstrument_OneDividesIntoTwo_purple","floor":7},{"not_picked":["Mirror_FourBoundary_purple","MeetDecomposer_purple"],"picked":"Shallow_ocean_purpleEX","floor":11},{"not_picked":["AdvanceAttack_purple","ExistenceContinue_purple"],"picked":"WatchEChange_purple","floor":13},{"not_picked":["WangLiang_LineAndCurveDreams_purple","LoveAcrossDimensions_purple"],"picked":"ProofOfUnderstanding_purple","floor":16},{"not_picked":["MeetDecomposer_purple","Line_surface_state_purple","Umbrella_purple"],"picked":"SKIP","floor":18},{"not_picked":["Worldmountain_purple+1","Shallow_ocean_purpleEX"],"picked":"SharpContractionReality_purple+1","floor":20},{"not_picked":["RuleDissolution_purple","Realm_recovery_purpleEX+1","WatchEChange_purple+1"],"picked":"SKIP","floor":21},{"not_picked":["CommonSense_AntiCommonSense_purple","OmniscientAndOmnipotent_Monster_purple"],"picked":"Umbrella_purple+1","floor":24},{"not_picked":["Worldmountain_purple","RuleDissolution_purple+1"],"picked":"D_absorption_purple","floor":29},{"not_picked":["Anti_communist_purple","Mirror_WaveAndshot_purple+1"],"picked":"Boundary_of_Extermination_purpleEX","floor":31}],"player_experience":675655,"relics_obtained":[{"floor":9,"key":"Bag of Marbles"},{"floor":12,"key":"Darkstone Periapt"},{"floor":26,"key":"Garlic"},{"floor":32,"key":"Du-Vu Doll"}],"event_choices":[{"damage_healed":0,"gold_gain":0,"player_choice":"Trade","damage_taken":0,"relics_obtained":["SsserpentHead"],"max_hp_gain":0,"max_hp_loss":0,"event_name":"FaceTrader","floor":2,"gold_loss":0},{"damage_healed":0,"gold_gain":0,"player_choice":"Entered Light","damage_taken":14,"max_hp_gain":0,"max_hp_loss":0,"event_name":"Shining Light","floor":8,"gold_loss":0,"cards_upgraded":["EighthInstrument_OneDividesIntoTwo_purple","AT_purpleEX"]},{"damage_healed":0,"gold_gain":0,"player_choice":"Bet on Murderer","damage_taken":0,"max_hp_gain":0,"max_hp_loss":0,"event_name":"The Joust","floor":19,"gold_loss":50},{"damage_healed":0,"gold_gain":0,"player_choice":"Bought 2 Potions","damage_taken":0,"max_hp_gain":0,"max_hp_loss":0,"event_name":"The Woman in Blue","floor":22,"gold_loss":0}],"is_beta":false,"boss_relics":[{"not_picked":["Snecko Eye","Fusion Hammer"],"picked":"Astrolabe"}],"items_purged_floors":[14,25,30],"is_endless":false,"potions_floor_spawned":[3,5,13,24,29,31],"killed_by":"Pondfish","ascension_level":0}}