{"host":"vubphm564kcbvupj","time":1610410872,"event":{"mods":["BaseMod","Better Altar","Better Match","Better Note","Better Skull","Better Third Choice","Block Reminder","Colored Map","Colored Powertips","Exacting","Hermit","Minty Spire (QoL Compilation)","Rare Cards Sparkle","StSLib","SuperFastMode","Unceasing Turn Reminder","UnlockEverythingMod"],"gold_per_floor":[119,136,153,153,164,214,214,239,239,239,255,275,309,322,322,395,395,436,436,436],"floor_reached":19,"playtime":1217,"items_purged":[],"score":366,"play_id":"8b2cebf4-7a9f-4846-84ac-5297250a26c2","local_time":"20210111192112","is_ascension_mode":true,"campfire_choices":[{"floor":7.0,"key":"REST"},{"floor":10,"key":"REST"},{"floor":15,"key":"REST"}],"circlet_count":0,"master_deck":["AscendersBane","Strike_R","Strike_R","Strike_R","Strike_R","Defend_R","Defend_R","Defend_R","Defend_R","Bash","Thunderclap","Wild Strike","Headbutt","Cleave","Offering","Thunderclap","Havoc","Iron Wave","Blood for Blood","Thunderclap","Exhume","Ghostly Armor"],"relics":["Burning Blood","NeowsBlessing","Lantern","Pantograph","White Beast Statue","Philosopher\u0027s Stone"],"acts_visited":["Exordium","TheCity"],"potions_floor_usage":[11,14,16,16,18,19],"damage_taken":[{"damage":0.0,"enemies":"Cultist","floor":1.0,"turns":1.0},{"damage":0.0,"enemies":"Jaw Worm","floor":2.0,"turns":1.0},{"damage":0.0,"enemies":"Small Slimes","floor":3.0,"turns":1.0},{"damage":29.0,"enemies":"Blue Slaver","floor":5.0,"turns":3.0},{"damage":46.0,"enemies":"Lagavulin","floor":6.0,"turns":5.0},{"damage":31,"enemies":"3 Sentries","floor":8,"turns":4},{"damage":8,"enemies":"2 Fungi Beasts","floor":11,"turns":3},{"damage":1,"enemies":"Exordium Wildlife","floor":12,"turns":3},{"damage":18,"enemies":"Exordium Thugs","floor":13,"turns":5},{"damage":0,"enemies":"Blue Slaver","floor":14,"turns":1},{"damage":52,"enemies":"The Guardian","floor":16,"turns":12},{"damage":52,"enemies":"3 Byrds","floor":18,"turns":4},{"damage":22,"enemies":"Shell Parasite","floor":19,"turns":1}],"seed_played":"-2195853401008844767","potions_obtained":[{"floor":3.0,"key":"SkillPotion"},{"floor":8,"key":"BloodPotion"},{"floor":11,"key":"Dexterity Potion"},{"floor":14,"key":"DistilledChaos"},{"floor":16,"key":"Block Potion"},{"floor":18,"key":"SkillPotion"}],"is_trial":false,"path_per_floor":["M","M","M","?","M","E","R","E","T","R","M","M","M","M","R","B",null,"M","M"],"character_chosen":"IRONCLAD","items_purchased":[],"campfire_rested":3,"item_purchase_floors":[],"current_hp_per_floor":[74,75,75,75,52,12,34,9,9,31,44,49,37,43,65,29,64,18,0,0],"gold":436,"neow_bonus":"THREE_ENEMY_KILL","is_daily":false,"chose_seed":false,"campfire_upgraded":0,"win_rate":0.0,"timestamp":1610410872,"path_taken":["M","?","M","?","?","E","R","E","T","R","M","M","M","?","R","BOSS","M","M"],"items_purchased_type":[],"build_version":"2020-12-22","purchased_purges":0,"victory":false,"max_hp_per_floor":[75,75,75,75,75,75,75,75,75,75,75,75,75,75,75,75,75,75,75,75],"card_choices":[{"not_picked":["Battle Trance","Sword Boomerang"],"picked":"Thunderclap","floor":1.0},{"not_picked":["Flame Barrier","Rampage"],"picked":"Wild Strike","floor":2.0},{"not_picked":["Sword Boomerang","Clothesline"],"picked":"Headbutt","floor":3.0},{"not_picked":["Twin Strike","Perfected Strike"],"picked":"Offering","floor":5.0},{"not_picked":["Pummel","Body Slam"],"picked":"Thunderclap","floor":6.0},{"not_picked":["Wild Strike","Headbutt"],"picked":"Havoc","floor":8},{"not_picked":["Shrug It Off","Dual Wield","Juggernaut"],"picked":"SKIP","floor":11},{"not_picked":["True Grit","Shockwave"],"picked":"Iron Wave","floor":12},{"not_picked":["Body Slam","Bloodletting"],"picked":"Blood for Blood","floor":13},{"not_picked":["Rupture","Body Slam"],"picked":"Thunderclap","floor":14},{"not_picked":["Brutality","Impervious"],"picked":"Exhume","floor":16},{"not_picked":["Thunderclap","Perfected Strike"],"picked":"Ghostly Armor","floor":18}],"player_experience":257110,"relics_obtained":[{"floor":6.0,"key":"Lantern"},{"floor":8,"key":"Pantograph"},{"floor":9,"key":"White Beast Statue"}],"event_choices":[{"damage_healed":0.0,"max_hp_gain":0.0,"max_hp_loss":0.0,"gold_gain":0.0,"cards_transformed":["Strike_R"],"event_name":"Transmorgrifier","player_choice":"Transformed","floor":4.0,"gold_loss":0.0,"damage_taken":0.0,"cards_obtained":["Cleave"]}],"is_beta":false,"boss_relics":[{"not_picked":["Astrolabe","Runic Dome"],"picked":"Philosopher\u0027s Stone"}],"items_purged_floors":[],"is_endless":false,"potions_floor_spawned":[3,8,11,12,13,14,16,18],"killed_by":"Shell Parasite","ascension_level":20}}