{"host":"6pgtslebjnyv5xmi","time":1610438868,"event":{"mods":["AchievementEnabler","BaseMod","Colored Map","Minty Spire (QoL Compilation)","Rare Cards Sparkle","StSLib","SuperFastMode","The Cursed","everything is the same but u backflip on backflip"],"gold_per_floor":[115,115,78,92,92,124,124,138,138,163,163,39,52,85,85,85,85],"floor_reached":16,"playtime":775,"items_purged":[],"score":150,"play_id":"e4728def-5f1c-416e-9c23-677aa4188af7","local_time":"20210112170748","is_ascension_mode":true,"campfire_choices":[{"data":"Omniscience","floor":7.0,"key":"SMITH"},{"data":"LessonLearned","floor":15,"key":"SMITH"}],"circlet_count":0,"master_deck":["Strike_P","Strike_P","Strike_P","Strike_P+1","Defend_P+1","Defend_P","Defend_P","Eruption+1","Vigilance+1","BowlingBash","Swivel","Meditate","Omniscience+1","LessonLearned+1","WreathOfFlame"],"relics":["PureWater","NeowsBlessing","Frozen Egg 2","The Courier","Ancient Tea Set","CloakClasp"],"acts_visited":["Exordium"],"potions_floor_usage":[13,16],"damage_taken":[{"damage":0.0,"enemies":"Jaw Worm","floor":1.0,"turns":1.0},{"damage":0.0,"enemies":"2 Louse","floor":4.0,"turns":1.0},{"damage":0.0,"enemies":"Gremlin Nob","floor":6.0,"turns":1.0},{"damage":0.0,"enemies":"Cultist","floor":8.0,"turns":3.0},{"damage":16.0,"enemies":"Lagavulin","floor":10.0,"turns":6.0},{"damage":10,"enemies":"Gremlin Gang","floor":13,"turns":4},{"damage":21,"enemies":"3 Sentries","floor":14,"turns":9},{"damage":30,"enemies":"The Guardian","floor":16,"turns":15}],"seed_played":"-1075588235692200337","potions_obtained":[{"floor":6.0,"key":"Block Potion"},{"floor":8.0,"key":"LiquidBronze"},{"floor":14,"key":"EssenceOfSteel"}],"is_trial":false,"path_per_floor":["M","?","$","M","?","E","R","M","T","E","?","$","M","E","R","B"],"character_chosen":"WATCHER","items_purchased":["Swivel","LessonLearned"],"campfire_rested":0,"item_purchase_floors":[3,12],"current_hp_per_floor":[72,58,58,58,51,51,51,51,51,35,59,59,49,28,28,0,0],"gold":85,"neow_bonus":"THREE_ENEMY_KILL","is_daily":false,"chose_seed":false,"campfire_upgraded":2,"win_rate":0.0,"timestamp":1610438868,"path_taken":["M","?","$","M","?","E","R","M","T","E","?","$","M","E","R","BOSS"],"items_purchased_type":["Card","Card"],"build_version":"2020-12-22","purchased_purges":0,"victory":false,"max_hp_per_floor":[72,72,72,72,72,72,72,72,72,72,72,72,72,72,72,72,72],"card_choices":[{"not_picked":["Weave","Consecrate"],"picked":"BowlingBash","floor":1.0},{"not_picked":["Perseverance","SashWhip"],"picked":"Meditate","floor":4.0},{"not_picked":["Swivel","ClearTheMind"],"picked":"Omniscience","floor":6.0},{"not_picked":["Protect","CutThroughFate","CrushJoints"],"picked":"SKIP","floor":8.0},{"not_picked":["JustLucky","Vengeance","Halt"],"picked":"SKIP","floor":10.0},{"not_picked":["FlurryOfBlows","Halt","Prostrate"],"picked":"SKIP","floor":13},{"not_picked":["Pray","BowlingBash"],"picked":"WreathOfFlame","floor":14}],"player_experience":939866,"relics_obtained":[{"floor":6.0,"key":"Frozen Egg 2"},{"floor":9.0,"key":"The Courier"},{"floor":10.0,"key":"Ancient Tea Set"},{"floor":14,"key":"CloakClasp"}],"event_choices":[{"damage_healed":0.0,"max_hp_gain":0.0,"max_hp_loss":0.0,"gold_gain":0.0,"event_name":"Shining Light","player_choice":"Entered Light","floor":2.0,"gold_loss":0.0,"damage_taken":14.0,"cards_upgraded":["Defend_P","Vigilance"]},{"cards_removed":["Defend_P"],"damage_healed":0.0,"max_hp_gain":0.0,"max_hp_loss":0.0,"gold_gain":0.0,"event_name":"Golden Wing","player_choice":"Card Removal","floor":5.0,"gold_loss":0.0,"damage_taken":7.0},{"damage_healed":24.0,"max_hp_gain":0.0,"max_hp_loss":0.0,"gold_gain":0.0,"event_name":"Big Fish","player_choice":"Banana","floor":11.0,"gold_loss":0.0,"damage_taken":0.0}],"is_beta":false,"boss_relics":[],"items_purged_floors":[],"is_endless":false,"potions_floor_spawned":[6,8,14],"killed_by":"The Guardian","ascension_level":1}}