{"host":"egwexuw5uvnxf11j","time":1610413714,"event":{"mods":["2.2 Compatiblity","Aspiration","BaseMod","Better Altar","Better Note","Better Sensory Stone","Better Third Choice","Displayed Cursed Tome","Downfall","Hermit","Key Reminder","Koishi","Marisa????????","Minty Spire (QoL Compilation)","Quick Restart","Shade Mod","Spicy Shops","StSLib","The Construct","The Cursed","The Hierophant","The Runesmith","The Senshi","The Servant 0.9.4","Transform Curses"],"gold_per_floor":[111,125,75,250,261,295,313,313,313,313,323,356,370,385,385,488,488,501,516,516,53,71,104,104,121,145,145,162,174,174,174],"floor_reached":30,"playtime":1467,"items_purged":["Defend_G"],"score":320,"play_id":"110f49f9-5cb1-480c-b2f2-8465c03d5d8b","local_time":"20210111200834","is_ascension_mode":true,"campfire_choices":[{"floor":8,"key":"REST"},{"floor":15,"key":"REST"},{"floor":24,"key":"REST"}],"circlet_count":0,"master_deck":["Strike_G","Strike_G","Strike_G","Strike_G","Defend_G+1","Defend_G+1","Defend_G","Defend_G","Survivor","Neutralize","Flechettes","Blade Dance","Deflect","Backstab","Flying Knee","Quick Slash","A Thousand Cuts","Dash","Backflip","Storm of Steel","Dodge and Roll","Acrobatics","Corpse Explosion","Infinite Blades","Dagger Spray+1","Flying Knee","Dagger Spray","Well Laid Plans","Blade Dance+1"],"relics":["Ring of the Serpent","theSenshi:SailorFukuRelic","keyreminder:keyreminder","HornCleat","War Paint","Lee\u0027s Waffle","Pen Nib","White Beast Statue"],"acts_visited":["Exordium","TheCity"],"potions_floor_usage":[6,6,12,14,23,29,30],"damage_taken":[{"damage":2,"enemies":"Small Slimes","floor":1,"turns":4},{"damage":5,"enemies":"2 Louse","floor":2,"turns":3},{"damage":0,"enemies":"Cultist","floor":5,"turns":3},{"damage":41,"enemies":"Lagavulin","floor":6,"turns":10},{"damage":0,"enemies":"Exordium Wildlife","floor":7,"turns":1},{"damage":2,"enemies":"Lots of Slimes","floor":11,"turns":3},{"damage":0,"enemies":"Gremlin Nob","floor":12,"turns":3},{"damage":1,"enemies":"Blue Slaver","floor":13,"turns":3},{"damage":0,"enemies":"Large Slime","floor":14,"turns":4},{"damage":47,"enemies":"Hexaghost","floor":16,"turns":12},{"damage":23,"enemies":"2 Thieves","floor":18,"turns":4},{"damage":10,"enemies":"Spheric Guardian","floor":19,"turns":4},{"damage":32,"enemies":"Shelled Parasite and Fungi","floor":22,"turns":6},{"damage":38,"enemies":"Book of Stabbing","floor":23,"turns":8},{"damage":15,"enemies":"Cultist and Chosen","floor":25,"turns":6},{"damage":0,"enemies":"3 Cultists","floor":28,"turns":2},{"damage":11,"enemies":"Snecko","floor":29,"turns":4},{"damage":21,"enemies":"Gremlin Leader","floor":30,"turns":2}],"seed_played":"-8260349155177252118","potions_obtained":[{"floor":2,"key":"Dexterity Potion"},{"floor":5,"key":"SteroidPotion"},{"floor":7,"key":"BlessingOfTheForge"},{"floor":13,"key":"Explosive Potion"},{"floor":22,"key":"Guardian:BlockOnCardUsePotion"},{"floor":28,"key":"AttackPotion"},{"floor":29,"key":"hexamod:EctoCoolerPotion"}],"is_trial":false,"path_per_floor":["M","M","?","?","M","E","M","R","T","?","M","E","M","M","R","B",null,"M","M","?","$","M","E","R","M","T","T","M","M","E"],"character_chosen":"THE_SILENT","items_purchased":["Corpse Explosion","Infinite Blades","Lee\u0027s Waffle"],"campfire_rested":3,"item_purchase_floors":[21,21,21],"current_hp_per_floor":[75,70,70,70,70,29,29,52,52,52,50,50,49,49,72,25,77,54,44,44,84,52,14,39,24,24,24,24,13,0,0],"gold":174,"neow_bonus":"TEN_PERCENT_HP_BONUS","is_daily":false,"chose_seed":false,"campfire_upgraded":0,"win_rate":0.0,"timestamp":1610413714,"path_taken":["M","M","?","?","M","E","M","R","T","?","M","E","M","M","R","BOSS","M","M","?","$","M","E","R","M","T","?","M","?","E"],"items_purchased_type":["Card","Card","Relic"],"build_version":"2020-12-22","purchased_purges":1,"victory":false,"max_hp_per_floor":[77,77,77,77,77,77,77,77,77,77,77,77,77,77,77,77,77,77,77,77,84,84,84,84,84,84,84,84,84,84,84],"card_choices":[{"not_picked":["Bane","Setup"],"picked":"Flechettes","floor":1},{"not_picked":["Predator","Prepared"],"picked":"Blade Dance","floor":2},{"not_picked":["Outmaneuver","Predator"],"picked":"Deflect","floor":5},{"not_picked":["Dodge and Roll","Quick Slash"],"picked":"Backstab","floor":6},{"not_picked":["Sucker Punch","Prepared"],"picked":"Flying Knee","floor":7},{"not_picked":["Bane","Sucker Punch"],"picked":"Quick Slash","floor":11},{"not_picked":["Quick Slash","Eviscerate"],"picked":"A Thousand Cuts","floor":12},{"not_picked":["Sucker Punch","Deflect"],"picked":"Dash","floor":13},{"not_picked":["Deflect","PiercingWail"],"picked":"Backflip","floor":14},{"not_picked":["Doppelganger","Grand Finale"],"picked":"Storm of Steel","floor":16},{"not_picked":["All Out Attack","Dash"],"picked":"Dodge and Roll","floor":18},{"not_picked":["Poisoned Stab","Bane"],"picked":"Acrobatics","floor":19},{"not_picked":["Escape Plan+1","Caltrops"],"picked":"Dagger Spray+1","floor":22},{"not_picked":["Calculated Gamble","Glass Knife"],"picked":"Flying Knee","floor":23},{"not_picked":["Prepared","Reflex"],"picked":"Dagger Spray","floor":25},{"not_picked":["PiercingWail","Terror"],"picked":"Well Laid Plans","floor":28},{"not_picked":["Poisoned Stab","Slice"],"picked":"Blade Dance+1","floor":29}],"player_experience":2204324,"relics_obtained":[{"floor":6,"key":"theSenshi:SailorFukuRelic"},{"floor":9,"key":"HornCleat"},{"floor":12,"key":"War Paint"},{"floor":23,"key":"Pen Nib"},{"floor":27,"key":"White Beast Statue"}],"event_choices":[{"cards_removed":["Strike_G"],"damage_healed":0,"gold_gain":0,"player_choice":"Card Removal","damage_taken":0,"max_hp_gain":0,"max_hp_loss":0,"event_name":"The Cleric","floor":3,"gold_loss":50},{"damage_healed":0,"gold_gain":175,"player_choice":"AGREE","damage_taken":75,"max_hp_gain":0,"max_hp_loss":0,"event_name":"betterThird:BetterSerpent","floor":4,"gold_loss":0},{"cards_removed":["Doubt"],"damage_healed":0,"gold_gain":0,"player_choice":"Removed Curses","damage_taken":0,"max_hp_gain":0,"max_hp_loss":0,"event_name":"Fountain of Cleansing","floor":10,"gold_loss":0},{"damage_healed":0,"gold_gain":0,"player_choice":"Ignored","damage_taken":0,"max_hp_gain":0,"max_hp_loss":0,"event_name":"Vampires","floor":20,"gold_loss":0}],"is_beta":false,"boss_relics":[{"not_picked":["aspiration:RunicSpoon","Runic Pyramid"],"picked":"Ring of the Serpent"}],"items_purged_floors":[21],"is_endless":false,"potions_floor_spawned":[2,5,7,13,22,28,29],"killed_by":"Gremlin Leader","ascension_level":2}}