{"host":"ormi09wwzv7sq47a","time":1610427630,"event":{"mods":["2.2 Compatiblity","AchievementEnabler","Act Like it!","BaseMod","Bestiary","Better Altar","Better Note","Better Sensory Stone","Better Silent Start","Better Skull","Better Third Choice","Better Vampires","BetterRewards","Block Reminder","Card Forge","Colored Map","Colored Powertips","Curses Come First","DeckTracker","Downfall","Highlight Path","Minty Spire (QoL Compilation)","Permanent Neow","Quick Restart","Rare Cards Sparkle","Relic Stats","Shop Mod","StSLib","The Jungle"],"gold_per_floor":[110,110,122,28,28,28,28,28,81,31,66,85,35,368,318,414,414,425,440,440,440,458,408,442,392,392,342,370,370,399,23,23,124,124,136,136,154,165,177,127,146,161,184,134,159,11,26,45,45,45,45,45,45,72,72],"floor_reached":56,"playtime":3503,"items_purged":["Slimebound:Tackle","Slimebound:Strike_Slimebound"],"score":2322,"play_id":"239bd704-14a6-4b0b-a214-baf863bd33c9","local_time":"20210112030030","is_ascension_mode":true,"campfire_choices":[{"data":"Apotheosis","floor":6.0,"key":"SMITH"},{"data":"Slimebound:Split","floor":8.0,"key":"SMITH"},{"data":"Slimebound:CorrosiveSpit","floor":10.0,"key":"SMITH"},{"data":"Slimebound:LeechEnergy","floor":13.0,"key":"SMITH"},{"data":"Slimebound:SlimeTap","floor":15.0,"key":"SMITH"},{"data":"Slimebound:Defend_Slimebound","floor":23,"key":"PURGE"},{"data":"Slimebound:Defend_Slimebound","floor":25,"key":"PURGE"},{"data":"Slimebound:Defend_Slimebound","floor":27,"key":"PURGE"},{"data":"Slimebound:Defend_Slimebound","floor":32,"key":"PURGE"},{"floor":40,"key":"RECALL"},{"data":"Slimebound:HauntingLick","floor":44,"key":"SMITH"},{"data":"Slimebound:SamplingLick","floor":49,"key":"SMITH"},{"data":"Dark Shackles","floor":52,"key":"SMITH"}],"circlet_count":0,"master_deck":["Slimebound:Split+1","Slimebound:CorrosiveSpit+1","Apotheosis+1","Slimebound:LeechEnergy+1","Slimebound:MassFeed","Slimebound:SamplingLick+1","Dark Shackles+1","Slimebound:MegaLick+1","Slimebound:SlimeTap+1","CurseOfTheBell","Slimebound:HauntingLick+1","Slimebound:LeechingTouch","Seek+1","Slimebound:Recycling","Slimebound:LivingWall+1","Slimebound:ProtectTheBoss+1","Slimebound:Recycling+1","Slimebound:Gluttony+1","Slimebound:SpikyOuterGoop+1","Slimebound:RainOfGoop+1","Slimebound:Grow+1","Slimebound:SamplingLick+1","Slimebound:Gluttony+1"],"relics":["Slimebound:AbsorbEndCombat","Hammer of Thor","Seething Fire","Anvil of the Gods","WingedGreaves","InkBottle","Lizard Tail","Vajra","Slimebound:GreedOozeRelic","Strawberry","Toy Ornithopter","Old Coin","Calling Bell","Tiny Chest","Mummified Hand","Peace Pipe","Letter Opener","White Beast Statue","Frozen Egg 2","Slimebound:SlimedTailRelic","Torii","Empty Cage","Blue Candle","Sundial","Bronze Scales","Mercury Hourglass"],"acts_visited":["Exordium","TheCity","TheBeyond","TheEnding"],"potions_floor_usage":[35,38,50,55],"damage_taken":[{"damage":5.0,"enemies":"Jaw Worm","floor":1.0,"turns":5.0},{"damage":8.0,"enemies":"Cultist","floor":3.0,"turns":3.0},{"damage":8.0,"enemies":"Lagavulin","floor":11.0,"turns":4.0},{"damage":0.0,"enemies":"Small Slimes","floor":12.0,"turns":2.0},{"damage":16.0,"enemies":"Gremlin Nob","floor":14.0,"turns":3.0},{"damage":8.0,"enemies":"The Guardian","floor":16.0,"turns":9.0},{"damage":8,"enemies":"3 Byrds","floor":18,"turns":4},{"damage":8,"enemies":"Chosen","floor":19,"turns":3},{"damage":14,"enemies":"Centurion and Healer","floor":22,"turns":6},{"damage":8,"enemies":"Gremlin Leader","floor":24,"turns":8},{"damage":14,"enemies":"Book of Stabbing","floor":28,"turns":4},{"damage":8,"enemies":"Gremlin Leader","floor":30,"turns":3},{"damage":39,"enemies":"Collector","floor":33,"turns":6},{"damage":9,"enemies":"Orb Walker","floor":35,"turns":2},{"damage":9,"enemies":"3 Shapes","floor":37,"turns":3},{"damage":17,"enemies":"Writhing Mass","floor":38,"turns":3},{"damage":9,"enemies":"4 Shapes","floor":39,"turns":3},{"damage":17,"enemies":"Transient","floor":41,"turns":5},{"damage":17,"enemies":"Sphere and 2 Shapes","floor":42,"turns":3},{"damage":19,"enemies":"Nemesis","floor":45,"turns":7},{"damage":9,"enemies":"Maw","floor":47,"turns":5},{"damage":8,"enemies":"4 Shapes","floor":48,"turns":2},{"damage":36,"enemies":"Awakened One","floor":50,"turns":9},{"damage":25,"enemies":"Shield and Spear","floor":54,"turns":4},{"damage":31,"enemies":"The Heart","floor":55,"turns":8}],"seed_played":"7863288577814343818","potions_obtained":[{"floor":1.0,"key":"Ancient Potion"},{"floor":3.0,"key":"PowerPotion"},{"floor":11.0,"key":"Dexterity Potion"},{"floor":19,"key":"SneckoOil"},{"floor":30,"key":"Fire Potion"},{"floor":33,"key":"PowerPotion"},{"floor":35,"key":"Regen Potion"},{"floor":37,"key":"AttackPotion"},{"floor":38,"key":"Regen Potion"},{"floor":41,"key":"Energy Potion"},{"floor":54,"key":"PowerPotion"}],"is_trial":false,"path_per_floor":["M","?","M","$","?","R","?","R","T","R","E","M","R","E","R","B",null,"M","M","?","?","M","R","E","R","T","R","E","?","E","$","R","B",null,"M","T","M","M","M","R","M","M","T","R","E","$","M","M","R","B",null,"R","$","E","B",null],"character_chosen":"SLIMEBOUND","items_purchased":["Apotheosis","InkBottle","Vajra","Slimebound:DisruptingSlam","Dark Shackles","Torii","Slimebound:Gluttony+1","Bronze Scales"],"campfire_rested":0,"item_purchase_floors":[0,0,0,0,4,31,31,46],"current_hp_per_floor":[45,45,55,55,60,60,60,60,67,67,80,84,84,82,82,92,92,100,104,104,104,106,106,112,112,112,112,116,116,120,120,120,124,124,128,128,132,136,142,142,142,146,146,146,146,146,146,154,154,156,161,161,161,166,166],"gold":72,"neow_bonus":"","is_daily":false,"chose_seed":false,"campfire_upgraded":8,"win_rate":0.0,"timestamp":1610427630,"path_taken":["M","?","?","$","?","R","?","R","T","R","E","M","R","E","R","BOSS","M","M","?","?","M","R","E","R","T","R","E","?","E","$","R","BOSS","M","?","M","M","M","R","M","M","T","R","E","$","M","M","R","BOSS","R","$","E","BOSS"],"items_purchased_type":["Card","Relic","Relic","Card","Card","Relic","Card","Relic"],"build_version":"2020-12-22","purchased_purges":2,"victory":true,"max_hp_per_floor":[60,60,64,64,69,69,69,69,76,76,80,84,84,88,88,92,92,100,104,104,104,108,108,112,112,112,112,116,116,120,120,120,124,124,128,128,132,136,142,142,142,146,146,146,146,146,146,154,154,162,162,162,162,166,166],"relic_stats":{"Torii":1,"counters":[124,551],"Blue Candle":[10],"Letter Opener":[1503],"Mercury Hourglass":[24],"Peace Pipe":7,"Lizard Tail":0,"Mummified Hand":[73],"Sundial":[22],"Bronze Scales":[159],"Tiny Chest":1,"obtain_stats":[{"Calipers":8,"Gremlin Horn":6,"Vajra":48,"Hammer of Thor":0,"Whetstone":23,"Boot":28,"Old Coin":10,"Sozu":17,"Blood Vial":41,"Lizard Tail":0,"Centennial Puzzle":26,"Sundial":45,"Strawberry":9,"Philosopher\u0027s Stone":34,"Prayer Wheel":36,"MealTicket":43,"Kunai":38,"Toxic Egg 2":11,"Slimebound:AggressiveSlimeRelic":38,"MerchantsRug":38,"Pear":20,"Blue Candle":10,"Astrolabe":17,"Oddly Smooth Stone":27,"Eternal Feather":6,"Letter Opener":0,"War Paint":4,"Akabeko":9,"Anvil of the Gods":0,"Bronze Scales":47,"Bird Faced Urn":54,"Molten Egg 2":26,"StrikeDummy":25,"Unceasing Top":0,"Slimebound:SlimedTailRelic":30,"Meat on the Bone":48,"Regal Pillow":0,"Lantern":3,"Torii":31,"SacredBark":34,"StoneCalendar":24,"Incense Burner":0,"Bag of Preparation":37,"Empty Cage":17,"Ancient Tea Set":10,"ClockworkSouvenir":38,"Nunchaku":12,"Matryoshka":26,"TheAbacus":47,"Slimebound:MaxSlimesRelic":9,"Mummified Hand":17,"Gambling Chip":12,"Toolbox":53,"Tiny Chest":17,"WingedGreaves":0,"InkBottle":11,"Golden Idol":3,"Seething Fire":0,"Odd Mushroom":14,"Orichalcum":47,"Frozen Egg 2":28,"Medical Kit":0,"White Beast Statue":8,"Mercury Hourglass":54,"Peace Pipe":22,"Slimebound:GreedOozeRelic":7,"Calling Bell":17,"CaptainsWheel":0,"Ornamental Fan":9,"Turnip":42,"Slimebound:AbsorbEndCombat":0,"Bag of Marbles":3,"Coffee Dripper":34,"Art of War":47,"Membership Card":0,"Bottled Lightning":41,"hexamod:BolsterEngine":26,"FossilizedHelix":0,"Toy Ornithopter":11},{"Calipers":77,"Gremlin Horn":76,"Vajra":41,"Hammer of Thor":0,"Whetstone":30,"Boot":85,"Old Coin":23,"Sozu":10,"Blood Vial":39,"Lizard Tail":73,"Centennial Puzzle":84,"Sundial":119,"Strawberry":101,"Philosopher\u0027s Stone":35,"Prayer Wheel":37,"MealTicket":39,"Kunai":38,"Toxic Egg 2":23,"Slimebound:AggressiveSlimeRelic":38,"MerchantsRug":38,"Pear":12,"Blue Candle":50,"Astrolabe":53,"Oddly Smooth Stone":32,"Eternal Feather":4,"Letter Opener":18,"War Paint":2,"Akabeko":5,"Anvil of the Gods":0,"Bronze Scales":69,"Bird Faced Urn":72,"Molten Egg 2":15,"StrikeDummy":31,"Unceasing Top":18,"Slimebound:SlimedTailRelic":111,"Meat on the Bone":41,"Regal Pillow":18,"Lantern":20,"Torii":111,"SacredBark":88,"StoneCalendar":57,"Incense Burner":0,"Bag of Preparation":90,"Empty Cage":26,"Ancient Tea Set":78,"ClockworkSouvenir":38,"Nunchaku":51,"Matryoshka":31,"TheAbacus":41,"Slimebound:MaxSlimesRelic":77,"Mummified Hand":105,"Gambling Chip":24,"Toolbox":97,"Tiny Chest":105,"WingedGreaves":99,"InkBottle":6,"Golden Idol":2,"Seething Fire":0,"Odd Mushroom":9,"Orichalcum":95,"Frozen Egg 2":110,"Medical Kit":0,"White Beast Statue":5,"Mercury Hourglass":123,"Peace Pipe":83,"Slimebound:GreedOozeRelic":101,"Calling Bell":105,"CaptainsWheel":73,"Ornamental Fan":22,"Turnip":67,"Slimebound:AbsorbEndCombat":0,"Bag of Marbles":46,"Coffee Dripper":61,"Art of War":95,"Membership Card":18,"Bottled Lightning":66,"hexamod:BolsterEngine":57,"FossilizedHelix":44,"Toy Ornithopter":102},{"Calipers":335,"Gremlin Horn":328,"Vajra":139,"Hammer of Thor":0,"Whetstone":105,"Boot":374,"Old Coin":85,"Sozu":45,"Blood Vial":132,"Lizard Tail":319,"Centennial Puzzle":370,"Sundial":524,"Strawberry":447,"Philosopher\u0027s Stone":121,"Prayer Wheel":127,"MealTicket":132,"Kunai":129,"Toxic Egg 2":85,"Slimebound:AggressiveSlimeRelic":129,"MerchantsRug":129,"Pear":52,"Blue Candle":181,"Astrolabe":198,"Oddly Smooth Stone":110,"Eternal Feather":13,"Letter Opener":73,"War Paint":6,"Akabeko":19,"Anvil of the Gods":0,"Bronze Scales":289,"Bird Faced Urn":311,"Molten Egg 2":59,"StrikeDummy":108,"Unceasing Top":73,"Slimebound:SlimedTailRelic":493,"Meat on the Bone":139,"Regal Pillow":73,"Lantern":77,"Torii":493,"SacredBark":386,"StoneCalendar":219,"Incense Burner":0,"Bag of Preparation":391,"Empty Cage":95,"Ancient Tea Set":340,"ClockworkSouvenir":129,"Nunchaku":186,"Matryoshka":108,"TheAbacus":139,"Slimebound:MaxSlimesRelic":335,"Mummified Hand":465,"Gambling Chip":89,"Toolbox":427,"Tiny Chest":465,"WingedGreaves":439,"InkBottle":25,"Golden Idol":6,"Seething Fire":0,"Odd Mushroom":35,"Orichalcum":415,"Frozen Egg 2":490,"Medical Kit":0,"White Beast Statue":19,"Mercury Hourglass":544,"Peace Pipe":367,"Slimebound:GreedOozeRelic":447,"Calling Bell":465,"CaptainsWheel":319,"Ornamental Fan":81,"Turnip":279,"Slimebound:AbsorbEndCombat":0,"Bag of Marbles":164,"Coffee Dripper":245,"Art of War":415,"Membership Card":73,"Bottled Lightning":274,"hexamod:BolsterEngine":219,"FossilizedHelix":156,"Toy Ornithopter":451}],"InkBottle":[65],"Toy Ornithopter":6},"card_choices":[{"not_picked":["Slimebound:ProtectTheBoss","Slimebound:PressTheAttack"],"picked":"Slimebound:LeechEnergy","floor":1.0},{"not_picked":["Slimebound:SplitLeeching","Slimebound:ItLooksTasty"],"picked":"Slimebound:SamplingLick","floor":3.0},{"not_picked":["Slimebound:SlimeSlap","Slimebound:Schlurp"],"picked":"Slimebound:MegaLick","floor":11.0},{"not_picked":["Slimebound:Schlurp","Slimebound:SplitLeeching"],"picked":"Slimebound:SlimeTap","floor":12.0},{"not_picked":["Slimebound:Nibble","Slimebound:Chomp","Slimebound:HungryTackle"],"picked":"SKIP","floor":14.0},{"not_picked":["Slimebound:DisruptingSlam","Slimebound:PressTheAttack"],"picked":"Slimebound:HauntingLick","floor":18},{"not_picked":["Slimebound:ViciousTackle+1","Slimebound:PressTheAttack"],"picked":"Slimebound:LeechingTouch","floor":19},{"not_picked":["Slimebound:SplitAcid","Slimebound:Chomp","Slimebound:FinishingTackle"],"picked":"SKIP","floor":22},{"not_picked":["Slimebound:FormOfPuddle","Slimebound:OozeBath"],"picked":"Slimebound:Recycling","floor":24},{"not_picked":["Slimebound:RejuvenatingLick","Slimebound:AcidTongue+1"],"picked":"Slimebound:LivingWall+1","floor":28},{"not_picked":["Slimebound:LeadByExample+1","Slimebound:SlimeBarrage"],"picked":"Slimebound:Recycling+1","floor":30},{"not_picked":["Slimebound:ItLooksTasty","Slimebound:SplitMire","Slimebound:PressTheAttack"],"picked":"SKIP","floor":35},{"not_picked":["Slimebound:ComboTackle","Slimebound:FinishingTackle+1","Slimebound:SlimeBrawl"],"picked":"SKIP","floor":37},{"not_picked":["Slimebound:FinishingTackle","Slimebound:ForwardTackle"],"picked":"Slimebound:SpikyOuterGoop+1","floor":38},{"not_picked":["Slimebound:LeechEnergy","Slimebound:Chomp+1","Slimebound:GrowthPunch+1"],"picked":"SKIP","floor":39},{"not_picked":["Slimebound:ViciousTackle","Slimebound:SplitAcid","Slimebound:SplitBruiser"],"picked":"SKIP","floor":41},{"not_picked":["Slimebound:DouseInSlime","Slimebound:SplitLeeching+1"],"picked":"Slimebound:RainOfGoop+1","floor":42},{"not_picked":["Slimebound:TongueLash","Slimebound:CheckThePlaybook"],"picked":"Slimebound:Grow+1","floor":45},{"not_picked":["Slimebound:FinishingTackle+1","Slimebound:RollThrough"],"picked":"Slimebound:SamplingLick+1","floor":47},{"not_picked":["Slimebound:GrowthPunch+1","Slimebound:Prepare+1","Slimebound:FirmFortitude+1"],"picked":"SKIP","floor":48},{"not_picked":["Slimebound:LeechingTouch+1","Slimebound:RollThrough+1"],"picked":"Slimebound:Gluttony+1","floor":54}],"player_experience":951688,"relics_obtained":[{"floor":9.0,"key":"Strawberry"},{"floor":11.0,"key":"Toy Ornithopter"},{"floor":14.0,"key":"Old Coin"},{"floor":17,"key":"Tiny Chest"},{"floor":17,"key":"Mummified Hand"},{"floor":17,"key":"Peace Pipe"},{"floor":24,"key":"Letter Opener"},{"floor":26,"key":"White Beast Statue"},{"floor":28,"key":"Frozen Egg 2"},{"floor":30,"key":"Slimebound:SlimedTailRelic"},{"floor":36,"key":"Blue Candle"},{"floor":45,"key":"Sundial"},{"floor":54,"key":"Mercury Hourglass"}],"event_choices":[{"damage_healed":0.0,"max_hp_gain":0.0,"max_hp_loss":0.0,"gold_gain":0.0,"cards_transformed":["Slimebound:Strike_Slimebound"],"event_name":"Transmorgrifier","player_choice":"Transformed","floor":2.0,"gold_loss":0.0,"damage_taken":0.0,"cards_obtained":["Slimebound:MassFeed"]},{"damage_healed":0.0,"max_hp_gain":5.0,"max_hp_loss":0.0,"gold_gain":0.0,"event_name":"Big Fish","player_choice":"Donut","floor":5.0,"gold_loss":0.0,"damage_taken":0.0},{"damage_healed":0,"gold_gain":0,"player_choice":"Forge","damage_taken":0,"max_hp_gain":0,"max_hp_loss":0,"event_name":"Accursed Blacksmith","floor":20,"gold_loss":0,"cards_upgraded":["Slimebound:MegaLick"]},{"cards_removed":["Apotheosis"],"damage_healed":0,"gold_gain":0,"player_choice":"Take \u0026 Give","damage_taken":0,"max_hp_gain":0,"max_hp_loss":0,"event_name":"betterNote:BetterNote","floor":21,"gold_loss":0,"cards_obtained":["Seek"]},{"damage_healed":0,"gold_gain":0,"player_choice":"Read","damage_taken":0,"max_hp_gain":0,"max_hp_loss":0,"event_name":"The Library","floor":29,"gold_loss":0,"cards_obtained":["Slimebound:ProtectTheBoss"]}],"is_beta":false,"boss_relics":[{"not_picked":["Pandora\u0027s Box","Ectoplasm"],"picked":"Calling Bell"},{"not_picked":["Sozu","Slimebound:TarBlob"],"picked":"Empty Cage"}],"items_purged_floors":[0,0],"is_endless":false,"potions_floor_spawned":[1,3,11,19,28,30,33,35,37,38,39,41,42,45,47,48,54],"ascension_level":9}}