{"host":"xwog71r75u8mqwn1","time":1610423135,"event":{"mods":["BaseMod","Evolution","Minty Spire (QoL Compilation)","StSLib"],"gold_per_floor":[110,121,132,132,207,207,222,222,222,222,236,9,35,50,50,149,149,161,161,171,16,28,28,28,28],"floor_reached":24,"playtime":1086,"items_purged":["Strike_P"],"score":256,"play_id":"61db19fb-91a6-49ac-95d3-b152cf40082d","local_time":"20210111214535","is_ascension_mode":true,"campfire_choices":[{"data":"LikeWater","floor":6,"key":"SMITH"},{"floor":10,"key":"REST"},{"data":"Devotion","floor":15,"key":"SMITH"},{"data":"FlurryOfBlows","floor":23,"key":"SMITH"}],"circlet_count":0,"master_deck":["Strike_P","Strike_P+1","Strike_P+1","Defend_P","Defend_P","Defend_P","Defend_P+1","Eruption+1","Vigilance","LikeWater+1","Protect","Prostrate","BowlingBash+1","Devotion+1","FlurryOfBlows+1","ConjureBlade+1","InnerPeace+1","Prostrate+1","Prostrate+1"],"relics":["PureWater","EVO:Axolotl","Thread and Needle","Toxic Egg 2","TheAbacus","Damaru","VioletLotus","Whetstone"],"acts_visited":["Exordium","TheCity"],"potions_floor_usage":[13,16,18,24],"damage_taken":[{"damage":0,"enemies":"2 Louse","floor":1,"turns":1},{"damage":0,"enemies":"Cultist","floor":2,"turns":3},{"damage":7,"enemies":"Jaw Worm","floor":3,"turns":6},{"damage":5,"enemies":"Gremlin Gang","floor":7,"turns":5},{"damage":0,"enemies":"Looter","floor":11,"turns":5},{"damage":0,"enemies":"3 Sentries","floor":13,"turns":8},{"damage":2,"enemies":"Exordium Thugs","floor":14,"turns":4},{"damage":10,"enemies":"Hexaghost","floor":16,"turns":12},{"damage":9,"enemies":"Chosen","floor":18,"turns":6},{"damage":1,"enemies":"3 Byrds","floor":20,"turns":4},{"damage":15,"enemies":"Shelled Parasite and Fungi","floor":22,"turns":4},{"damage":52,"enemies":"Slavers","floor":24,"turns":3}],"seed_played":"-5833210444304331732","potions_obtained":[{"floor":1,"key":"SteroidPotion"},{"floor":2,"key":"EntropicBrew"},{"floor":13,"key":"PowerPotion"},{"floor":16,"key":"GamblersBrew"},{"floor":22,"key":"SkillPotion"}],"is_trial":false,"path_per_floor":["M","M","M","?","?","R","M","?","T","R","M","$","E","M","R","B",null,"M","?","M","$","M","R","E"],"character_chosen":"WATCHER","items_purchased":["TheAbacus","Whetstone"],"campfire_rested":1,"item_purchase_floors":[12,21],"current_hp_per_floor":[72,72,65,51,40,40,35,35,35,56,56,56,56,54,54,44,72,63,63,62,62,47,47,0,0],"gold":28,"neow_bonus":"UPGRADE_CARD","is_daily":false,"chose_seed":false,"campfire_upgraded":3,"win_rate":0.0,"timestamp":1610423135,"path_taken":["M","M","M","?","?","R","M","?","T","R","M","$","E","M","R","BOSS","M","?","M","$","M","R","E"],"items_purchased_type":["Relic","Relic"],"build_version":"2020-12-22","purchased_purges":1,"victory":false,"max_hp_per_floor":[72,72,72,72,72,72,72,72,72,72,72,72,72,72,72,72,72,72,72,72,72,72,72,72,72],"card_choices":[{"not_picked":["Wireheading","DeceiveReality"],"picked":"LikeWater","floor":1},{"not_picked":["FollowUp","Weave"],"picked":"Protect","floor":2},{"not_picked":["CrushJoints","JustLucky"],"picked":"Prostrate","floor":3},{"not_picked":["Wallop","Weave","ClearTheMind"],"picked":"SKIP","floor":7},{"not_picked":["EmptyFist","ThirdEye+1"],"picked":"BowlingBash","floor":11},{"not_picked":["SignatureMove","Perseverance+1"],"picked":"Devotion","floor":13},{"not_picked":["FlyingSleeves","Indignation+1"],"picked":"FlurryOfBlows","floor":14},{"not_picked":["Ragnarok","LessonLearned"],"picked":"ConjureBlade+1","floor":16},{"not_picked":["EmptyFist+1","SashWhip+1","Halt+1"],"picked":"SKIP","floor":18},{"not_picked":["Consecrate","CutThroughFate"],"picked":"Prostrate+1","floor":20},{"not_picked":["Indignation+1","Consecrate"],"picked":"Prostrate+1","floor":22}],"player_experience":2447683,"relics_obtained":[{"floor":9,"key":"Toxic Egg 2"},{"floor":13,"key":"Damaru"}],"event_choices":[{"damage_healed":0,"gold_gain":0,"player_choice":"Entered Light","damage_taken":14,"max_hp_gain":0,"max_hp_loss":0,"event_name":"Shining Light","floor":4,"gold_loss":0,"cards_upgraded":["Strike_P","Defend_P"]},{"damage_healed":0,"gold_gain":75,"player_choice":"Gather Gold","damage_taken":11,"max_hp_gain":0,"max_hp_loss":0,"event_name":"World of Goop","floor":5,"gold_loss":0},{"damage_healed":0,"gold_gain":0,"player_choice":"Gave Potion","damage_taken":0,"relics_obtained":["Thread and Needle"],"max_hp_gain":0,"max_hp_loss":0,"event_name":"WeMeetAgain","floor":8,"gold_loss":0},{"damage_healed":0,"gold_gain":0,"player_choice":"Read","damage_taken":0,"max_hp_gain":0,"max_hp_loss":0,"event_name":"The Library","floor":19,"gold_loss":0,"cards_obtained":["InnerPeace"]}],"is_beta":false,"boss_relics":[{"not_picked":["Snecko Eye","SlaversCollar"],"picked":"VioletLotus"}],"items_purged_floors":[12],"is_endless":false,"potions_floor_spawned":[1,2,13,16,22],"killed_by":"Slavers","ascension_level":3}}