{"host":"i0avyit1s6jb1siw","time":1610450956,"event":{"mods":["BaseMod","DeckTracker","Dota2Spire","Highlight Path","Minty Spire (QoL Compilation)","Quick Restart","StSLib","SuperFastMode"],"gold_per_floor":[119,135,105,120,138,138,172,183,206,224,240,273,273,273,273,273,273],"floor_reached":16,"playtime":372,"items_purged":[],"score":278,"play_id":"20b2138e-d3e1-4160-8274-a30c0c5b4c2a","local_time":"20210112122916","is_ascension_mode":true,"campfire_choices":[{"data":"Terror","floor":6,"key":"SMITH"},{"data":"Tactician","floor":15,"key":"SMITH"}],"circlet_count":0,"master_deck":["AscendersBane","Strike_G","Strike_G","Strike_G","Strike_G","Strike_G","Defend_G","Defend_G","Defend_G","Defend_G","Defend_G","Survivor","Neutralize+1","Tactician+1","Terror+1","Poisoned Stab","Predator","Corpse Explosion"],"relics":["Ring of the Snake","HornCleat","Nunchaku","Golden Idol"],"acts_visited":["Exordium"],"potions_floor_usage":[7,12,12,16],"damage_taken":[{"damage":6,"enemies":"Small Slimes","floor":1,"turns":5},{"damage":0,"enemies":"Cultist","floor":2,"turns":4},{"damage":2,"enemies":"Jaw Worm","floor":4,"turns":5},{"damage":25,"enemies":"3 Louse","floor":5,"turns":6},{"damage":12,"enemies":"Lagavulin","floor":7,"turns":6},{"damage":1,"enemies":"Blue Slaver","floor":8,"turns":4},{"damage":0,"enemies":"2 Fungi Beasts","floor":10,"turns":4},{"damage":0,"enemies":"3 Louse","floor":11,"turns":5},{"damage":0,"enemies":"Gremlin Nob","floor":12,"turns":3},{"damage":17,"enemies":"Hexaghost","floor":16,"turns":7}],"seed_played":"7028669636930165892","potions_obtained":[{"floor":1,"key":"Block Potion"},{"floor":3,"key":"Strength Potion"},{"floor":3,"key":"Fire Potion"},{"floor":10,"key":"SkillPotion"},{"floor":12,"key":"PowerPotion"}],"is_trial":false,"path_per_floor":["M","M","?","M","M","R","E","M","T","M","M","E","?","?","R","B"],"character_chosen":"THE_SILENT","items_purchased":[],"campfire_rested":0,"item_purchase_floors":[],"current_hp_per_floor":[53,53,53,51,26,26,14,13,13,13,13,13,13,13,13,0,0],"gold":273,"neow_bonus":"UPGRADE_CARD","is_daily":false,"chose_seed":false,"campfire_upgraded":2,"win_rate":0.0,"timestamp":1610450956,"path_taken":["M","M","?","M","M","R","E","?","T","M","M","E","?","?","R","BOSS"],"items_purchased_type":[],"build_version":"2020-12-22","purchased_purges":0,"victory":false,"max_hp_per_floor":[66,66,66,66,66,66,66,66,66,66,66,66,66,60,60,60,60],"card_choices":[{"not_picked":["Heel Hook","Slice","Backflip"],"picked":"SKIP","floor":1},{"not_picked":["Heel Hook","PiercingWail"],"picked":"Tactician","floor":2},{"not_picked":["Prepared","Accuracy"],"picked":"Terror","floor":4},{"not_picked":["Underhanded Strike","Backflip"],"picked":"Poisoned Stab","floor":5},{"not_picked":["Dodge and Roll","PiercingWail","Finisher"],"picked":"SKIP","floor":7},{"not_picked":["Heel Hook","Underhanded Strike","Acrobatics"],"picked":"SKIP","floor":8},{"not_picked":["Finisher","Sucker Punch"],"picked":"Predator","floor":10},{"not_picked":["Dagger Spray","Outmaneuver","Deflect"],"picked":"SKIP","floor":11},{"not_picked":["Poisoned Stab","Backflip"],"picked":"Corpse Explosion","floor":12}],"player_experience":2213626,"relics_obtained":[{"floor":7,"key":"HornCleat"},{"floor":12,"key":"Nunchaku"}],"event_choices":[{"damage_healed":0,"gold_gain":0,"player_choice":"Bought 2 Potions","damage_taken":0,"max_hp_gain":0,"max_hp_loss":0,"event_name":"The Woman in Blue","floor":3,"gold_loss":0},{"damage_healed":0,"gold_gain":0,"player_choice":"Fled","damage_taken":0,"max_hp_gain":0,"max_hp_loss":0,"event_name":"Scrap Ooze","floor":13,"gold_loss":0},{"damage_healed":0,"gold_gain":0,"player_choice":"Lose Max HP","damage_taken":0,"relics_obtained":["Golden Idol"],"max_hp_gain":0,"max_hp_loss":6,"event_name":"Golden Idol","floor":14,"gold_loss":0}],"is_beta":false,"boss_relics":[],"items_purged_floors":[],"is_endless":false,"potions_floor_spawned":[1,4,5,10,12],"killed_by":"Hexaghost","ascension_level":20}}