{"host":"sum4dy402bbv9y4o","time":1610477860,"event":{"mods":["Aspiration","BaseMod","Conspire","Highlight Path","Minty Spire (QoL Compilation)","StSLib"],"gold_per_floor":[111,3,21,35,48,48,79,79,79,91,116,126,51,84,84,161,161,171,71,59,30,30,30,62,62,111,137,137,152,168,203,203,203,203],"floor_reached":33,"playtime":1200,"items_purged":["Defend_B","Defend_B"],"score":650,"play_id":"ac9b892b-e96a-4692-b1cd-2e21d6560dbb","local_time":"20210112215740","is_ascension_mode":true,"campfire_choices":[{"data":"Dualcast","floor":6,"key":"SMITH"},{"data":"Zap","floor":8,"key":"SMITH"},{"data":"Defragment","floor":15,"key":"SMITH"},{"data":"Fission","floor":23,"key":"SMITH"},{"floor":25,"key":"REST"},{"floor":28,"key":"REST"},{"floor":32,"key":"REST"}],"circlet_count":0,"master_deck":["AscendersBane","Strike_B","Strike_B","Strike_B","Zap+1","Dualcast+1","Self Repair","Glacier","Rebound","Gash","Glacier","Melter","Defragment+1","Electrodynamics","Redo","Fission+1","Beam Cell","Shame","Heatsinks+1","Self Repair+1","Cold Snap+1"],"relics":["Cracked Core","aspiration:Nostalgia","Burning Blood","Cables","conspire:Boomerang","Orichalcum","Gremlin Horn","Inserter","Bag of Preparation","aspiration:SeaSaltIceCream","Astrolabe","Smiling Mask","Pen Nib","aspiration:StickyExplosives"],"acts_visited":["Exordium","TheCity"],"potions_floor_usage":[7],"damage_taken":[{"damage":0,"enemies":"2 Louse","floor":1,"turns":2},{"damage":3,"enemies":"Small Slimes","floor":3,"turns":4},{"damage":1,"enemies":"Jaw Worm","floor":4,"turns":3},{"damage":0,"enemies":"2 Fungi Beasts","floor":5,"turns":4},{"damage":42,"enemies":"Gremlin Nob","floor":7,"turns":6},{"damage":12,"enemies":"Large Slime","floor":10,"turns":4},{"damage":15,"enemies":"3 Sentries","floor":11,"turns":5},{"damage":0,"enemies":"Looter","floor":12,"turns":3},{"damage":16,"enemies":"Gremlin Nob","floor":14,"turns":4},{"damage":13,"enemies":"Hexaghost","floor":16,"turns":8},{"damage":15,"enemies":"Shell Parasite","floor":18,"turns":3},{"damage":19,"enemies":"2 Thieves","floor":20,"turns":5},{"damage":42,"enemies":"Book of Stabbing","floor":24,"turns":7},{"damage":30,"enemies":"Gremlin Leader","floor":27,"turns":6},{"damage":0,"enemies":"Sentry and Sphere","floor":29,"turns":2},{"damage":10,"enemies":"Snake Plant","floor":30,"turns":4},{"damage":52,"enemies":"Slavers","floor":31,"turns":4},{"damage":83,"enemies":"Automaton","floor":33,"turns":8}],"seed_played":"6181568235729482462","potions_obtained":[{"floor":1,"key":"FairyPotion"},{"floor":4,"key":"Strength Potion"},{"floor":7,"key":"EssenceOfSteel"},{"floor":16,"key":"PotionOfCapacity"}],"is_trial":false,"path_per_floor":["M","$","M","M","M","R","E","R","T","M","E","M","$","E","R","B",null,"M","$","M","$","?","R","E","R","T","E","R","M","M","E","R","B"],"character_chosen":"DEFECT","items_purchased":["Glacier","Rebound","Beam Cell"],"campfire_rested":3,"item_purchase_floors":[2,2,21],"current_hp_per_floor":[70,70,71,71,71,71,35,35,35,36,34,40,40,30,30,30,61,59,59,53,53,53,53,17,38,38,31,52,65,71,32,53,0,0],"gold":203,"neow_bonus":"NOSTALGIA","is_daily":false,"chose_seed":false,"campfire_upgraded":4,"win_rate":0.0,"timestamp":1610477860,"path_taken":["M","$","M","M","M","R","E","R","T","M","E","M","$","E","R","BOSS","M","$","M","$","?","R","E","R","T","E","R","M","M","E","R","BOSS"],"items_purchased_type":["Card","Card","Card"],"build_version":"2020-12-22","purchased_purges":2,"victory":false,"max_hp_per_floor":[71,71,71,71,71,71,71,71,71,71,71,71,71,71,71,71,71,71,71,71,71,71,71,71,71,71,71,71,71,71,71,71,71,71],"card_choices":[{"not_picked":["Fusion","White Noise"],"picked":"Self Repair","floor":1},{"not_picked":["Reprogram","Darkness"],"picked":"Gash","floor":3},{"not_picked":["Coolheaded","Hologram"],"picked":"Glacier","floor":4},{"not_picked":["Turbo","Auto Shields","Conserve Battery"],"picked":"SKIP","floor":5},{"not_picked":["Glacier","Leap"],"picked":"Melter","floor":7},{"not_picked":["Scrape","Biased Cognition"],"picked":"Defragment","floor":10},{"not_picked":["Compile Driver","Static Discharge"],"picked":"Electrodynamics","floor":11},{"not_picked":["Doom and Gloom","Rebound"],"picked":"Redo","floor":12},{"not_picked":["Coolheaded","Skim","Conserve Battery"],"picked":"SKIP","floor":14},{"not_picked":["Thunder Strike","Creative AI"],"picked":"Fission","floor":16},{"not_picked":["Steam","Steam Power","Coolheaded+1"],"picked":"SKIP","floor":18},{"not_picked":["Steam Power","Tempest","Turbo"],"picked":"SKIP","floor":20},{"not_picked":["Consume","Stack","Reprogram"],"picked":"SKIP","floor":24},{"not_picked":["Double Energy","Turbo","Redo"],"picked":"SKIP","floor":27},{"not_picked":["Stack","Creative AI","Steam"],"picked":"SKIP","floor":29},{"not_picked":["Cold Snap","Beam Cell","conspire:SharedLibrary"],"picked":"SKIP","floor":30},{"not_picked":["Streamline","Stack","Sweeping Beam"],"picked":"SKIP","floor":31}],"player_experience":2929671,"relics_obtained":[{"floor":7,"key":"Cables"},{"floor":9,"key":"conspire:Boomerang"},{"floor":11,"key":"Orichalcum"},{"floor":14,"key":"Gremlin Horn"},{"floor":24,"key":"aspiration:SeaSaltIceCream"},{"floor":26,"key":"Smiling Mask"},{"floor":27,"key":"Pen Nib"},{"floor":31,"key":"aspiration:StickyExplosives"}],"event_choices":[{"damage_healed":0,"gold_gain":0,"player_choice":"Stole Relic","damage_taken":0,"relics_obtained":["Bag of Preparation"],"max_hp_gain":0,"max_hp_loss":0,"event_name":"Addict","floor":22,"gold_loss":0,"cards_obtained":["Shame"]}],"is_beta":false,"boss_relics":[{"not_picked":["Fusion Hammer","Philosopher\u0027s Stone"],"picked":"Inserter"}],"items_purged_floors":[13,19],"is_endless":false,"potions_floor_spawned":[1,4,7,10,16,29,31],"killed_by":"Automaton","ascension_level":20}}