{"host":"g0h2b624hxmxacav","time":1610431220,"event":{"mods":["BaseMod","Colored Map","Downfall","Luminous","Marisa£®ÏF”Í°°ƒß¿Ì…≥£©","Minty Spire (QoL Compilation)","Replay The Spire","StSLib","°æ“≈ŒÔø®≈∆°øREMEMod"],"gold_per_floor":[399,418,418,435,455,40,65,77,62,78,3,3,21,32,47,47,47],"floor_reached":16,"playtime":1348,"items_purged":["sneckomod:Unknown3Cost+1"],"score":96,"play_id":"8cddb6ab-3004-467f-859f-3859bc17e804","local_time":"20210112140020","is_ascension_mode":false,"campfire_choices":[{"floor":1.0,"key":"RECALL"},{"floor":11.0,"key":"REST"}],"circlet_count":0,"master_deck":["hexamod:Strike","hexamod:Strike","hexamod:Strike","hexamod:Strike","hexamod:Defend","hexamod:Defend","hexamod:Defend","hexamod:Defend","hexamod:Sear","hexamod:Float","sneckomod:MorePower+1","hexamod:RecurringNightmare","sneckomod:UnknownClassHEXA_GHOST_PURPLE+1","hexamod:DynamicBlow","hexamod:StepThrough","sneckomod:UnknownClassDEFAULT_GRAY_COLOR+1","hexamod:HexaLevel","REME_Flogging","hexamod:EtherealExpedition","sneckomod:UnknownRareAttack+1","hexamod:ThirdSeal","hexamod:CrushingStance","hexamod:BurningTouch","hexamod:FastForward","hexamod:VolcanoVisage","hexamod:FirstSeal","hexamod:Rewind"],"relics":["hexamod:SpiritBrand","REME_ComplimentaryCards","Old Coin","Omamori","downfall:HeartBlessingBlue"],"acts_visited":["Exordium"],"potions_floor_usage":[16,16,16],"damage_taken":[{"damage":1.0,"enemies":"2 Louse","floor":2.0,"turns":3.0},{"damage":0.0,"enemies":"Cultist","floor":4.0,"turns":3.0},{"damage":4.0,"enemies":"Small Slimes","floor":5.0,"turns":3.0},{"damage":4.0,"enemies":"downfall:FleeingMerchant","floor":6.0,"turns":4.0},{"damage":13.0,"enemies":"Blue Slaver","floor":8.0,"turns":3.0},{"damage":0.0,"enemies":"downfall:FleeingMerchant","floor":9.0,"turns":4.0},{"damage":4.0,"enemies":"Large Slime","floor":10.0,"turns":4.0},{"damage":15.0,"enemies":"Lots of Slimes","floor":13.0,"turns":4.0},{"damage":16.0,"enemies":"Red Slaver","floor":14.0,"turns":4.0},{"damage":14.0,"enemies":"Exordium Wildlife","floor":15.0,"turns":6.0},{"damage":32,"enemies":"downfall:Defect","floor":16,"turns":5}],"seed_played":"5543505629810741094","potions_obtained":[{"floor":4.0,"key":"Explosive Potion"},{"floor":10.0,"key":"hexamod:EctoCoolerPotion"},{"floor":13.0,"key":"EssenceOfSteel"}],"is_trial":false,"path_per_floor":["R","M","?","M","M","$","T","M","$","M","R","?","M","M","M","B"],"character_chosen":"THE_SPIRIT","items_purchased":["REME_Flogging","Omamori"],"campfire_rested":1,"item_purchase_floors":[6,6],"current_hp_per_floor":[63,62,62,62,58,54,54,41,41,37,68,68,53,37,30,0,0],"gold":47,"neow_bonus":"ONE_RARE_RELIC","is_daily":false,"chose_seed":false,"campfire_upgraded":0,"win_rate":0.0,"timestamp":1610431220,"path_taken":["R","M","?","M","?","$","T","M","$","M","R","?","M","M","M","BOSS"],"items_purchased_type":["Card","Relic"],"build_version":"2020-12-22","purchased_purges":1,"victory":false,"max_hp_per_floor":[63,63,63,63,63,63,63,63,63,63,73,73,73,73,73,73,73],"card_choices":[{"not_picked":["sneckomod:Unknown1Cost+1","Replay:UnknownCurse"],"picked":"sneckomod:Unknown3Cost+1","floor":2.0},{"not_picked":["hexamod:SpectersWail","hexamod:HauntingEcho"],"picked":"hexamod:RecurringNightmare","floor":2.0},{"not_picked":["sneckomod:UnknownClassGREEN+1","sneckomod:UnknownCommonSkill+1"],"picked":"sneckomod:UnknownClassHEXA_GHOST_PURPLE+1","floor":4.0},{"not_picked":["hexamod:BacktrackSmack","hexamod:GhostLash"],"picked":"hexamod:DynamicBlow","floor":4.0},{"not_picked":["sneckomod:UnknownRarePower+1","sneckomod:UnknownClassLight+1"],"picked":"sneckomod:UnknownUncommonAttack+1","floor":5.0},{"not_picked":["hexamod:RainOfEmbers","hexamod:AdvancingGuard"],"picked":"hexamod:StepThrough","floor":5.0},{"not_picked":["sneckomod:UnknownCommonSkill+1","sneckomod:UnknownExhaust+1"],"picked":"sneckomod:UnknownClassDEFAULT_GRAY_COLOR+1","floor":6.0},{"not_picked":["hexamod:SwordOfDarkness","hexamod:SpectersWail"],"picked":"hexamod:HexaLevel","floor":6.0},{"not_picked":["hexamod:RainOfEmbers","hexamod:Firestarter"],"picked":"hexamod:EtherealExpedition","floor":8.0},{"not_picked":["sneckomod:UnknownStrength+1","sneckomod:UnknownUncommonSkill+1"],"picked":"sneckomod:UnknownRareAttack+1","floor":9.0},{"not_picked":["hexamod:SkipABeat","hexamod:FastForward"],"picked":"hexamod:ThirdSeal","floor":9.0},{"not_picked":["hexamod:GhostShield","hexamod:InspiringFlames"],"picked":"hexamod:CrushingStance","floor":10.0},{"not_picked":["hexamod:GhostLash","hexamod:AdvancingGuard","hexamod:HauntingEcho"],"picked":"SKIP","floor":10.0},{"not_picked":["Replay:UnknownCurse","sneckomod:UnknownClassRED+1","sneckomod:UnknownClassMARISA_COLOR+1"],"picked":"SKIP","floor":10.0},{"not_picked":["hexamod:ShieldOfDarkness","hexamod:Firestarter"],"picked":"hexamod:BurningTouch","floor":13.0},{"not_picked":["hexamod:RainOfEmbers","hexamod:ThermalTransfer"],"picked":"hexamod:FastForward","floor":13.0},{"not_picked":["sneckomod:UnknownCommonAttack+1","sneckomod:UnknownClassLight+1","sneckomod:Unknown1Cost+1"],"picked":"SKIP","floor":13.0},{"not_picked":["hexamod:Firestarter","hexamod:HeatMetal"],"picked":"hexamod:VolcanoVisage","floor":14.0},{"not_picked":["hexamod:Firestarter","hexamod:EtherealExpedition"],"picked":"hexamod:FirstSeal","floor":14.0},{"not_picked":["sneckomod:UnknownCommonSkill+1","sneckomod:UnknownClassGREEN+1","sneckomod:UnknownStrength+1"],"picked":"SKIP","floor":14.0},{"not_picked":["hexamod:NightmareStrike","hexamod:AdvancingGuard"],"picked":"hexamod:Rewind","floor":15.0},{"not_picked":["hexamod:BacktrackSmack","hexamod:RecurringNightmare","hexamod:StepThrough"],"picked":"SKIP","floor":15.0}],"player_experience":61924,"relics_obtained":[],"event_choices":[{"damage_healed":0.0,"max_hp_gain":0.0,"max_hp_loss":0.0,"gold_gain":0.0,"event_name":"Accursed Blacksmith","player_choice":"Forge","floor":3.0,"gold_loss":0.0,"damage_taken":0.0,"cards_upgraded":["sneckomod:MorePower"]},{"cards_removed":["sneckomod:UnknownUncommonAttack"],"damage_healed":0.0,"max_hp_gain":0.0,"max_hp_loss":0.0,"gold_gain":0.0,"event_name":"Purifier","player_choice":"Purged","floor":12.0,"gold_loss":0.0,"damage_taken":0.0}],"is_beta":false,"boss_relics":[],"items_purged_floors":[6],"is_endless":false,"potions_floor_spawned":[4,10,13],"killed_by":"downfall:Defect","ascension_level":0}}