{"host":"ctlqibkg0sskiu65","time":1610434262,"event":{"mods":["2.2 Compatiblity","AchievementEnabler","Aspiration","BaseMod","BetterRewards","Colored Map","Colored Powertips","Conspire","Downfall","Fiend Mod","Infinite Spire","Minty Spire (QoL Compilation)","Quick Restart","Replay The Spire","Shop Mod","StSLib","The Bladedancer","The Cursed","The Hierophant","The Jungle","The Kombatant","The Poker Player","The Servant 0.9.4","TheBandit"],"gold_per_floor":[109,122,122,139,139,139,154,182,207,207,224,224,224],"floor_reached":12,"playtime":518,"items_purged":["Strike_G"],"score":128,"play_id":"725fb4fa-f72c-4935-be20-bd77143d61ed","local_time":"20210112005102","is_ascension_mode":true,"campfire_choices":[{"data":"Footwork","floor":6,"key":"SMITH"},{"floor":10,"key":"REST"}],"circlet_count":0,"master_deck":["AscendersBane","Strike_G","Strike_G","Strike_G","Strike_G","Defend_G","Defend_G","Defend_G","Defend_G","Defend_G","Survivor","Neutralize","Footwork+1","Backflip","Footwork","Deadly Poison","Deadly Poison"],"relics":["Ring of the Snake","infinitespire:Joker Card","TwistedFunnel","GremlinMask","infinitespire:FocusingShard","Boot"],"acts_visited":["Exordium"],"potions_floor_usage":[8,8],"damage_taken":[{"damage":0,"enemies":"2 Louse","floor":1,"turns":3},{"damage":0,"enemies":"Cultist","floor":2,"turns":3},{"damage":2,"enemies":"Jaw Worm","floor":4,"turns":5},{"damage":3,"enemies":"3 Louse","floor":7,"turns":4},{"damage":40,"enemies":"Lagavulin","floor":8,"turns":18},{"damage":4,"enemies":"Lots of Slimes","floor":11,"turns":4},{"damage":40,"enemies":"Gremlin Nob","floor":12,"turns":4}],"seed_played":"-7242216892499172420","potions_obtained":[{"floor":4,"key":"EssenceOfSteel"},{"floor":7,"key":"Swift Potion"},{"floor":8,"key":"Adrenaline Potion"}],"is_trial":false,"path_per_floor":["M","M","$","M","?","R","M","E","T","R","M","E"],"character_chosen":"THE_SILENT","items_purchased":["TwistedFunnel","Footwork"],"campfire_rested":1,"item_purchase_floors":[0,0],"current_hp_per_floor":[63,63,63,61,61,61,58,18,18,39,35,0,0],"gold":224,"neow_bonus":"","is_daily":false,"chose_seed":false,"campfire_upgraded":1,"win_rate":0.0,"timestamp":1610434262,"path_taken":["M","M","$","M","?","R","M","E","T","R","M","E"],"items_purchased_type":["Relic","Card"],"build_version":"2020-12-22","purchased_purges":1,"victory":false,"max_hp_per_floor":[70,70,70,70,70,70,70,70,70,70,70,70,70],"card_choices":[{"not_picked":["Outmaneuver","Sucker Punch"],"picked":"Backflip","floor":1},{"not_picked":["Expertise","Slice","Flying Knee"],"picked":"SKIP","floor":2},{"not_picked":["Heel Hook","Acrobatics","Dagger Spray"],"picked":"SKIP","floor":4},{"not_picked":["Hidden Blade","Flechettes"],"picked":"Footwork","floor":7},{"not_picked":["Draining Mist","Sucker Punch"],"picked":"Deadly Poison","floor":8},{"not_picked":["Dagger Throw","Deflect"],"picked":"Deadly Poison","floor":11}],"player_experience":199155,"relics_obtained":[{"floor":8,"key":"infinitespire:FocusingShard"},{"floor":9,"key":"Boot"}],"event_choices":[{"damage_healed":0,"gold_gain":0,"player_choice":"Trade","damage_taken":0,"relics_obtained":["GremlinMask"],"max_hp_gain":0,"max_hp_loss":0,"event_name":"FaceTrader","floor":5,"gold_loss":0}],"is_beta":false,"boss_relics":[],"items_purged_floors":[0],"is_endless":false,"potions_floor_spawned":[4,7,8],"killed_by":"Gremlin Nob","ascension_level":12}}