{"host":"qijhzzkmbgiiyux7","time":1610477760,"event":{"mods":["BaseMod","Downfall","Hermit","Minty Spire (QoL Compilation)","Replay The Spire","StSLib","The Cursed"],"gold_per_floor":[111,128,145,19,19,19,33,33,59,74,74,87,121,121,121,224,274,293,293,0,15,15,15],"floor_reached":22,"playtime":1563,"items_purged":[],"score":186,"play_id":"d4721731-1b87-4801-9359-f8d3b5366a60","local_time":"20210112215600","is_ascension_mode":false,"campfire_choices":[{"data":"TheCursedMod:HellfireBreathing","floor":6,"key":"SMITH"},{"floor":8,"key":"REST"},{"data":"TheCursedMod:ManaBullet","floor":11,"key":"SMITH"},{"floor":15,"key":"REST"}],"circlet_count":0,"master_deck":["TheCursedMod:Strike_TheCursed","TheCursedMod:Strike_TheCursed","TheCursedMod:Strike_TheCursed","TheCursedMod:Strike_TheCursed","TheCursedMod:Defend_TheCursed+1","TheCursedMod:Defend_TheCursed+1","TheCursedMod:Defend_TheCursed","TheCursedMod:Defend_TheCursed","TheCursedMod:CursedWand","TheCursedMod:CleanUpWorkshop+1","TheCursedMod:Dregs","TheCursedMod:ManaBullet+1","TheCursedMod:RapidMovement","TheCursedMod:SpreadPlague+1","TheCursedMod:HellfireBreathing+1","TheCursedMod:Stigma","TheCursedMod:CircleOfBlood","TheCursedMod:Grudge","TheCursedMod:CursedBlade","TheCursedMod:Wield+1","TheCursedMod:CollectTribute","TheCursedMod:TroublousMinions","TheCursedMod:CircleOfCorruption+1","Voices","TheCursedMod:CursedShiv"],"relics":["TheCursedMod:BlackMagic101","Gremlin Food","ReplayTheSpireMod:TigerMarble","Tiny House","ReplayTheSpireMod:Lightbulb"],"acts_visited":["Exordium","TheCity"],"potions_floor_usage":[16,16],"damage_taken":[{"damage":0,"enemies":"Cultist","floor":1,"turns":4},{"damage":0,"enemies":"Small Slimes","floor":2,"turns":3},{"damage":1,"enemies":"Jaw Worm","floor":3,"turns":4},{"damage":19,"enemies":"2 Fungi Beasts","floor":7,"turns":3},{"damage":7,"enemies":"Looter","floor":10,"turns":4},{"damage":8,"enemies":"Large Slime","floor":12,"turns":6},{"damage":13,"enemies":"Lagavulin","floor":13,"turns":7},{"damage":76,"enemies":"Slime Boss","floor":16,"turns":14},{"damage":13,"enemies":"Spheric Guardian","floor":18,"turns":5},{"damage":31,"enemies":"3 Byrds","floor":21,"turns":4},{"damage":50,"enemies":"Shelled Parasite and Fungi","floor":22,"turns":5}],"seed_played":"-3369151666744937136","potions_obtained":[{"floor":1,"key":"Dexterity Potion"},{"floor":3,"key":"CultistPotion"},{"floor":7,"key":"Dexterity Potion"},{"floor":13,"key":"Fire Potion"},{"floor":16,"key":"Milkshake"},{"floor":17,"key":"Doom Potion"}],"is_trial":false,"path_per_floor":["M","M","M","$","?","R","M","R","T","M","R","M","E","?","R","B",null,"M","?","?","M","M"],"character_chosen":"THE_CURSED","items_purchased":["TheCursedMod:HellfireBreathing","TheCursedMod:Stigma"],"campfire_rested":2,"item_purchase_floors":[4,4],"current_hp_per_floor":[82,82,81,81,65,65,46,70,70,63,63,59,52,52,76,2,87,74,74,74,43,0,0],"gold":15,"neow_bonus":"TEN_PERCENT_HP_BONUS","is_daily":false,"chose_seed":false,"campfire_upgraded":2,"win_rate":0.0,"timestamp":1610477760,"path_taken":["M","?","M","$","?","R","M","R","T","M","R","M","E","?","R","BOSS","M","?","?","M","M"],"items_purchased_type":["Card","Card"],"build_version":"2020-12-22","purchased_purges":0,"victory":false,"max_hp_per_floor":[82,82,82,82,82,82,82,82,82,82,82,82,82,82,82,82,87,87,87,87,87,87,87],"card_choices":[{"not_picked":["TheCursedMod:CursedBoomerang","TheCursedMod:ReleasedStrength"],"picked":"TheCursedMod:ManaBullet","floor":1},{"not_picked":["TheCursedMod:Obscuration","TheCursedMod:VitalStrike"],"picked":"TheCursedMod:RapidMovement","floor":2},{"not_picked":["TheCursedMod:EmpowerCircles","TheCursedMod:VitalStrike"],"picked":"TheCursedMod:SpreadPlague","floor":3},{"not_picked":["TheCursedMod:Stigma","TheCursedMod:PrepareRite"],"picked":"TheCursedMod:CircleOfBlood","floor":7},{"not_picked":["TheCursedMod:SpitefulStrike","TheCursedMod:WearCloak"],"picked":"TheCursedMod:Grudge","floor":10},{"not_picked":["TheCursedMod:CircleOfFlame","TheCursedMod:NeowsMight"],"picked":"TheCursedMod:CursedBlade","floor":12},{"not_picked":["TheCursedMod:FleshFromBone","TheCursedMod:Torture"],"picked":"TheCursedMod:Wield","floor":13},{"not_picked":["TheCursedMod:VoidForm","TheCursedMod:StunningStrike"],"picked":"TheCursedMod:CollectTribute","floor":16},{"not_picked":["TheCursedMod:FleshFromBone","TheCursedMod:RapidMovement"],"picked":"TheCursedMod:TroublousMinions","floor":17},{"not_picked":["TheCursedMod:Stigma","TheCursedMod:SpreadPlague"],"picked":"TheCursedMod:CircleOfCorruption+1","floor":18},{"not_picked":["TheCursedMod:LuckyCharm","TheCursedMod:RapidMovement"],"picked":"TheCursedMod:CursedShiv","floor":21}],"player_experience":39334,"relics_obtained":[{"floor":9,"key":"Gremlin Food"},{"floor":13,"key":"ReplayTheSpireMod:TigerMarble"}],"event_choices":[{"damage_healed":0,"gold_gain":0,"player_choice":"Entered Light","damage_taken":16,"max_hp_gain":0,"max_hp_loss":0,"event_name":"Shining Light","floor":5,"gold_loss":0,"cards_upgraded":["TheCursedMod:SpreadPlague","TheCursedMod:Defend_TheCursed"]},{"damage_healed":0,"gold_gain":0,"player_choice":"Paid Fearfully","damage_taken":0,"max_hp_gain":0,"max_hp_loss":0,"event_name":"Masked Bandits","floor":20,"gold_loss":293}],"is_beta":false,"boss_relics":[{"not_picked":["Replay:Wanted Poster","Painkiller Herb"],"picked":"Tiny House"}],"items_purged_floors":[],"is_endless":false,"potions_floor_spawned":[1,3,7,13,16,18],"killed_by":"Shelled Parasite and Fungi","ascension_level":0}}