{"host":"0vlubjftylzdr3ny","time":1610462466,"event":{"mods":["Always Whale","BaseMod","GifTheSpireLib","Minty Spire (QoL Compilation)","Relic Filter","StSLib","Stuff the Spire"],"gold_per_floor":[109,34,34,52,66,91,91,125,125,125,125,125,150,160,160,256,256,267,287,287,287,16,16,50,50,50,70,95,32,45,45,45,143,143,161,86,98,111,122,122,157,69,69,88,88,88,116,130,130,130],"floor_reached":51,"playtime":1943,"items_purged":["Strike_R","Strike_R","Defend_R","Defend_R+1","Bash"],"score":995,"play_id":"a1d8fc92-8b84-4738-aab6-c2d1a4e2347d","local_time":"20210112154106","is_ascension_mode":true,"campfire_choices":[{"data":"Body Slam","floor":7,"key":"SMITH"},{"data":"Defend_R","floor":10,"key":"SMITH"},{"data":"Defend_R","floor":12,"key":"SMITH"},{"data":"Flame Barrier","floor":15,"key":"SMITH"},{"data":"Body Slam","floor":23,"key":"SMITH"},{"data":"Feed","floor":25,"key":"SMITH"},{"data":"True Grit","floor":32,"key":"SMITH"},{"data":"Shrug It Off","floor":40,"key":"SMITH"},{"data":"Body Slam","floor":46,"key":"SMITH"},{"data":"Juggernaut","floor":49,"key":"SMITH"}],"circlet_count":0,"master_deck":["Strike_R+1","Defend_R+1","Body Slam+1","Twin Strike","Feed+1","Flame Barrier+1","Body Slam+1","Shrug It Off+1","Shrug It Off+1","True Grit+1","StuffTheSpire:Vigor","Juggernaut+1","Body Slam+1","Parasite"],"relics":["Burning Blood","Singing Bowl","HornCleat","Kunai","Odd Mushroom","Velvet Choker","Membership Card","Tiny Chest","Pear","StuffTheSpire:EmeraldSignet","Shuriken","Empty Cage","Bottled Lightning","StuffTheSpire:CocoNut","Lizard Tail"],"acts_visited":["Exordium","TheCity","TheBeyond"],"potions_floor_usage":[6,6,13,18,28,33,48,50],"damage_taken":[{"damage":5,"enemies":"Small Slimes","floor":1,"turns":3},{"damage":6,"enemies":"Cultist","floor":4,"turns":3},{"damage":9,"enemies":"Jaw Worm","floor":5,"turns":3},{"damage":32,"enemies":"Gremlin Nob","floor":6,"turns":4},{"damage":45,"enemies":"3 Sentries","floor":8,"turns":10},{"damage":0,"enemies":"The Mushroom Lair","floor":13,"turns":4},{"damage":3,"enemies":"Looter","floor":14,"turns":2},{"damage":28,"enemies":"The Guardian","floor":16,"turns":16},{"damage":0,"enemies":"Spheric Guardian","floor":18,"turns":3},{"damage":0,"enemies":"3 Byrds","floor":19,"turns":3},{"damage":10,"enemies":"Book of Stabbing","floor":24,"turns":5},{"damage":3,"enemies":"Shelled Parasite and Fungi","floor":27,"turns":3},{"damage":3,"enemies":"Slavers","floor":28,"turns":4},{"damage":15,"enemies":"Cultist and Chosen","floor":30,"turns":6},{"damage":33,"enemies":"Champ","floor":33,"turns":10},{"damage":0,"enemies":"Orb Walker","floor":35,"turns":3},{"damage":0,"enemies":"3 Shapes","floor":37,"turns":4},{"damage":0,"enemies":"Transient","floor":38,"turns":5},{"damage":0,"enemies":"Jaw Worm Horde","floor":39,"turns":4},{"damage":11,"enemies":"Nemesis","floor":41,"turns":5},{"damage":0,"enemies":"Sphere and 2 Shapes","floor":44,"turns":3},{"damage":0,"enemies":"Reptomancer","floor":47,"turns":5},{"damage":0,"enemies":"Writhing Mass","floor":48,"turns":3},{"damage":0,"enemies":"Donu and Deca","floor":50,"turns":7}],"seed_played":"-6740669177584129146","potions_obtained":[{"floor":3,"key":"FearPotion"},{"floor":3,"key":"ElixirPotion"},{"floor":3,"key":"Weak Potion"},{"floor":6,"key":"FearPotion"},{"floor":14,"key":"AttackPotion"},{"floor":16,"key":"BloodPotion"},{"floor":19,"key":"Swift Potion"},{"floor":30,"key":"Ancient Potion"},{"floor":39,"key":"PowerPotion"}],"is_trial":false,"path_per_floor":["M","$","?","M","M","E","R","E","T","R","?","R","?","M","R","B",null,"M","M","?","?","$","R","E","R","T","M","E","$","M","?","R","B",null,"M","$","M","M","M","R","E","$","T","M","?","R","E","M","R","B",null],"character_chosen":"IRONCLAD","items_purchased":["Membership Card","Tiny Chest"],"campfire_rested":0,"item_purchase_floors":[22,22],"current_hp_per_floor":[80,80,80,80,77,51,51,17,17,17,45,45,51,56,56,36,89,92,94,94,94,94,94,102,102,102,105,110,110,101,76,76,51,110,112,112,114,116,122,122,119,119,126,135,128,128,130,132,132,132],"gold":130,"neow_bonus":"UPGRADE_CARD","is_daily":false,"chose_seed":false,"campfire_upgraded":10,"win_rate":0.0,"timestamp":1610462466,"path_taken":["M","$","?","?","M","E","R","E","T","R","?","R","?","M","R","BOSS","M","M","?","?","$","R","E","R","T","M","E","$","M","?","R","BOSS","M","$","M","M","M","R","E","$","T","M","?","R","E","M","R","BOSS"],"items_purchased_type":["Relic","Relic"],"build_version":"2020-12-22","purchased_purges":5,"victory":true,"max_hp_per_floor":[80,80,80,80,80,80,80,85,85,85,85,85,85,87,87,89,89,92,94,94,94,94,94,106,106,106,106,110,110,110,110,110,110,110,112,112,114,116,122,122,124,124,131,135,128,128,130,132,132,132],"card_choices":[{"not_picked":["Armaments","Power Through"],"picked":"Body Slam","floor":1},{"not_picked":["Havoc","Infernal Blade"],"picked":"Twin Strike","floor":4},{"not_picked":["Havoc","Thunderclap","Spot Weakness"],"picked":"SKIP","floor":5},{"not_picked":["Perfected Strike","Reaper"],"picked":"Feed","floor":6},{"not_picked":["Carnage","Warcry","Headbutt"],"picked":"Singing Bowl","floor":8},{"not_picked":["Armaments","Havoc"],"picked":"Flame Barrier","floor":13},{"not_picked":["StuffTheSpire:RockThrow","Armaments","Headbutt"],"picked":"Singing Bowl","floor":14},{"not_picked":["Double Tap","Demon Form","Berserk"],"picked":"Singing Bowl","floor":16},{"not_picked":["Armaments+1","Bloodletting+1"],"picked":"Body Slam","floor":18},{"not_picked":["Thunderclap","StuffTheSpire:RockThrow","Flex"],"picked":"Singing Bowl","floor":19},{"not_picked":["Uppercut","Clothesline+1","Bloodletting+1"],"picked":"Singing Bowl","floor":24},{"not_picked":["StuffTheSpire:RockThrow","Intimidate"],"picked":"Shrug It Off+1","floor":27},{"not_picked":["Disarm+1","Sever Soul"],"picked":"Shrug It Off","floor":28},{"not_picked":["Heavy Blade","Wild Strike+1"],"picked":"True Grit","floor":30},{"not_picked":["Fiend Fire","Impervious"],"picked":"Juggernaut","floor":33},{"not_picked":["Dark Embrace+1","Combust","Second Wind"],"picked":"Singing Bowl","floor":35},{"not_picked":["Clash","StuffTheSpire:Slingshot+1","Anger"],"picked":"Singing Bowl","floor":37},{"not_picked":["Anger","Dropkick","StuffTheSpire:Pyroclast"],"picked":"Singing Bowl","floor":38},{"not_picked":["Wild Strike","Ghostly Armor","Anger"],"picked":"Singing Bowl","floor":39},{"not_picked":["Rage","StuffTheSpire:Slingshot","Wild Strike"],"picked":"Singing Bowl","floor":41},{"not_picked":["Disarm","StuffTheSpire:Slingshot+1"],"picked":"Body Slam","floor":44},{"not_picked":["Twin Strike","StuffTheSpire:RockThrow","Limit Break"],"picked":"Singing Bowl","floor":47},{"not_picked":["Seeing Red+1","Anger+1","StuffTheSpire:Incineration+1"],"picked":"Singing Bowl","floor":48}],"player_experience":824233,"relics_obtained":[{"floor":6,"key":"Singing Bowl"},{"floor":8,"key":"HornCleat"},{"floor":9,"key":"Kunai"},{"floor":13,"key":"Odd Mushroom"},{"floor":24,"key":"Pear"},{"floor":26,"key":"StuffTheSpire:EmeraldSignet"},{"floor":28,"key":"Shuriken"},{"floor":41,"key":"Bottled Lightning"},{"floor":43,"key":"StuffTheSpire:CocoNut"},{"floor":47,"key":"Lizard Tail"}],"event_choices":[{"damage_healed":0,"gold_gain":0,"player_choice":"Got Potions","damage_taken":0,"max_hp_gain":0,"max_hp_loss":0,"event_name":"Lab","floor":3,"gold_loss":0},{"damage_healed":28,"gold_gain":0,"player_choice":"Banana","damage_taken":0,"max_hp_gain":0,"max_hp_loss":0,"event_name":"Big Fish","floor":11,"gold_loss":0},{"damage_healed":0,"gold_gain":0,"player_choice":"Fought Mushrooms","damage_taken":0,"max_hp_gain":0,"max_hp_loss":0,"event_name":"Mushrooms","floor":13,"gold_loss":0},{"cards_removed":["Strike_R"],"damage_healed":0,"gold_gain":0,"player_choice":"Elegance","damage_taken":0,"max_hp_gain":0,"max_hp_loss":0,"event_name":"Back to Basics","floor":20,"gold_loss":0},{"damage_healed":0,"gold_gain":0,"player_choice":"Ignored","damage_taken":0,"max_hp_gain":0,"max_hp_loss":0,"event_name":"Ghosts","floor":21,"gold_loss":0},{"damage_healed":0,"gold_gain":0,"player_choice":"Max HP","damage_taken":0,"max_hp_gain":0,"max_hp_loss":7,"event_name":"Winding Halls","floor":45,"gold_loss":0}],"is_beta":false,"boss_relics":[{"not_picked":["Philosopher\u0027s Stone","Mark of Pain"],"picked":"Velvet Choker"},{"not_picked":["SlaversCollar","Cursed Key"],"picked":"Empty Cage"}],"items_purged_floors":[2,22,29,36,42],"is_endless":false,"potions_floor_spawned":[6,14,16,19,24,30,39,47],"ascension_level":3}}