{"host":"g2yp6paluzgljz05","time":1610461720,"event":{"mods":["BaseMod","Bestiary","Colored Powertips","DeckTracker","Highlight Path","Minty Spire (QoL Compilation)","Quick Restart"],"gold_per_floor":[112,112,112,122,146,176,101,114,114,114,60,60,40,54,54,54,54],"floor_reached":16,"playtime":631,"items_purged":["Strike_R"],"score":150,"play_id":"a0ebeaa3-3d62-4491-8549-a8b3ed12254d","local_time":"20210113012840","is_ascension_mode":true,"campfire_choices":[{"data":"Body Slam","floor":10,"key":"SMITH"},{"data":"Berserk","floor":15,"key":"SMITH"}],"circlet_count":0,"master_deck":["Strike_R","Strike_R","Defend_R","Defend_R","Defend_R","Defend_R","Bash","Body Slam+1","Disarm","Bloodletting+1","Ghostly Armor","Shrug It Off","Berserk+1"],"relics":["Burning Blood","NeowsBlessing","Lantern","Singing Bowl","Bottled Lightning"],"acts_visited":["Exordium"],"potions_floor_usage":[],"damage_taken":[{"damage":0,"enemies":"Small Slimes","floor":1,"turns":1},{"damage":0,"enemies":"2 Louse","floor":4,"turns":1},{"damage":0,"enemies":"3 Sentries","floor":6,"turns":1},{"damage":4,"enemies":"Cultist","floor":8,"turns":4},{"damage":9,"enemies":"Exordium Thugs","floor":13,"turns":4},{"damage":18,"enemies":"Exordium Wildlife","floor":14,"turns":6},{"damage":33,"enemies":"Slime Boss","floor":16,"turns":6}],"seed_played":"3199939849713935082","potions_obtained":[{"floor":4,"key":"SteroidPotion"},{"floor":8,"key":"SkillPotion"},{"floor":14,"key":"HeartOfIron"}],"is_trial":false,"path_per_floor":["M","?","?","M","T","E","$","M","T","R","$","?","M","M","R","B"],"character_chosen":"IRONCLAD","items_purchased":["Shrug It Off"],"campfire_rested":0,"item_purchase_floors":[11],"current_hp_per_floor":[80,73,73,79,79,80,80,82,82,82,82,82,79,69,69,36,36],"gold":54,"neow_bonus":"THREE_ENEMY_KILL","is_daily":false,"chose_seed":false,"campfire_upgraded":2,"win_rate":0.0,"timestamp":1610461720,"path_taken":["M","?","?","?","?","E","$","M","T","R","?","?","M","M","R","BOSS"],"items_purchased_type":["Card"],"build_version":"2020-12-22","purchased_purges":1,"victory":false,"max_hp_per_floor":[80,80,80,80,80,80,80,82,82,82,82,82,82,84,84,84,84],"card_choices":[{"not_picked":["Rampage","Pummel"],"picked":"Body Slam","floor":1},{"not_picked":["Thunderclap","Clash"],"picked":"Bloodletting","floor":4},{"not_picked":["Wild Strike","Armaments"],"picked":"Ghostly Armor","floor":6},{"not_picked":["Headbutt","Iron Wave","Pommel Strike"],"picked":"Singing Bowl","floor":8},{"not_picked":["Heavy Blade","Anger"],"picked":"Berserk","floor":13},{"not_picked":["Anger","Flex","Twin Strike"],"picked":"Singing Bowl","floor":14}],"player_experience":174425,"relics_obtained":[{"floor":5,"key":"Lantern"},{"floor":6,"key":"Singing Bowl"},{"floor":9,"key":"Bottled Lightning"}],"event_choices":[{"cards_removed":["Strike_R"],"damage_healed":0,"gold_gain":0,"player_choice":"Card Removal","damage_taken":7,"max_hp_gain":0,"max_hp_loss":0,"event_name":"Golden Wing","floor":2,"gold_loss":0},{"damage_healed":0,"gold_gain":0,"cards_transformed":["Strike_R"],"player_choice":"Transformed","damage_taken":0,"max_hp_gain":0,"max_hp_loss":0,"event_name":"Transmorgrifier","floor":3,"gold_loss":0,"cards_obtained":["Disarm"]},{"damage_healed":0,"gold_gain":0,"player_choice":"Forge","damage_taken":0,"max_hp_gain":0,"max_hp_loss":0,"event_name":"Accursed Blacksmith","floor":12,"gold_loss":0,"cards_upgraded":["Bloodletting"]}],"is_beta":false,"boss_relics":[],"items_purged_floors":[7],"is_endless":false,"potions_floor_spawned":[4,8,14],"killed_by":"Slime Boss","ascension_level":4}}