{"host":"l60rmjjsfi0fipmi","time":1610421999,"event":{"mods":["BaseMod","Colored Map","DeckTracker","Highlight Path","Minty Spire (QoL Compilation)"],"gold_per_floor":[118,118,134,150,82,82,97,115,142,162,162,182,200,228,228,329,629,646,664,664,674,83,83,93,124,124,124,143,143,143,104,104,206,206,216,233,253,253,2,2,13,25,25,25,36,36,36,50,50,50,50],"floor_reached":50,"playtime":3469,"items_purged":["Strike_P","Strike_P"],"score":648,"play_id":"32bb28a4-437d-4551-8b7b-2c13fb103318","local_time":"20210111222639","is_ascension_mode":true,"campfire_choices":[{"data":"Eruption","floor":6,"key":"SMITH"},{"floor":11,"key":"REST"},{"floor":15,"key":"REST"},{"data":"Halt","floor":23,"key":"SMITH"},{"floor":27,"key":"REST"},{"floor":29,"key":"REST"},{"floor":30,"key":"REST"},{"data":"Wallop","floor":32,"key":"SMITH"},{"floor":40,"key":"REST"},{"floor":44,"key":"REST"},{"floor":46,"key":"REST"},{"floor":49,"key":"REST"}],"circlet_count":0,"master_deck":["Strike_P","Defend_P","Defend_P","Defend_P","Defend_P","Eruption+1","Vigilance+1","SashWhip","SandsOfTime","FollowUp","BattleHymn","Crescendo","FlyingSleeves","Consecrate","Pray","FearNoEvil","Wallop+1","Brilliance","CurseOfTheBell","Halt+1","FlurryOfBlows","Prostrate","ThirdEye","Protect","Tantrum","Wish","Indignation+1","Halt+1","Worship","Sanctity+1","TalkToTheHand+1"],"relics":["PureWater","Centennial Puzzle","Vajra","Calling Bell","Omamori","Pantograph","Old Coin","Lee\u0027s Waffle","Ice Cream","Bag of Preparation","WingedGreaves","VioletLotus","Happy Flower","Mango"],"acts_visited":["Exordium","TheCity","TheBeyond"],"potions_floor_usage":[10,14,25,33,33,42,42,42,42],"damage_taken":[{"damage":4,"enemies":"2 Louse","floor":1,"turns":3},{"damage":2,"enemies":"Cultist","floor":3,"turns":6},{"damage":4,"enemies":"Small Slimes","floor":4,"turns":3},{"damage":18,"enemies":"Gremlin Gang","floor":7,"turns":4},{"damage":9,"enemies":"Exordium Thugs","floor":8,"turns":4},{"damage":9,"enemies":"3 Louse","floor":10,"turns":2},{"damage":13,"enemies":"Large Slime","floor":12,"turns":3},{"damage":3,"enemies":"Looter","floor":13,"turns":2},{"damage":28,"enemies":"3 Sentries","floor":14,"turns":5},{"damage":0,"enemies":"Slime Boss","floor":16,"turns":6},{"damage":15,"enemies":"Shell Parasite","floor":18,"turns":4},{"damage":4,"enemies":"3 Byrds","floor":19,"turns":4},{"damage":20,"enemies":"Shelled Parasite and Fungi","floor":21,"turns":4},{"damage":18,"enemies":"Chosen and Byrds","floor":24,"turns":3},{"damage":53,"enemies":"Slavers","floor":25,"turns":7},{"damage":12,"enemies":"Snake Plant","floor":28,"turns":3},{"damage":42,"enemies":"Automaton","floor":33,"turns":7},{"damage":0,"enemies":"Orb Walker","floor":35,"turns":2},{"damage":34,"enemies":"3 Shapes","floor":36,"turns":3},{"damage":26,"enemies":"Transient","floor":37,"turns":5},{"damage":24,"enemies":"Maw","floor":41,"turns":6},{"damage":5,"enemies":"Sphere and 2 Shapes","floor":42,"turns":5},{"damage":26,"enemies":"Writhing Mass","floor":45,"turns":5},{"damage":40,"enemies":"Spire Growth","floor":48,"turns":5},{"damage":94,"enemies":"Awakened One","floor":50,"turns":15}],"seed_played":"-260515980580950714","potions_obtained":[{"floor":1,"key":"Explosive Potion"},{"floor":3,"key":"Dexterity Potion"},{"floor":4,"key":"PowerPotion"},{"floor":14,"key":"DuplicationPotion"},{"floor":24,"key":"FearPotion"},{"floor":25,"key":"ColorlessPotion"},{"floor":28,"key":"DuplicationPotion"},{"floor":33,"key":"Dexterity Potion"},{"floor":37,"key":"BottledMiracle"},{"floor":42,"key":"Fruit Juice"}],"is_trial":false,"path_per_floor":["M","?","M","M","$","R","M","M","T","M","R","M","M","E","R","B",null,"M","M","?","M","$","R","M","E","T","R","M","R","R","$","R","B",null,"M","M","M","?","$","R","M","M","T","R","M","R","$","M","R","B"],"character_chosen":"WATCHER","items_purchased":["BattleHymn","Lee\u0027s Waffle","Ice Cream","Prostrate","Tantrum","Happy Flower"],"campfire_rested":9,"item_purchase_floors":[5,22,22,22,31,39],"current_hp_per_floor":[75,75,73,69,69,69,51,42,42,33,56,43,40,12,35,35,79,64,60,60,40,86,86,68,15,15,40,28,53,78,78,78,44,86,86,52,26,26,26,51,27,27,41,72,46,77,77,37,68,0,0],"gold":50,"neow_bonus":"TEN_PERCENT_HP_BONUS","is_daily":false,"chose_seed":false,"campfire_upgraded":3,"win_rate":0.0,"timestamp":1610421999,"path_taken":["M","?","M","?","$","R","M","?","T","M","R","M","M","E","R","BOSS","M","M","?","M","$","R","M","E","T","R","?","R","R","$","R","BOSS","M","M","?","?","$","R","M","M","T","R","M","R","$","M","R","BOSS"],"items_purchased_type":["Card","Relic","Relic","Card","Card","Relic"],"build_version":"2020-12-22","purchased_purges":2,"victory":false,"max_hp_per_floor":[79,79,79,79,79,79,79,79,79,79,79,79,79,79,79,79,79,79,79,79,79,86,86,86,86,86,86,86,86,86,86,86,86,86,86,86,86,86,86,86,86,91,105,105,105,105,105,105,105,105,105],"card_choices":[{"not_picked":["Worship","Crescendo"],"picked":"SashWhip","floor":1},{"not_picked":["PathToVictory","Evaluate"],"picked":"SandsOfTime","floor":3},{"not_picked":["PathToVictory","Vengeance"],"picked":"FollowUp","floor":4},{"not_picked":["Scrawl","FollowUp"],"picked":"Crescendo","floor":7},{"not_picked":["Perseverance","CutThroughFate"],"picked":"FlyingSleeves","floor":8},{"not_picked":["EmptyFist","ClearTheMind"],"picked":"Consecrate","floor":10},{"not_picked":["WindmillStrike","SignatureMove"],"picked":"Pray","floor":12},{"not_picked":["FollowUp","SignatureMove"],"picked":"FearNoEvil","floor":13},{"not_picked":["FlyingSleeves","EmptyBody"],"picked":"Wallop","floor":14},{"not_picked":["Ragnarok","Scrawl"],"picked":"Brilliance","floor":16},{"not_picked":["ForeignInfluence","WheelKick","JustLucky"],"picked":"SKIP","floor":18},{"not_picked":["EmptyBody+1","ForeignInfluence"],"picked":"Halt","floor":19},{"not_picked":["Consecrate","EmptyBody+1"],"picked":"FlurryOfBlows","floor":21},{"not_picked":["Consecrate","WindmillStrike"],"picked":"ThirdEye","floor":24},{"not_picked":["ClearTheMind","Conclude"],"picked":"Protect","floor":25},{"not_picked":["FlyingSleeves","Pray","Indignation"],"picked":"SKIP","floor":28},{"not_picked":["Brilliance","Devotion"],"picked":"Wish","floor":33},{"not_picked":["SashWhip","Vengeance+1","CrushJoints+1"],"picked":"SKIP","floor":35},{"not_picked":["PathToVictory","Crescendo+1"],"picked":"Indignation+1","floor":36},{"not_picked":["Crescendo+1","CrushJoints+1"],"picked":"Halt+1","floor":37},{"not_picked":["BowlingBash+1","Study+1","Worship"],"picked":"SKIP","floor":41},{"not_picked":["BowlingBash+1","Study+1"],"picked":"Worship","floor":41},{"not_picked":["MentalFortress+1","SashWhip+1","FollowUp"],"picked":"SKIP","floor":42},{"not_picked":["Wish","Pray"],"picked":"Sanctity+1","floor":45},{"not_picked":["JustLucky","Meditate+1"],"picked":"TalkToTheHand+1","floor":48}],"player_experience":350998,"relics_obtained":[{"floor":9,"key":"Centennial Puzzle"},{"floor":14,"key":"Vajra"},{"floor":17,"key":"Omamori"},{"floor":17,"key":"Pantograph"},{"floor":17,"key":"Old Coin"},{"floor":25,"key":"Bag of Preparation"},{"floor":26,"key":"WingedGreaves"},{"floor":43,"key":"Mango"}],"event_choices":[{"damage_healed":0,"gold_gain":0,"player_choice":"Forge","damage_taken":0,"max_hp_gain":0,"max_hp_loss":0,"event_name":"Accursed Blacksmith","floor":2,"gold_loss":0,"cards_upgraded":["Vigilance"]},{"cards_removed":["Strike_P"],"damage_healed":0,"gold_gain":0,"player_choice":"Offered Basic","damage_taken":0,"max_hp_gain":0,"max_hp_loss":0,"event_name":"Bonfire Elementals","floor":20,"gold_loss":0},{"damage_healed":0,"gold_gain":0,"player_choice":"Ignored","damage_taken":0,"max_hp_gain":0,"max_hp_loss":0,"event_name":"Tomb of Lord Red Mask","floor":38,"gold_loss":0}],"is_beta":false,"boss_relics":[{"not_picked":["Fusion Hammer","Runic Dome"],"picked":"Calling Bell"},{"not_picked":["Philosopher\u0027s Stone","HolyWater"],"picked":"VioletLotus"}],"items_purged_floors":[22,39],"is_endless":false,"potions_floor_spawned":[1,3,4,14,24,25,28,33,37,41,42],"killed_by":"Awakened One","ascension_level":3}}