{"host":"2j20xog1nl5ontbj","time":1610474316,"event":{"mods":["BaseMod","Colored Map","Minty Spire (QoL Compilation)","Quick Restart","StSLib"],"gold_per_floor":[114,132,149,166,166,166,191,191,191,191,227,245,279,303,303,303,303],"floor_reached":16,"playtime":419,"items_purged":[],"score":112,"play_id":"fa976632-c1b0-41ad-8a81-a908a18ac027","local_time":"20210113015836","is_ascension_mode":false,"campfire_choices":[{"floor":6.0,"key":"RECALL"},{"data":"Rampage","floor":8.0,"key":"SMITH"},{"data":"Body Slam","floor":10.0,"key":"SMITH"},{"floor":15,"key":"REST"}],"circlet_count":0,"master_deck":["Strike_R","Strike_R","Strike_R","Strike_R","Strike_R","Defend_R","Defend_R","Defend_R","Defend_R","Bash","Body Slam+1","Rampage+1","Dark Embrace","Double Tap","Feel No Pain"],"relics":["Burning Blood","NeowsBlessing","Golden Idol","Paper Frog","Akabeko","Du-Vu Doll"],"acts_visited":["Exordium"],"potions_floor_usage":[],"damage_taken":[{"damage":0.0,"enemies":"2 Louse","floor":1.0,"turns":1.0},{"damage":0.0,"enemies":"Jaw Worm","floor":2.0,"turns":1.0},{"damage":0.0,"enemies":"Small Slimes","floor":3.0,"turns":1.0},{"damage":15.0,"enemies":"Looter","floor":4.0,"turns":3.0},{"damage":10.0,"enemies":"3 Sentries","floor":11.0,"turns":7.0},{"damage":14.0,"enemies":"Blue Slaver","floor":12.0,"turns":3.0},{"damage":26.0,"enemies":"Gremlin Nob","floor":13.0,"turns":5.0},{"damage":12,"enemies":"Exordium Wildlife","floor":14,"turns":5},{"damage":0,"enemies":"Hexaghost","floor":16,"turns":1}],"seed_played":"-9086464424921468493","potions_obtained":[{"floor":1.0,"key":"ElixirPotion"},{"floor":2.0,"key":"BlessingOfTheForge"},{"floor":4.0,"key":"EssenceOfSteel"},{"floor":11.0,"key":"LiquidBronze"},{"floor":12.0,"key":"Weak Potion"}],"is_trial":false,"path_per_floor":["M","M","M","M","?","R","T","R","T","R","E","M","E","M","R","B"],"character_chosen":"IRONCLAD","items_purchased":[],"campfire_rested":1,"item_purchase_floors":[],"current_hp_per_floor":[80,80,80,71,51,51,51,51,51,51,47,39,19,13,37,37,37],"gold":303,"neow_bonus":"THREE_ENEMY_KILL","is_daily":false,"chose_seed":false,"campfire_upgraded":2,"win_rate":0.0,"timestamp":1610474316,"path_taken":["M","M","M","M","?","R","?","R","T","R","E","M","E","M","R","BOSS"],"items_purchased_type":[],"build_version":"2020-12-22","purchased_purges":0,"victory":false,"max_hp_per_floor":[80,80,80,80,80,80,80,80,80,80,80,80,80,80,80,80,80],"card_choices":[{"not_picked":["Second Wind","Clothesline"],"picked":"Body Slam","floor":1.0},{"not_picked":["Thunderclap","Pummel","Wild Strike"],"picked":"SKIP","floor":2.0},{"not_picked":["Thunderclap","Twin Strike","True Grit"],"picked":"SKIP","floor":3.0},{"not_picked":["Dropkick","Whirlwind"],"picked":"Rampage","floor":4.0},{"not_picked":["Warcry","Searing Blow"],"picked":"Dark Embrace","floor":11.0},{"not_picked":["Flame Barrier","Headbutt"],"picked":"Double Tap","floor":12.0},{"not_picked":["Flex","Body Slam"],"picked":"Feel No Pain","floor":13.0},{"not_picked":["Evolve","Heavy Blade","Uppercut"],"picked":"SKIP","floor":14}],"player_experience":161587,"relics_obtained":[{"floor":9.0,"key":"Paper Frog"},{"floor":11.0,"key":"Akabeko"},{"floor":13.0,"key":"Du-Vu Doll"}],"event_choices":[{"damage_healed":0.0,"max_hp_gain":0.0,"max_hp_loss":0.0,"gold_gain":0.0,"event_name":"Golden Idol","player_choice":"Take Damage","floor":5.0,"gold_loss":0.0,"damage_taken":20.0,"relics_obtained":["Golden Idol"]}],"is_beta":false,"boss_relics":[],"items_purged_floors":[],"is_endless":false,"potions_floor_spawned":[1,2,4,11,12],"killed_by":"Hexaghost","ascension_level":0}}