{"host":"wrlgpq1wkw8k1x5v","time":1610463898,"event":{"mods":["Act Like it!","Aspiration","BaseMod","Colored Powertips","Conspire","Gensokyo","Koishi","Minty Spire (QoL Compilation)","Replay The Spire","RumiaBox-露米娅的神秘盒子","StSLib"],"gold_per_floor":[110,160,190,202,233,233,233],"floor_reached":6,"playtime":769,"items_purged":[],"score":36,"play_id":"2a553c38-f068-4d28-bf9c-e6246bd3ecb1","local_time":"20210112230458","is_ascension_mode":false,"campfire_choices":[],"circlet_count":0,"master_deck":["Koishi:BasicStrike","Koishi:BasicStrike","Koishi:BasicStrike","Koishi:BasicStrike","Koishi:BasicDefend","Koishi:BasicDefend","Koishi:BasicDefend","Koishi:BasicDefend","Koishi:Provoke","Koishi:HauntingSlash","Koishi:FleetingPhantom","Languid","Koishi:RollingInRichesHeart","Koishi:UnconsciousUrges"],"relics":["Koishi:ImaginaryFriend","NeowsBlessing","Ring of Hypnosis","Ring of Greed","MawBank","Replay:Bandana"],"acts_visited":["Gensokyo:Gensokyo"],"potions_floor_usage":[],"damage_taken":[{"damage":0,"enemies":"Gensokyo:Python","floor":1,"turns":1},{"damage":0,"enemies":"Gensokyo:Gryphon","floor":3,"turns":1},{"damage":0,"enemies":"Gensokyo:3_Fairies","floor":5,"turns":2},{"damage":50,"enemies":"Gensokyo:Aya","floor":6,"turns":10}],"seed_played":"-2089196747298167766","potions_obtained":[{"floor":3,"key":"Doom Potion"},{"floor":5,"key":"Swift Potion"}],"is_trial":false,"path_per_floor":["M","?","M","$","M","E"],"character_chosen":"KOISHI","items_purchased":[],"campfire_rested":0,"item_purchase_floors":[],"current_hp_per_floor":[60,60,60,60,60,10,10],"gold":233,"neow_bonus":"THREE_ENEMY_KILL","is_daily":false,"chose_seed":false,"campfire_upgraded":0,"win_rate":0.0,"timestamp":1610463898,"path_taken":["M","?","M","$","?","E"],"items_purchased_type":[],"build_version":"2020-12-22","purchased_purges":0,"victory":false,"max_hp_per_floor":[60,60,60,60,60,60,60],"card_choices":[{"not_picked":["Koishi:UnconsciousUprising","Koishi:BloodcurdlingScream"],"picked":"Koishi:FleetingPhantom","floor":1},{"not_picked":["Koishi:RorschachInDanmaku","Koishi:FidgetySnatcher"],"picked":"Koishi:RollingInRichesHeart","floor":3},{"not_picked":["Koishi:ParalyzingFear","Koishi:HeartfeltFancy"],"picked":"Koishi:UnconsciousUrges","floor":5}],"player_experience":16546,"relics_obtained":[{"floor":2,"key":"Ring of Hypnosis"},{"floor":2,"key":"Ring of Greed"},{"floor":2,"key":"MawBank"},{"floor":2,"key":"Replay:Bandana"}],"event_choices":[],"is_beta":false,"boss_relics":[],"items_purged_floors":[],"is_endless":false,"potions_floor_spawned":[3,5],"killed_by":"Gensokyo:Aya","ascension_level":0}}