{"host":"74uvi6kym3vf3uk6","time":1610472756,"event":{"mods":["BaseMod","Colored Map","Colored Powertips","Dark Map","Highlight Path","Minty Spire (QoL Compilation)","Rare Cards Sparkle","StSLib","The Bug Knight","The Construct","The Runesmith","The Servant 0.9.4"],"gold_per_floor":[113,124,124,4,14,14,14],"floor_reached":6,"playtime":5626,"items_purged":[],"score":36,"play_id":"2bda9dbe-44d6-4b38-a241-596be977105d","local_time":"20210112113236","is_ascension_mode":false,"campfire_choices":[],"circlet_count":0,"master_deck":["HollowMod:NailStrikeStart","HollowMod:NailStrikeStart","HollowMod:NailStrikeStart","HollowMod:NailStrikeStart","HollowMod:QuickDashStart","HollowMod:QuickDashStart","HollowMod:QuickDashStart","HollowMod:QuickDashStart","HollowMod:FocusHealStart","HollowMod:PogoStrike","HollowMod:HowlingWraiths","HollowMod:LifebloodCocoon","HollowMod:Grubsong"],"relics":["HollowMod:VesselMask","NeowsBlessing","Runesmith:Locket"],"acts_visited":["Exordium"],"potions_floor_usage":[],"damage_taken":[{"damage":0,"enemies":"Cultist","floor":1,"turns":1},{"damage":0,"enemies":"Jaw Worm","floor":2,"turns":1},{"damage":0,"enemies":"Small Slimes","floor":5,"turns":1},{"damage":4,"enemies":"3 Sentries","floor":6,"turns":2}],"seed_played":"-6522706360230769621","potions_obtained":[],"is_trial":false,"path_per_floor":["M","M","?","$","M","E"],"character_chosen":"THE_BUGKNIGHT","items_purchased":["HollowMod:LifebloodCocoon","Ancient Potion"],"campfire_rested":0,"item_purchase_floors":[4,4],"current_hp_per_floor":[75,75,75,75,75,71,71],"gold":14,"neow_bonus":"THREE_ENEMY_KILL","is_daily":false,"chose_seed":false,"campfire_upgraded":0,"win_rate":0.0,"timestamp":1610472756,"path_taken":["M","M","?","$","?","E"],"items_purchased_type":["Card","Potion"],"build_version":"2020-12-22","purchased_purges":0,"victory":false,"max_hp_per_floor":[75,75,75,75,75,75,75],"card_choices":[{"not_picked":["HollowMod:DashSlash","HollowMod:TaintedHusks"],"picked":"HollowMod:SiblingsSouls","floor":1},{"not_picked":["HollowMod:NewLittleFool","HollowMod:BlackTendrils"],"picked":"HollowMod:HowlingWraiths","floor":2},{"not_picked":["HollowMod:QuirrelsAssistance","HollowMod:GrimmsGift"],"picked":"HollowMod:Grubsong","floor":5}],"player_experience":60270,"relics_obtained":[],"event_choices":[{"cards_removed":["HollowMod:SiblingsSouls"],"damage_healed":0,"gold_gain":0,"player_choice":"Gave Card","damage_taken":0,"relics_obtained":["Runesmith:Locket"],"max_hp_gain":0,"max_hp_loss":0,"event_name":"WeMeetAgain","floor":3,"gold_loss":0}],"is_beta":false,"boss_relics":[],"items_purged_floors":[],"is_endless":false,"potions_floor_spawned":[],"killed_by":"3 Sentries","ascension_level":0}}