{"host":"bgyhjzqafgkxdxsh","time":1610427893,"event":{"mods":["BaseMod","Colored Map","Minty Spire (QoL Compilation)","Relic Stats","StSLib","everything is the same but u backflip on backflip"],"gold_per_floor":[112,125,144,161,181,210,210,239,292,292,327,327,53,88,88,216,216,229,272,272,293,316,316,316],"floor_reached":23,"playtime":1669,"items_purged":["Strike_R"],"score":283,"play_id":"1c772442-5472-43ca-af2f-012ca75bd9fc","local_time":"20210112150453","is_ascension_mode":true,"campfire_choices":[{"data":"Armaments","floor":7,"key":"SMITH"},{"floor":15,"key":"REST"}],"circlet_count":0,"master_deck":["Strike_R","Strike_R","Strike_R","Strike_R+1","Defend_R","Defend_R","Defend_R","Defend_R","Bash+1","Armaments+1","Thunderclap","Pommel Strike","Whirlwind","Hemokinesis","Flame Barrier","Offering","Power Through","Reaper","Reaper","True Grit","Flex+1"],"relics":["Black Blood","Smiling Mask","Boot","Shuriken","Whetstone","InkBottle","Strawberry","Golden Idol","HornCleat","Red Mask"],"acts_visited":["Exordium","TheCity"],"potions_floor_usage":[6,11,11,14,14,19,19,21,23],"damage_taken":[{"damage":14,"enemies":"Small Slimes","floor":1,"turns":4},{"damage":14,"enemies":"Jaw Worm","floor":2,"turns":3},{"damage":1,"enemies":"Cultist","floor":3,"turns":3},{"damage":18,"enemies":"Large Slime","floor":4,"turns":6},{"damage":0,"enemies":"3 Louse","floor":5,"turns":1},{"damage":16,"enemies":"Gremlin Nob","floor":6,"turns":4},{"damage":29,"enemies":"3 Sentries","floor":8,"turns":6},{"damage":2,"enemies":"Lagavulin","floor":11,"turns":5},{"damage":7,"enemies":"3 Sentries","floor":14,"turns":5},{"damage":33,"enemies":"The Guardian","floor":16,"turns":10},{"damage":0,"enemies":"3 Byrds","floor":18,"turns":4},{"damage":12,"enemies":"Masked Bandits","floor":19,"turns":4},{"damage":40,"enemies":"Chosen","floor":21,"turns":7},{"damage":54,"enemies":"Snecko","floor":22,"turns":6},{"damage":65,"enemies":"Slavers","floor":23,"turns":4}],"seed_played":"-2830654449311585629","potions_obtained":[{"floor":1,"key":"BlessingOfTheForge"},{"floor":6,"key":"DistilledChaos"},{"floor":8,"key":"DistilledChaos"},{"floor":14,"key":"AttackPotion"},{"floor":16,"key":"Energy Potion"},{"floor":19,"key":"DistilledChaos"},{"floor":22,"key":"SteroidPotion"}],"is_trial":false,"path_per_floor":["M","M","M","M","M","E","R","E","T","?","E","?","$","E","R","B",null,"M","?","?","M","M","E"],"character_chosen":"IRONCLAD","items_purchased":["Power Through","DuplicationPotion","DistilledChaos"],"campfire_rested":1,"item_purchase_floors":[13,13,13],"current_hp_per_floor":[72,64,69,57,63,53,53,30,30,5,16,16,16,15,39,12,81,81,81,81,55,29,0,0],"gold":316,"neow_bonus":"RANDOM_COMMON_RELIC","is_daily":false,"chose_seed":false,"campfire_upgraded":1,"win_rate":0.0,"timestamp":1610427893,"path_taken":["M","M","M","M","M","E","R","E","T","?","E","?","$","E","R","BOSS","M","?","?","M","?","E"],"items_purchased_type":["Card","Potion","Potion"],"build_version":"2020-12-22","purchased_purges":1,"victory":false,"max_hp_per_floor":[80,80,80,80,80,80,80,80,80,80,87,81,81,81,81,81,81,81,81,81,81,81,81,81],"relic_stats":{"counters":[15,72],"Shuriken":[13],"Golden Idol":54,"Black Blood":96,"Whetstone":["Bash","Strike_R"],"Smiling Mask":25,"Boot":[42],"obtain_stats":[{"HornCleat":14,"Shuriken":8,"Golden Idol":12,"Strawberry":11,"Black Blood":17,"Red Mask":19,"Whetstone":9,"Smiling Mask":0,"Boot":6,"Burning Blood":0,"InkBottle":10},{"HornCleat":9,"Shuriken":7,"Golden Idol":8,"Strawberry":8,"Black Blood":10,"Red Mask":12,"Whetstone":7,"Smiling Mask":0,"Boot":6,"Burning Blood":0,"InkBottle":7},{"HornCleat":37,"Shuriken":27,"Golden Idol":32,"Strawberry":32,"Black Blood":47,"Red Mask":55,"Whetstone":27,"Smiling Mask":0,"Boot":21,"Burning Blood":0,"InkBottle":27}],"InkBottle":[10]},"card_choices":[{"not_picked":["Sentinel","Shrug It Off"],"picked":"Armaments","floor":1},{"not_picked":["Headbutt","Evolve"],"picked":"Thunderclap","floor":2},{"not_picked":["Warcry","Anger"],"picked":"Pommel Strike","floor":3},{"not_picked":["Warcry","Sever Soul"],"picked":"Whirlwind","floor":4},{"not_picked":["Clash","Anger"],"picked":"Hemokinesis","floor":5},{"not_picked":["Iron Wave","Twin Strike"],"picked":"Flame Barrier","floor":6},{"not_picked":["Double Tap","Perfected Strike","Thunderclap"],"picked":"SKIP","floor":8},{"not_picked":["Fire Breathing","Wild Strike"],"picked":"Offering","floor":11},{"not_picked":["Clothesline","Havoc","Headbutt"],"picked":"SKIP","floor":14},{"not_picked":["Fiend Fire","Limit Break"],"picked":"Reaper","floor":16},{"not_picked":["Ghostly Armor","Perfected Strike","Combust"],"picked":"SKIP","floor":18},{"not_picked":["Perfected Strike","Twin Strike"],"picked":"True Grit","floor":21},{"not_picked":["Headbutt","Perfected Strike"],"picked":"Flex+1","floor":22}],"player_experience":458113,"relics_obtained":[{"floor":6,"key":"Boot"},{"floor":8,"key":"Shuriken"},{"floor":9,"key":"Whetstone"},{"floor":11,"key":"Strawberry"},{"floor":14,"key":"HornCleat"},{"floor":19,"key":"Red Mask"}],"event_choices":[{"damage_healed":0,"gold_gain":0,"player_choice":"Success","damage_taken":25,"relics_obtained":["InkBottle"],"max_hp_gain":0,"max_hp_loss":0,"event_name":"Scrap Ooze","floor":10,"gold_loss":0},{"damage_healed":0,"gold_gain":0,"player_choice":"Lose Max HP","damage_taken":0,"relics_obtained":["Golden Idol"],"max_hp_gain":0,"max_hp_loss":6,"event_name":"Golden Idol","floor":12,"gold_loss":0},{"damage_healed":0,"gold_gain":0,"player_choice":"Fought Bandits","damage_taken":0,"max_hp_gain":0,"max_hp_loss":0,"event_name":"Masked Bandits","floor":19,"gold_loss":0},{"damage_healed":0,"gold_gain":0,"player_choice":"Copied","damage_taken":0,"max_hp_gain":0,"max_hp_loss":0,"event_name":"Duplicator","floor":20,"gold_loss":0,"cards_obtained":["Reaper"]}],"is_beta":false,"boss_relics":[{"not_picked":["Runic Pyramid","Sozu"],"picked":"Black Blood"}],"items_purged_floors":[13],"is_endless":false,"potions_floor_spawned":[1,6,8,14,16,19,22],"killed_by":"Slavers","ascension_level":3}}