{"host":"l4kdldlios54gl54","time":1610419865,"event":{"mods":["AchievementEnabler","BaseMod","Colored Map","Colored Powertips","Minty Spire (QoL Compilation)","Random Character Button"],"gold_per_floor":[360,26,36,36,36,36,46,75,121,133,58,68,79,113,113,191,191,208,208,258,41,41,41,41,55,55,55,55,105,132,132,132,208,208,220,220,58,383,400,400,410,168,168,42,61,75,75,35,35,35],"floor_reached":51,"playtime":1882,"items_purged":["Strike_B","Strike_B","Defend_B","Defend_B"],"score":1393,"play_id":"69269b18-8805-4c02-b01c-45ccd8a2ab77","local_time":"20210112035105","is_ascension_mode":true,"campfire_choices":[{"data":"Redo","floor":6,"key":"SMITH"},{"data":"Zap","floor":15,"key":"SMITH"},{"data":"Glacier","floor":23,"key":"SMITH"},{"data":"Dualcast","floor":27,"key":"SMITH"},{"data":"Biased Cognition","floor":32,"key":"SMITH"},{"data":"Redo","floor":40,"key":"SMITH"},{"data":"Defend_B","floor":49,"key":"SMITH"}],"circlet_count":0,"master_deck":["AscendersBane","Defend_B+1","Defend_B","Zap+1","Dualcast+1","Ball Lightning","Redo+1","BootSequence","Glacier+1","Biased Cognition+1","Biased Cognition+1","FTL","Redo+1","Darkness+1","Core Surge","Reinforced Body+1"],"relics":["Cracked Core","Symbiotic Virus","Strawberry","HornCleat","Bag of Preparation","Juzu Bracelet","Sozu","Membership Card","Eternal Feather","Singing Bowl","Pen Nib","Runic Pyramid","TheAbacus","Old Coin","Happy Flower","ClockworkSouvenir","InkBottle"],"acts_visited":["Exordium","TheCity","TheBeyond"],"potions_floor_usage":[8,16],"damage_taken":[{"damage":7,"enemies":"Jaw Worm","floor":1,"turns":4},{"damage":3,"enemies":"Small Slimes","floor":3,"turns":4},{"damage":2,"enemies":"2 Louse","floor":7,"turns":2},{"damage":11,"enemies":"Gremlin Nob","floor":8,"turns":3},{"damage":0,"enemies":"Red Slaver","floor":10,"turns":3},{"damage":3,"enemies":"Lots of Slimes","floor":12,"turns":3},{"damage":0,"enemies":"Blue Slaver","floor":13,"turns":3},{"damage":4,"enemies":"Lagavulin","floor":14,"turns":6},{"damage":22,"enemies":"Slime Boss","floor":16,"turns":7},{"damage":3,"enemies":"3 Byrds","floor":18,"turns":3},{"damage":0,"enemies":"2 Thieves","floor":25,"turns":4},{"damage":1,"enemies":"Champ","floor":33,"turns":9},{"damage":0,"enemies":"Orb Walker","floor":35,"turns":3},{"damage":0,"enemies":"Mind Bloom Boss Battle","floor":38,"turns":4},{"damage":4,"enemies":"3 Darklings","floor":39,"turns":5},{"damage":16,"enemies":"Jaw Worm Horde","floor":41,"turns":4},{"damage":0,"enemies":"Sphere and 2 Shapes","floor":45,"turns":3},{"damage":8,"enemies":"4 Shapes","floor":46,"turns":5},{"damage":0,"enemies":"Time Eater","floor":50,"turns":5}],"seed_played":"-7748426348537588111","potions_obtained":[{"floor":3,"key":"SkillPotion"},{"floor":8,"key":"ColorlessPotion"},{"floor":10,"key":"SneckoOil"},{"floor":14,"key":"PowerPotion"}],"is_trial":false,"path_per_floor":["M","$","M","?","?","R","M","E","T","M","$","M","M","E","R","B",null,"M","?","?","$","?","R","?","M","T","R","?","?","T","?","R","B",null,"M","?","$","?","M","R","M","$","T","$","M","M","?","?","R","B",null],"character_chosen":"DEFECT","items_purchased":["Symbiotic Virus","Redo","Membership Card","Redo","TheAbacus","Happy Flower","ClockworkSouvenir","Darkness","Core Surge"],"campfire_rested":0,"item_purchase_floors":[2,2,21,37,37,42,42,44,44],"current_hp_per_floor":[39,39,36,59,61,61,59,48,48,48,48,45,45,41,41,19,63,60,60,60,60,60,60,60,60,60,66,66,66,66,66,72,73,78,80,78,78,80,78,82,68,68,68,68,68,62,62,62,71,71],"gold":35,"neow_bonus":"TWO_FIFTY_GOLD","is_daily":false,"chose_seed":false,"campfire_upgraded":7,"win_rate":0.0,"timestamp":1610419865,"path_taken":["M","$","M","?","?","R","M","E","T","M","$","M","M","E","R","BOSS","M","?","?","$","?","R","?","M","T","R","?","?","?","?","R","BOSS","M","?","$","?","M","R","M","$","T","$","M","M","?","?","R","BOSS"],"items_purchased_type":["Relic","Card","Relic","Card","Relic","Relic","Relic","Card","Card"],"build_version":"2020-12-22","purchased_purges":4,"victory":true,"max_hp_per_floor":[71,71,71,71,78,78,78,78,78,78,78,78,78,78,78,78,78,78,78,78,78,78,78,78,78,78,78,78,78,78,78,78,80,80,82,78,78,80,82,82,84,84,84,84,84,86,86,86,86,86],"card_choices":[{"not_picked":["Compile Driver","Streamline"],"picked":"Ball Lightning","floor":1},{"not_picked":["Stack","Compile Driver","Cold Snap"],"picked":"SKIP","floor":3},{"not_picked":["Redo","Stack","Sweeping Beam"],"picked":"SKIP","floor":7},{"not_picked":["Machine Learning","Scrape"],"picked":"BootSequence","floor":8},{"not_picked":["Barrage","Stack","Streamline"],"picked":"SKIP","floor":10},{"not_picked":["Go for the Eyes","Blizzard","Compile Driver"],"picked":"SKIP","floor":12},{"not_picked":["Barrage","Cold Snap"],"picked":"Glacier","floor":13},{"not_picked":["Steam","Cold Snap","Hello World"],"picked":"SKIP","floor":14},{"not_picked":["Fission","Echo Form"],"picked":"Biased Cognition","floor":16},{"not_picked":["Leap","Cold Snap","Gash"],"picked":"SKIP","floor":18},{"not_picked":["Rebound","Genetic Algorithm","Steam"],"picked":"SKIP","floor":25},{"not_picked":["Electrodynamics","Echo Form","Amplify"],"picked":"Singing Bowl","floor":33},{"not_picked":["Rebound","Barrage+1","Gash"],"picked":"Singing Bowl","floor":35},{"not_picked":["Cold Snap","Redo","Rip and Tear"],"picked":"Singing Bowl","floor":38},{"not_picked":["Loop","Stack","Aggregate"],"picked":"Singing Bowl","floor":39},{"not_picked":["Steam","Hologram","Redo"],"picked":"Singing Bowl","floor":41},{"not_picked":["Turbo","Rebound"],"picked":"Reinforced Body+1","floor":45},{"not_picked":["Gash+1","Coolheaded+1","Machine Learning"],"picked":"Singing Bowl","floor":46}],"player_experience":851075,"relics_obtained":[{"floor":8,"key":"HornCleat"},{"floor":9,"key":"Bag of Preparation"},{"floor":14,"key":"Juzu Bracelet"},{"floor":26,"key":"Singing Bowl"},{"floor":30,"key":"Pen Nib"},{"floor":38,"key":"Old Coin"},{"floor":43,"key":"InkBottle"}],"event_choices":[{"damage_healed":23,"gold_gain":0,"player_choice":"Banana","damage_taken":0,"max_hp_gain":0,"max_hp_loss":0,"event_name":"Big Fish","floor":4,"gold_loss":0},{"damage_healed":0,"gold_gain":0,"player_choice":"Success","damage_taken":5,"relics_obtained":["Strawberry"],"max_hp_gain":0,"max_hp_loss":0,"event_name":"Scrap Ooze","floor":5,"gold_loss":0},{"damage_healed":0,"gold_gain":0,"player_choice":"Ignored","damage_taken":0,"max_hp_gain":0,"max_hp_loss":0,"event_name":"The Mausoleum","floor":19,"gold_loss":0},{"damage_healed":0,"gold_gain":100,"player_choice":"Bet on Murderer","damage_taken":0,"max_hp_gain":0,"max_hp_loss":0,"event_name":"The Joust","floor":20,"gold_loss":50},{"damage_healed":0,"gold_gain":0,"player_choice":"Upgraded","damage_taken":0,"max_hp_gain":0,"max_hp_loss":0,"event_name":"Upgrade Shrine","floor":22,"gold_loss":0,"cards_upgraded":["Biased Cognition"]},{"damage_healed":0,"gold_gain":0,"player_choice":"Gave Potion","damage_taken":0,"relics_obtained":["Eternal Feather"],"max_hp_gain":0,"max_hp_loss":0,"event_name":"WeMeetAgain","floor":24,"gold_loss":0},{"damage_healed":0,"gold_gain":50,"player_choice":"Stole From Cult","damage_taken":0,"max_hp_gain":0,"max_hp_loss":0,"event_name":"Nest","floor":29,"gold_loss":0},{"damage_healed":0,"gold_gain":0,"cards_transformed":["Strike_B","Strike_B"],"player_choice":"Became Test Subject","damage_taken":0,"max_hp_gain":0,"max_hp_loss":0,"event_name":"Drug Dealer","floor":31,"gold_loss":0,"cards_obtained":["Biased Cognition","FTL"]},{"damage_healed":0,"gold_gain":0,"player_choice":"Max HP","damage_taken":0,"max_hp_gain":0,"max_hp_loss":4,"event_name":"Winding Halls","floor":36,"gold_loss":0},{"damage_healed":0,"gold_gain":0,"player_choice":"Fight","damage_taken":0,"max_hp_gain":0,"max_hp_loss":0,"event_name":"MindBloom","floor":38,"gold_loss":0},{"damage_healed":0,"gold_gain":0,"player_choice":"Forge","damage_taken":0,"max_hp_gain":0,"max_hp_loss":0,"event_name":"Accursed Blacksmith","floor":47,"gold_loss":0,"cards_upgraded":["Darkness"]},{"damage_healed":0,"gold_gain":0,"player_choice":"Bought 3 Potions","damage_taken":0,"max_hp_gain":0,"max_hp_loss":0,"event_name":"The Woman in Blue","floor":48,"gold_loss":0}],"is_beta":false,"boss_relics":[{"not_picked":["Runic Dome","Pandora\u0027s Box"],"picked":"Sozu"},{"not_picked":["Snecko Eye","Nuclear Battery"],"picked":"Runic Pyramid"}],"items_purged_floors":[11,21,37,42],"is_endless":false,"potions_floor_spawned":[3,8,10,14,25,38,41],"ascension_level":19}}