{"host":"bhhjkloc4kd9nqc5","time":1610435669,"event":{"mods":["Act Like it!","BaseMod","Chen","Gensokyo","Infinite Spire","Koishi","Lobotomy","LobotomyExtend","Marisa????????","Minty Spire (QoL Compilation)","Onozuka Komachi Mod","Remilia??????","Replay The Spire","RumiaBox-????????","StSLib","The Administrix","The Cursed","The Gatherer","Yakumo Yukari mod","Youmu??????","Yuri Mod","Yuyuko","slay the spire mod where everything is the same but ironclad has a cowboy hat"],"gold_per_floor":[119,137,37,57,69,396,396,421,421,421,421,481,481,501,501,601,601,621,561,661,672,691,726,726,740,786,806,819,847,864,875,875,971,971,983,442,442,542,553,582,582,601,601,613,199,219,219,252,252,252,252,252],"floor_reached":50,"playtime":4493,"items_purged":["Clumsy"],"score":681,"play_id":"24f739d2-f424-407e-b844-ec58104a42d6","local_time":"20210112161429","is_ascension_mode":false,"metric_token":1489,"campfire_choices":[{"data":"Gatherer:Snatch","floor":10,"key":"SMITH"},{"floor":15,"key":"REST"},{"data":"Gatherer:EchoOfNature","floor":24,"key":"SMITH"},{"floor":32,"key":"REST"},{"floor":41,"key":"REST"},{"floor":47,"key":"REST"},{"floor":49,"key":"REST"}],"circlet_count":0,"master_deck":["Gatherer:Strike_Gatherer","Gatherer:Strike_Gatherer","Gatherer:Strike_Gatherer","Gatherer:Strike_Gatherer","Gatherer:Strike_Gatherer","Gatherer:Defend_Gatherer","Gatherer:Defend_Gatherer","Gatherer:Defend_Gatherer","Gatherer:Defend_Gatherer","Gatherer:Defend_Gatherer","Gatherer:Centralize","Gatherer:FlowerWhip","Gatherer:Snatch","Gatherer:Transmute","Gatherer:PotentialSlash","Gatherer:Snatch+1","Gatherer:FlowerBeam","Gatherer:EchoOfNature+1","Gensokyo:CrescentMoonSlash","Gatherer:FruitForce","Gatherer:FlowerBeam","Gatherer:CursedBlade","Gatherer:DrugPower+1","Gatherer:EnergyBasket","Gatherer:ScherryThrow","Gatherer:Solidify","Gatherer:FlowerFalling+1","Gatherer:RecoveryHerb","Gatherer:BambuSword+1","Gatherer:AcidicSpray+1","Gatherer:GatherMaterial+1","Gatherer:FlowerShield","Gatherer:HeartToFruit","Gatherer:Uplift","Transmutation","Panacea","Crow Ritual","Gatherer:FragileHammer+1","Gatherer:QuickSynthesis+1","Gatherer:AcidicSpray","Gatherer:Misfortune+1","Gatherer:AlchemyTrial","Gatherer:PoisonMastery"],"relics":["Gatherer:MiracleBag","Replay:Rubber Ducky","LetterFromLob","Lizard Tail","Gensokyo:NagashiBinaDoll","infinitespire:Satchel","Omamori","GodSword1","Incense Burner","EasyGame_NEW","Bottled Lightning","Replay:Wax Seal","Regal Pillow","Lee\u0027s Waffle","Centennial Puzzle","ReplayFunnel","Oddly Smooth Stone","PreservedInsect","ZombieArmy","HornCleat","Mango"],"acts_visited":["Gensokyo:Gensokyo","TheCity","TheBeyond"],"potions_floor_usage":[6,8,16,16,22,29,29,33,33,40,40,42,44,44,44,44,44,44,46,48,50,50,50,50],"damage_taken":[{"damage":2,"enemies":"Gensokyo:2_Kodama","floor":1,"turns":5},{"damage":2,"enemies":"Gensokyo:Gryphon","floor":2,"turns":3},{"damage":0,"enemies":"Gensokyo:Python","floor":4,"turns":2},{"damage":22,"enemies":"Gensokyo:CorruptedTreant","floor":5,"turns":4},{"damage":10,"enemies":"Gensokyo:Mamizou","floor":6,"turns":8},{"damage":23,"enemies":"Gensokyo:Cirno","floor":8,"turns":6},{"damage":3,"enemies":"Gensokyo:Gryphon_and_Rabbit","floor":14,"turns":4},{"damage":18,"enemies":"Gensokyo:Reimu","floor":16,"turns":8},{"damage":13,"enemies":"2 Thieves","floor":18,"turns":2},{"damage":9,"enemies":"Shell Parasite","floor":21,"turns":4},{"damage":7,"enemies":"Snake Plant","floor":22,"turns":3},{"damage":29,"enemies":"Book of Stabbing","floor":23,"turns":4},{"damage":0,"enemies":"Sentry and Sphere","floor":25,"turns":2},{"damage":0,"enemies":"Cultist and Chosen","floor":27,"turns":4},{"damage":12,"enemies":"Snecko","floor":28,"turns":5},{"damage":0,"enemies":"Nightmare","floor":29,"turns":4},{"damage":5,"enemies":"3 Cultists","floor":30,"turns":3},{"damage":4,"enemies":"Cultist and Chosen","floor":31,"turns":4},{"damage":95,"enemies":"Collector","floor":33,"turns":11},{"damage":52,"enemies":"3 Darklings","floor":35,"turns":5},{"damage":17,"enemies":"3 Shapes","floor":39,"turns":3},{"damage":55,"enemies":"Giant Head","floor":40,"turns":9},{"damage":12,"enemies":"Sphere and 2 Shapes","floor":42,"turns":3},{"damage":15,"enemies":"4 Shapes","floor":44,"turns":3},{"damage":22,"enemies":"Spire Growth","floor":46,"turns":4},{"damage":43,"enemies":"Nemesis","floor":48,"turns":5},{"damage":93,"enemies":"Replay:Hell Engine","floor":50,"turns":9}],"seed_played":"2610406647983807230","potions_obtained":[{"floor":2,"key":"Fire Potion"},{"floor":4,"key":"Toxic Potion"},{"floor":6,"key":"Regen Potion"},{"floor":12,"key":"Dexterity Potion"},{"floor":16,"key":"SpeedPotion"},{"floor":21,"key":"Weak Potion"},{"floor":23,"key":"FearPotion"},{"floor":25,"key":"EssenceOfSteel"},{"floor":29,"key":"Poison Potion"},{"floor":39,"key":"BloodPotion"},{"floor":40,"key":"EssenceOfSteel"},{"floor":44,"key":"ColorlessPotion"},{"floor":46,"key":"Explosive Potion"}],"is_trial":false,"path_per_floor":["M","M","COS","M","M","E","?","E","T","R","?","?","?","M","R","B",null,"M","?","?","M","M","E","R","M","T","M","M","NM","M","M","R","B",null,"M","$","?","?","M","E","R","M","T","M","$","M","R","E","R","B"],"character_chosen":"THE_GATHERER","items_purchased":["Lee\u0027s Waffle","Centennial Puzzle","ReplayFunnel","ZombieArmy","HornCleat"],"campfire_rested":5,"item_purchase_floors":[36,36,36,45,45],"current_hp_per_floor":[70,68,68,68,46,36,36,27,27,27,17,21,21,18,40,22,76,63,63,63,54,47,18,18,18,18,18,12,12,14,17,54,31,76,29,83,73,73,59,25,66,54,54,47,47,25,67,41,87,0,0,0],"gold":252,"neow_bonus":"RANDOM_COMMON_RELIC","is_daily":false,"chose_seed":false,"campfire_upgraded":2,"win_rate":0.0,"timestamp":1610435669,"path_taken":["M","M","COS","M","M","E","?","E","T","R","?","?","?","M","R","BOSS","M","?","?","M","M","E","R","M","T","M","M","NM","M","M","R","BOSS","M","?","?","?","M","E","R","M","T","M","$","?","R","E","R","BOSS"],"items_purchased_type":["Relic","Relic","Relic","Relic","Relic"],"build_version":"2020-12-22","purchased_purges":1,"victory":false,"max_hp_per_floor":[72,72,72,72,72,72,72,72,72,72,72,76,76,76,76,76,76,76,76,76,76,76,76,76,76,76,76,76,76,76,76,76,76,76,76,83,83,83,86,89,89,89,89,92,92,92,92,106,106,106,106,106],"card_choices":[{"not_picked":["Gatherer:Convert","Gatherer:VenomBarrier"],"picked":"Gatherer:Snatch","floor":1},{"not_picked":["Gatherer:BalancedGrowth","Gatherer:Solidify"],"picked":"Gatherer:Transmute","floor":2},{"not_picked":["Gatherer:CollectorsShot","Gatherer:Frenzy"],"picked":"Gatherer:PotentialSlash","floor":4},{"not_picked":["Gatherer:SaveValuables","Gatherer:TacticalStrike"],"picked":"Gatherer:Snatch","floor":5},{"not_picked":["Gatherer:AromaProtection","Gatherer:WoolGloves"],"picked":"Gatherer:FlowerBeam","floor":6},{"not_picked":["Gatherer:FragileHammer","Gatherer:Overflowing"],"picked":"Gatherer:EchoOfNature","floor":8},{"not_picked":["Gatherer:DrugPower","Gatherer:BambuSword"],"picked":"Gatherer:FruitForce","floor":12},{"not_picked":["Gatherer:FragileHammer","Gatherer:CarefulStrike"],"picked":"Gatherer:FlowerBeam","floor":14},{"not_picked":["Gatherer:BomberForm","Gatherer:Bulldoze"],"picked":"Gatherer:CursedBlade","floor":16},{"not_picked":["Gatherer:Transmute","Gatherer:SaveValuables"],"picked":"Gatherer:DrugPower+1","floor":18},{"not_picked":["Gatherer:RecipeChange","Gatherer:TacticalStrike"],"picked":"Gatherer:EnergyBasket","floor":21},{"not_picked":["Gatherer:AromaProtection","Gatherer:PotentialSlash"],"picked":"Gatherer:ScherryThrow","floor":22},{"not_picked":["Gatherer:CollectorsShot","Gatherer:ScrollOfPurity"],"picked":"Gatherer:Solidify","floor":23},{"not_picked":["Gatherer:TacticalStrike","Gatherer:FlowerBeam"],"picked":"Gatherer:FlowerFalling+1","floor":25},{"not_picked":["Gatherer:ScrollOfWall+1","Gatherer:SaveValuables"],"picked":"Gatherer:RecoveryHerb","floor":27},{"not_picked":["Gatherer:Snatch","Gatherer:AromaProtection"],"picked":"Gatherer:BambuSword+1","floor":28},{"not_picked":["Gatherer:TacticalStrike+1","Gatherer:FlowerPower"],"picked":"Gatherer:AcidicSpray+1","floor":29},{"not_picked":["Gatherer:FlowerBeam","Gatherer:CursedBlade"],"picked":"Gatherer:GatherMaterial+1","floor":30},{"not_picked":["Gatherer:WoolGloves+1","Gatherer:Convert"],"picked":"Gatherer:FlowerShield","floor":31},{"not_picked":["Gatherer:GrowBook","Gatherer:Examine"],"picked":"Gatherer:HeartToFruit","floor":33},{"not_picked":["Gatherer:Transmute","Gatherer:WoolGloves"],"picked":"Gatherer:Uplift","floor":35},{"not_picked":["Sadistic Nature","Deep Breath"],"picked":"Transmutation","floor":37},{"not_picked":["Specialist","Jack Of All Trades"],"picked":"Panacea","floor":37},{"not_picked":["Replay:Sssssssssshield","Impatience"],"picked":"Crow Ritual","floor":37},{"not_picked":["Gatherer:TreeGrowth","Gatherer:EnergyBasket+1"],"picked":"Gatherer:FragileHammer+1","floor":39},{"not_picked":["Gatherer:Duality+1","Gatherer:MiningStrike"],"picked":"Gatherer:QuickSynthesis+1","floor":40},{"not_picked":["Gatherer:CollectorsShot+1","Gatherer:FlowerFalling"],"picked":"Gatherer:AcidicSpray","floor":42},{"not_picked":["Gatherer:AcidicSpray+1","Gatherer:GatherMaterial"],"picked":"Gatherer:Misfortune+1","floor":44},{"not_picked":["Gatherer:FragileHammer+1","Gatherer:AromaProtection+1"],"picked":"Gatherer:AlchemyTrial","floor":46},{"not_picked":["Gatherer:WitheringStrike+1","Gatherer:BambuSword"],"picked":"Gatherer:PoisonMastery","floor":48}],"player_experience":228365,"relics_obtained":[{"floor":1,"key":"LetterFromLob"},{"floor":6,"key":"Lizard Tail"},{"floor":8,"key":"infinitespire:Satchel"},{"floor":9,"key":"Omamori"},{"floor":12,"key":"GodSword1"},{"floor":23,"key":"Bottled Lightning"},{"floor":26,"key":"Replay:Wax Seal"},{"floor":29,"key":"Regal Pillow"},{"floor":40,"key":"Oddly Smooth Stone"},{"floor":43,"key":"PreservedInsect"},{"floor":48,"key":"Mango"}],"event_choices":[{"damage_healed":0,"gold_gain":100,"player_choice":"Pray","damage_taken":0,"max_hp_gain":0,"max_hp_loss":0,"event_name":"Golden Shrine","floor":20,"gold_loss":0},{"damage_healed":0,"gold_gain":0,"player_choice":"Memory 3","damage_taken":10,"max_hp_gain":0,"max_hp_loss":0,"event_name":"SensoryStone","floor":37,"gold_loss":0},{"damage_healed":0,"gold_gain":100,"player_choice":"Pray","damage_taken":0,"max_hp_gain":0,"max_hp_loss":0,"event_name":"Golden Shrine","floor":38,"gold_loss":0}],"is_beta":false,"boss_relics":[{"not_picked":["Fusion Hammer","ReplayTheSpireMod:DimensionalGlitch"],"picked":"EasyGame_NEW"},{"not_picked":["Replay:Ancient Bell","Replay:Grab Bag"],"picked":"Gatherer:MiracleBag"}],"items_purged_floors":[36],"is_endless":true,"potions_floor_spawned":[2,4,6,16,21,23,25,29,39,40,44,46],"killed_by":"Replay:Hell Engine","ascension_level":0}}