{"host":"dk10vuzdqf3wivcv","time":1610468853,"event":{"mods":["Aspiration","Astrologer","BaseMod","Colored Map","Conspire","Downfall","Friendly Minions","Hermit","Hubris","Infinite Spire","Minty Spire (QoL Compilation)","Replay The Spire","StSLib","SuperFastMode","Td1madao Mod","The Animator","The Gatherer","The Jungle"],"gold_per_floor":[99,112,124,137,149,176,176,201,8,8,8,22,22,47,59,162,162,162,162],"floor_reached":17,"playtime":962,"items_purged":[],"score":211,"play_id":"6ff7c37f-fe1f-46a9-991f-b1a08b05ceea","local_time":"20210112172733","is_ascension_mode":true,"campfire_choices":[{"floor":1,"key":"RECALL"},{"data":"expansioncontent:QuickStudy","floor":10,"key":"SMITH"}],"circlet_count":0,"master_deck":["conspire:GhostlyStrike","conspire:GhostlyStrike","conspire:GhostlyStrike","Slimebound:Tackle","conspire:GhostlyDefend","conspire:GhostlyDefend","conspire:GhostlyDefend","conspire:GhostlyDefend","Slimebound:Split","Slimebound:CorrosiveSpit","Slimebound:SlimeSlap+1","Slimebound:Schlurp","Slimebound:SpikyOuterGoop","Slimebound:GoopSpray","Slimebound:LeechLife","Slimebound:SpikyOuterGoop","Slimebound:RainOfGoop","expansioncontent:QuickStudy+1","Slimebound:FormOfPuddle","Slimebound:LivingWall","Slimebound:MassFeed"],"relics":["Slimebound:AbsorbEndCombat","hubris:BottledRain","CaptainsWheel","Du-Vu Doll","Replay:Grab Bag","downfall:Hecktoplasm","hubris:VirtuousBlindfold","hubris:HollowSoul"],"acts_visited":["Exordium","TheCity"],"potions_floor_usage":[8,16],"damage_taken":[{"damage":17,"enemies":"Cultist","floor":2,"turns":5},{"damage":8,"enemies":"Small Slimes","floor":3,"turns":3},{"damage":11,"enemies":"2 Louse","floor":4,"turns":3},{"damage":27,"enemies":"2 Fungi Beasts","floor":5,"turns":4},{"damage":35,"enemies":"3 Sentries","floor":6,"turns":8},{"damage":42,"enemies":"Lagavulin","floor":8,"turns":8},{"damage":11,"enemies":"downfall:FleeingMerchant","floor":9,"turns":4},{"damage":24,"enemies":"Lots of Slimes","floor":12,"turns":5},{"damage":28,"enemies":"3 Sentries","floor":14,"turns":6},{"damage":20,"enemies":"Exordium Wildlife","floor":15,"turns":3},{"damage":77,"enemies":"downfall:Defect","floor":16,"turns":7}],"seed_played":"-8664162800536506422","potions_obtained":[{"floor":3,"key":"SpeedPotion"},{"floor":6,"key":"Adrenaline Potion"},{"floor":8,"key":"Elixir"}],"is_trial":false,"path_per_floor":["R","M","M","M","M","E","T","E","$","R","?","M","?","E","M","B",null],"character_chosen":"SLIMEBOUND","items_purchased":["expansioncontent:QuickStudy"],"campfire_rested":0,"item_purchase_floors":[9],"current_hp_per_floor":[42,45,53,58,45,38,38,30,39,39,39,55,55,56,44,12,60,60,60],"gold":162,"neow_bonus":"THREE_RARE_CARDS","is_daily":false,"chose_seed":false,"campfire_upgraded":1,"win_rate":0.0,"timestamp":1610468853,"path_taken":["R","M","M","M","M","E","T","E","$","R","?","M","?","E","M","BOSS"],"items_purchased_type":["Card"],"build_version":"2020-12-22","purchased_purges":0,"victory":false,"max_hp_per_floor":[60,60,60,60,60,60,60,60,60,60,60,60,60,60,60,60,60,60,60],"card_choices":[{"not_picked":["Slimebound:DouseInSlime","Slimebound:SelfFormingGoo"],"picked":"Slimebound:SlimeSlap","floor":0},{"not_picked":["Slimebound:FormOfPuddle","Slimebound:SplitLeeching"],"picked":"Slimebound:Schlurp","floor":2},{"not_picked":["Slimebound:RollThrough","Slimebound:SamplingLick"],"picked":"Slimebound:SpikyOuterGoop","floor":3},{"not_picked":["Slimebound:FinishingTackle","Slimebound:Replication"],"picked":"Slimebound:GoopSpray","floor":4},{"not_picked":["Slimebound:MinionMaster","Slimebound:SlimeBrawl","Slimebound:SplitAcid"],"picked":"SKIP","floor":5},{"not_picked":["Slimebound:PressTheAttack","Slimebound:BestDefense"],"picked":"Slimebound:LeechLife","floor":6},{"not_picked":["Slimebound:LevelUp","Slimebound:LeechLife"],"picked":"Slimebound:SpikyOuterGoop","floor":8},{"not_picked":["Slimebound:Dissolve","Slimebound:SamplingLick"],"picked":"Slimebound:RainOfGoop","floor":9},{"not_picked":["Slimebound:PressTheAttack","Slimebound:Repurpose","Slimebound:FlameTackle"],"picked":"SKIP","floor":12},{"not_picked":["Slimebound:Dissolve","Slimebound:Prepare"],"picked":"Slimebound:FormOfPuddle","floor":14},{"not_picked":["Slimebound:SlimeSpikes","Slimebound:RollThrough"],"picked":"Slimebound:LivingWall","floor":15},{"not_picked":["Slimebound:MinionMaster","Slimebound:CheckThePlaybook"],"picked":"Slimebound:MassFeed","floor":16}],"player_experience":168425,"relics_obtained":[{"floor":6,"key":"hubris:BottledRain"},{"floor":8,"key":"CaptainsWheel"},{"floor":14,"key":"Du-Vu Doll"}],"event_choices":[{"damage_healed":0,"gold_gain":0,"player_choice":"Grow","damage_taken":0,"max_hp_gain":0,"max_hp_loss":0,"event_name":"Living Wall","floor":11,"gold_loss":0,"cards_upgraded":["Slimebound:SlimeSlap"]},{"damage_healed":0,"gold_gain":0,"player_choice":"Agree","damage_taken":0,"max_hp_gain":0,"max_hp_loss":0,"event_name":"conspire:LoneGhost","floor":13,"gold_loss":0}],"is_beta":false,"boss_relics":[{"not_picked":["Runic Pyramid","Abe\u0027s Treasure"],"picked":"Replay:Grab Bag"},{"not_picked":["Philosopher\u0027s Stone","Sozu"],"picked":"downfall:Hecktoplasm"},{"not_picked":["hubris:TerracottaHorce","hubris:CrackedHourglass"],"picked":"hubris:VirtuousBlindfold"},{"not_picked":["Snecko Eye","hubris:Backtick"],"picked":"hubris:HollowSoul"}],"items_purged_floors":[],"is_endless":false,"potions_floor_spawned":[3,6,8],"ascension_level":1}}