{"host":"oehe2dxjvdgux73m","time":1610457340,"event":{"mods":["AchievementEnabler","BaseMod","Colored Map","Colored Powertips","DeckTracker","Keyboard Shortcuts","Minty Spire (QoL Compilation)","Permanent Neow","Quick Restart","StSLib","SuperFastMode"],"gold_per_floor":[117,132,147,147,168,168,208,95,122,156,169,188,203,234,234,363,363,377,393,408,427,451,451,451,451,477,477,496,496,509,534,534,534,534],"floor_reached":33,"playtime":1241,"items_purged":["Strike_R"],"score":383,"play_id":"03c2a86b-8385-4a39-b459-65236a09b739","local_time":"20210112221540","is_ascension_mode":true,"campfire_choices":[{"data":"Body Slam","floor":6.0,"key":"SMITH"},{"floor":15.0,"key":"REST"},{"floor":23,"key":"REST"},{"data":"Offering","floor":25,"key":"SMITH"},{"data":"Dark Embrace","floor":27,"key":"SMITH"},{"floor":32,"key":"REST"}],"circlet_count":0,"master_deck":["Defend_R","Defend_R+1","Defend_R+1","Defend_R","Bash","Perfected Strike","Body Slam+1","Dark Embrace+1","Headbutt","Fiend Fire","Seeing Red","Pommel Strike","Wild Strike","Pommel Strike","Offering+1","Pommel Strike+1","Bite","Bite","Bite","Bite","Bite","Immolate"],"relics":["Burning Blood","Golden Idol","Bag of Preparation","Tiny Chest","Anchor","Runic Cube","War Paint"],"acts_visited":["Exordium","TheCity"],"potions_floor_usage":[22,31],"damage_taken":[{"damage":7.0,"enemies":"2 Louse","floor":1.0,"turns":3.0},{"damage":7.0,"enemies":"Small Slimes","floor":2.0,"turns":3.0},{"damage":9.0,"enemies":"Cultist","floor":3.0,"turns":5.0},{"damage":12.0,"enemies":"Looter","floor":5.0,"turns":4.0},{"damage":22.0,"enemies":"Gremlin Nob","floor":7.0,"turns":4.0},{"damage":37.0,"enemies":"Lagavulin","floor":10.0,"turns":7.0},{"damage":9.0,"enemies":"Red Slaver","floor":11.0,"turns":3.0},{"damage":8.0,"enemies":"Blue Slaver","floor":12.0,"turns":4.0},{"damage":7.0,"enemies":"Looter","floor":13.0,"turns":3.0},{"damage":13.0,"enemies":"Gremlin Nob","floor":14.0,"turns":3.0},{"damage":28.0,"enemies":"Slime Boss","floor":16.0,"turns":12.0},{"damage":8.0,"enemies":"Chosen","floor":18.0,"turns":2.0},{"damage":7.0,"enemies":"Spheric Guardian","floor":19.0,"turns":3.0},{"damage":25.0,"enemies":"Snecko","floor":20.0,"turns":4.0},{"damage":12.0,"enemies":"Centurion and Healer","floor":21.0,"turns":5.0},{"damage":25,"enemies":"Cultist and Chosen","floor":22,"turns":6},{"damage":30,"enemies":"Chosen and Byrds","floor":28,"turns":5},{"damage":13,"enemies":"Colosseum Slavers","floor":29,"turns":4},{"damage":13,"enemies":"Centurion and Healer","floor":30,"turns":5},{"damage":40,"enemies":"Sentry and Sphere","floor":31,"turns":5},{"damage":106,"enemies":"Champ","floor":33,"turns":9}],"seed_played":"-6415866918913483609","potions_obtained":[{"floor":2.0,"key":"BlessingOfTheForge"},{"floor":5.0,"key":"BloodPotion"},{"floor":11.0,"key":"Weak Potion"},{"floor":12.0,"key":"Strength Potion"},{"floor":18.0,"key":"Energy Potion"},{"floor":19.0,"key":"FairyPotion"},{"floor":22,"key":"Energy Potion"}],"is_trial":false,"path_per_floor":["M","M","M","?","M","R","E","$","T","E","M","M","M","E","R","B",null,"M","M","M","M","M","R","?","R","T","R","M","?","M","M","R","B"],"character_chosen":"IRONCLAD","items_purchased":["Seeing Red"],"campfire_rested":3,"item_purchase_floors":[8],"current_hp_per_floor":[71,70,67,67,61,61,45,45,45,14,13,13,28,23,45,25,62,62,63,46,42,25,47,47,47,47,47,37,34,37,9,31,0,0],"gold":534,"neow_bonus":"THREE_CARDS","is_daily":false,"chose_seed":false,"campfire_upgraded":3,"win_rate":0.0,"timestamp":1610457340,"path_taken":["M","M","M","?","M","R","E","$","T","E","M","M","M","E","R","BOSS","M","M","M","M","M","R","?","R","T","R","M","?","M","M","R","BOSS"],"items_purchased_type":["Card"],"build_version":"2020-12-22","purchased_purges":1,"victory":false,"max_hp_per_floor":[80,80,80,74,74,74,74,74,74,74,74,74,74,74,74,74,74,74,74,74,74,74,74,74,74,74,74,74,74,74,74,74,74,74],"card_choices":[{"not_picked":["Heavy Blade","Iron Wave"],"picked":"Perfected Strike","floor":0.0},{"not_picked":["Cleave","Evolve"],"picked":"Body Slam","floor":1.0},{"not_picked":["Iron Wave","Flex"],"picked":"Dark Embrace","floor":2.0},{"not_picked":["Intimidate","Sword Boomerang","True Grit"],"picked":"SKIP","floor":3.0},{"not_picked":["Thunderclap","Sever Soul"],"picked":"Headbutt","floor":5.0},{"not_picked":["Searing Blow","Anger"],"picked":"Fiend Fire","floor":7.0},{"not_picked":["Shockwave","Heavy Blade"],"picked":"Pommel Strike","floor":10.0},{"not_picked":["Flex","Warcry"],"picked":"Wild Strike","floor":11.0},{"not_picked":["Evolve","Dark Embrace","Whirlwind"],"picked":"SKIP","floor":12.0},{"not_picked":["Headbutt","Thunderclap"],"picked":"Pommel Strike","floor":13.0},{"not_picked":["Burning Pact","Seeing Red","Pummel"],"picked":"SKIP","floor":14.0},{"not_picked":["Exhume","Feed"],"picked":"Offering","floor":16.0},{"not_picked":["Warcry","Anger","Body Slam"],"picked":"SKIP","floor":18.0},{"not_picked":["Perfected Strike","Sentinel"],"picked":"Pommel Strike+1","floor":19.0},{"not_picked":["Havoc+1","Sentinel","Body Slam"],"picked":"SKIP","floor":20.0},{"not_picked":["Sword Boomerang","Anger","Headbutt"],"picked":"SKIP","floor":21.0},{"not_picked":["Shockwave","Hemokinesis","Sword Boomerang"],"picked":"SKIP","floor":22},{"not_picked":["Iron Wave+1","Dark Embrace","Ghostly Armor"],"picked":"SKIP","floor":28},{"not_picked":["Wild Strike","Combust+1"],"picked":"Immolate","floor":30},{"not_picked":["Ghostly Armor","Intimidate+1","Warcry"],"picked":"SKIP","floor":31}],"player_experience":135964,"relics_obtained":[{"floor":7.0,"key":"Bag of Preparation"},{"floor":9.0,"key":"Tiny Chest"},{"floor":10.0,"key":"Blood Vial"},{"floor":14.0,"key":"Anchor"},{"floor":26,"key":"War Paint"}],"event_choices":[{"damage_healed":0.0,"max_hp_gain":0.0,"max_hp_loss":6.0,"gold_gain":0.0,"event_name":"Golden Idol","player_choice":"Lose Max HP","floor":4.0,"gold_loss":0.0,"damage_taken":0.0,"relics_obtained":["Golden Idol"]},{"damage_healed":0,"gold_gain":0,"player_choice":"Became a vampire (Vial)","damage_taken":0,"max_hp_gain":0,"max_hp_loss":0,"event_name":"Vampires","floor":24,"relics_lost":["Blood Vial"],"gold_loss":0,"cards_obtained":["Bite","Bite","Bite","Bite","Bite"]},{"damage_healed":0,"gold_gain":0,"player_choice":"Fight","damage_taken":0,"max_hp_gain":0,"max_hp_loss":0,"event_name":"Colosseum","floor":29,"gold_loss":0},{"damage_healed":0,"gold_gain":0,"player_choice":"Fled From Nobs","damage_taken":0,"max_hp_gain":0,"max_hp_loss":0,"event_name":"Colosseum","floor":29,"gold_loss":0}],"is_beta":false,"boss_relics":[{"not_picked":["Tiny House","SacredBark"],"picked":"Runic Cube"}],"items_purged_floors":[8],"is_endless":false,"potions_floor_spawned":[2,5,11,12,18,19,20,22,29,30],"killed_by":"Champ","ascension_level":6}}