{"host":"sdjng9zhqonqi3uc","time":1610451688,"event":{"mods":["2.2 Compatiblity","AchievementEnabler","BaseMod","BetterRewards","Colored Powertips","Hero for Fun","Minty Spire (QoL Compilation)","Shop Mod","StSLib","Td1madao Mod","The Animator","The Cursed","The Servant 0.9.4"],"gold_per_floor":[119,37,49,49,60,60,92,92,92,119,119,119,137,137,137,238,238,251,251,176,52,52,52,67,101,180,180,1,27,37,51,51,51,51],"floor_reached":33,"playtime":1589,"items_purged":["Strike_B"],"score":291,"play_id":"2cd11a80-72b3-4f59-9f91-c16db3610f9a","local_time":"20210112124128","is_ascension_mode":false,"campfire_choices":[{"data":"Fusion","floor":6,"key":"SMITH"},{"data":"Rainbow","floor":8,"key":"SMITH"},{"data":"Static Discharge","floor":15,"key":"SMITH"},{"floor":23,"key":"RECALL"},{"data":"Fission","floor":32,"key":"SMITH"}],"circlet_count":0,"master_deck":["Zap","Dualcast","BootSequence","Fusion+1","Self Repair+1","Beam Cell","Rip and Tear","Rainbow+1","Static Discharge+1","Meteor Strike","Conserve Battery","Rebound","Compile Driver","Fission+1","Turbo+1","Loop","Fusion","Chaos","Consume"],"relics":["Cracked Core","Juzu Bracelet","Pocketwatch","MerchantsRug","Boot","Bottled Lightning","Letter Opener","Nunchaku","Bottled Tornado","Singing Bowl","Ornamental Fan","HornCleat","Sundial"],"acts_visited":["Exordium","TheCity"],"potions_floor_usage":[7,29,29,33,33],"damage_taken":[{"damage":0,"enemies":"Cultist","floor":1,"turns":4},{"damage":1,"enemies":"Jaw Worm","floor":3,"turns":3},{"damage":5,"enemies":"Small Slimes","floor":5,"turns":4},{"damage":27,"enemies":"3 Sentries","floor":7,"turns":6},{"damage":17,"enemies":"Gremlin Nob","floor":10,"turns":4},{"damage":0,"enemies":"Looter","floor":13,"turns":2},{"damage":9,"enemies":"The Guardian","floor":16,"turns":8},{"damage":1,"enemies":"3 Byrds","floor":18,"turns":4},{"damage":0,"enemies":"Chosen","floor":24,"turns":3},{"damage":34,"enemies":"Book of Stabbing","floor":25,"turns":4},{"damage":7,"enemies":"Slavers","floor":29,"turns":4},{"damage":3,"enemies":"Snake Plant","floor":30,"turns":3},{"damage":19,"enemies":"Chosen and Byrds","floor":31,"turns":4},{"damage":59,"enemies":"Collector","floor":33,"turns":5}],"seed_played":"-6495564999269115896","potions_obtained":[{"floor":5,"key":"BlessingOfTheForge"},{"floor":7,"key":"Dexterity Potion"},{"floor":10,"key":"FearPotion"},{"floor":16,"key":"Block Potion"},{"floor":18,"key":"FocusPotion"},{"floor":30,"key":"DuplicationPotion"}],"is_trial":false,"path_per_floor":["M","$","M","?","M","R","E","R","T","E","?","?","M","T","R","B",null,"M","?","?","$","?","R","M","E","T","?","$","E","M","M","R","B"],"character_chosen":"DEFECT","items_purchased":["Juzu Bracelet","Omamori","MerchantsRug","Self Repair","Bottled Tornado","HornCleat"],"campfire_rested":0,"item_purchase_floors":[0,0,0,2,21,28],"current_hp_per_floor":[40,40,46,75,75,75,55,55,55,45,45,45,55,55,55,56,75,74,74,74,74,74,74,75,51,51,51,51,56,65,58,58,0,0],"gold":51,"neow_bonus":"","is_daily":false,"chose_seed":false,"campfire_upgraded":4,"win_rate":0.0,"timestamp":1610451688,"path_taken":["M","?","M","?","M","R","E","R","T","E","?","?","M","?","R","BOSS","M","?","?","?","?","R","M","E","T","?","$","E","M","M","R","BOSS"],"items_purchased_type":["Relic","Relic","Relic","Card","Relic","Relic"],"build_version":"2020-12-22","purchased_purges":1,"victory":false,"max_hp_per_floor":[75,75,75,75,75,75,75,75,75,75,75,75,75,75,75,75,75,75,75,75,75,75,75,75,75,75,75,75,77,79,81,81,81,81],"card_choices":[{"not_picked":["White Noise","Rebound"],"picked":"Fusion","floor":1},{"not_picked":["BootSequence","Go for the Eyes"],"picked":"Beam Cell","floor":3},{"not_picked":["Rebound","Steam Power"],"picked":"Rip and Tear","floor":5},{"not_picked":["Cold Snap","Steam"],"picked":"Rainbow","floor":7},{"not_picked":["Go for the Eyes","Beam Cell","Steam"],"picked":"SKIP","floor":10},{"not_picked":["Beam Cell","Steam"],"picked":"Static Discharge","floor":13},{"not_picked":["Core Surge","Creative AI"],"picked":"Meteor Strike","floor":16},{"not_picked":["Rebound+1","Redo"],"picked":"Turbo+1","floor":18},{"not_picked":["Darkness","Chill"],"picked":"Loop","floor":24},{"not_picked":["Coolheaded","Aggregate"],"picked":"Fusion","floor":25},{"not_picked":["Reprogram+1","Compile Driver","Gash"],"picked":"Singing Bowl","floor":29},{"not_picked":["Coolheaded","Hologram","Compile Driver"],"picked":"Singing Bowl","floor":30},{"not_picked":["Cold Snap","Reprogram","Undo+1"],"picked":"Singing Bowl","floor":31}],"player_experience":307686,"relics_obtained":[{"floor":7,"key":"Boot"},{"floor":9,"key":"Bottled Lightning"},{"floor":10,"key":"Letter Opener"},{"floor":25,"key":"Singing Bowl"},{"floor":26,"key":"Ornamental Fan"},{"floor":29,"key":"Sundial"}],"event_choices":[{"damage_healed":29,"gold_gain":0,"player_choice":"Full Heal","damage_taken":0,"max_hp_gain":0,"max_hp_loss":0,"event_name":"Wheel of Change","floor":4,"gold_loss":0},{"damage_healed":0,"gold_gain":0,"player_choice":"Box","damage_taken":0,"relics_obtained":["Nunchaku"],"max_hp_gain":0,"max_hp_loss":0,"event_name":"Big Fish","floor":11,"gold_loss":0,"cards_obtained":["Regret"]},{"damage_healed":0,"gold_gain":0,"player_choice":"Grow","damage_taken":0,"max_hp_gain":0,"max_hp_loss":0,"event_name":"Living Wall","floor":12,"gold_loss":0,"cards_upgraded":["Self Repair"]},{"damage_healed":0,"gold_gain":0,"player_choice":"Ignored","damage_taken":0,"max_hp_gain":0,"max_hp_loss":0,"event_name":"Vampires","floor":19,"gold_loss":0},{"cards_removed":["Undo"],"damage_healed":0,"gold_gain":0,"player_choice":"Gave Gold","damage_taken":0,"max_hp_gain":0,"max_hp_loss":0,"event_name":"Beggar","floor":20,"gold_loss":75},{"damage_healed":0,"gold_gain":0,"player_choice":"Stole Relic","damage_taken":0,"relics_obtained":["Dream Catcher"],"max_hp_gain":0,"max_hp_loss":0,"event_name":"Addict","floor":22,"gold_loss":0,"cards_obtained":["Shame"]},{"damage_healed":0,"gold_gain":0,"cards_transformed":["Blizzard","Hologram"],"player_choice":"Became Test Subject","damage_taken":0,"max_hp_gain":0,"max_hp_loss":0,"event_name":"Drug Dealer","floor":27,"gold_loss":0,"cards_obtained":["Chaos","Consume"]}],"is_beta":false,"boss_relics":[{"not_picked":["Velvet Choker","Tiny House"],"picked":"Pandora\u0027s Box"}],"items_purged_floors":[0],"is_endless":false,"potions_floor_spawned":[5,7,10,16,18,30],"killed_by":"Collector","ascension_level":0}}