{"host":"rt13i2rgikg7vymh","time":1610492509,"event":{"mods":["Act Like it!","Alarm Clock","Aspiration","BaseMod","Better Altar","Better Match","Better Sensory Stone","Better Skull","Better Third Choice","BetterRewards","Colored Powertips","Conjunction","Conspire","Displayed Cursed Tome","Dota2Spire","FruityMod","GifTheSpireLib","Halation","Infinite Spire","Mimic Mod","Minty Spire (QoL Compilation)","Pale of the Ancients","Permanent Neow","Quick Restart","Replay The Spire","Reworked Bosses","Spicy Shops","StSLib","Stuff the Spire","The Animator","Wandering Minibosses"],"gold_per_floor":[112,112,112,112,112,112,132,149,149,149,159,159,65,78,78,174,174,191,191,189,189,204,239,239,256,289,289,289],"floor_reached":27,"language":"ENG","playtime":1928,"items_purged":[],"score":221,"play_id":"ef698888-e01a-427a-82cb-a9caf29d0818","local_time":"20210112180149","is_ascension_mode":false,"campfire_choices":[{"data":"animator:Entoma+1","floor":6.0,"key":"SMITH"},{"data":"animator:Entoma+3","floor":10.0,"key":"SMITH"},{"data":"animator:Entoma+4","floor":12.0,"key":"SMITH"},{"data":"animator:Entoma+6","floor":15.0,"key":"SMITH"},{"data":"animator:Entoma+11","floor":24,"key":"SMITH"}],"circlet_count":0,"master_deck":["animator:Strike_Konosuba","animator:Defend_Konosuba","animator:Strike","animator:Strike","animator:Strike","animator:Defend+1","animator:Defend","animator:Defend","animator:Kazuma","animator:Aqua","animator:Entoma+14","animator:Archer","animator:Chung","animator:Laby","animator:Saber","animator:Chung+1"],"relics":["animator:LivingPicture","animator:TheMissingPiece","infinitespire:Lucky Rock","halation:PinkSoulGem","infinitespire:Golems Mask","StuffTheSpire:DarkSteelAnvil","halation:PinkAlligatorPlush","ReplayTheSpireMod:CursedCoin","Blue Doll","StuffTheSpire:Expresso","infinitespire:Bottled Soul"],"acts_visited":["Exordium","TheCity"],"potions_floor_usage":[],"damage_taken":[{"damage":0.0,"enemies":"2 Louse","floor":1.0,"turns":3.0},{"damage":2.0,"enemies":"Small Slimes","floor":7.0,"turns":4.0},{"damage":2.0,"enemies":"Jaw Worm","floor":8.0,"turns":4.0},{"damage":4.0,"enemies":"Looter","floor":11.0,"turns":4.0},{"damage":17.0,"enemies":"Red Slaver","floor":14.0,"turns":5.0},{"damage":23.0,"enemies":"Hexaghost","floor":16.0,"turns":8.0},{"damage":22.0,"enemies":"Spheric Guardian","floor":18.0,"turns":5.0},{"damage":36,"enemies":"Shell Parasite","floor":22,"turns":7},{"damage":32,"enemies":"Slavers","floor":23,"turns":1},{"damage":30,"enemies":"Shelled Parasite and Fungi","floor":25,"turns":5},{"damage":19,"enemies":"Cultist and Chosen","floor":26,"turns":8},{"damage":36,"enemies":"Nightmare","floor":27,"turns":7}],"seed_played":"-8664795610161241911","potions_obtained":[{"floor":7.0,"key":"BlessingOfTheForge"},{"floor":25,"key":"Dexterity Potion"}],"is_trial":false,"path_per_floor":["M","?","?","?","?","R","M","M","T","R","M","R","$","M","R","B",null,"M","?","$","?","M","E","R","M","MIM","NM"],"character_chosen":"THE_ANIMATOR","items_purchased":["StuffTheSpire:DarkSteelAnvil","ReplayTheSpireMod:CursedCoin","Blue Doll"],"campfire_rested":0,"item_purchase_floors":[13,20,20],"current_hp_per_floor":[68,56,56,56,68,68,68,68,68,68,66,66,66,51,51,32,74,56,56,56,56,22,76,76,48,33,0,0],"gold":289,"neow_bonus":"THREE_CARDS","is_daily":false,"chose_seed":false,"campfire_upgraded":5,"win_rate":0.0,"timestamp":1610492509,"path_taken":["M","?","?","?","?","R","M","M","T","R","M","R","$","M","R","BOSS","M","?","$","?","M","E","R","M","MIM","NM"],"items_purchased_type":["Relic","Relic","Relic"],"build_version":"2020-12-22","purchased_purges":0,"victory":false,"max_hp_per_floor":[68,68,68,68,68,68,70,70,70,70,70,70,70,72,72,74,74,76,76,76,76,76,76,76,78,80,80,80],"card_choices":[{"not_picked":["animator:UneriGinkaku","animator:Ara"],"picked":"animator:Entoma","floor":0.0},{"not_picked":["animator:Layla","animator:Alexander"],"picked":"animator:Archer","floor":1.0},{"not_picked":["animator:Konayuki","animator:Verdia"],"picked":"animator:Chung","floor":7.0},{"not_picked":["animator:Yoichi","animator:Demiurge"],"picked":"animator:Laby","floor":8.0},{"not_picked":["animator:Caster","animator:Shalltear","animator:Aqua"],"picked":"SKIP","floor":14.0},{"not_picked":["animator:HigakiRinne","animator:Eris"],"picked":"animator:Saber","floor":16.0},{"not_picked":["animator:Vanir","animator:Ciel"],"picked":"animator:Chung+1","floor":18.0},{"not_picked":["animator:NarberalGamma","animator:ShinjiMatou"],"picked":"animator:Entoma+1","floor":22},{"not_picked":["animator:Saber","animator:Guy","animator:AcuraAkari+1"],"picked":"SKIP","floor":25}],"player_experience":202966,"relics_obtained":[{"floor":9.0,"key":"infinitespire:Golems Mask"},{"floor":23,"key":"StuffTheSpire:Expresso"},{"floor":26,"key":"infinitespire:Bottled Soul"}],"event_choices":[{"damage_healed":0.0,"max_hp_gain":0.0,"max_hp_loss":0.0,"gold_gain":0.0,"event_name":"betterThird:BetterScrap","player_choice":"Relic ","floor":2.0,"gold_loss":0.0,"damage_taken":12.0,"cards_obtained":["Rupture"]},{"damage_healed":0,"gold_gain":0,"player_choice":"Ignored","damage_taken":0,"max_hp_gain":0,"max_hp_loss":0,"event_name":"Vampires","floor":21,"gold_loss":0}],"is_beta":false,"boss_relics":[{"not_picked":["Painkiller Herb","Dota2Spire:RefresherOrb"],"picked":"halation:PinkAlligatorPlush"}],"items_purged_floors":[],"is_endless":false,"potions_floor_spawned":[7,25],"killed_by":"Nightmare","ascension_level":0}}