{"host":"28p8ce41sjwa6lzf","time":1610483766,"event":{"mods":["BaseMod","Bestiary","Colored Map","Colored Powertips","Dark Map","Highlight Path","Minty Spire (QoL Compilation)","Permanent Neow","Quick Restart","Random Character Button","Rare Cards Sparkle","Relic Stats","StSLib","Unceasing Turn Reminder"],"gold_per_floor":[11,31,47,59,75,75,75],"floor_reached":6,"language":"ENG","playtime":379,"items_purged":[],"score":80,"play_id":"8609420e-8c9c-4ac7-abd4-202101643249","local_time":"20210112143606","is_ascension_mode":true,"campfire_choices":[],"circlet_count":0,"master_deck":["AscendersBane","Strike_R","Strike_R","Strike_R","Strike_R","Defend_R","Defend_R","Defend_R","Bash","Barricade","Brutality","True Grit","Iron Wave","Havoc","True Grit","Clothesline"],"relics":["Burning Blood"],"acts_visited":["Exordium"],"potions_floor_usage":[],"damage_taken":[{"damage":10.0,"enemies":"Cultist","floor":1.0,"turns":4.0},{"damage":7.0,"enemies":"Jaw Worm","floor":2.0,"turns":5.0},{"damage":1.0,"enemies":"2 Louse","floor":3.0,"turns":3.0},{"damage":9.0,"enemies":"Gremlin Gang","floor":4.0,"turns":4.0},{"damage":28,"enemies":"Exordium Thugs","floor":5,"turns":7},{"damage":29,"enemies":"3 Sentries","floor":6,"turns":4}],"seed_played":"7136931050513366086","potions_obtained":[{"floor":1.0,"key":"SpeedPotion"},{"floor":2.0,"key":"AttackPotion"},{"floor":3.0,"key":"LiquidMemories"}],"is_trial":false,"path_per_floor":["M","M","M","M","M","E"],"character_chosen":"IRONCLAD","items_purchased":[],"campfire_rested":0,"item_purchase_floors":[],"current_hp_per_floor":[64,63,68,65,43,14,14],"gold":75,"neow_bonus":"TRANSFORM_TWO_CARDS","is_daily":false,"chose_seed":false,"campfire_upgraded":0,"win_rate":0.0,"timestamp":1610483766,"path_taken":["M","M","M","M","M","E"],"items_purchased_type":[],"build_version":"2020-12-22","purchased_purges":0,"victory":false,"max_hp_per_floor":[75,75,75,75,75,75,75],"relic_stats":{"counters":[6,27],"obtain_stats":[{"Burning Blood":0},{"Burning Blood":0},{"Burning Blood":0}],"Burning Blood":30},"card_choices":[{"not_picked":["Carnage","Havoc"],"picked":"True Grit","floor":1.0},{"not_picked":["Heavy Blade","Wild Strike"],"picked":"Iron Wave","floor":2.0},{"not_picked":["Warcry","Dark Embrace"],"picked":"Havoc","floor":3.0},{"not_picked":["Warcry","Perfected Strike"],"picked":"True Grit","floor":4.0},{"not_picked":["Armaments","Heavy Blade"],"picked":"Clothesline","floor":5}],"player_experience":1140816,"relics_obtained":[],"event_choices":[],"is_beta":false,"boss_relics":[],"items_purged_floors":[],"is_endless":false,"potions_floor_spawned":[1,2,3],"killed_by":"3 Sentries","ascension_level":20}}