{"host":"Alvar","time":1610449220,"event":{"mods":["AchievementEnabler","BaseMod","Minty Spire (QoL Compilation)","StSLib"],"gold_per_floor":[110,110,121,65,82,109,119,44,70,96,96,114,133,161,161,240,240,250,175,175,75,93,93,93],"floor_reached":23,"playtime":744,"items_purged":["Strike_R","Strike_R"],"score":522,"play_id":"8ed05870-879e-4c58-abc5-656cb774d061","local_time":"20210112180020","is_ascension_mode":true,"campfire_choices":[{"floor":11,"key":"REST"},{"data":"Bludgeon","floor":15,"key":"SMITH"}],"circlet_count":0,"master_deck":["AscendersBane","Strike_R","Defend_R","Defend_R","Defend_R","Defend_R","Bash","Bludgeon+1","Inflame","Disarm","Thunderclap","Flame Barrier","Uppercut","True Grit","Impervious","Limit Break","Ghostly Armor+1"],"relics":["Burning Blood","Akabeko","Nunchaku","Omamori","Juzu Bracelet","Cursed Key","Red Skull"],"acts_visited":["Exordium","TheCity"],"potions_floor_usage":[10,16],"damage_taken":[{"damage":2,"enemies":"2 Louse","floor":1,"turns":3},{"damage":1,"enemies":"Cultist","floor":3,"turns":3},{"damage":2,"enemies":"Jaw Worm","floor":5,"turns":3},{"damage":30,"enemies":"3 Sentries","floor":6,"turns":9},{"damage":10,"enemies":"Blue Slaver","floor":7,"turns":4},{"damage":16,"enemies":"Lagavulin","floor":10,"turns":6},{"damage":0,"enemies":"2 Fungi Beasts","floor":12,"turns":2},{"damage":3,"enemies":"3 Louse","floor":13,"turns":2},{"damage":18,"enemies":"3 Sentries","floor":14,"turns":10},{"damage":0,"enemies":"Slime Boss","floor":16,"turns":3},{"damage":15,"enemies":"Spheric Guardian","floor":18,"turns":6},{"damage":26,"enemies":"Chosen","floor":22,"turns":6},{"damage":52,"enemies":"Gremlin Leader","floor":23,"turns":6}],"seed_played":"-3537517671107881408","potions_obtained":[{"floor":1,"key":"Fire Potion"},{"floor":6,"key":"DuplicationPotion"},{"floor":12,"key":"Block Potion"},{"floor":13,"key":"LiquidMemories"},{"floor":16,"key":"EssenceOfSteel"}],"is_trial":false,"path_per_floor":["M","?","M","$","M","E","M","$","T","E","R","M","M","E","R","B",null,"M","?","?","$","M","E"],"character_chosen":"IRONCLAD","items_purchased":["Strength Potion"],"campfire_rested":1,"item_purchase_floors":[4],"current_hp_per_floor":[54,54,59,59,63,39,35,35,35,25,47,53,56,44,44,50,69,60,60,60,60,40,0,0],"gold":93,"neow_bonus":"THREE_RARE_CARDS","is_daily":false,"chose_seed":false,"campfire_upgraded":1,"win_rate":0.0,"timestamp":1610449220,"path_taken":["M","?","M","$","M","E","?","?","T","E","R","M","M","E","R","BOSS","M","?","?","$","M","E"],"items_purchased_type":["Potion"],"build_version":"2020-12-18","purchased_purges":2,"victory":false,"max_hp_per_floor":[75,75,75,75,75,75,75,75,75,75,75,75,75,75,75,75,75,75,75,75,75,75,75,75],"card_choices":[{"not_picked":["Brutality","Impervious"],"picked":"Bludgeon","floor":0},{"not_picked":["Sentinel","Rupture","Power Through"],"picked":"SKIP","floor":1},{"not_picked":["Warcry","Cleave"],"picked":"Inflame","floor":3},{"not_picked":["Fire Breathing","Body Slam"],"picked":"Disarm","floor":5},{"not_picked":["Power Through","Shrug It Off"],"picked":"Thunderclap","floor":6},{"not_picked":["Fire Breathing","Wild Strike"],"picked":"Flame Barrier","floor":7},{"not_picked":["Clothesline","Fire Breathing"],"picked":"Uppercut","floor":10},{"not_picked":["Twin Strike","Iron Wave"],"picked":"True Grit","floor":12},{"not_picked":["Entrench","Perfected Strike"],"picked":"Impervious","floor":13},{"not_picked":["Rage","Clash","Twin Strike"],"picked":"SKIP","floor":14},{"not_picked":["Exhume","Demon Form"],"picked":"Limit Break","floor":16},{"not_picked":["Perfected Strike","Iron Wave","Infernal Blade"],"picked":"SKIP","floor":18},{"not_picked":["Uppercut","Reckless Charge"],"picked":"Ghostly Armor+1","floor":22}],"player_experience":771173,"relics_obtained":[{"floor":6,"key":"Akabeko"},{"floor":9,"key":"Nunchaku"},{"floor":10,"key":"Omamori"},{"floor":14,"key":"Juzu Bracelet"}],"event_choices":[{"cards_removed":["Strike_R"],"damage_healed":0,"gold_gain":0,"player_choice":"Offered Basic","damage_taken":0,"max_hp_gain":0,"max_hp_loss":0,"event_name":"Bonfire Elementals","floor":2,"gold_loss":0},{"cards_removed":["Strike_R"],"damage_healed":0,"gold_gain":0,"player_choice":"Gave Gold","damage_taken":0,"max_hp_gain":0,"max_hp_loss":0,"event_name":"Beggar","floor":19,"gold_loss":75},{"damage_healed":0,"gold_gain":0,"player_choice":"Opened","damage_taken":0,"relics_obtained":["Red Skull"],"max_hp_gain":0,"max_hp_loss":0,"event_name":"The Mausoleum","floor":20,"gold_loss":0,"cards_obtained":["Writhe"]}],"is_beta":true,"boss_relics":[{"not_picked":["Astrolabe","Philosopher\u0027s Stone"],"picked":"Cursed Key"}],"items_purged_floors":[8,21],"is_endless":false,"potions_floor_spawned":[1,6,12,13,16,18,22],"killed_by":"Gremlin Leader","ascension_level":20}}