{"host":"6ko66ogg91i6g7xq","time":1610477268,"event":{"mods":["AchievementEnabler","Act Like it!","BaseMod","Colored Map","Colored Powertips","Downfall","Hermit","Minty Spire (QoL Compilation)","Quick Restart","Relic Stats","StSLib","The Jungle","everything is the same but u backflip on backflip"],"gold_per_floor":[116,116,116,141,141,181,181,181,181],"floor_reached":8,"playtime":136,"items_purged":[],"score":83,"play_id":"ff004dfb-67a3-4155-850f-0b80caebcf84","local_time":"20210112134748","is_ascension_mode":true,"campfire_choices":[{"floor":7,"key":"RECALL"}],"circlet_count":0,"master_deck":["Strike_G","Strike_G","Strike_G","Strike_G","Strike_G","Defend_G","Defend_G","Defend_G","Defend_G","Defend_G","Survivor","Neutralize","Dodge and Roll","Accuracy","Deadly Poison"],"relics":["Ring of the Snake","NeowsBlessing","Golden Idol","White Beast Statue"],"acts_visited":["Exordium"],"potions_floor_usage":[8],"damage_taken":[{"damage":0,"enemies":"Jaw Worm","floor":1,"turns":1},{"damage":0,"enemies":"Small Slimes","floor":4,"turns":1},{"damage":0,"enemies":"3 Sentries","floor":6,"turns":2},{"damage":8,"enemies":"Lagavulin","floor":8,"turns":3}],"seed_played":"4745703392889559473","potions_obtained":[{"floor":3,"key":"LiquidBronze"},{"floor":3,"key":"SneckoOil"},{"floor":3,"key":"Strength Potion"}],"is_trial":false,"path_per_floor":["M","?","?","M","?","E","R","E"],"character_chosen":"THE_SILENT","items_purchased":[],"campfire_rested":0,"item_purchase_floors":[],"current_hp_per_floor":[70,53,53,53,53,53,53,45,45],"gold":181,"neow_bonus":"THREE_ENEMY_KILL","is_daily":false,"chose_seed":false,"campfire_upgraded":0,"win_rate":0.0,"timestamp":1610477268,"path_taken":["M","?","?","?","?","E","R","E"],"items_purchased_type":[],"build_version":"2020-12-22","purchased_purges":0,"victory":false,"max_hp_per_floor":[70,70,70,70,70,70,70,70,70],"relic_stats":{"counters":[4,7],"Golden Idol":13,"obtain_stats":[{"NeowsBlessing":0,"Golden Idol":2,"White Beast Statue":6,"Ring of the Snake":0},{"NeowsBlessing":0,"Golden Idol":1,"White Beast Statue":3,"Ring of the Snake":0},{"NeowsBlessing":0,"Golden Idol":1,"White Beast Statue":4,"Ring of the Snake":0}],"Ring of the Snake":[8]},"card_choices":[{"not_picked":["Underhanded Strike","Masterful Stab"],"picked":"Dodge and Roll","floor":1},{"not_picked":["Underhanded Strike","Sucker Punch"],"picked":"Accuracy","floor":4},{"not_picked":["Underhanded Strike","Outmaneuver"],"picked":"Deadly Poison","floor":6}],"player_experience":259843,"relics_obtained":[{"floor":6,"key":"White Beast Statue"}],"event_choices":[{"damage_healed":0,"gold_gain":0,"player_choice":"Take Damage","damage_taken":17,"relics_obtained":["Golden Idol"],"max_hp_gain":0,"max_hp_loss":0,"event_name":"Golden Idol","floor":2,"gold_loss":0},{"damage_healed":0,"gold_gain":0,"player_choice":"Got Potions","damage_taken":0,"max_hp_gain":0,"max_hp_loss":0,"event_name":"Lab","floor":3,"gold_loss":0},{"damage_healed":0,"gold_gain":0,"player_choice":"Ignored","damage_taken":0,"max_hp_gain":0,"max_hp_loss":0,"event_name":"Golden Wing","floor":5,"gold_loss":0}],"is_beta":false,"boss_relics":[],"items_purged_floors":[],"is_endless":false,"potions_floor_spawned":[],"killed_by":"Lagavulin","ascension_level":1}}