{"host":"2hea6pl5vmah38iy","time":1610480565,"event":{"mods":["AchievementEnabler","BaseMod","Colored Map","DeckTracker","Keyboard Shortcuts","Minty Spire (QoL Compilation)","Rare Cards Sparkle","StSLib","SuperFastMode","everything is the same but u backflip on backflip"],"gold_per_floor":[110,125,138,149,299,299,309,309,309,38,38,38,51,70,70,143,143,160,174,174,194,194,194],"floor_reached":22,"language":"KOR","playtime":840,"items_purged":["Doubt"],"score":315,"play_id":"8ce9e936-0af0-4622-a5c4-985ce30bd0ce","local_time":"20210113044245","is_ascension_mode":true,"campfire_choices":[{"data":"Gash","floor":6.0,"key":"SMITH"},{"data":"Zap","floor":8.0,"key":"SMITH"},{"floor":11.0,"key":"REST"},{"data":"Corruption","floor":15.0,"key":"SMITH"}],"circlet_count":0,"master_deck":["AscendersBane","Strike_B","Strike_B","Strike_B","Strike_B","Defend_B","Defend_B","Defend_B","Defend_B","Zap+1","Dualcast","FTL","Undo","Gash+1","FTL","Go for the Eyes","Corruption+1","Reaper","Rampage+1","Gash+1","Acrobatics"],"relics":["Cracked Core","Incense Burner","Letter Opener","PrismaticShard","Sozu"],"acts_visited":["Exordium","TheCity"],"potions_floor_usage":[18,21],"damage_taken":[{"damage":6.0,"enemies":"Cultist","floor":1.0,"turns":3.0},{"damage":2.0,"enemies":"Jaw Worm","floor":2.0,"turns":4.0},{"damage":8.0,"enemies":"Small Slimes","floor":3.0,"turns":3.0},{"damage":1.0,"enemies":"3 Louse","floor":4.0,"turns":3.0},{"damage":5.0,"enemies":"Red Slaver","floor":7.0,"turns":4.0},{"damage":1.0,"enemies":"Blue Slaver","floor":13.0,"turns":3.0},{"damage":4.0,"enemies":"2 Fungi Beasts","floor":14.0,"turns":2.0},{"damage":24,"enemies":"The Guardian","floor":16,"turns":12},{"damage":23,"enemies":"Shell Parasite","floor":18,"turns":7},{"damage":24,"enemies":"Spheric Guardian","floor":19,"turns":4},{"damage":11,"enemies":"Shelled Parasite and Fungi","floor":21,"turns":6},{"damage":18,"enemies":"3 Cultists","floor":22,"turns":4}],"seed_played":"8175974126978837449","potions_obtained":[{"floor":1.0,"key":"EssenceOfSteel"},{"floor":3.0,"key":"DistilledChaos"}],"is_trial":false,"path_per_floor":["M","M","M","M","?","R","M","R","T","$","R","?","M","M","R","B",null,"M","M","?","M","M"],"character_chosen":"DEFECT","items_purchased":["PrismaticShard","Go for the Eyes"],"campfire_rested":1,"item_purchase_floors":[10,10],"current_hp_per_floor":[40,38,30,29,29,29,24,24,24,24,45,45,44,40,40,16,57,38,14,14,3,0,0],"gold":194,"neow_bonus":"ONE_RARE_RELIC","is_daily":false,"chose_seed":false,"campfire_upgraded":3,"win_rate":0.0,"timestamp":1610480565,"path_taken":["M","?","M","M","?","R","M","R","T","$","R","?","M","M","R","BOSS","M","M","?","M","M"],"items_purchased_type":["Relic","Card"],"build_version":"2020-12-22","purchased_purges":1,"victory":false,"max_hp_per_floor":[71,71,71,71,71,71,71,71,71,71,71,71,71,71,71,71,71,71,71,71,71,71,71],"card_choices":[{"not_picked":["Beam Cell","Coolheaded"],"picked":"FTL","floor":1.0},{"not_picked":["Reprogram","BootSequence"],"picked":"Undo","floor":2.0},{"not_picked":["Aggregate","Conserve Battery"],"picked":"Gash","floor":3.0},{"not_picked":["Leap","Conserve Battery"],"picked":"FTL","floor":4.0},{"not_picked":["Turbo","Ball Lightning","Force Field"],"picked":"SKIP","floor":7.0},{"not_picked":["Steam","Prostrate","FollowUp"],"picked":"SKIP","floor":13.0},{"not_picked":["Cloak And Dagger","Heavy Blade"],"picked":"Corruption","floor":14.0},{"not_picked":["Violence","Bludgeon"],"picked":"Reaper","floor":16},{"not_picked":["Sword Boomerang","Recycle"],"picked":"Rampage+1","floor":18},{"not_picked":["PanicButton","Conserve Battery","Twin Strike+1"],"picked":"SKIP","floor":19},{"not_picked":["Shockwave","MentalFortress"],"picked":"Acrobatics","floor":21}],"player_experience":472690,"relics_obtained":[{"floor":9.0,"key":"Letter Opener"}],"event_choices":[{"damage_healed":0.0,"max_hp_gain":0.0,"max_hp_loss":0.0,"gold_gain":150.0,"event_name":"Liars Game","player_choice":"AGREE","floor":5.0,"gold_loss":0.0,"damage_taken":0.0,"cards_obtained":["Doubt"]},{"damage_healed":0.0,"max_hp_gain":0.0,"max_hp_loss":0.0,"gold_gain":0.0,"event_name":"The Cleric","player_choice":"Leave","floor":12.0,"gold_loss":0.0,"damage_taken":0.0},{"damage_healed":0,"gold_gain":0,"player_choice":"Copied","damage_taken":0,"max_hp_gain":0,"max_hp_loss":0,"event_name":"Duplicator","floor":20,"gold_loss":0,"cards_obtained":["Gash"]}],"is_beta":false,"boss_relics":[{"not_picked":["SlaversCollar","Runic Dome"],"picked":"Sozu"}],"items_purged_floors":[10],"is_endless":false,"potions_floor_spawned":[1,3,7,18],"killed_by":"3 Cultists","ascension_level":15}}