{"host":"0av13bfd5y1jedv9","time":1610422041,"event":{"mods":["Act Like it!","BaseMod","Conspire","Downfall","Hallownest","Hubris","Infinite Spire","Minty Spire (QoL Compilation)","Relic Sorter","Replay The Spire","StSLib","The Hierophant","The Senshi"],"gold_per_floor":[99,99,99,99,99,99,99,99,24,42,54,66,66,91,101,205,205,130,147,158,158,158,158,158,158,158,158,210,210,210,228,248,347,347,410,386,406,422,422,255,255,271,300,300,329,349,364,364,381,381],"floor_reached":51,"playtime":5594,"items_purged":["Hallownest:curseDreamersLament","Regret"],"score":727,"play_id":"f1e2e2bc-1840-4120-8316-a06ff559540f","local_time":"20210112032721","is_ascension_mode":false,"campfire_choices":[{"floor":1,"key":"RECALL"},{"data":"sneckomod:TailWhip","floor":9,"key":"SMITH"},{"data":"sneckomod:TrashToTreasure","floor":13,"key":"SMITH"},{"data":"sneckomod:Unknown3Cost","floor":18,"key":"SMITH"},{"floor":26,"key":"REST"},{"floor":30,"key":"REST"},{"floor":44,"key":"REST"},{"floor":48,"key":"REST"}],"circlet_count":0,"master_deck":["sneckomod:Strike","sneckomod:Strike","sneckomod:Strike","sneckomod:Defend","sneckomod:Defend","sneckomod:TailWhip+1","sneckomod:SnekBite","sneckomod:Unknown","sneckomod:Unknown","sneckomod:SoulRoll","sneckomod:Unknown1Cost","sneckomod:UnknownClassSLIMEBOUND+1","sneckomod:SnakeSap","sneckomod:Unknown1Cost","sneckomod:TrashToTreasure+1","sneckomod:UnknownCommonSkill","sneckomod:UnknownClassGUARDIAN","sneckomod:Unknown3Cost+1","sneckomod:DiceBlock+1","sneckomod:UnknownUncommonPower+1","sneckomod:UnknownWeak","infinitespire:Starlight","sneckomod:QuickBite+1","sneckomod:RainOfDice","sneckomod:UnknownRareSkill","sneckomod:UnknownClassBLUE","sneckomod:QuickMove+1","sneckomod:UnknownClassBLUE","sneckomod:UnknownBlock+1","sneckomod:UnknownExhaust","sneckomod:Unknown2Cost+1","sneckomod:Unknown1Cost+1","sneckomod:Mudshield"],"relics":["sneckomod:SneckoSoul","hubris:Icosahedron","downfall:HeartsMalice","infinitespire:CheckeredPen","downfall:HeartBlessingRed","infinitespire:Satchel","downfall:HeartBlessingBlue","Hallownest:WatcherSealRelic","sneckomod:LoadedDie","conspire:Flyswatter","Replay:Ringing Soul","hubris:KleinBottle","hubris:FruitBowl","hubris:EvacipatedBox","Snecko Eye","ReplayTheSpireMod:Lightbulb","Ice Cream","Pen Nib","hubris:SphereOfDissonance"],"acts_visited":["Exordium","Hallownest:CityofTears","Hallownest:KingdomsEdge"],"potions_floor_usage":[16,16,19,33,43],"damage_taken":[{"damage":0,"enemies":"downfall:FleeingMerchant","floor":2,"turns":1},{"damage":0,"enemies":"Cultist","floor":4,"turns":1},{"damage":0,"enemies":"Jaw Worm","floor":5,"turns":1},{"damage":0,"enemies":"conspire:RoseBush","floor":10,"turns":2},{"damage":4,"enemies":"Gremlin Gang","floor":11,"turns":3},{"damage":17,"enemies":"2 Fungi Beasts","floor":12,"turns":4},{"damage":16,"enemies":"3 Sentries","floor":14,"turns":5},{"damage":8,"enemies":"conspire:2 RoseBushes","floor":15,"turns":5},{"damage":50,"enemies":"downfall:Ironclad","floor":16,"turns":8},{"damage":38,"enemies":"Hallownest:2_Mistakes","floor":19,"turns":6},{"damage":16,"enemies":"Hallownest:Flukemon_and_Top","floor":20,"turns":5},{"damage":39,"enemies":"Hallownest:Glutton_and_Coward","floor":28,"turns":5},{"damage":14,"enemies":"Hallownest:3_Mistakes","floor":31,"turns":6},{"damage":18,"enemies":"Hallownest:Master_and_Novice","floor":32,"turns":3},{"damage":9,"enemies":"downfall:Defect","floor":33,"turns":6},{"damage":3,"enemies":"Hallownest:2_Littles","floor":36,"turns":2},{"damage":42,"enemies":"Hallownest:3_Siblings","floor":37,"turns":6},{"damage":36,"enemies":"Hallownest:monsterPrimalAspid","floor":38,"turns":4},{"damage":0,"enemies":"downfall:FleeingMerchant","floor":40,"turns":4},{"damage":33,"enemies":"Hallownest:2_Wing_and_1_Kings","floor":42,"turns":6},{"damage":43,"enemies":"conspire:MimicChest","floor":43,"turns":6},{"damage":0,"enemies":"Hallownest:eliteHiveKnight","floor":45,"turns":8},{"damage":42,"enemies":"Hallownest:2_Wandering_and_1_Horned","floor":46,"turns":4},{"damage":42,"enemies":"Hallownest:monsterPrimalAspid","floor":47,"turns":3},{"damage":7,"enemies":"Hallownest:2_Wing_and_1_Kings","floor":49,"turns":6},{"damage":64,"enemies":"downfall:Silent","floor":50,"turns":9}],"seed_played":"9131745071349431871","potions_obtained":[{"floor":10,"key":"Languid Potion"},{"floor":14,"key":"Languid Potion"},{"floor":16,"key":"Regen Potion"},{"floor":19,"key":"Guardian:BlockOnCardUsePotion"},{"floor":32,"key":"Swift Potion"},{"floor":38,"key":"DuplicationPotion"},{"floor":42,"key":"Cursed Concoction"},{"floor":43,"key":"SpeedPotion"},{"floor":49,"key":"Explosive Potion"}],"is_trial":false,"path_per_floor":["R","$","?","M","M","T","T","?","R","M","M","M","R","E","M","B",null,"R","M","M","?","?","AVR","T","?","R","?","M","$","R","M","M","B",null,"R","M","M","M","?","$","T","M","?","R","E","M","M","R","M","B",null],"character_chosen":"THE_SNECKO","items_purchased":["hubris:KleinBottle","hubris:FruitBowl","hubris:EvacipatedBox","ReplayTheSpireMod:Lightbulb"],"campfire_rested":4,"item_purchase_floors":[29,29,29,40],"current_hp_per_floor":[90,90,90,91,92,92,92,92,92,92,93,76,76,61,54,5,96,106,82,67,67,67,67,67,63,95,98,67,8,43,43,39,52,130,130,127,103,81,81,96,96,63,55,98,113,76,53,100,107,66],"gold":381,"neow_bonus":"THREE_ENEMY_KILL","is_daily":false,"chose_seed":false,"campfire_upgraded":3,"win_rate":0.0,"timestamp":1610422041,"path_taken":["R","$","?","M","M","?","T","?","R","M","?","M","R","E","M","BOSS","R","M","M","?","?","AVR","T","?","R","?","?","?","R","M","M","BOSS","R","M","M","M","?","$","T","M","?","R","E","M","M","R","M","BOSS"],"items_purchased_type":["Relic","Relic","Relic","Relic"],"build_version":"2020-12-22","purchased_purges":2,"victory":true,"max_hp_per_floor":[90,90,90,91,92,92,92,92,92,92,93,93,93,94,95,96,96,106,106,107,107,107,107,107,107,107,110,114,117,117,121,125,130,130,130,130,135,139,134,139,139,139,144,144,149,154,159,159,163,163],"card_choices":[{"not_picked":["sneckomod:UnknownStrike","sneckomod:Restock"],"picked":"sneckomod:SoulRoll","floor":2},{"not_picked":["sneckomod:UnknownX","sneckomod:SlitherStrike"],"picked":"sneckomod:Unknown1Cost","floor":4},{"not_picked":["sneckomod:UnknownBlock","sneckomod:UnknownWeak"],"picked":"sneckomod:UnknownClassSLIMEBOUND","floor":5},{"not_picked":["sneckomod:IronFang","sneckomod:Rotation"],"picked":"sneckomod:SnakeSap","floor":10},{"not_picked":["sneckomod:QuickBite","sneckomod:Mudshield"],"picked":"sneckomod:Unknown1Cost","floor":11},{"not_picked":["sneckomod:UnknownVulnerable","sneckomod:UnknownCommonSkill"],"picked":"sneckomod:TrashToTreasure","floor":12},{"not_picked":["sneckomod:IronFang","sneckomod:Nope"],"picked":"sneckomod:UnknownCommonSkill","floor":14},{"not_picked":["sneckomod:DiceCrush","sneckomod:WideSting"],"picked":"sneckomod:UnknownClassGUARDIAN","floor":15},{"not_picked":["sneckomod:DangerNoodle","sneckomod:Mudshield"],"picked":"sneckomod:Unknown3Cost","floor":16},{"not_picked":["sneckomod:WideSting","sneckomod:SoulDraw"],"picked":"sneckomod:DiceBlock+1","floor":19},{"not_picked":["sneckomod:SoulDraw+1","sneckomod:UnknownClassTHE_CHAMP_GRAY"],"picked":"sneckomod:UnknownUncommonPower+1","floor":20},{"not_picked":["sneckomod:RainOfDice","sneckomod:UnknownCommonAttack"],"picked":"sneckomod:UnknownWeak","floor":28},{"not_picked":["infinitespire:FinalStrike","infinitespire:Gouge"],"picked":"infinitespire:Starlight","floor":29},{"not_picked":["sneckomod:UnknownCommonAttack","sneckomod:UnknownWeak"],"picked":"sneckomod:QuickBite+1","floor":31},{"not_picked":["sneckomod:UnknownWeak","sneckomod:SoulDraw"],"picked":"sneckomod:RainOfDice","floor":32},{"not_picked":["sneckomod:Restock","sneckomod:SoulExchange"],"picked":"sneckomod:UnknownRareSkill","floor":33},{"not_picked":["sneckomod:DiceCrush","sneckomod:SlitherStrike","sneckomod:Unknown1Cost"],"picked":"SKIP","floor":36},{"not_picked":["sneckomod:UnknownStrike","sneckomod:UnknownWeak"],"picked":"sneckomod:UnknownClassBLUE","floor":37},{"not_picked":["sneckomod:Nope+1","sneckomod:SoulDraw+1"],"picked":"sneckomod:QuickMove+1","floor":38},{"not_picked":["sneckomod:UnknownWeak","sneckomod:IronFang+1"],"picked":"sneckomod:UnknownClassBLUE","floor":40},{"not_picked":["sneckomod:WideSting+1","sneckomod:Nope+1","sneckomod:RainOfDice+1"],"picked":"SKIP","floor":42},{"not_picked":["sneckomod:SnakeSap","sneckomod:UnknownEthereal+1"],"picked":"sneckomod:UnknownBlock+1","floor":43},{"not_picked":["sneckomod:UnknownBlock","sneckomod:QuickBite+1"],"picked":"sneckomod:UnknownExhaust","floor":45},{"not_picked":["sneckomod:SoulDraw+1","sneckomod:MorePower"],"picked":"sneckomod:Unknown2Cost+1","floor":46},{"not_picked":["sneckomod:QuickBite+1","sneckomod:WideSting"],"picked":"sneckomod:Unknown1Cost+1","floor":47},{"not_picked":["sneckomod:UnknownVulnerable","sneckomod:DiceBlock+1"],"picked":"sneckomod:Mudshield","floor":49}],"player_experience":190235,"relics_obtained":[{"floor":7,"key":"infinitespire:CheckeredPen"},{"floor":14,"key":"infinitespire:Satchel"},{"floor":24,"key":"conspire:Flyswatter"},{"floor":41,"key":"Ice Cream"},{"floor":43,"key":"Pen Nib"},{"floor":45,"key":"hubris:SphereOfDissonance"}],"event_choices":[{"damage_healed":0,"gold_gain":0,"player_choice":"Forge","damage_taken":0,"max_hp_gain":0,"max_hp_loss":0,"event_name":"Accursed Blacksmith","floor":8,"gold_loss":0,"cards_upgraded":["sneckomod:UnknownClassSLIMEBOUND"]}],"is_beta":false,"boss_relics":[{"not_picked":["ReplayTheSpireMod:DimensionalGlitch","conspire:RoyalGoblet","Runic Dome"]},{"not_picked":["Fusion Hammer","Astrolabe","hubris:Stopwatch"],"picked":"Snecko Eye"}],"items_purged_floors":[23,29],"is_endless":false,"potions_floor_spawned":[10,14,16,19,32,38,42,43,49],"ascension_level":0}}