{"host":"19t2eyow02s954g8","time":1610440504,"event":{"mods":["BaseMod","Colored Map","DeckTracker","Minty Spire (QoL Compilation)","StSLib","SuperFastMode"],"gold_per_floor":[116,116,266,266,280,315,315,315,342,342,417,417,342,33,33,129,129,153,10,10,10,10],"floor_reached":21,"playtime":326,"items_purged":["Doubt","Parasite"],"score":392,"play_id":"1f049a40-5123-47b2-81fe-1d0896f9fc68","local_time":"20210112173504","is_ascension_mode":true,"campfire_choices":[{"data":"Envenom","floor":7,"key":"SMITH"},{"data":"Neutralize","floor":15,"key":"SMITH"}],"circlet_count":0,"master_deck":["AscendersBane","Strike_G","Strike_G","Strike_G","Strike_G","Defend_G","Defend_G","Defend_G","Defend_G","Defend_G","Survivor","Neutralize+1","Deadly Poison","Escape Plan","Envenom+1","Bouncing Flask","Corpse Explosion","Acrobatics","Footwork"],"relics":["Ring of the Snake","NeowsBlessing","Juzu Bracelet","Eternal Feather","Golden Idol","Question Card","Coffee Dripper","Nloth\u0027s Gift"],"acts_visited":["Exordium","TheCity"],"potions_floor_usage":[16],"damage_taken":[{"damage":0,"enemies":"2 Louse","floor":1,"turns":1},{"damage":0,"enemies":"Small Slimes","floor":5,"turns":2},{"damage":0,"enemies":"3 Sentries","floor":6,"turns":1},{"damage":40,"enemies":"The Guardian","floor":16,"turns":9},{"damage":33,"enemies":"Shell Parasite","floor":18,"turns":6},{"damage":19,"enemies":"Chosen","floor":21,"turns":4}],"seed_played":"8067610811984953190","potions_obtained":[{"floor":6,"key":"Swift Potion"},{"floor":16,"key":"Swift Potion"}],"is_trial":false,"path_per_floor":["M","?","?","?","M","E","R","?","T","?","?","?","$","$","R","B",null,"M","$","?","M"],"character_chosen":"THE_SILENT","items_purchased":["Question Card","Bouncing Flask","Footwork"],"campfire_rested":0,"item_purchase_floors":[14,14,19],"current_hp_per_floor":[59,52,52,52,52,52,61,66,66,66,55,32,32,32,41,1,50,17,17,17,0,0],"gold":10,"neow_bonus":"THREE_ENEMY_KILL","is_daily":false,"chose_seed":false,"campfire_upgraded":2,"win_rate":0.0,"timestamp":1610440504,"path_taken":["M","?","?","?","M","E","R","?","T","?","?","?","?","$","R","BOSS","M","$","?","M"],"items_purchased_type":["Relic","Card","Card"],"build_version":"2020-12-22","purchased_purges":2,"victory":false,"max_hp_per_floor":[66,66,66,66,66,66,66,66,66,66,66,66,66,66,66,66,66,66,63,63,63,63],"card_choices":[{"not_picked":["Outmaneuver","Masterful Stab"],"picked":"Deadly Poison","floor":1},{"not_picked":["Prepared","Dodge and Roll"],"picked":"Escape Plan","floor":5},{"not_picked":["Infinite Blades","Acrobatics"],"picked":"Envenom","floor":6},{"not_picked":["A Thousand Cuts","After Image","Adrenaline"],"picked":"Corpse Explosion","floor":16},{"not_picked":["All Out Attack","Dagger Spray","Sucker Punch"],"picked":"Acrobatics","floor":18}],"player_experience":4250629,"relics_obtained":[{"floor":6,"key":"Eternal Feather"},{"floor":9,"key":"Pen Nib"}],"event_choices":[{"cards_removed":["Strike_G"],"damage_healed":0,"gold_gain":0,"player_choice":"Card Removal","damage_taken":7,"max_hp_gain":0,"max_hp_loss":0,"event_name":"Golden Wing","floor":2,"gold_loss":0},{"damage_healed":0,"gold_gain":150,"player_choice":"AGREE","damage_taken":0,"max_hp_gain":0,"max_hp_loss":0,"event_name":"Liars Game","floor":3,"gold_loss":0,"cards_obtained":["Doubt"]},{"damage_healed":0,"gold_gain":0,"player_choice":"Box","damage_taken":0,"relics_obtained":["Juzu Bracelet"],"max_hp_gain":0,"max_hp_loss":0,"event_name":"Big Fish","floor":4,"gold_loss":0,"cards_obtained":["Regret"]},{"damage_healed":16,"gold_gain":0,"player_choice":"Healed and dodged fight","damage_taken":0,"max_hp_gain":0,"max_hp_loss":0,"event_name":"Mushrooms","floor":8,"gold_loss":0,"cards_obtained":["Parasite"]},{"cards_removed":["Regret"],"damage_healed":0,"gold_gain":0,"player_choice":"Forget","damage_taken":0,"max_hp_gain":0,"max_hp_loss":0,"event_name":"Living Wall","floor":10,"gold_loss":0},{"damage_healed":0,"gold_gain":75,"player_choice":"Gather Gold","damage_taken":11,"max_hp_gain":0,"max_hp_loss":0,"event_name":"World of Goop","floor":11,"gold_loss":0},{"damage_healed":0,"gold_gain":0,"player_choice":"Take Damage","damage_taken":23,"relics_obtained":["Golden Idol"],"max_hp_gain":0,"max_hp_loss":0,"event_name":"Golden Idol","floor":12,"gold_loss":0},{"damage_healed":0,"gold_gain":0,"player_choice":"Traded Relic","damage_taken":0,"relics_obtained":["Nloth\u0027s Gift"],"max_hp_gain":0,"max_hp_loss":0,"event_name":"N\u0027loth","floor":20,"relics_lost":["Pen Nib"],"gold_loss":0}],"is_beta":false,"boss_relics":[{"not_picked":["Cursed Key","Sozu"],"picked":"Coffee Dripper"}],"items_purged_floors":[13,19],"is_endless":false,"potions_floor_spawned":[6,16],"killed_by":"Chosen","ascension_level":20}}