{"host":"jrmqsbok61y7b34d","time":1610495288,"event":{"mods":["BaseMod","Better Skull","Challenge The Spire","Colored Map","Colored Powertips","Emptier Cage","Minty Spire (QoL Compilation)","Permanent Neow","Quick Restart","Relic Stats","StSLib","Unceasing Turn Reminder"],"gold_per_floor":[15,15,35,55,71,71,87,119,119,148,163,163,174,274,274,274,274],"floor_reached":16,"language":"ENG","playtime":841,"items_purged":[],"score":177,"play_id":"06240657-2f18-4bae-94ae-0edd49fd0892","local_time":"20210112234808","is_ascension_mode":true,"campfire_choices":[{"data":"Uppercut","floor":6.0,"key":"SMITH"},{"floor":12,"key":"REST"},{"data":"Fiend Fire","floor":15,"key":"SMITH"}],"circlet_count":0,"master_deck":["AscendersBane","Strike_R","Strike_R","Defend_R","Defend_R","Defend_R","Defend_R","Bash","Cleave","Uppercut+1","Hemokinesis","Clothesline","Fiend Fire+1","Ghostly Armor","Armaments","Seeing Red"],"relics":["Burning Blood","Juzu Bracelet","Prayer Wheel","Bottled Flame"],"acts_visited":["Exordium"],"potions_floor_usage":[8,16],"damage_taken":[{"damage":1.0,"enemies":"Cultist","floor":1.0,"turns":4.0},{"damage":1.0,"enemies":"2 Louse","floor":3.0,"turns":4.0},{"damage":4.0,"enemies":"Jaw Worm","floor":4.0,"turns":3.0},{"damage":16.0,"enemies":"Gremlin Gang","floor":5.0,"turns":4.0},{"damage":22.0,"enemies":"Exordium Thugs","floor":7.0,"turns":4.0},{"damage":14,"enemies":"Gremlin Nob","floor":8,"turns":3},{"damage":27,"enemies":"Lagavulin","floor":10,"turns":7},{"damage":11,"enemies":"2 Fungi Beasts","floor":11,"turns":2},{"damage":12,"enemies":"Red Slaver","floor":13,"turns":2},{"damage":41,"enemies":"Hexaghost","floor":16,"turns":11}],"seed_played":"7190628908532857986","potions_obtained":[{"floor":1.0,"key":"BlessingOfTheForge"},{"floor":7.0,"key":"AttackPotion"},{"floor":8,"key":"LiquidMemories"}],"is_trial":false,"path_per_floor":["M","?","M","M","M","R","M","E","T","E","M","R","M","?","R","B"],"character_chosen":"IRONCLAD","items_purchased":[],"campfire_rested":1,"item_purchase_floors":[],"current_hp_per_floor":[77,77,80,80,70,70,54,46,46,25,20,44,38,38,38,0,0],"gold":274,"neow_bonus":"REMOVE_TWO","is_daily":false,"chose_seed":false,"campfire_upgraded":2,"win_rate":0.0,"timestamp":1610495288,"path_taken":["M","?","M","M","M","R","M","E","T","E","M","R","M","?","R","BOSS"],"items_purchased_type":[],"build_version":"2020-12-22","purchased_purges":0,"victory":false,"max_hp_per_floor":[80,80,80,80,80,80,80,80,80,80,80,80,80,80,80,80,80],"relic_stats":{"counters":[10,44],"Prayer Wheel":2,"Juzu Bracelet":0,"obtain_stats":[{"Bottled Flame":10,"Prayer Wheel":9,"Juzu Bracelet":8,"Burning Blood":0},{"Bottled Flame":7,"Prayer Wheel":6,"Juzu Bracelet":6,"Burning Blood":0},{"Bottled Flame":29,"Prayer Wheel":22,"Juzu Bracelet":22,"Burning Blood":0}],"Burning Blood":50},"card_choices":[{"not_picked":["Reckless Charge","Anger"],"picked":"Cleave","floor":1.0},{"not_picked":["Infernal Blade","Thunderclap"],"picked":"Uppercut","floor":3.0},{"not_picked":["Burning Pact","True Grit"],"picked":"Hemokinesis","floor":4.0},{"not_picked":["Feel No Pain","Havoc"],"picked":"Clothesline","floor":5.0},{"not_picked":["Body Slam","Disarm"],"picked":"Fiend Fire","floor":7.0},{"not_picked":["Carnage","Limit Break"],"picked":"Ghostly Armor","floor":8},{"not_picked":["Clash","Entrench","Havoc"],"picked":"SKIP","floor":10},{"not_picked":["Anger","Thunderclap","Sword Boomerang"],"picked":"SKIP","floor":11},{"not_picked":["Barricade","Wild Strike","Heavy Blade"],"picked":"SKIP","floor":11},{"not_picked":["Rupture","Bloodletting"],"picked":"Armaments","floor":13},{"not_picked":["Dual Wield","Warcry"],"picked":"Seeing Red","floor":13}],"player_experience":1033748,"relics_obtained":[{"floor":8,"key":"Juzu Bracelet"},{"floor":9,"key":"Prayer Wheel"},{"floor":10,"key":"Bottled Flame"}],"event_choices":[{"cards_removed":["Strike_R"],"damage_healed":0.0,"max_hp_gain":0.0,"max_hp_loss":0.0,"gold_gain":0.0,"event_name":"Living Wall","player_choice":"Forget","floor":2.0,"gold_loss":0.0,"damage_taken":0.0},{"damage_healed":0,"gold_gain":100,"player_choice":"Pray","damage_taken":0,"max_hp_gain":0,"max_hp_loss":0,"event_name":"Golden Shrine","floor":14,"gold_loss":0}],"is_beta":false,"boss_relics":[],"items_purged_floors":[],"is_endless":false,"potions_floor_spawned":[1,7,8,10],"killed_by":"Hexaghost","ascension_level":11}}