{"host":"6h0diz2ap0m56grs","time":1610487781,"event":{"mods":["2.2 Compatiblity","BaseMod","Colored Map","Marisa????????","Minty Spire (QoL Compilation)","Quick Restart","Replay The Spire","Shop Mod","StSLib","The Servant 0.9.4"],"gold_per_floor":[115,134,151,151,77,110,143,193,193,195,195],"floor_reached":10,"language":"ENG","playtime":294,"items_purged":[],"score":169,"play_id":"d4bf6501-16d8-430c-943e-e56af9d970a2","local_time":"20210112154301","daily_mods":["SealedDeck","Heirloom","Time Dilation","Flight"],"is_ascension_mode":true,"campfire_choices":[],"circlet_count":0,"master_deck":["NonDirectionalLaser","6A","6A","PropBag","AlicesGift","GrandCross","AsteroidBelt","GrandCross","GrandCross","OortCloud+1","SporeBomb","WitchOfGreed","UltimateShortwave","MillisecondPulsars"],"relics":["MiniHakkero","replay:Trail_Library","Replay:Arrowhead","Ginger","Replay:Bandana","Shuriken","Replay:Baseball"],"acts_visited":["Exordium"],"potions_floor_usage":[8],"damage_taken":[{"damage":0,"enemies":"2 Louse","floor":1,"turns":2},{"damage":0,"enemies":"Jaw Worm","floor":2,"turns":2},{"damage":0,"enemies":"Small Slimes","floor":3,"turns":1},{"damage":0,"enemies":"Gremlin Nob","floor":6,"turns":2},{"damage":0,"enemies":"3 Sentries","floor":7,"turns":4},{"damage":0,"enemies":"Gremlin Nob","floor":8,"turns":2},{"damage":0,"enemies":"3 Sentries","floor":10,"turns":1}],"seed_played":"-2304695416119701118","potions_obtained":[{"floor":1,"key":"SteroidPotion"},{"floor":6,"key":"PowerPotion"},{"floor":7,"key":"AttackPotion"},{"floor":8,"key":"Elixir"},{"floor":8,"key":"DuplicationPotion"}],"is_trial":true,"path_per_floor":["M","M","M","?","$","E","E","E","T","E"],"character_chosen":"MARISA","items_purchased":["UltimateShortwave"],"campfire_rested":0,"item_purchase_floors":[5],"current_hp_per_floor":[75,75,75,75,75,75,75,75,75,75,75],"gold":195,"neow_bonus":"","is_daily":false,"chose_seed":false,"campfire_upgraded":0,"win_rate":0.0,"timestamp":1610487781,"path_taken":["M","M","M","?","$","E","E","E","T","E"],"items_purchased_type":["Card"],"build_version":"2020-12-22","purchased_purges":0,"victory":false,"max_hp_per_floor":[75,75,75,75,75,75,75,75,75,75,75],"card_choices":[{"not_picked":["SuperPerseids","GalacticHalo","Orbital"],"picked":"SKIP","floor":1},{"not_picked":["DoubleSpark","GravityBeat"],"picked":"SporeBomb","floor":2},{"not_picked":["PowerUp","ChargingUp"],"picked":"WitchOfGreed","floor":3},{"not_picked":["EnergyFlow","DoubleSpark"],"picked":"MillisecondPulsars","floor":6},{"not_picked":["EnergyFlow","UnstableBomb","6A"],"picked":"SKIP","floor":7},{"not_picked":["Acceleration","SporeBomb","WitchLeyline"],"picked":"SKIP","floor":8}],"player_experience":183921,"relics_obtained":[{"floor":6,"key":"Ginger"},{"floor":7,"key":"Replay:Bandana"},{"floor":8,"key":"Shuriken"},{"floor":9,"key":"Replay:Baseball"}],"event_choices":[],"is_beta":false,"boss_relics":[],"items_purged_floors":[],"is_endless":false,"potions_floor_spawned":[1,6,7,8],"killed_by":"3 Sentries","ascension_level":1}}