{"host":"oehe2dxjvdgux73m","time":1610455868,"event":{"mods":["AchievementEnabler","BaseMod","Colored Map","Colored Powertips","DeckTracker","Keyboard Shortcuts","Minty Spire (QoL Compilation)","Permanent Neow","Quick Restart","StSLib","SuperFastMode"],"gold_per_floor":[116,128,144,159,147,147,178,178,178,178,178,193,212,226,226,323,323,335,347,347,347],"floor_reached":20,"playtime":734,"items_purged":[],"score":234,"play_id":"4ef3d661-6041-4d03-853c-e8a8e6dd0178","local_time":"20210112215108","is_ascension_mode":true,"campfire_choices":[{"floor":6.0,"key":"REST"},{"floor":8.0,"key":"REST"},{"data":"Carnage","floor":11.0,"key":"SMITH"},{"data":"Bash","floor":15.0,"key":"SMITH"}],"circlet_count":0,"master_deck":["Bash+1","CurseOfTheBell","Feel No Pain","Carnage+1","Battle Trance","Burning Pact","Twin Strike","Dark Embrace","Havoc","Feed","Metallicize","Double Tap","Pommel Strike","Warcry","Burning Pact","Corruption","Twin Strike","Barricade","Whirlwind","Evolve+1"],"relics":["Calling Bell","Art of War","Blue Candle","Calipers","Meat on the Bone","Matryoshka","Pandora\u0027s Box"],"acts_visited":["Exordium","TheCity"],"potions_floor_usage":[19,20],"damage_taken":[{"damage":0.0,"enemies":"Small Slimes","floor":1.0,"turns":3.0},{"damage":9.0,"enemies":"2 Louse","floor":2.0,"turns":4.0},{"damage":2.0,"enemies":"Jaw Worm","floor":3.0,"turns":3.0},{"damage":12.0,"enemies":"Looter","floor":4.0,"turns":3.0},{"damage":22.0,"enemies":"Exordium Thugs","floor":5.0,"turns":4.0},{"damage":35.0,"enemies":"Lagavulin","floor":7.0,"turns":4.0},{"damage":0.0,"enemies":"Large Slime","floor":12.0,"turns":2.0},{"damage":1.0,"enemies":"3 Louse","floor":13.0,"turns":3.0},{"damage":14.0,"enemies":"Exordium Thugs","floor":14.0,"turns":4.0},{"damage":53.0,"enemies":"The Guardian","floor":16.0,"turns":12.0},{"damage":9.0,"enemies":"Chosen","floor":18.0,"turns":5.0},{"damage":26,"enemies":"Shell Parasite","floor":19,"turns":5},{"damage":55,"enemies":"3 Cultists","floor":20,"turns":4}],"seed_played":"6184965808279610848","potions_obtained":[{"floor":2.0,"key":"DuplicationPotion"},{"floor":4.0,"key":"DuplicationPotion"},{"floor":5.0,"key":"BloodPotion"},{"floor":12.0,"key":"SneckoOil"},{"floor":16.0,"key":"Swift Potion"},{"floor":18.0,"key":"ElixirPotion"},{"floor":19,"key":"Fire Potion"}],"is_trial":false,"path_per_floor":["M","M","M","M","M","R","E","R","T","?","R","M","M","M","R","B",null,"M","M","M"],"character_chosen":"IRONCLAD","items_purchased":[],"campfire_rested":2,"item_purchase_floors":[],"current_hp_per_floor":[72,63,61,49,27,51,16,40,40,40,40,52,51,49,49,24,66,57,43,0,0],"gold":347,"neow_bonus":"BOSS_RELIC","is_daily":false,"chose_seed":false,"campfire_upgraded":2,"win_rate":0.0,"timestamp":1610455868,"path_taken":["M","M","M","M","M","R","E","R","T","?","R","M","M","M","R","BOSS","M","M","M"],"items_purchased_type":[],"build_version":"2020-12-22","purchased_purges":0,"victory":false,"max_hp_per_floor":[80,80,80,80,80,80,80,80,80,80,80,80,80,80,80,80,80,80,80,80,80],"card_choices":[{"not_picked":["Havoc","Thunderclap"],"picked":"Feel No Pain","floor":1.0},{"not_picked":["Thunderclap","Clothesline"],"picked":"Carnage","floor":2.0},{"not_picked":["Disarm","Perfected Strike"],"picked":"Battle Trance","floor":3.0},{"not_picked":["Warcry","Armaments"],"picked":"Burning Pact","floor":4.0},{"not_picked":["Thunderclap","Armaments"],"picked":"Twin Strike","floor":5.0},{"not_picked":["Pommel Strike","Shockwave"],"picked":"Dark Embrace","floor":7.0},{"not_picked":["Searing Blow","Heavy Blade","Intimidate"],"picked":"SKIP","floor":12.0},{"not_picked":["Pommel Strike","Warcry"],"picked":"Havoc","floor":13.0},{"not_picked":["Clothesline","Armaments","Whirlwind"],"picked":"SKIP","floor":14.0},{"not_picked":["Juggernaut","Exhume"],"picked":"Feed","floor":16.0},{"not_picked":["Perfected Strike","Wild Strike"],"picked":"Evolve+1","floor":18.0},{"not_picked":["Clash+1","Combust","Blood for Blood"],"picked":"SKIP","floor":19}],"player_experience":135222,"relics_obtained":[{"floor":0.0,"key":"Art of War"},{"floor":0.0,"key":"Blue Candle"},{"floor":0.0,"key":"Calipers"},{"floor":7.0,"key":"Meat on the Bone"},{"floor":9.0,"key":"Matryoshka"}],"event_choices":[{"damage_healed":0.0,"max_hp_gain":0.0,"max_hp_loss":0.0,"gold_gain":0.0,"event_name":"Liars Game","player_choice":"Ignored","floor":10.0,"gold_loss":0.0,"damage_taken":0.0}],"is_beta":false,"boss_relics":[{"not_picked":["Runic Pyramid","Empty Cage"],"picked":"Pandora\u0027s Box"}],"items_purged_floors":[],"is_endless":false,"potions_floor_spawned":[2,4,5,12,16,18,19],"killed_by":"3 Cultists","ascension_level":6}}