{"host":"b4asi0laiv85suj9","time":1610427673,"event":{"mods":["ATMod(°¢èªMod)","Act Like it!","BaseMod","Colored Powertips","Hallownest","Minty Spire (QoL Compilation)","MostiFishMod","Quick Restart","Relic Stats","StSLib","TestMod","The Bug Knight","noobMod"],"gold_per_floor":[119,134,0,10,20,48,66,78,125,137,153,153,78,110,110,214,214,226,244,258,277,335,335,368,368,368,397,4,32,32,49,49,146,146,163,179,199,119,132,166,222,256,256,283,301,323,323,16,16,29,29,29,29,64,79],"floor_reached":56,"playtime":2663,"items_purged":["HollowMod:NailStrikeStart","HollowMod:QuickDashStart"],"score":1640,"play_id":"960fd3c1-51a8-4996-945f-f2e729761484","local_time":"20210112130113","is_ascension_mode":true,"campfire_choices":[{"data":"HollowMod:SlysStrikes","floor":15,"key":"SMITH"},{"data":"HollowMod:GrimmsGift","floor":23,"key":"SMITH"},{"data":"HollowMod:HuntersJournal","floor":25,"key":"SMITH"},{"data":"HollowMod:ElderbugsWisdom","floor":32,"key":"SMITH"},{"floor":47,"key":"RECALL"},{"data":"HollowMod:SlysStrikes","floor":49,"key":"SMITH"},{"data":"HollowMod:DreamGate","floor":52,"key":"SMITH"}],"circlet_count":0,"master_deck":["HollowMod:NailStrikeStart","HollowMod:NailStrikeStart+1","HollowMod:NailStrikeStart+1","HollowMod:QuickDashStart","HollowMod:QuickDashStart","HollowMod:QuickDashStart","HollowMod:FocusHealStart","HollowMod:PogoStrike","MostiFishMod:EE1D","MostiFishMod:EE1D","MostiFishMod:EE1D","HollowMod:CoiledNail","HollowMod:SoulStrike","HollowMod:CloakDash","HollowMod:DescendingDark","HollowMod:GrimmsGift+1","HollowMod:DescendingDark","HollowMod:DreamGate+1","HollowMod:VengefulVoid","HollowMod:CycloneSlash","HollowMod:SlysStrikes+1","HollowMod:Weaversong","HollowMod:CycloneSlash+1","HollowMod:HuntersJournal+1","HollowMod:CornifersMapStart","HollowMod:NewLittleFool","HollowMod:DashSlash","HollowMod:VengefulVoid+1","HollowMod:CloakDash","HollowMod:DescendingDark+1","HollowMod:CloakDash","HollowMod:ElderbugsWisdom+1","HollowMod:ShapeofUnn+1","HollowMod:DesolateDive","Hallownest:attackMasterCycloneSlash","HollowMod:SlysStrikes+1","MostiFishMod:Neptune","MostiFishMod:TheEndOfMoonlight","MostiFishMod:SparklingWater","MostiFishMod:FantasySummer","MostiFishMod:NightSea","HollowMod:AbyssShriek","HollowMod:SoulShaman+1","HollowMod:CornifersMapStart+1","Hallownest:attackMasterDashSlash","HollowMod:SoulSplash+1","HollowMod:SiblingsShadow","HollowMod:HuntersJournal","Apotheosis+1","HollowMod:GoodIntentions+1"],"relics":["testmod-TestBox","DaveBox","ice","AT_ATBox","EE1DDrone","testmod-Prudence","FeatherPendant","SynthV:TestCard","HollowMod:MillibellesNoteRelic","Mummified Hand","Mercury Hourglass","RhineSuit","Shuriken","HollowMod:LumaflyLanternRelic","Tiny Chest","AT_EbonyIvory","Orrery","AT_BellDemon","AT_Kusabimaru","testmod-AssaultLearning","MoonlightInvasionPlan","AT_SunfireAegis","Juzu Bracelet","ThornShield","testmod-ObsoleteBoomerang","testmod-IntensifyImprint","Dream Catcher","testmod-CrystalShield","DianDianMeat","testmod-IndustrialRevolution","InkBottle","Darkstone Periapt","testmod-Acrobat","Regal Pillow","Kunai","HollowMod:StagPassRelic","ChiLing","Chi","Ling","Calipers"],"acts_visited":["Exordium","Hallownest:Greenpath","Hallownest:CityofTears","TheEnding"],"potions_floor_usage":[],"damage_taken":[{"damage":0,"enemies":"2_ Uuma","floor":1,"turns":3},{"damage":9,"enemies":"Hallownest:2_Baldur","floor":2,"turns":3},{"damage":0,"enemies":"Hallownest:monsterHuskGuard","floor":4,"turns":3},{"damage":0,"enemies":"Hallownest:MossCreep_and_Mosskin","floor":5,"turns":4},{"damage":0,"enemies":"Hallownest:eliteVengeflyKing","floor":6,"turns":6},{"damage":0,"enemies":"Hallownest:Wandering_and_Horned","floor":7,"turns":4},{"damage":6,"enemies":"Hallownest:1_Baldur_1_Crawlid_1_Warrior","floor":8,"turns":4},{"damage":5,"enemies":"Hallownest:2_Tiktiks_1_Baldur_1_Crawlid","floor":10,"turns":1},{"damage":0,"enemies":"Hallownest:monsterAspidMother","floor":11,"turns":2},{"damage":5,"enemies":"Hallownest:eliteMossKnight","floor":14,"turns":3},{"damage":23,"enemies":"Hallownest:BossFalseKnight","floor":16,"turns":4},{"damage":0,"enemies":"Hallownest:3_Youths","floor":18,"turns":2},{"damage":0,"enemies":"Hallownest:Guard_and_Sentry","floor":19,"turns":2},{"damage":10,"enemies":"Hallownest:2_Husk_Sentries","floor":20,"turns":2},{"damage":0,"enemies":"Hallownest:3_Mistakes","floor":21,"turns":2},{"damage":0,"enemies":"Hallownest:Glutton_and_Coward","floor":22,"turns":1},{"damage":15,"enemies":"Hallownest:eliteSoulWarrior","floor":24,"turns":3},{"damage":0,"enemies":"Hallownest:Nosk","floor":27,"turns":2},{"damage":0,"enemies":"Hallownest:eliteWatcherKnight","floor":29,"turns":5},{"damage":0,"enemies":"Hallownest:monsterMisterMushroom","floor":31,"turns":2},{"damage":6,"enemies":"Hallownest:BossSoulMaster","floor":33,"turns":3},{"damage":0,"enemies":"Hallownest:3_Siblings","floor":35,"turns":2},{"damage":0,"enemies":"Hallownest:2_Littles","floor":36,"turns":1},{"damage":0,"enemies":"Hallownest:Shield_Sturdy","floor":37,"turns":2},{"damage":18,"enemies":"Hallownest:2_Wing_and_1_Kings","floor":39,"turns":1},{"damage":0,"enemies":"Hallownest:eliteCollector","floor":40,"turns":2},{"damage":0,"enemies":"Hallownest:2_Primals","floor":41,"turns":1},{"damage":0,"enemies":"Hallownest:eliteHiveKnight","floor":42,"turns":1},{"damage":1,"enemies":"Hallownest:eliteCollector","floor":44,"turns":2},{"damage":0,"enemies":"Hallownest:monsterPrimalAspid","floor":45,"turns":1},{"damage":0,"enemies":"Hallownest:2_Wandering_and_1_Horned","floor":46,"turns":2},{"damage":5,"enemies":"Hallownest:BossGreyPrinceZote","floor":50,"turns":1},{"damage":0,"enemies":"Shield and Spear","floor":54,"turns":1},{"damage":5,"enemies":"The Heart","floor":55,"turns":2}],"seed_played":"5875687665541054162","potions_obtained":[{"floor":4,"key":"SpeedPotion"},{"floor":7,"key":"ColorlessPotion"},{"floor":8,"key":"FearPotion"},{"floor":10,"key":"LiquidMemories"},{"floor":18,"key":"BlessingOfTheForge"},{"floor":36,"key":"Energy Potion"},{"floor":46,"key":"PowerPotion"}],"is_trial":false,"path_per_floor":["M","M","?","M","M","E","M","M","T","M","M","?","$","E","R","B",null,"M","M","M","M","M","R","E","R","T","E","$","E","?","M","R","B",null,"M","M","M","?","M","E","?","E","T","E","M","M","R","$","R","B",null,"R","$","E","B",null],"character_chosen":"THE_BUGKNIGHT","items_purchased":["AT_EbonyIvory","Orrery","Apotheosis","ChiLing"],"campfire_rested":0,"item_purchase_floors":[28,28,48,48],"current_hp_per_floor":[75,72,72,75,75,75,75,75,75,70,70,70,70,65,65,52,75,75,75,65,65,65,65,50,50,50,50,50,50,50,50,50,44,75,75,75,75,75,57,63,63,64,64,65,74,74,74,78,78,73,85,85,85,90,85],"gold":79,"neow_bonus":"BOSS_RELIC","is_daily":false,"chose_seed":false,"campfire_upgraded":6,"win_rate":0.0,"timestamp":1610427673,"path_taken":["M","M","?","M","M","E","M","M","T","M","M","?","?","E","R","BOSS","M","M","M","M","M","R","E","R","T","E","$","E","?","M","R","BOSS","M","M","M","?","M","E","?","E","T","E","M","M","R","$","R","BOSS","R","$","E","BOSS"],"items_purchased_type":["Relic","Relic","Card","Relic"],"build_version":"2020-12-22","purchased_purges":2,"victory":true,"max_hp_per_floor":[75,75,75,75,75,75,75,75,75,75,75,75,75,75,75,75,75,75,75,75,75,75,75,75,75,75,75,75,75,75,75,75,75,75,75,75,75,75,75,75,75,76,76,78,81,81,81,85,85,85,85,85,85,90,90],"relic_stats":{"Darkstone Periapt":0,"Dream Catcher":0,"Regal Pillow":0,"counters":[34,80],"Mummified Hand":[72],"Shuriken":[24],"Tiny Chest":0,"Juzu Bracelet":0,"Kunai":[3],"obtain_stats":[{"AT_BellDemon":29,"Darkstone Periapt":43,"Regal Pillow":44,"AT_ATBox":0,"Calipers":54,"DaveBox":0,"HollowMod:LumaflyLanternRelic":26,"Chi":48,"HollowMod:VesselMask":0,"RhineSuit":17,"ice":0,"Juzu Bracelet":36,"HollowMod:MillibellesNoteRelic":3,"HollowMod:StagPassRelic":46,"Dream Catcher":40,"testmod-CrystalShield":41,"testmod-Prudence":0,"AT_Kusabimaru":31,"Mummified Hand":6,"Tiny Chest":27,"testmod-ObsoleteBoomerang":39,"Kunai":45,"InkBottle":42,"DianDianMeat":41,"testmod-IntensifyImprint":40,"testmod-TestBox":0,"MoonlightInvasionPlan":34,"AT_EbonyIvory":28,"ThornShield":37,"testmod-IndustrialRevolution":42,"Mercury Hourglass":14,"Ling":48,"SynthV:TestCard":1,"EE1DDrone":0,"FeatherPendant":0,"Shuriken":24,"testmod-AssaultLearning":33,"testmod-Acrobat":44,"Orrery":28,"AT_SunfireAegis":35,"ChiLing":48},{"AT_BellDemon":19,"Darkstone Periapt":28,"Regal Pillow":29,"AT_ATBox":0,"Calipers":33,"DaveBox":0,"HollowMod:LumaflyLanternRelic":17,"Chi":31,"HollowMod:VesselMask":0,"RhineSuit":11,"ice":0,"Juzu Bracelet":23,"HollowMod:MillibellesNoteRelic":2,"HollowMod:StagPassRelic":31,"Dream Catcher":26,"testmod-CrystalShield":27,"testmod-Prudence":0,"AT_Kusabimaru":20,"Mummified Hand":5,"Tiny Chest":18,"testmod-ObsoleteBoomerang":25,"Kunai":30,"InkBottle":28,"DianDianMeat":27,"testmod-IntensifyImprint":26,"testmod-TestBox":0,"MoonlightInvasionPlan":21,"AT_EbonyIvory":18,"ThornShield":24,"testmod-IndustrialRevolution":28,"Mercury Hourglass":10,"Ling":31,"SynthV:TestCard":1,"EE1DDrone":0,"FeatherPendant":0,"Shuriken":17,"testmod-AssaultLearning":21,"testmod-Acrobat":29,"Orrery":18,"AT_SunfireAegis":22,"ChiLing":31},{"AT_BellDemon":56,"Darkstone Periapt":71,"Regal Pillow":73,"AT_ATBox":0,"Calipers":78,"DaveBox":0,"HollowMod:LumaflyLanternRelic":49,"Chi":76,"HollowMod:VesselMask":0,"RhineSuit":37,"ice":0,"Juzu Bracelet":64,"HollowMod:MillibellesNoteRelic":6,"HollowMod:StagPassRelic":76,"Dream Catcher":69,"testmod-CrystalShield":70,"testmod-Prudence":0,"AT_Kusabimaru":58,"Mummified Hand":19,"Tiny Chest":51,"testmod-ObsoleteBoomerang":67,"Kunai":74,"InkBottle":71,"DianDianMeat":70,"testmod-IntensifyImprint":69,"testmod-TestBox":0,"MoonlightInvasionPlan":61,"AT_EbonyIvory":51,"ThornShield":66,"testmod-IndustrialRevolution":71,"Mercury Hourglass":33,"Ling":76,"SynthV:TestCard":3,"EE1DDrone":0,"FeatherPendant":0,"Shuriken":49,"testmod-AssaultLearning":61,"testmod-Acrobat":73,"Orrery":51,"AT_SunfireAegis":63,"ChiLing":76}],"InkBottle":[6],"Mercury Hourglass":[204]},"card_choices":[{"not_picked":["HollowMod:InfectedCysts","HollowMod:BlackTendrils"],"picked":"HollowMod:CoiledNail","floor":1},{"not_picked":["HollowMod:MonarchWings","HollowMod:SiblingsShadow","HollowMod:DashSlash","HollowMod:InfectedCysts"],"picked":"HollowMod:SoulStrike","floor":2},{"not_picked":["HollowMod:DoubleDash","HollowMod:InfectedCysts","HollowMod:GoodIntentions","HollowMod:ZotesMagnificence"],"picked":"HollowMod:CloakDash","floor":4},{"not_picked":["HollowMod:QuirrelsAssistance","HollowMod:FallenFury","HollowMod:GoodIntentions","HollowMod:ChannelNail"],"picked":"HollowMod:DescendingDark","floor":5},{"not_picked":["HollowMod:BaldurShell","HollowMod:NewGlowingWomb","HollowMod:LifebloodCocoon","HollowMod:MawleksShell"],"picked":"HollowMod:GrimmsGift","floor":6},{"not_picked":["HollowMod:FallenFury","HollowMod:LifebloodCore","HollowMod:SiblingsShadow","HollowMod:HowlingWraiths"],"picked":"HollowMod:DescendingDark","floor":7},{"not_picked":["HollowMod:SharpenedNail","HollowMod:MothsMistake","HollowMod:WraithStrike","HollowMod:MonarchWings"],"picked":"HollowMod:DreamGate","floor":8},{"not_picked":["HollowMod:MonarchWings","HollowMod:MothsMistake","HollowMod:HowlingWraiths","HollowMod:FallenFury"],"picked":"HollowMod:VengefulVoid","floor":10},{"not_picked":["HollowMod:VengefulVoid","HollowMod:PerfectDash","HollowMod:LifebloodCocoon","HollowMod:SiblingsSouls"],"picked":"HollowMod:CycloneSlash","floor":11},{"not_picked":["HollowMod:ZotesMagnificence","HollowMod:GrimmsGift","HollowMod:LifebloodCocoon","HollowMod:DreamGate"],"picked":"HollowMod:SlysStrikes","floor":14},{"not_picked":["HollowMod:PureVessel","HollowMod:NewInfectedGuardian","HollowMod:ZotesMagnificence","HollowMod:MidwifesHunger"],"picked":"HollowMod:Weaversong","floor":16},{"not_picked":["HollowMod:ShapeofUnn","HollowMod:WraithStrike","HollowMod:DesolateDive","HollowMod:InfectionAssault+1"],"picked":"HollowMod:CycloneSlash+1","floor":18},{"not_picked":["HollowMod:HeavyBlow","HollowMod:ShadowDash+1","HollowMod:RecoilStrike","HollowMod:BlackTendrils"],"picked":"HollowMod:HuntersJournal","floor":19},{"not_picked":["HollowMod:SoulShaman","HollowMod:LifebloodCocoon+1","HollowMod:NewJinnsSoul","HollowMod:MawleksShell"],"picked":"HollowMod:CornifersMapStart","floor":20},{"not_picked":["HollowMod:ChannelNail","HollowMod:FastStrike","HollowMod:Weaversong","HollowMod:RecoilStrike+1"],"picked":"HollowMod:NewLittleFool","floor":21},{"not_picked":["HollowMod:InfectedAttack+1","HollowMod:FallenFury","HollowMod:WraithStrike","HollowMod:LifebloodCocoon"],"picked":"HollowMod:DashSlash","floor":22},{"not_picked":["HollowMod:Weaversong","HollowMod:BrokenVessel+1","HollowMod:LifebloodCore","HollowMod:MonarchWings+1"],"picked":"HollowMod:VengefulVoid+1","floor":24},{"not_picked":["HollowMod:SoulStrike+1","HollowMod:ShapeofUnn","HollowMod:ShadowDash","HollowMod:SoulVessel"],"picked":"HollowMod:CloakDash","floor":27},{"not_picked":["HollowMod:HowlingWraiths","HollowMod:WraithStrike","HollowMod:SoulStrike","HollowMod:SoulShaman"],"picked":"HollowMod:DescendingDark+1","floor":28},{"not_picked":["HollowMod:ShapeofUnn","HollowMod:DashSlash+1","HollowMod:NewJinnsSoul","HollowMod:RecoilStrike"],"picked":"HollowMod:CloakDash","floor":28},{"not_picked":["HollowMod:DescendingDark+1","HollowMod:MantisMark","HollowMod:NewGlowingWomb+1","HollowMod:RecoilStrike"],"picked":"HollowMod:ElderbugsWisdom","floor":28},{"not_picked":["HollowMod:GoodIntentions","HollowMod:ShadowDash","HollowMod:FastStrike+1","HollowMod:MothsMistake"],"picked":"HollowMod:ShapeofUnn+1","floor":28},{"not_picked":["HollowMod:InfectedAttack","HollowMod:LifebloodCocoon+1","HollowMod:RecoilStrike","HollowMod:SharpenedNail"],"picked":"HollowMod:DesolateDive","floor":28},{"not_picked":["HollowMod:BaldurShell+1","HollowMod:DashSlash","HollowMod:SoulVessel","HollowMod:CrystalDash","HollowMod:FallenFury"],"picked":"SKIP","floor":29},{"not_picked":["HollowMod:SoulShaman","HollowMod:SharpenedNail","HollowMod:BrokenVessel","HollowMod:TaintedHusks","HollowMod:DashSlash+1"],"picked":"SKIP","floor":31},{"not_picked":["HollowMod:theNailsmith","HollowMod:PureVessel","HollowMod:ElderbugsWisdom","HollowMod:HornetsHelp"],"picked":"HollowMod:SlysStrikes","floor":33},{"not_picked":["HollowMod:HeavyBlow","HollowMod:InfectionAssault+1","HollowMod:GrimmsGift","HollowMod:FallenFury+1"],"picked":"HollowMod:AbyssShriek","floor":35},{"not_picked":["HollowMod:PureNailStrike","HollowMod:SharpenedShadows","HollowMod:BrokenVessel","HollowMod:CoiledNail+1"],"picked":"HollowMod:SoulShaman+1","floor":36},{"not_picked":["HollowMod:HeavyBlow+1","HollowMod:DesolateDive","HollowMod:NewLittleFool","HollowMod:VengefulVoid"],"picked":"HollowMod:CornifersMapStart+1","floor":37},{"not_picked":["HollowMod:DungDefenderAura+1","HollowMod:NewLittleFool","HollowMod:ShadowDash+1","HollowMod:InfectedCysts","HollowMod:HeavyBlow+1"],"picked":"SKIP","floor":39},{"not_picked":["HollowMod:NewGlowingWomb+1","HollowMod:InfectedAttack","HollowMod:ShadowDash","HollowMod:LifebloodCore","HollowMod:GoodIntentions+1"],"picked":"SKIP","floor":40},{"not_picked":["HollowMod:NewLittleFool+1","HollowMod:VoidDash","HollowMod:SharpenedNail","HollowMod:MantisMark"],"picked":"HollowMod:SoulSplash+1","floor":42},{"not_picked":["HollowMod:SharpenedNail","HollowMod:TaintedHusks+1","HollowMod:InfectedAttack","HollowMod:Grubsong+1"],"picked":"HollowMod:SiblingsShadow","floor":44},{"not_picked":["HollowMod:MonarchWings","HollowMod:PureNailStrike","HollowMod:DescendingDark","HollowMod:CoiledNail+1"],"picked":"HollowMod:HuntersJournal","floor":45},{"not_picked":["HollowMod:LifebloodCocoon","HollowMod:HowlingWraiths","HollowMod:FallenFury","HollowMod:AbyssShriek","HollowMod:ChannelNail"],"picked":"SKIP","floor":46},{"not_picked":["HollowMod:SiblingsShadow","HollowMod:DescendingDark","HollowMod:QuirrelsAssistance+1","HollowMod:Grubsong"],"picked":"HollowMod:GoodIntentions+1","floor":54}],"player_experience":305593,"relics_obtained":[{"floor":1,"key":"SynthV:TestCard"},{"floor":6,"key":"Mummified Hand"},{"floor":14,"key":"Mercury Hourglass"},{"floor":24,"key":"Shuriken"},{"floor":26,"key":"HollowMod:LumaflyLanternRelic"},{"floor":27,"key":"Tiny Chest"},{"floor":29,"key":"AT_BellDemon"},{"floor":31,"key":"AT_Kusabimaru"},{"floor":33,"key":"testmod-AssaultLearning"},{"floor":35,"key":"AT_SunfireAegis"},{"floor":36,"key":"Juzu Bracelet"},{"floor":37,"key":"ThornShield"},{"floor":39,"key":"testmod-ObsoleteBoomerang"},{"floor":40,"key":"testmod-IntensifyImprint"},{"floor":40,"key":"Dream Catcher"},{"floor":41,"key":"testmod-CrystalShield"},{"floor":41,"key":"DianDianMeat"},{"floor":42,"key":"testmod-IndustrialRevolution"},{"floor":42,"key":"InkBottle"},{"floor":43,"key":"Darkstone Periapt"},{"floor":44,"key":"testmod-Acrobat"},{"floor":44,"key":"Regal Pillow"},{"floor":45,"key":"Kunai"},{"floor":46,"key":"HollowMod:StagPassRelic"},{"floor":54,"key":"Calipers"}],"event_choices":[],"is_beta":false,"boss_relics":[{"not_picked":["testmod-NegativeEmotionEnhancer","JellyFishMachine"],"picked":"RhineSuit"},{"not_picked":["Empty Cage","GuanYuAspect"],"picked":"MoonlightInvasionPlan"}],"items_purged_floors":[13,28],"is_endless":false,"potions_floor_spawned":[4,7,8,10,14,18,19,29,35,36,39,41,46],"ascension_level":1}}