{"host":"h4lp0eeso8a0ssq0","time":1610431205,"event":{"mods":["2.2 Compatiblity","AchievementEnabler","BaseMod","CapriCore","Colored Map","Minty Spire (QoL Compilation)","StSLib","SuperFastMode"],"gold_per_floor":[117,117,192,192,44,44,62,94,94,94,114,114,145,159,159,262,262,244,258,83,83,83],"floor_reached":21,"playtime":509,"items_purged":["Strike_G","Strike_G"],"score":318,"play_id":"dffd4ab0-1456-437e-867c-1dede127a9a3","local_time":"20210112150005","is_ascension_mode":true,"campfire_choices":[{"data":"Footwork","floor":6.0,"key":"SMITH"},{"data":"Masterful Stab","floor":12.0,"key":"SMITH"},{"data":"Backflip","floor":15.0,"key":"SMITH"}],"circlet_count":0,"master_deck":["AscendersBane","Defend_G","Defend_G","Defend_G","Defend_G+1","Defend_G","Survivor","Neutralize+1","Cloak And Dagger","Footwork+1","Masterful Stab+1","Blade Dance","Poisoned Stab","Quick Slash","Backflip+1","Dagger Throw","Adrenaline","Leg Sweep","Terror","Escape Plan"],"relics":["Ring of the Snake","NeowsBlessing","Strawberry","CaptainsWheel","Bottled Flame","Empty Cage"],"acts_visited":["Exordium","TheCity"],"potions_floor_usage":[],"damage_taken":[{"damage":0.0,"enemies":"2 Louse","floor":1.0,"turns":1.0},{"damage":0.0,"enemies":"Small Slimes","floor":7.0,"turns":1.0},{"damage":0.0,"enemies":"Lagavulin","floor":8.0,"turns":1.0},{"damage":1.0,"enemies":"Jaw Worm","floor":11.0,"turns":2.0},{"damage":14.0,"enemies":"Gremlin Nob","floor":13.0,"turns":4.0},{"damage":0.0,"enemies":"2 Fungi Beasts","floor":14.0,"turns":2.0},{"damage":21.0,"enemies":"Hexaghost","floor":16.0,"turns":12.0},{"damage":11,"enemies":"2 Thieves","floor":18,"turns":4},{"damage":0,"enemies":"Spheric Guardian","floor":19,"turns":6},{"damage":9,"enemies":"Cultist and Chosen","floor":21,"turns":6}],"seed_played":"7696235360748951833","potions_obtained":[{"floor":8.0,"key":"LiquidMemories"},{"floor":11.0,"key":"Swift Potion"},{"floor":13.0,"key":"LiquidBronze"}],"is_trial":false,"path_per_floor":["M","?","?","?","$","R","M","E","T","?","M","R","E","M","R","B",null,"M","M","$","M"],"character_chosen":"THE_SILENT","items_purchased":["Footwork","Escape Plan"],"campfire_rested":0,"item_purchase_floors":[5,20],"current_hp_per_floor":[63,49,38,43,43,43,43,50,50,50,49,49,35,35,35,14,65,54,54,54,45,45],"gold":83,"neow_bonus":"THREE_ENEMY_KILL","is_daily":false,"chose_seed":false,"campfire_upgraded":3,"win_rate":0.0,"timestamp":1610431205,"path_taken":["M","?","?","?","$","R","M","E","T","?","M","R","E","M","R","BOSS","M","M","$","M"],"items_purchased_type":["Card","Card"],"build_version":"2020-12-22","purchased_purges":2,"victory":false,"max_hp_per_floor":[70,70,70,75,75,75,75,82,82,82,82,82,82,82,82,82,82,82,82,82,82,82],"card_choices":[{"not_picked":["Prepared","Deflect"],"picked":"Cloak And Dagger","floor":1.0},{"not_picked":["Endless Agony","Calculated Gamble"],"picked":"Masterful Stab","floor":7.0},{"not_picked":["Dagger Throw","Backflip"],"picked":"Blade Dance","floor":8.0},{"not_picked":["PiercingWail","Sucker Punch"],"picked":"Quick Slash","floor":11.0},{"not_picked":["Unload","Deadly Poison"],"picked":"Backflip","floor":13.0},{"not_picked":["Poisoned Stab","Eviscerate"],"picked":"Dagger Throw","floor":14.0},{"not_picked":["Burst","Night Terror"],"picked":"Adrenaline","floor":16.0},{"not_picked":["All Out Attack+1","Outmaneuver"],"picked":"Leg Sweep","floor":18},{"not_picked":["Flying Knee","Bane"],"picked":"Terror","floor":19}],"player_experience":140640,"relics_obtained":[{"floor":8.0,"key":"Strawberry"},{"floor":9.0,"key":"CaptainsWheel"},{"floor":13.0,"key":"Bottled Flame"}],"event_choices":[{"damage_healed":0.0,"max_hp_gain":0.0,"max_hp_loss":0.0,"gold_gain":0.0,"event_name":"Shining Light","player_choice":"Entered Light","floor":2.0,"gold_loss":0.0,"damage_taken":14.0,"cards_upgraded":["Defend_G","Neutralize"]},{"damage_healed":0.0,"max_hp_gain":0.0,"max_hp_loss":0.0,"gold_gain":75.0,"event_name":"World of Goop","player_choice":"Gather Gold","floor":3.0,"gold_loss":0.0,"damage_taken":11.0},{"damage_healed":0.0,"max_hp_gain":5.0,"max_hp_loss":0.0,"gold_gain":0.0,"event_name":"Big Fish","player_choice":"Donut","floor":4.0,"gold_loss":0.0,"damage_taken":0.0},{"damage_healed":0.0,"max_hp_gain":0.0,"max_hp_loss":0.0,"gold_gain":0.0,"cards_transformed":["Strike_G"],"event_name":"Living Wall","player_choice":"Change","floor":10.0,"gold_loss":0.0,"damage_taken":0.0,"cards_obtained":["Poisoned Stab"]}],"is_beta":false,"boss_relics":[{"not_picked":["Coffee Dripper","Velvet Choker"],"picked":"Empty Cage"}],"items_purged_floors":[5,20],"is_endless":false,"potions_floor_spawned":[8,11,13],"killed_by":"Cultist and Chosen","ascension_level":10}}