{"host":"0cgp910o8339lr91","time":1610452097,"event":{"mods":["BaseMod","Block Reminder","Colored Map","Colored Powertips","Filter the Spire","Minty Spire (QoL Compilation)","Relic Stats","Slay-I","ojb\u0027s Better Paths Mod","ojb\u0027s Info Mod"],"gold_per_floor":[110,127,197,197,207,236,236,268,268,268,268],"floor_reached":10,"playtime":440,"items_purged":[],"score":118,"play_id":"b6d8d303-86bb-4d13-93eb-d04613a9c265","local_time":"20210112124817","is_ascension_mode":true,"campfire_choices":[{"data":"Streamline","floor":7.0,"key":"SMITH"}],"circlet_count":0,"master_deck":["AscendersBane","Strike_B","Strike_B","Strike_B","Strike_B","Defend_B","Defend_B","Defend_B","Zap","Dualcast","BootSequence","Streamline+1","Cold Snap","Machine Learning","Ball Lightning"],"relics":["Sozu","Blood Vial","Pantograph"],"acts_visited":["Exordium"],"potions_floor_usage":[],"damage_taken":[{"damage":0.0,"enemies":"Small Slimes","floor":1.0,"turns":3.0},{"damage":5.0,"enemies":"Cultist","floor":2.0,"turns":5.0},{"damage":2.0,"enemies":"Jaw Worm","floor":5.0,"turns":3.0},{"damage":18.0,"enemies":"Lagavulin","floor":6.0,"turns":8.0},{"damage":18.0,"enemies":"3 Sentries","floor":8.0,"turns":8.0},{"damage":31,"enemies":"Gremlin Nob","floor":10,"turns":3}],"seed_played":"1317146688078300248","potions_obtained":[],"is_trial":false,"path_per_floor":["M","M","?","?","M","E","R","E","T","E"],"character_chosen":"DEFECT","items_purchased":[],"campfire_rested":0,"item_purchase_floors":[],"current_hp_per_floor":[68,63,63,63,61,43,43,27,27,0,0],"gold":268,"neow_bonus":"BOSS_RELIC","is_daily":false,"chose_seed":false,"campfire_upgraded":1,"win_rate":0.0,"timestamp":1610452097,"path_taken":["M","M","?","?","?","E","R","E","T","E"],"items_purchased_type":[],"build_version":"2020-12-22","purchased_purges":0,"victory":false,"max_hp_per_floor":[75,75,75,75,75,75,75,75,75,75,75],"relic_stats":{"Sozu":2,"Blood Vial":4,"counters":[6,30],"Pantograph":0,"obtain_stats":[{"Sozu":0,"Blood Vial":6,"Pantograph":8,"Cracked Core":0},{"Sozu":0,"Blood Vial":4,"Pantograph":5,"Cracked Core":0},{"Sozu":0,"Blood Vial":19,"Pantograph":27,"Cracked Core":0}]},"card_choices":[{"not_picked":["Sweeping Beam","Skim"],"picked":"BootSequence","floor":1.0},{"not_picked":["Stack","Leap"],"picked":"Streamline","floor":2.0},{"not_picked":["Static Discharge","Barrage"],"picked":"Cold Snap","floor":5.0},{"not_picked":["Hello World","Chill"],"picked":"Machine Learning","floor":6.0},{"not_picked":["Leap","Gash"],"picked":"Ball Lightning","floor":8.0}],"player_experience":1385864,"relics_obtained":[{"floor":6.0,"key":"Blood Vial"},{"floor":8.0,"key":"Pantograph"}],"event_choices":[{"damage_healed":0.0,"max_hp_gain":0.0,"max_hp_loss":0.0,"gold_gain":70.0,"event_name":"Golden Wing","player_choice":"Gained Gold","floor":3.0,"gold_loss":0.0,"damage_taken":0.0},{"cards_removed":["Defend_B"],"damage_healed":0.0,"max_hp_gain":0.0,"max_hp_loss":0.0,"gold_gain":0.0,"event_name":"Bonfire Elementals","player_choice":"Offered Basic","floor":4.0,"gold_loss":0.0,"damage_taken":0.0}],"is_beta":false,"boss_relics":[],"items_purged_floors":[],"is_endless":false,"potions_floor_spawned":[5,6],"killed_by":"Gremlin Nob","ascension_level":11}}