{"host":"bf9sa99gaumonoeu","time":1610459891,"event":{"mods":["AchievementEnabler","Act Like it!","BaseMod","Better Sensory Stone","Colored Map","Colored Powertips","Fox Events","Friendly Minions","Gensokyo","GifTheSpireLib","Googly Eyes","Hallownest","Hermit","Hubris","Jorbs\u0027s Wanderer Trilogy","KinomotoSakuraMod(????)","Koishi","Lobotomy","Marisa????????","Minty Spire (QoL Compilation)","Rare Cards Sparkle","Reimu??????","Relic Stats","Remilia??????","Replay The Spire","StSLib","The Administrix","The Animator","The Bug Knight","The Construct","The Cursed","The Disciple","The Hierophant","The Mystic","The Necromancer","The Poker Player","The Runesmith","The Senshi","The Servant 0.9.4","TheLocksmith","Yakumo Yukari mod","thorton"],"gold_per_floor":[118,137,151,164,174,174,192,220,220,220,15,32,32,48,48,124,124,144,144,163,173,184,216,216,245,270,270,270],"floor_reached":27,"playtime":1724,"items_purged":["Strike_R"],"score":427,"play_id":"e97d1e72-ab7e-461c-8b06-aee2b08e7a92","local_time":"20210112115811","is_ascension_mode":true,"campfire_choices":[{"data":"Flex","floor":6.0,"key":"SMITH"},{"data":"Eclipse","floor":10.0,"key":"SMITH"},{"data":"Whirlwind","floor":15.0,"key":"SMITH"},{"data":"Battle Trance","floor":24.0,"key":"SMITH"}],"circlet_count":0,"master_deck":["AscendersBane","Strike_R","Strike_R","Strike_R","Strike_R+1","Defend_R","Defend_R","Defend_R+1","Defend_R","Bash","Flex+1","Replay:Undeath\u0027s Touch","Whirlwind+1","Thunderclap","Battle Trance+1","Clash","Flame Barrier","Eclipse+1","Ghostly Armor","Sentinel","Shrug It Off","Limit Break","Defy Death","Limit Break","Disarm","Warcry","Headbutt"],"relics":["Burning Blood","Dream Catcher","InkBottle","hubris:VirtuousBlindfold","Counterbalance","Meat on the Bone","hubris:ToyBattleship"],"acts_visited":["Exordium","TheCity"],"potions_floor_usage":[25],"damage_taken":[{"damage":1.0,"enemies":"Cultist","floor":1.0,"turns":4.0},{"damage":3.0,"enemies":"Jaw Worm","floor":2.0,"turns":4.0},{"damage":3.0,"enemies":"2 Louse","floor":3.0,"turns":4.0},{"damage":27.0,"enemies":"Red Slaver","floor":4.0,"turns":5.0},{"damage":11.0,"enemies":"Exordium Wildlife","floor":5.0,"turns":4.0},{"damage":0.0,"enemies":"3 Louse","floor":7.0,"turns":1.0},{"damage":12.0,"enemies":"Replay:BlueRogue","floor":8.0,"turns":5.0},{"damage":0.0,"enemies":"2 Fungi Beasts","floor":12.0,"turns":1.0},{"damage":0.0,"enemies":"Looter","floor":14.0,"turns":2.0},{"damage":49.0,"enemies":"Slime Boss","floor":16.0,"turns":8.0},{"damage":11.0,"enemies":"2 Thieves","floor":18.0,"turns":2.0},{"damage":4.0,"enemies":"Chosen","floor":20.0,"turns":3.0},{"damage":16.0,"enemies":"Snecko","floor":21.0,"turns":8.0},{"damage":8.0,"enemies":"Centurion and Healer","floor":22.0,"turns":6.0},{"damage":13.0,"enemies":"Replay:Snechameleon","floor":23.0,"turns":8.0},{"damage":18,"enemies":"Gremlin Leader","floor":25,"turns":7},{"damage":32,"enemies":"Book of Stabbing","floor":27,"turns":3}],"seed_played":"7909294073044183755","potions_obtained":[{"floor":1.0,"key":"SpeedPotion"},{"floor":4.0,"key":"SkillPotion"},{"floor":5.0,"key":"GamblersBrew"},{"floor":8.0,"key":"BloodPotion"},{"floor":12.0,"key":"DistilledChaos"},{"floor":18.0,"key":"Venom Potion"},{"floor":21.0,"key":"Venom Potion"},{"floor":23.0,"key":"Adrenaline Potion"}],"is_trial":false,"path_per_floor":["M","M","M","M","M","R","M","E","T","R","$","M","?","M","R","B",null,"M","?","M","M","M","E","R","E","T","E"],"character_chosen":"IRONCLAD","items_purchased":["Ghostly Armor","SteroidPotion"],"campfire_rested":0,"item_purchase_floors":[11,11],"current_hp_per_floor":[77,80,80,59,54,54,60,54,54,54,70,76,60,66,66,23,66,61,61,63,53,51,44,44,32,32,0,0],"gold":270,"neow_bonus":"THREE_CARDS","is_daily":false,"chose_seed":false,"campfire_upgraded":4,"win_rate":0.0,"timestamp":1610459891,"path_taken":["M","M","M","M","M","R","?","E","T","R","?","M","?","M","R","BOSS","M","?","M","M","?","E","R","E","T","E"],"items_purchased_type":["Card","Potion"],"build_version":"2020-12-22","purchased_purges":1,"victory":false,"max_hp_per_floor":[80,80,80,80,80,80,80,80,80,80,80,80,80,80,80,80,80,80,80,80,80,80,80,80,80,80,80,80],"relic_stats":{"Dream Catcher":0,"counters":[17,75],"obtain_stats":[{"Dream Catcher":8,"Counterbalance":23,"hubris:VirtuousBlindfold":17,"hubris:ToyBattleship":26,"Burning Blood":0,"InkBottle":9,"Meat on the Bone":25},{"Dream Catcher":7,"Counterbalance":15,"hubris:VirtuousBlindfold":10,"hubris:ToyBattleship":16,"Burning Blood":0,"InkBottle":7,"Meat on the Bone":16},{"Dream Catcher":27,"Counterbalance":65,"hubris:VirtuousBlindfold":38,"hubris:ToyBattleship":72,"Burning Blood":0,"InkBottle":27,"Meat on the Bone":72}],"Burning Blood":93,"InkBottle":[15],"Meat on the Bone":0},"card_choices":[{"not_picked":["Warcry","Seeing Red"],"picked":"Flex","floor":0.0},{"not_picked":["Battle Trance","True Grit"],"picked":"Replay:Undeath\u0027s Touch","floor":1.0},{"not_picked":["Uppercut","Pummel"],"picked":"Whirlwind","floor":2.0},{"not_picked":["Intimidate","Dual Wield"],"picked":"Thunderclap","floor":3.0},{"not_picked":["Pommel Strike","Demon Form"],"picked":"Battle Trance","floor":4.0},{"not_picked":["Body Slam","Headbutt"],"picked":"Clash","floor":5.0},{"not_picked":["Inflame","Anger"],"picked":"Flame Barrier","floor":7.0},{"not_picked":["Cleave","Wild Strike"],"picked":"Eclipse","floor":8.0},{"not_picked":["Havoc","Iron Wave"],"picked":"Sentinel","floor":12.0},{"not_picked":["ReplayTheSpireMod:Stacked","Life Link"],"picked":"Shrug It Off","floor":14.0},{"not_picked":["hubris:StunningStrike","Demon Form"],"picked":"Limit Break","floor":16.0},{"not_picked":["Twin Strike","Havoc"],"picked":"Defy Death","floor":18.0},{"not_picked":["Twin Strike","Heavy Blade"],"picked":"Disarm","floor":20.0},{"not_picked":["Twin Strike","Body Slam"],"picked":"Warcry","floor":21.0},{"not_picked":["Uppercut","Heavy Blade","Anger"],"picked":"SKIP","floor":22.0},{"not_picked":["Juggernaut","Body Slam","Wild Strike"],"picked":"SKIP","floor":23.0},{"not_picked":["Demon Form","Massacre"],"picked":"Headbutt","floor":25}],"player_experience":912735,"relics_obtained":[{"floor":8.0,"key":"Dream Catcher"},{"floor":9.0,"key":"InkBottle"},{"floor":23.0,"key":"Counterbalance"},{"floor":25,"key":"Meat on the Bone"},{"floor":26,"key":"hubris:ToyBattleship"}],"event_choices":[{"damage_healed":0.0,"max_hp_gain":0.0,"max_hp_loss":0.0,"gold_gain":0.0,"event_name":"Shining Light","player_choice":"Entered Light","floor":13.0,"gold_loss":0.0,"damage_taken":16.0,"cards_upgraded":["Defend_R","Strike_R"]},{"damage_healed":0.0,"max_hp_gain":0.0,"max_hp_loss":0.0,"gold_gain":0.0,"event_name":"Duplicator","player_choice":"Copied","floor":19.0,"gold_loss":0.0,"damage_taken":0.0,"cards_obtained":["Limit Break"]}],"is_beta":false,"boss_relics":[{"not_picked":["Runic Dome","Replay:Ancient Bell"],"picked":"hubris:VirtuousBlindfold"}],"items_purged_floors":[11],"is_endless":false,"potions_floor_spawned":[1,4,5,8,12,18,21,23],"killed_by":"Book of Stabbing","ascension_level":13}}