{"host":"dpbezu80jg8zk7un","time":1610416090,"event":{"mods":["BaseMod","Colored Map","Colored Powertips","Custom Start","DeckTracker","Minty Spire (QoL Compilation)","Quick Restart","StSLib","SuperFastMode"],"gold_per_floor":[363,379,403,416,466,466,491,507,507,507,542,542,467,481,481,556,556,569,569,469,469],"floor_reached":20,"playtime":554,"items_purged":["Strike_R"],"score":364,"play_id":"6357a9a7-65a4-443d-a17a-4749c3078182","local_time":"20210112104810","is_ascension_mode":true,"campfire_choices":[{"data":"Evolve","floor":6.0,"key":"SMITH"},{"floor":10.0,"key":"REST"},{"floor":12.0,"key":"REST"},{"data":"Heavy Blade","floor":15.0,"key":"SMITH"}],"circlet_count":0,"master_deck":["AscendersBane","Strike_R","Strike_R","Strike_R","Strike_R","Defend_R","Defend_R","Defend_R","Defend_R","Bash","Spot Weakness","Twin Strike","Evolve+1","Dropkick","Heavy Blade+1","Reaper"],"relics":["Black Blood","Red Skull","InkBottle","Sundial","StrikeDummy"],"acts_visited":["Exordium","TheCity"],"potions_floor_usage":[],"damage_taken":[{"damage":13.0,"enemies":"Cultist","floor":1.0,"turns":5.0},{"damage":7.0,"enemies":"Small Slimes","floor":2.0,"turns":4.0},{"damage":12.0,"enemies":"Jaw Worm","floor":4.0,"turns":4.0},{"damage":34.0,"enemies":"Lagavulin","floor":7.0,"turns":8.0},{"damage":8.0,"enemies":"Blue Slaver","floor":8.0,"turns":2.0},{"damage":32.0,"enemies":"Gremlin Nob","floor":11.0,"turns":4.0},{"damage":7.0,"enemies":"Looter","floor":14.0,"turns":3.0},{"damage":32.0,"enemies":"The Guardian","floor":16.0,"turns":9.0},{"damage":62.0,"enemies":"3 Byrds","floor":18.0,"turns":8.0},{"damage":42,"enemies":"2 Thieves","floor":20,"turns":3}],"seed_played":"-8101259302829121822","potions_obtained":[{"floor":2.0,"key":"Dexterity Potion"},{"floor":4.0,"key":"LiquidBronze"},{"floor":7.0,"key":"Explosive Potion"},{"floor":11.0,"key":"BloodPotion"}],"is_trial":false,"path_per_floor":["M","M","T","M","?","R","E","M","T","R","E","R","$","M","R","B",null,"M","?","M"],"character_chosen":"IRONCLAD","items_purchased":[],"campfire_rested":2,"item_purchase_floors":[],"current_hp_per_floor":[61,60,60,54,48,48,20,18,18,38,12,32,32,31,31,18,56,14,28,0,0],"gold":469,"neow_bonus":"TWO_FIFTY_GOLD","is_daily":false,"chose_seed":false,"campfire_upgraded":2,"win_rate":0.0,"timestamp":1610416090,"path_taken":["M","M","?","?","?","R","E","?","T","R","E","R","$","M","R","BOSS","M","?","M"],"items_purchased_type":[],"build_version":"2020-12-22","purchased_purges":1,"victory":false,"max_hp_per_floor":[68,68,68,68,68,68,68,68,68,68,68,68,68,68,68,68,68,68,68,68,68],"card_choices":[{"not_picked":["Flex","Clash"],"picked":"Spot Weakness","floor":1.0},{"not_picked":["Flex","Metallicize"],"picked":"Twin Strike","floor":2.0},{"not_picked":["Shrug It Off","Blood for Blood"],"picked":"Evolve","floor":4.0},{"not_picked":["Dual Wield","Cleave","Anger"],"picked":"SKIP","floor":7.0},{"not_picked":["Whirlwind","Pommel Strike","Armaments"],"picked":"SKIP","floor":8.0},{"not_picked":["Body Slam","Whirlwind"],"picked":"Dropkick","floor":11.0},{"not_picked":["Havoc","Sword Boomerang"],"picked":"Heavy Blade","floor":14.0},{"not_picked":["Demon Form","Brutality"],"picked":"Reaper","floor":16.0},{"not_picked":["Thunderclap","Body Slam","Headbutt"],"picked":"SKIP","floor":18.0}],"player_experience":2866438,"relics_obtained":[{"floor":3.0,"key":"Red Skull"},{"floor":7.0,"key":"InkBottle"},{"floor":9.0,"key":"Sundial"},{"floor":11.0,"key":"StrikeDummy"}],"event_choices":[{"damage_healed":0.0,"max_hp_gain":0.0,"max_hp_loss":0.0,"gold_gain":50.0,"event_name":"FaceTrader","player_choice":"Touch","floor":5.0,"gold_loss":0.0,"damage_taken":6.0},{"damage_healed":14,"gold_gain":0,"player_choice":"Heal","damage_taken":0,"max_hp_gain":0,"max_hp_loss":0,"event_name":"The Library","floor":19,"gold_loss":0}],"is_beta":false,"boss_relics":[{"not_picked":["Runic Cube","Philosopher\u0027s Stone"],"picked":"Black Blood"}],"items_purged_floors":[13],"is_endless":false,"potions_floor_spawned":[2,4,7,11],"killed_by":"2 Thieves","ascension_level":20}}