{"host":"jggt5i9rbuoqvque","time":1610452945,"event":{"mods":["BaseMod","Colored Map","Minty Spire (QoL Compilation)","StSLib"],"gold_per_floor":[114,132,146,146,146,174,174,201,201,201,201,53,53,70,70,70,70],"floor_reached":16,"playtime":302,"items_purged":[],"score":146,"play_id":"45ab506b-3d4b-49e5-926d-59a4e44cb40d","local_time":"20210112210225","is_ascension_mode":true,"campfire_choices":[{"floor":7,"key":"REST"},{"data":"Regret","floor":11,"key":"PURGE"},{"floor":13,"key":"REST"},{"data":"Apotheosis","floor":15,"key":"SMITH"}],"circlet_count":0,"master_deck":["Strike_R","Strike_R","Strike_R","Strike_R","Strike_R","Defend_R","Defend_R","Defend_R","Defend_R","Bash","Apotheosis+1","Thunderclap","Searing Blow"],"relics":["Burning Blood","Unceasing Top","Blue Candle","WingedGreaves","Potion Belt","Peace Pipe","Vajra"],"acts_visited":["Exordium"],"potions_floor_usage":[6,6],"damage_taken":[{"damage":5,"enemies":"Jaw Worm","floor":1,"turns":5},{"damage":6,"enemies":"Small Slimes","floor":2,"turns":4},{"damage":6,"enemies":"2 Louse","floor":3,"turns":3},{"damage":33,"enemies":"Lagavulin","floor":6,"turns":4},{"damage":45,"enemies":"Gremlin Nob","floor":8,"turns":5},{"damage":26,"enemies":"2 Fungi Beasts","floor":14,"turns":4},{"damage":0,"enemies":"Slime Boss","floor":16,"turns":4}],"seed_played":"-4112826375238514976","potions_obtained":[{"floor":1,"key":"DistilledChaos"},{"floor":2,"key":"LiquidMemories"}],"is_trial":false,"path_per_floor":["M","M","M","?","?","E","R","E","T","?","R","$","R","M","R","B"],"character_chosen":"IRONCLAD","items_purchased":["Vajra"],"campfire_rested":2,"item_purchase_floors":[12],"current_hp_per_floor":[52,52,52,52,49,22,46,7,7,7,7,7,31,11,11,11,11],"gold":70,"neow_bonus":"RANDOM_COLORLESS_2","is_daily":false,"chose_seed":false,"campfire_upgraded":1,"win_rate":0.0,"timestamp":1610452945,"path_taken":["M","M","M","?","?","E","R","E","T","?","R","$","R","M","R","BOSS"],"items_purchased_type":["Relic"],"build_version":"2020-12-22","purchased_purges":0,"victory":false,"max_hp_per_floor":[80,80,80,80,80,80,80,80,80,80,80,80,80,80,80,80,80],"card_choices":[{"not_picked":["Secret Weapon","Magnetism"],"picked":"Apotheosis","floor":0.0},{"not_picked":["Combust","Perfected Strike","Clothesline"],"picked":"SKIP","floor":1},{"not_picked":["Blood for Blood","Inflame"],"picked":"Thunderclap","floor":2},{"not_picked":["Perfected Strike","Whirlwind","Havoc"],"picked":"SKIP","floor":3},{"not_picked":["Rupture","Pummel","Clash"],"picked":"SKIP","floor":6},{"not_picked":["Twin Strike","Barricade"],"picked":"Searing Blow","floor":8},{"not_picked":["Sentinel","Clash","Clothesline"],"picked":"SKIP","floor":14}],"player_experience":323434,"relics_obtained":[{"floor":6,"key":"WingedGreaves"},{"floor":8,"key":"Potion Belt"},{"floor":9,"key":"Peace Pipe"}],"event_choices":[{"damage_healed":0,"gold_gain":0,"player_choice":"Box","damage_taken":0,"relics_obtained":["Unceasing Top"],"max_hp_gain":0,"max_hp_loss":0,"event_name":"Big Fish","floor":4,"gold_loss":0,"cards_obtained":["Regret"]},{"damage_healed":0,"gold_gain":0,"player_choice":"Success","damage_taken":3,"relics_obtained":["Blue Candle"],"max_hp_gain":0,"max_hp_loss":0,"event_name":"Scrap Ooze","floor":5,"gold_loss":0},{"damage_healed":0,"gold_gain":0,"player_choice":"Ignored","damage_taken":0,"max_hp_gain":0,"max_hp_loss":0,"event_name":"Shining Light","floor":10,"gold_loss":0}],"is_beta":false,"boss_relics":[],"items_purged_floors":[],"is_endless":false,"potions_floor_spawned":[1,2],"killed_by":"Slime Boss","ascension_level":7}}