{"host":"5h7tnviy6ct1qpjn","time":1610489853,"event":{"mods":["AchievementEnabler","BaseMod","BetterRewards","Colored Powertips","Minty Spire (QoL Compilation)","Shop Mod","StSLib"],"gold_per_floor":[114,127,127,127,75,75,86,86,86,97,50,64,64,81,81,176,176,186,186,186,204,224,224,253,253,279,295,220,76,86,103,103,206,206,220,230,230,195,205,237,237,247,324,324,335,347,32,32,32,32,32],"floor_reached":50,"playtime":3797,"items_purged":[],"score":511,"play_id":"b0ae0e93-3a9d-43d8-b026-100914edb072","local_time":"20210112231733","is_ascension_mode":false,"campfire_choices":[{"data":"Redo","floor":6,"key":"SMITH"},{"data":"Lockon","floor":8,"key":"SMITH"},{"data":"Aggregate","floor":13,"key":"SMITH"},{"data":"Static Discharge","floor":15,"key":"SMITH"},{"data":"Static Discharge","floor":23,"key":"SMITH"},{"floor":25,"key":"REST"},{"data":"Electrodynamics","floor":32,"key":"SMITH"},{"data":"Static Discharge","floor":41,"key":"SMITH"},{"floor":49,"key":"REST"}],"circlet_count":0,"master_deck":["Strike_B","Defend_B+1","Zap","Gash","Cold Snap","Coolheaded","Redo","Redo+1","Defend_G","Ball Lightning","Lockon+1","Self Repair","Conserve Battery+1","Aggregate+1","Static Discharge+1","Static Discharge+1","Biased Cognition","Buffer+1","Darkness+1","Aggregate+1","Conserve Battery+1","Writhe","Barrage+1","Self Repair+1","Electrodynamics+1","Seek","Static Discharge+1","Lockon+1","Loop+1"],"relics":["Cracked Core","Juzu Bracelet","Prayer Wheel","Bird Faced Urn","Astrolabe","Molten Egg 2","Gambling Chip","Nunchaku","Boot","Potion Belt","Nuclear Battery","Anchor","Mercury Hourglass","War Paint"],"acts_visited":["Exordium","TheCity","TheBeyond"],"potions_floor_usage":[29,30,40,40,40,40,40,50,50,50],"damage_taken":[{"damage":0,"enemies":"Cultist","floor":1,"turns":4},{"damage":0,"enemies":"2 Louse","floor":2,"turns":3},{"damage":2,"enemies":"Jaw Worm","floor":7,"turns":3},{"damage":21,"enemies":"Exordium Thugs","floor":10,"turns":4},{"damage":0,"enemies":"3 Louse","floor":12,"turns":3},{"damage":3,"enemies":"Looter","floor":14,"turns":3},{"damage":29,"enemies":"The Guardian","floor":16,"turns":7},{"damage":12,"enemies":"Shell Parasite","floor":18,"turns":3},{"damage":7,"enemies":"3 Byrds","floor":21,"turns":2},{"damage":34,"enemies":"Centurion and Healer","floor":22,"turns":5},{"damage":52,"enemies":"Gremlin Leader","floor":24,"turns":5},{"damage":20,"enemies":"Shelled Parasite and Fungi","floor":27,"turns":3},{"damage":2,"enemies":"Sentry and Sphere","floor":30,"turns":3},{"damage":7,"enemies":"Cultist and Chosen","floor":31,"turns":3},{"damage":66,"enemies":"Automaton","floor":33,"turns":8},{"damage":18,"enemies":"3 Darklings","floor":35,"turns":2},{"damage":14,"enemies":"Orb Walker","floor":36,"turns":3},{"damage":40,"enemies":"Writhing Mass","floor":39,"turns":3},{"damage":0,"enemies":"Reptomancer","floor":40,"turns":3},{"damage":10,"enemies":"Sphere and 2 Shapes","floor":42,"turns":4},{"damage":26,"enemies":"4 Shapes","floor":45,"turns":3},{"damage":11,"enemies":"Writhing Mass","floor":46,"turns":2},{"damage":86,"enemies":"Awakened One","floor":50,"turns":5}],"seed_played":"-5811229985741226322","potions_obtained":[{"floor":1,"key":"EntropicBrew"},{"floor":14,"key":"ColorlessPotion"},{"floor":16,"key":"Explosive Potion"},{"floor":22,"key":"PowerPotion"},{"floor":39,"key":"FocusPotion"},{"floor":42,"key":"LiquidMemories"},{"floor":46,"key":"Fire Potion"}],"is_trial":false,"path_per_floor":["M","M","?","?","$","R","M","R","T","M","$","M","R","M","R","B",null,"M","?","?","M","M","R","E","R","T","M","?","$","M","M","R","B",null,"M","M","?","$","M","E","R","M","T","?","M","M","$","?","R","B"],"character_chosen":"DEFECT","items_purchased":["Juzu Bracelet","Gash","Ball Lightning","Conserve Battery","Potion Belt","Static Discharge","War Paint","Loop","BlessingOfTheForge","BlessingOfTheForge"],"campfire_rested":2,"item_purchase_floors":[0,0,5,11,29,38,47,47,47,47],"current_hp_per_floor":[75,75,75,75,75,75,73,73,73,52,52,61,61,58,58,42,75,70,70,70,75,54,54,31,53,53,46,46,46,62,63,63,28,75,67,66,66,66,46,64,64,71,71,71,49,46,46,46,68,0,0],"gold":32,"neow_bonus":"","is_daily":false,"chose_seed":false,"campfire_upgraded":7,"win_rate":0.0,"timestamp":1610489853,"path_taken":["M","M","?","?","?","R","M","R","T","M","$","M","R","M","R","BOSS","M","?","?","M","M","R","E","R","T","M","?","$","M","M","R","BOSS","M","M","?","?","M","E","R","M","T","?","M","M","$","?","R","BOSS"],"items_purchased_type":["Relic","Card","Card","Card","Relic","Card","Relic","Card","Potion","Potion"],"build_version":"2020-12-22","purchased_purges":0,"victory":false,"max_hp_per_floor":[75,75,75,75,75,75,75,75,75,75,75,75,75,75,75,75,75,75,75,75,75,75,75,75,75,75,75,75,75,75,75,75,75,75,75,75,75,75,75,75,75,75,75,75,75,75,75,75,75,75,75],"card_choices":[{"not_picked":["Beam Cell","Aggregate"],"picked":"Cold Snap","floor":1},{"not_picked":["Reinforced Body","Ball Lightning"],"picked":"Coolheaded","floor":1},{"not_picked":["Coolheaded","Static Discharge"],"picked":"Redo","floor":2},{"not_picked":["Hologram","BootSequence"],"picked":"Redo","floor":2},{"not_picked":["Reinforced Body","Thunder Strike"],"picked":"Lockon","floor":7},{"not_picked":["Hologram","Stack","Hello World"],"picked":"SKIP","floor":7},{"not_picked":["Ball Lightning","Chaos"],"picked":"Self Repair","floor":10},{"not_picked":["Hologram","Go for the Eyes","Stack"],"picked":"SKIP","floor":10},{"not_picked":["Compile Driver","Leap"],"picked":"Aggregate","floor":12},{"not_picked":["Cold Snap","Heatsinks","Stack"],"picked":"SKIP","floor":12},{"not_picked":["Cold Snap","Blizzard"],"picked":"Static Discharge","floor":14},{"not_picked":["Streamline","Gash"],"picked":"Static Discharge","floor":14},{"not_picked":["Creative AI","Thunder Strike"],"picked":"Biased Cognition","floor":16},{"not_picked":["Hologram","Streamline"],"picked":"Conserve Battery+1","floor":18},{"not_picked":["Compile Driver+1","Go for the Eyes","Redo"],"picked":"SKIP","floor":18},{"not_picked":["Aggregate+1","Buffer"],"picked":"Barrage+1","floor":21},{"not_picked":["Gash+1","Compile Driver+1","Hologram+1"],"picked":"SKIP","floor":21},{"not_picked":["Go for the Eyes+1","Steam Power"],"picked":"Self Repair+1","floor":22},{"not_picked":["Reprogram","White Noise","Barrage+1"],"picked":"SKIP","floor":22},{"not_picked":["Beam Cell+1","Ball Lightning+1","Steam"],"picked":"SKIP","floor":24},{"not_picked":["Consume","Conserve Battery"],"picked":"Electrodynamics","floor":27},{"not_picked":["Glacier","Barrage+1","Cold Snap+1"],"picked":"SKIP","floor":27},{"not_picked":["Ball Lightning+1","Streamline+1","Go for the Eyes+1"],"picked":"SKIP","floor":30},{"not_picked":["Leap","Gash+1","Beam Cell+1"],"picked":"SKIP","floor":30},{"not_picked":["Reprogram","Ball Lightning+1","Conserve Battery"],"picked":"SKIP","floor":31},{"not_picked":["Reprogram","Tempest","Stack"],"picked":"SKIP","floor":31},{"not_picked":["All For One+1","Thunder Strike+1"],"picked":"Seek","floor":33},{"not_picked":["Redo","Compile Driver+1","Streamline+1"],"picked":"SKIP","floor":35},{"not_picked":["White Noise+1","BootSequence+1","Cold Snap+1"],"picked":"SKIP","floor":35},{"not_picked":["Leap+1","Compile Driver+1","Fusion+1"],"picked":"SKIP","floor":36},{"not_picked":["Loop+1","Coolheaded","Barrage+1"],"picked":"SKIP","floor":36},{"not_picked":["Go for the Eyes+1","Steam","Conserve Battery"],"picked":"SKIP","floor":39},{"not_picked":["Rip and Tear+1","Ball Lightning+1","Compile Driver+1"],"picked":"SKIP","floor":39},{"not_picked":["Barrage+1","Creative AI","Hologram+1"],"picked":"SKIP","floor":40},{"not_picked":["Stack+1","Barrage+1"],"picked":"Lockon+1","floor":42},{"not_picked":["Heatsinks+1","Sweeping Beam+1","Glacier"],"picked":"SKIP","floor":42},{"not_picked":["Lockon+1","Coolheaded+1","Barrage+1"],"picked":"SKIP","floor":45},{"not_picked":["Self Repair","Thunder Strike+1","Go for the Eyes+1"],"picked":"SKIP","floor":45},{"not_picked":["Genetic Algorithm","Double Energy","Hologram+1"],"picked":"SKIP","floor":46},{"not_picked":["Compile Driver+1","Steam Power+1","Beam Cell+1"],"picked":"SKIP","floor":46}],"player_experience":32164,"relics_obtained":[{"floor":9,"key":"Bird Faced Urn"},{"floor":24,"key":"Nunchaku"},{"floor":26,"key":"Boot"},{"floor":40,"key":"Anchor"},{"floor":43,"key":"Mercury Hourglass"}],"event_choices":[{"cards_removed":["Defend_B"],"damage_healed":0,"gold_gain":0,"player_choice":"Took Card","damage_taken":0,"max_hp_gain":0,"max_hp_loss":0,"event_name":"NoteForYourself","floor":3,"gold_loss":0,"cards_obtained":["Defend_G"]},{"damage_healed":0,"gold_gain":0,"player_choice":"Bought 0 Potions","damage_taken":0,"max_hp_gain":0,"max_hp_loss":0,"event_name":"The Woman in Blue","floor":4,"gold_loss":0},{"damage_healed":0,"gold_gain":0,"player_choice":"Opened","damage_taken":0,"relics_obtained":["Molten Egg 2"],"max_hp_gain":0,"max_hp_loss":0,"event_name":"The Mausoleum","floor":19,"gold_loss":0,"cards_obtained":["Writhe"]},{"damage_healed":0,"gold_gain":0,"player_choice":"Gave Potion","damage_taken":0,"relics_obtained":["Gambling Chip"],"max_hp_gain":0,"max_hp_loss":0,"event_name":"WeMeetAgain","floor":20,"gold_loss":0},{"cards_removed":["Strike_B"],"damage_healed":0,"gold_gain":0,"player_choice":"Gave Gold","damage_taken":0,"max_hp_gain":0,"max_hp_loss":0,"event_name":"Beggar","floor":28,"gold_loss":75},{"cards_removed":["Strike_B"],"damage_healed":0,"gold_gain":0,"player_choice":"Purged","damage_taken":0,"max_hp_gain":0,"max_hp_loss":0,"event_name":"Purifier","floor":37,"gold_loss":0},{"damage_healed":0,"gold_gain":0,"player_choice":"Ignored","damage_taken":0,"max_hp_gain":0,"max_hp_loss":0,"event_name":"Mysterious Sphere","floor":44,"gold_loss":0},{"damage_healed":0,"gold_gain":0,"player_choice":"Upgraded","damage_taken":0,"max_hp_gain":0,"max_hp_loss":0,"event_name":"Upgrade Shrine","floor":48,"gold_loss":0,"cards_upgraded":["Loop"]}],"is_beta":false,"boss_relics":[{"not_picked":["Velvet Choker","Sozu"],"picked":"Astrolabe"},{"not_picked":["Calling Bell","Fusion Hammer"],"picked":"Nuclear Battery"}],"items_purged_floors":[],"is_endless":false,"potions_floor_spawned":[1,14,16,22,27,39,42,46],"killed_by":"Awakened One","ascension_level":0}}