{"host":"guk5h31bsklpp7e4","time":1610436268,"event":{"mods":["AchievementEnabler","BaseMod","Colored Map","Colored Powertips","Highlight Path","Minty Spire (QoL Compilation)","Quick Restart"],"gold_per_floor":[114,131,131,145,161,190,190,12,12,22,51,70,70,70,70,175,175,191,191,191,22,22,22,47,47,47,59,89,89,89,106,106,208,208,219,237,1236,587,600,626,626,652,652,652,652,652,667,678,678,678,678],"floor_reached":50,"playtime":5199,"items_purged":["Strike_P","Normality"],"score":708,"play_id":"b84f559e-133e-439b-92eb-ea9cef60f6a0","local_time":"20210112022428","is_ascension_mode":true,"campfire_choices":[{"floor":7,"key":"REST"},{"floor":15,"key":"REST"},{"data":"Study","floor":23,"key":"SMITH"},{"floor":25,"key":"REST"},{"floor":32,"key":"RECALL"},{"floor":41,"key":"REST"},{"floor":44,"key":"REST"},{"floor":49,"key":"REST"}],"circlet_count":0,"master_deck":["Strike_P+1","Strike_P+1","Strike_P+1","Defend_P+1","Defend_P+1","Defend_P+1","Eruption","FlurryOfBlows","ClearTheMind+1","EmptyBody+1","Halt","FlurryOfBlows","EmptyFist+1","FearNoEvil+1","CutThroughFate+1","Study+1","FollowUp+1","Blasphemy+1","CrushJoints+1","RitualDagger+1","FollowUp+1","CrushJoints+1","Halt","Halt+1","Ragnarok+1","ThirdEye+1","CrushJoints+1","Normality","Vengeance+1","Perseverance+1","SpiritShield","Parasite","Tantrum+1","Evaluate+1","Nirvana+1"],"relics":["PureWater","Molten Egg 2","Sling","Question Card","Centennial Puzzle","Empty Cage","Ornamental Fan","Mummified Hand","Frozen Egg 2","Vajra","MutagenicStrength","Pear","Runic Pyramid","Regal Pillow","War Paint","Orrery","Bag of Preparation","Toxic Egg 2","Meat on the Bone"],"acts_visited":["Exordium","TheCity","TheBeyond"],"potions_floor_usage":[11,16,24,24,24,27,33,39,39,40,42],"damage_taken":[{"damage":6,"enemies":"2 Louse","floor":1,"turns":2},{"damage":2,"enemies":"Cultist","floor":2,"turns":3},{"damage":7,"enemies":"Jaw Worm","floor":4,"turns":2},{"damage":9,"enemies":"Red Slaver","floor":5,"turns":3},{"damage":8,"enemies":"Lagavulin","floor":6,"turns":4},{"damage":5,"enemies":"Blue Slaver","floor":10,"turns":3},{"damage":0,"enemies":"3 Sentries","floor":11,"turns":2},{"damage":3,"enemies":"Looter","floor":12,"turns":3},{"damage":38,"enemies":"The Guardian","floor":16,"turns":7},{"damage":12,"enemies":"Chosen","floor":18,"turns":2},{"damage":6,"enemies":"Gremlin Leader","floor":24,"turns":3},{"damage":0,"enemies":"Spheric Guardian","floor":27,"turns":2},{"damage":8,"enemies":"Book of Stabbing","floor":28,"turns":3},{"damage":10,"enemies":"Centurion and Healer","floor":31,"turns":2},{"damage":21,"enemies":"Collector","floor":33,"turns":7},{"damage":45,"enemies":"3 Shapes","floor":35,"turns":3},{"damage":0,"enemies":"Orb Walker","floor":36,"turns":2},{"damage":6,"enemies":"Writhing Mass","floor":39,"turns":3},{"damage":12,"enemies":"Reptomancer","floor":40,"turns":6},{"damage":24,"enemies":"Giant Head","floor":42,"turns":7},{"damage":8,"enemies":"Jaw Worm Horde","floor":47,"turns":3},{"damage":2,"enemies":"4 Shapes","floor":48,"turns":1},{"damage":85,"enemies":"Donu and Deca","floor":50,"turns":6}],"seed_played":"8697888931367716627","potions_obtained":[{"floor":2,"key":"DuplicationPotion"},{"floor":5,"key":"SpeedPotion"},{"floor":10,"key":"AttackPotion"},{"floor":11,"key":"AttackPotion"},{"floor":16,"key":"Fire Potion"},{"floor":18,"key":"Weak Potion"},{"floor":24,"key":"SteroidPotion"},{"floor":31,"key":"GamblersBrew"},{"floor":36,"key":"Strength Potion"},{"floor":40,"key":"CultistPotion"},{"floor":47,"key":"Swift Potion"},{"floor":48,"key":"FairyPotion"}],"is_trial":false,"path_per_floor":["M","M","?","M","M","E","R","$","T","M","E","M","$","?","R","B",null,"M","T","?","$","?","R","E","R","T","M","E","?","T","M","R","B",null,"M","M","?","$","M","E","R","E","T","R","?","?","M","M","R","B"],"character_chosen":"WATCHER","items_purchased":["Sling","FearNoEvil+1","FollowUp+1","Adaptation","Regal Pillow","Block Potion","Weak Potion","War Paint","Orrery"],"campfire_rested":6,"item_purchase_floors":[8,8,21,21,38,38,38,38,38],"current_hp_per_floor":[66,64,64,57,48,40,61,61,61,56,56,53,53,53,72,34,72,60,60,54,54,54,54,48,69,69,69,61,61,71,61,61,40,82,37,37,37,37,31,19,58,34,34,73,73,73,65,63,82,24,24],"gold":678,"neow_bonus":"THREE_CARDS","is_daily":false,"chose_seed":false,"campfire_upgraded":1,"win_rate":0.0,"timestamp":1610436268,"path_taken":["M","M","?","M","?","E","R","$","T","M","E","M","$","?","R","BOSS","M","?","?","$","?","R","E","R","T","M","E","?","?","?","R","BOSS","M","M","?","$","M","E","R","E","T","R","?","?","?","M","R","BOSS"],"items_purchased_type":["Relic","Card","Card","Card","Relic","Potion","Potion","Relic","Relic"],"build_version":"2020-12-22","purchased_purges":2,"victory":false,"max_hp_per_floor":[72,72,72,72,72,72,72,72,72,72,72,72,72,72,72,72,72,72,72,72,72,72,72,72,72,72,72,72,72,82,82,82,82,82,82,82,82,82,82,82,82,82,82,82,82,82,82,82,82,82,82],"card_choices":[{"not_picked":["SashWhip","BowlingBash"],"picked":"FlurryOfBlows","floor":0},{"not_picked":["Protect","BowlingBash"],"picked":"ClearTheMind","floor":1},{"not_picked":["Collect","Protect"],"picked":"EmptyBody","floor":2},{"not_picked":["FollowUp","Swivel"],"picked":"Halt","floor":4},{"not_picked":["PathToVictory","DeusExMachina"],"picked":"FlurryOfBlows","floor":5},{"not_picked":["Collect","WheelKick+1"],"picked":"EmptyFist+1","floor":6},{"not_picked":["Perseverance","DeceiveReality"],"picked":"CutThroughFate+1","floor":10},{"not_picked":["BowlingBash+1","WaveOfTheHand"],"picked":"Study","floor":11},{"not_picked":["WaveOfTheHand","PathToVictory","BowlingBash+1"],"picked":"FollowUp+1","floor":12},{"not_picked":["Establishment","Brilliance+1","LessonLearned+1"],"picked":"Blasphemy","floor":16},{"not_picked":["Perseverance","CutThroughFate+1","EmptyFist+1"],"picked":"CrushJoints+1","floor":18},{"not_picked":["CutThroughFate+1","BowlingBash+1","WreathOfFlame+1"],"picked":"CrushJoints+1","floor":24},{"not_picked":["FollowUp+1","EmptyBody","JustLucky+1"],"picked":"Halt","floor":27},{"not_picked":["FearNoEvil+1","CutThroughFate+1","EmptyFist+1","MasterReality+1"],"picked":"SKIP","floor":28},{"not_picked":["JustLucky+1","FlurryOfBlows+1","BowlingBash+1"],"picked":"Halt+1","floor":31},{"not_picked":["Omniscience","Alpha","Establishment+1"],"picked":"Ragnarok+1","floor":33},{"not_picked":["Protect+1","JustLucky+1","WheelKick+1"],"picked":"ThirdEye+1","floor":35},{"not_picked":["JustLucky+1","Consecrate+1","Perseverance"],"picked":"CrushJoints+1","floor":36},{"not_picked":["Prostrate","Scrawl","Halt"],"picked":"Vengeance+1","floor":38},{"not_picked":["Worship","Protect","Consecrate+1"],"picked":"Perseverance+1","floor":38},{"not_picked":["CutThroughFate+1","Halt+1","Conclude+1"],"picked":"SpiritShield","floor":38},{"not_picked":["FollowUp+1","BattleHymn+1","ClearTheMind","Study+1"],"picked":"SKIP","floor":39},{"not_picked":["Swivel","BowlingBash+1","Protect"],"picked":"Tantrum+1","floor":40},{"not_picked":["Protect+1","CutThroughFate+1","Study+1"],"picked":"Evaluate+1","floor":42},{"not_picked":["Worship+1","JustLucky+1","Adaptation+1","Consecrate+1"],"picked":"SKIP","floor":47},{"not_picked":["Halt+1","EmptyBody+1","Scrawl+1","EmptyFist+1"],"picked":"SKIP","floor":48}],"player_experience":279431,"relics_obtained":[{"floor":6,"key":"Molten Egg 2"},{"floor":11,"key":"Question Card"},{"floor":14,"key":"Centennial Puzzle"},{"floor":19,"key":"Ornamental Fan"},{"floor":24,"key":"Mummified Hand"},{"floor":26,"key":"Frozen Egg 2"},{"floor":28,"key":"Vajra"},{"floor":30,"key":"Pear"},{"floor":40,"key":"Bag of Preparation"},{"floor":42,"key":"Toxic Egg 2"},{"floor":43,"key":"Meat on the Bone"}],"event_choices":[{"damage_healed":0,"gold_gain":0,"player_choice":"Upgraded","damage_taken":0,"max_hp_gain":0,"max_hp_loss":0,"event_name":"Upgrade Shrine","floor":3,"gold_loss":0,"cards_upgraded":["EmptyBody"]},{"damage_healed":0,"gold_gain":0,"player_choice":"Relic","damage_taken":0,"max_hp_gain":0,"max_hp_loss":0,"event_name":"Wheel of Change","floor":14,"gold_loss":0},{"damage_healed":0,"gold_gain":0,"player_choice":"Joined the Cult","damage_taken":6,"max_hp_gain":0,"max_hp_loss":0,"event_name":"Nest","floor":20,"gold_loss":0,"cards_obtained":["RitualDagger"]},{"damage_healed":0,"gold_gain":0,"player_choice":"Simplicity","damage_taken":0,"max_hp_gain":0,"max_hp_loss":0,"event_name":"Back to Basics","floor":22,"gold_loss":0,"cards_upgraded":["Strike_P","Strike_P","Strike_P","Defend_P","Defend_P","Defend_P"]},{"damage_healed":0,"gold_gain":0,"player_choice":"Inject Mutagens","damage_taken":0,"relics_obtained":["MutagenicStrength"],"max_hp_gain":0,"max_hp_loss":0,"event_name":"Drug Dealer","floor":29,"gold_loss":0},{"damage_healed":0,"gold_gain":999,"player_choice":"Gold","damage_taken":0,"max_hp_gain":0,"max_hp_loss":0,"event_name":"MindBloom","floor":37,"gold_loss":0,"cards_obtained":["Normality","Normality"]},{"cards_removed":["Adaptation"],"damage_healed":0,"gold_gain":0,"player_choice":"Removed Power","damage_taken":0,"max_hp_gain":0,"max_hp_loss":0,"event_name":"Falling","floor":45,"gold_loss":0},{"damage_healed":0,"gold_gain":0,"player_choice":"1 cards matched","damage_taken":0,"max_hp_gain":0,"max_hp_loss":0,"event_name":"Match and Keep!","floor":46,"gold_loss":0,"cards_obtained":["Nirvana"]}],"is_beta":false,"boss_relics":[{"not_picked":["Philosopher\u0027s Stone","Ectoplasm"],"picked":"Empty Cage"},{"not_picked":["Snecko Eye","Runic Dome"],"picked":"Runic Pyramid"}],"items_purged_floors":[21,38],"is_endless":false,"potions_floor_spawned":[2,5,10,11,16,18,24,31,36,40,47,48],"killed_by":"Donu and Deca","ascension_level":2}}