{"host":"dbkc9h3etq50r1dq","time":1610446639,"event":{"mods":["AchievementEnabler","BaseMod","Block Reminder","Colored Powertips","Curses Come First","Custom Start","Dark Map","Minty Spire (QoL Compilation)","Permanent Neow","Potion Indicator Mod","Rare Cards Sparkle","StSLib","SuperFastMode","The Jungle"],"gold_per_floor":[113,124,148,26,126,126,142,157,157,4,4,4,4,39,39,138,188,205,205,205,205,205,233,39,39,63,81,100,100,127,139,139,139,139],"floor_reached":33,"playtime":979,"items_purged":["Strike_R","Defend_R"],"score":364,"play_id":"8400e200-17d0-4833-ad5d-253eb99348de","local_time":"20210112181719","is_ascension_mode":true,"campfire_choices":[{"data":"Armaments","floor":6.0,"key":"SMITH"},{"data":"Uppercut","floor":11.0,"key":"SMITH"},{"data":"Shrug It Off","floor":15,"key":"SMITH"},{"data":"Shrug It Off","floor":25,"key":"SMITH"},{"data":"Bloodletting","floor":32,"key":"SMITH"}],"circlet_count":0,"master_deck":["Defend_R","Defend_R+1","Bash+1","Battle Trance+1","Shrug It Off+1","Armaments+1","Uppercut+1","Shrug It Off","Shrug It Off+1","Bite","Bite","Bite","Bite","Bite","Writhe","Flex","Bloodletting+1"],"relics":["Burning Blood","Strawberry","Nunchaku","Pen Nib","Gremlin Horn","Tiny House","Letter Opener","Orichalcum","Oddly Smooth Stone","Lantern","CeramicFish"],"acts_visited":["Exordium","TheCity"],"potions_floor_usage":[14,16,18,28,33],"damage_taken":[{"damage":6.0,"enemies":"Cultist","floor":1.0,"turns":3.0},{"damage":4.0,"enemies":"Jaw Worm","floor":2.0,"turns":4.0},{"damage":8.0,"enemies":"2 Louse","floor":7.0,"turns":3.0},{"damage":6.0,"enemies":"Exordium Thugs","floor":8.0,"turns":4.0},{"damage":17,"enemies":"3 Sentries","floor":14,"turns":7},{"damage":28,"enemies":"Hexaghost","floor":16,"turns":12},{"damage":2,"enemies":"3 Byrds","floor":18,"turns":4},{"damage":53,"enemies":"Slavers","floor":23,"turns":10},{"damage":7,"enemies":"Shell Parasite","floor":27,"turns":6},{"damage":15,"enemies":"Snake Plant","floor":28,"turns":3},{"damage":6,"enemies":"3 Cultists","floor":31,"turns":4},{"damage":67,"enemies":"Collector","floor":33,"turns":7}],"seed_played":"1380163740604315668","potions_obtained":[{"floor":1.0,"key":"FearPotion"},{"floor":8.0,"key":"PowerPotion"},{"floor":14,"key":"Fire Potion"},{"floor":17,"key":"LiquidBronze"},{"floor":23,"key":"Weak Potion"},{"floor":31,"key":"Weak Potion"}],"is_trial":false,"path_per_floor":["M","M","T","$","?","R","M","M","T","$","R","?","?","E","R","B",null,"M","?","?","?","?","E","$","R","T","M","M","$","T","M","R","B"],"character_chosen":"IRONCLAD","items_purchased":["Armaments","Shrug It Off","Oddly Smooth Stone","Flex"],"campfire_rested":0,"item_purchase_floors":[4,10,24,24],"current_hp_per_floor":[79,81,81,81,81,81,79,79,79,79,79,62,62,51,51,29,78,82,64,64,64,64,48,48,48,48,67,65,65,65,67,67,20,20],"gold":139,"neow_bonus":"RANDOM_COMMON_RELIC","is_daily":false,"chose_seed":false,"campfire_upgraded":5,"win_rate":0.0,"timestamp":1610446639,"path_taken":["M","M","?","?","?","R","M","?","T","$","R","?","?","E","R","BOSS","M","?","?","?","?","E","$","R","T","M","?","?","?","M","R","BOSS"],"items_purchased_type":["Card","Card","Relic","Card"],"build_version":"2020-12-22","purchased_purges":2,"victory":false,"max_hp_per_floor":[87,87,87,87,87,87,87,87,87,87,87,87,87,87,87,87,92,92,97,67,67,67,67,67,67,67,67,67,67,67,67,67,67,67],"card_choices":[{"not_picked":["Blood for Blood","Clothesline"],"picked":"Battle Trance","floor":1.0},{"not_picked":["Sever Soul","Body Slam"],"picked":"Shrug It Off","floor":2.0},{"not_picked":["Sever Soul","Cleave"],"picked":"Uppercut","floor":7.0},{"not_picked":["Entrench","Second Wind","Headbutt"],"picked":"SKIP","floor":8.0},{"not_picked":["Armaments","Pummel","Shockwave"],"picked":"SKIP","floor":14},{"not_picked":["Thunderclap","Havoc"],"picked":"Shrug It Off","floor":17},{"not_picked":["Evolve","Heavy Blade","Demon Form"],"picked":"SKIP","floor":18},{"not_picked":["Sentinel","Twin Strike","True Grit"],"picked":"SKIP","floor":23},{"not_picked":["Dual Wield","True Grit"],"picked":"Bloodletting","floor":27},{"not_picked":["Cleave","Headbutt","Power Through"],"picked":"SKIP","floor":28},{"not_picked":["Headbutt","Wild Strike","Armaments"],"picked":"SKIP","floor":31}],"player_experience":139089,"relics_obtained":[{"floor":3.0,"key":"Nunchaku"},{"floor":9.0,"key":"Pen Nib"},{"floor":14,"key":"Gremlin Horn"},{"floor":23,"key":"Orichalcum"},{"floor":26,"key":"Lantern"},{"floor":30,"key":"CeramicFish"}],"event_choices":[{"damage_healed":0.0,"max_hp_gain":0.0,"max_hp_loss":0.0,"gold_gain":100.0,"event_name":"Golden Shrine","player_choice":"Pray","floor":5.0,"gold_loss":0.0,"damage_taken":0.0},{"damage_healed":0.0,"max_hp_gain":0.0,"max_hp_loss":0.0,"gold_gain":0.0,"event_name":"Shining Light","player_choice":"Entered Light","floor":12.0,"gold_loss":0.0,"damage_taken":17.0,"cards_upgraded":["Strike_R","Defend_R"]},{"damage_healed":0.0,"max_hp_gain":0.0,"max_hp_loss":0.0,"gold_gain":0.0,"event_name":"Living Wall","player_choice":"Grow","floor":13.0,"gold_loss":0.0,"damage_taken":0.0,"cards_upgraded":["Battle Trance"]},{"damage_healed":0,"gold_gain":0,"player_choice":"Shed Blood","damage_taken":23,"max_hp_gain":5,"max_hp_loss":0,"event_name":"Forgotten Altar","floor":19,"gold_loss":0},{"damage_healed":0,"gold_gain":0,"player_choice":"Became a vampire","damage_taken":0,"max_hp_gain":0,"max_hp_loss":30,"event_name":"Vampires","floor":20,"gold_loss":0,"cards_obtained":["Bite","Bite","Bite","Bite","Bite"]},{"cards_removed":["Defend_R"],"damage_healed":0,"gold_gain":0,"player_choice":"Elegance","damage_taken":0,"max_hp_gain":0,"max_hp_loss":0,"event_name":"Back to Basics","floor":21,"gold_loss":0},{"damage_healed":0,"gold_gain":0,"player_choice":"Opened","damage_taken":0,"relics_obtained":["Letter Opener"],"max_hp_gain":0,"max_hp_loss":0,"event_name":"The Mausoleum","floor":22,"gold_loss":0,"cards_obtained":["Writhe"]}],"is_beta":false,"boss_relics":[{"not_picked":["Sozu","Runic Pyramid"],"picked":"Tiny House"}],"items_purged_floors":[4,10],"is_endless":false,"potions_floor_spawned":[1,8,14,23,31],"killed_by":"Collector","ascension_level":6}}