{"host":"Connor","time":1610486101,"event":{"mods":["Aspiration","BaseMod","Downfall","Hubris","Marisa????????","Minty Spire (QoL Compilation)","Replay The Spire","StSLib","The Cursed","The Jungle","The Servant 0.9.4"],"gold_per_floor":[112,126,126,136,147,147,72,72,72,16,27,47,60,74,74,74,74],"floor_reached":16,"language":"ENG","playtime":402,"items_purged":["hubris:Envy"],"score":187,"play_id":"555cd37f-2489-456d-9fb6-3e0ce2947c73","local_time":"20210112131501","is_ascension_mode":true,"campfire_choices":[{"floor":6,"key":"REST"},{"floor":8,"key":"REST"},{"floor":15,"key":"DIG"}],"circlet_count":0,"master_deck":["AscendersBane","Strike_R","Strike_R","Strike_R","Strike_R","Strike_R","Defend_R","Defend_R","Defend_R","Defend_R","Bash","ReplayTheSpireMod:Trickstab","Iron Wave","Seeing Red","Second Wind","Bash","Iron Wave","Twin Strike","Sentinel+1","Burning Pact","Feel No Pain","ReplayTheSpireMod:Stacked","Hemogenesis"],"relics":["Burning Blood","Mercury Hourglass"],"acts_visited":["Exordium"],"potions_floor_usage":[11,16,16],"damage_taken":[{"damage":14,"enemies":"Jaw Worm","floor":1,"turns":3},{"damage":1,"enemies":"Cultist","floor":2,"turns":3},{"damage":8,"enemies":"2 Louse","floor":4,"turns":4},{"damage":55,"enemies":"Gremlin Gang","floor":5,"turns":7},{"damage":11,"enemies":"3 Louse","floor":11,"turns":6},{"damage":17,"enemies":"Looter","floor":12,"turns":3},{"damage":11,"enemies":"2 Fungi Beasts","floor":13,"turns":4},{"damage":7,"enemies":"3 Louse","floor":14,"turns":5},{"damage":62,"enemies":"Slime Boss","floor":16,"turns":8}],"seed_played":"6464722417345053333","potions_obtained":[{"floor":5,"key":"Regen Potion"},{"floor":13,"key":"SteroidPotion"},{"floor":14,"key":"LiquidBronze"}],"is_trial":false,"path_per_floor":["M","M","?","M","M","R","$","R","T","$","M","M","M","M","R","B"],"character_chosen":"IRONCLAD","items_purchased":["Sentinel+1"],"campfire_rested":2,"item_purchase_floors":[10],"current_hp_per_floor":[60,65,65,63,14,36,36,58,58,58,68,57,52,51,51,0,0],"gold":74,"neow_bonus":"COLORLESS_CARD","is_daily":false,"chose_seed":false,"campfire_upgraded":0,"win_rate":0.0,"timestamp":1610486101,"path_taken":["M","M","?","M","M","R","$","R","T","?","M","M","M","M","R","BOSS"],"items_purchased_type":["Card"],"build_version":"2020-12-18","purchased_purges":1,"victory":false,"max_hp_per_floor":[75,75,75,75,75,75,75,75,75,75,75,75,75,75,75,75,75],"card_choices":[{"not_picked":["Headbutt","Run Through"],"picked":"Iron Wave","floor":1},{"not_picked":["Heavy Blade","Headbutt"],"picked":"Seeing Red","floor":2},{"not_picked":["Clothesline","Sword Boomerang"],"picked":"Iron Wave","floor":4},{"not_picked":["ReplayTheSpireMod:Limb From Limb","Sword Boomerang"],"picked":"Twin Strike","floor":5},{"not_picked":["ReplayTheSpireMod:Strike From Hell","Replay:Undeath\u0027s Touch"],"picked":"Burning Pact","floor":11},{"not_picked":["Rage","Abandon"],"picked":"Feel No Pain","floor":12},{"not_picked":["Sword Boomerang","Perfected Strike"],"picked":"ReplayTheSpireMod:Stacked","floor":13},{"not_picked":["Body Slam","hubris:ReadiedAction"],"picked":"Hemogenesis","floor":14}],"player_experience":617780,"relics_obtained":[{"floor":15,"key":"Mercury Hourglass"}],"event_choices":[{"damage_healed":0,"gold_gain":0,"player_choice":"3 cards matched","damage_taken":0,"max_hp_gain":0,"max_hp_loss":0,"event_name":"Match and Keep!","floor":3,"gold_loss":0,"cards_obtained":["Second Wind","Bash","hubris:Envy"]}],"is_beta":true,"boss_relics":[],"items_purged_floors":[7],"is_endless":false,"potions_floor_spawned":[5,13,14],"killed_by":"Slime Boss","ascension_level":19}}