{"host":"zksvs3x2ysy9npnz","time":1610495630,"event":{"mods":["Aspiration","BaseMod","Beaked The Cultist","BetterRewards","Clockwork Mod","Colored Map","Conspire","Downfall","Duelist Mod","Ekko","Energized Spire","Fiend Mod","Halation","Highlight Path","Hubris","Hunter ??","Infinite Spire","Jedi Mod","JesterMod","Magitek Elite","Minty Spire (QoL Compilation)","Permanent Neow","Quick Restart","Relic Stats","Replay The Spire","Retaliation","Shade Mod","Shop Mod","StSLib","The Construct","The Poker Player","The Runesmith","The Witch","thorton"],"gold_per_floor":[132,161,190,225,225,225,273,273,273,273,273,334,334,334,334,503,503,573,644,628,697,761,761,805,805],"floor_reached":24,"playtime":1246,"items_purged":["Normality"],"score":276,"play_id":"7e2bfab7-b8c5-4a97-a0e3-245883eb10bf","local_time":"20210113005350","is_ascension_mode":true,"campfire_choices":[{"floor":6,"key":"REST"},{"data":"thethorton:CreditCard+1","floor":6,"key":"SMITH"},{"floor":8,"key":"REST"},{"data":"thethorton:CreditCard+2","floor":8,"key":"SMITH"},{"floor":10,"key":"REST"},{"data":"thethorton:CreditCard+3","floor":10,"key":"SMITH"},{"data":"thethorton:CreditCard+4","floor":13,"key":"SMITH"},{"floor":15,"key":"REST"}],"circlet_count":0,"master_deck":["thethorton:Strike","thethorton:Defend","thethorton:Defend","thethorton:Defend","thethorton:Defend","thethorton:Heckle","thethorton:CreditCard+5","thethorton:CashBash","thethorton:SicklyRun","thethorton:BusinessBash","thethorton:ShoutAndRun","thethorton:BusinessCard","thethorton:FearfulRun","ReplayTheSpireMod:From All Sides","Bane","Riddle With Holes","thethorton:ScalingIsWin","thethorton:DesperateRun","thethorton:DownPayment","thethorton:BusinessCard+1","thethorton:FearfulRun+1","infinitespire:SevenWalls","infinitespire:SevenWalls"],"relics":["thethorton:CouragePotion","infinitespire:Magic Flask","Centennial Puzzle","MealTicket","Golden Idol","infinitespire:Cupcake","infinitespire:Midas Blood","Replay:Kaleidoscope","halation:NonexistentMirror"],"acts_visited":["Exordium","TheCity"],"potions_floor_usage":[7,21,22,24,24],"damage_taken":[{"damage":13,"enemies":"Cultist","floor":1,"turns":5},{"damage":7,"enemies":"Small Slimes","floor":2,"turns":4},{"damage":3,"enemies":"2 Louse","floor":3,"turns":4},{"damage":11,"enemies":"Blue Slaver","floor":4,"turns":10},{"damage":23,"enemies":"Gremlin Nob","floor":7,"turns":4},{"damage":18,"enemies":"2 Fungi Beasts","floor":12,"turns":6},{"damage":24,"enemies":"Fading Forest","floor":16,"turns":11},{"damage":15,"enemies":"Shell Parasite","floor":18,"turns":6},{"damage":13,"enemies":"2 Thieves","floor":20,"turns":4},{"damage":26,"enemies":"Snecko","floor":21,"turns":6},{"damage":12,"enemies":"Snake Plant","floor":22,"turns":4},{"damage":12,"enemies":"Slavers","floor":24,"turns":1}],"seed_played":"-2685107656909654429","potions_obtained":[{"floor":3,"key":"GamblersBrew"},{"floor":16,"key":"AttackPotion"},{"floor":18,"key":"Energy Potion"},{"floor":19,"key":"conspire:TimeTravelPotion"},{"floor":22,"key":"sneckomod:MuddlingPotion"}],"is_trial":false,"path_per_floor":["M","M","M","M","?","R","E","R","T","R","?","M","R","?","R","B",null,"M","?","M","M","M","AVR","E"],"character_chosen":"THE_THORT","items_purchased":[],"campfire_rested":4,"item_purchase_floors":[],"current_hp_per_floor":[55,48,45,34,31,51,28,48,48,68,51,33,33,33,53,43,62,47,47,34,22,10,10,0,0],"gold":805,"neow_bonus":"RANDOM_EVENT","is_daily":false,"chose_seed":false,"campfire_upgraded":4,"win_rate":0.0,"timestamp":1610495630,"path_taken":["M","?","M","M","?","R","E","R","T","R","?","?","R","?","R","BOSS","M","?","M","M","?","AVR","E"],"items_purchased_type":[],"build_version":"2020-12-22","purchased_purges":1,"victory":false,"max_hp_per_floor":[68,68,68,68,68,68,68,68,68,68,68,68,68,68,68,68,68,68,68,68,68,68,68,68,68],"relic_stats":{"Centennial Puzzle":[21],"counters":[12,65],"Golden Idol":55,"MealTicket":0,"obtain_stats":[{"halation:NonexistentMirror":23,"Centennial Puzzle":7,"Golden Idol":11,"MealTicket":9,"thethorton:CouragePotion":0,"infinitespire:Magic Flask":5,"Replay:Kaleidoscope":20,"infinitespire:Cupcake":17,"infinitespire:Midas Blood":19},{"halation:NonexistentMirror":11,"Centennial Puzzle":5,"Golden Idol":5,"MealTicket":5,"thethorton:CouragePotion":0,"infinitespire:Magic Flask":4,"Replay:Kaleidoscope":9,"infinitespire:Cupcake":7,"infinitespire:Midas Blood":8},{"halation:NonexistentMirror":64,"Centennial Puzzle":27,"Golden Idol":27,"MealTicket":27,"thethorton:CouragePotion":0,"infinitespire:Magic Flask":23,"Replay:Kaleidoscope":54,"infinitespire:Cupcake":44,"infinitespire:Midas Blood":50}]},"card_choices":[{"not_picked":["thethorton:DualBap","thethorton:LastDitchEffort"],"picked":"thethorton:CashBash","floor":1},{"not_picked":["thethorton:GoldBuffer","thethorton:BusinessBoom"],"picked":"thethorton:SicklyRun","floor":2},{"not_picked":["thethorton:WhirlingBriefcase","thethorton:SicklyRun"],"picked":"thethorton:BusinessBash","floor":3},{"not_picked":["thethorton:CoffeeBlast","thethorton:SicklyRun"],"picked":"thethorton:ShoutAndRun","floor":4},{"not_picked":["thethorton:BusinessBurst","thethorton:LongTermPayoff"],"picked":"thethorton:BusinessCard","floor":7},{"not_picked":["thethorton:DualBap","thethorton:BusinessCard"],"picked":"thethorton:FearfulRun","floor":12},{"not_picked":["thethorton:TemporalBlast","thethorton:Escape"],"picked":"thethorton:ScalingIsWin","floor":16},{"not_picked":["thethorton:CoffeeBlast+1","thethorton:DualBap","thethorton:CannonShot"],"picked":"SKIP","floor":18},{"not_picked":["thethorton:ShoutAndRun+1","thethorton:BoardroomBlast+1"],"picked":"thethorton:DesperateRun","floor":19},{"not_picked":["thethorton:Crash","thethorton:ToxicGreed"],"picked":"thethorton:DownPayment","floor":20},{"not_picked":["thethorton:ElbowSmash","thethorton:DualBap"],"picked":"thethorton:BusinessCard+1","floor":21},{"not_picked":["thethorton:ChartProject","thethorton:ThickSkin"],"picked":"thethorton:FearfulRun+1","floor":22}],"player_experience":2508317,"relics_obtained":[{"floor":7,"key":"Centennial Puzzle"},{"floor":9,"key":"MealTicket"},{"floor":19,"key":"infinitespire:Midas Blood"}],"event_choices":[{"damage_healed":0,"gold_gain":0,"player_choice":"Grow","damage_taken":0,"max_hp_gain":0,"max_hp_loss":0,"event_name":"Living Wall","floor":0,"gold_loss":0,"cards_upgraded":["thethorton:CreditCard"]},{"damage_healed":0,"gold_gain":0,"player_choice":"Success","damage_taken":3,"relics_obtained":["infinitespire:Magic Flask"],"max_hp_gain":0,"max_hp_loss":0,"event_name":"Scrap Ooze","floor":5,"gold_loss":0},{"damage_healed":0,"gold_gain":0,"player_choice":"Take Damage","damage_taken":17,"relics_obtained":["Golden Idol"],"max_hp_gain":0,"max_hp_loss":0,"event_name":"Golden Idol","floor":11,"gold_loss":0}],"is_beta":false,"boss_relics":[{"not_picked":["Coffee Dripper","hubris:CrackedHourglass"],"picked":"infinitespire:Cupcake"}],"items_purged_floors":[23],"is_endless":false,"potions_floor_spawned":[3,16,18,22],"killed_by":"Slavers","ascension_level":5}}