{"host":"btt6ntw6a1bnaigc","time":1610461293,"event":{"mods":["AchievementEnabler","BaseMod","Downfall","Minty Spire (QoL Compilation)","StSLib"],"gold_per_floor":[99,111,128,128,139,139,139,150,60,110,24,24,40,75,91,193,193,43,43,63,163,178,189,189,389,389,389,389],"floor_reached":26,"playtime":3283,"items_purged":["Regret"],"score":208,"play_id":"833d7722-beee-4f04-9f1c-4d992056a0fc","local_time":"20210112142133","is_ascension_mode":false,"campfire_choices":[{"floor":1.0,"key":"RECALL"},{"data":"hexamod:EmpoweredFlame","floor":12.0,"key":"SMITH"},{"data":"hexamod:HexaLevel","floor":18.0,"key":"SMITH"}],"circlet_count":0,"master_deck":["hexamod:Strike+1","hexamod:Strike","hexamod:Strike","hexamod:Strike","hexamod:Defend","hexamod:Defend+1","hexamod:Defend","hexamod:Defend+1","hexamod:Sear","hexamod:Float","hexamod:SkipABeat","hexamod:PhantomFireball+1","hexamod:NightmareStrike","hexamod:AdvancingGuard","hexamod:GhostflameBarrier","hexamod:FirstSeal","hexamod:EmpoweredFlame+1","hexamod:GhostOfSpireFuture","hexamod:HexaLevel+1","hexamod:RecurringNightmare","hexamod:SixthSeal","hexamod:ExtraCrispy+1","hexamod:BurningTouch","hexamod:FourthSeal","hexamod:ThirdSeal","hexamod:Hexaguard","hexamod:ChargedBarrage"],"relics":["hexamod:SpiritBrand","Dream Catcher","PreservedInsect","Philosopher\u0027s Stone","downfall:HeartBlessingRed","downfall:HeartBlessingGreen","Potion Belt","Omamori"],"acts_visited":["Exordium","TheCity"],"potions_floor_usage":[23,26],"damage_taken":[{"damage":0.0,"enemies":"Jaw Worm","floor":2.0,"turns":4.0},{"damage":3.0,"enemies":"2 Louse","floor":3.0,"turns":4.0},{"damage":2.0,"enemies":"Small Slimes","floor":5.0,"turns":3.0},{"damage":7.0,"enemies":"Red Slaver","floor":8.0,"turns":4.0},{"damage":6.0,"enemies":"downfall:FleeingMerchant","floor":9.0,"turns":4.0},{"damage":1.0,"enemies":"downfall:FleeingMerchant","floor":11.0,"turns":4.0},{"damage":3.0,"enemies":"Large Slime","floor":13.0,"turns":7.0},{"damage":19.0,"enemies":"Lagavulin","floor":14.0,"turns":9.0},{"damage":4.0,"enemies":"Blue Slaver","floor":15.0,"turns":5.0},{"damage":9.0,"enemies":"downfall:Watcher","floor":16.0,"turns":11.0},{"damage":0.0,"enemies":"Chosen","floor":19.0,"turns":1.0},{"damage":22.0,"enemies":"Spheric Guardian","floor":20.0,"turns":7.0},{"damage":2.0,"enemies":"downfall:LadyInBlue","floor":21.0,"turns":7.0},{"damage":21.0,"enemies":"Snecko","floor":22.0,"turns":5.0},{"damage":22,"enemies":"Cultist and Chosen","floor":23,"turns":8},{"damage":39,"enemies":"Slavers","floor":26,"turns":4}],"seed_played":"-5207075108916251960","potions_obtained":[{"floor":2.0,"key":"Block Potion"},{"floor":5.0,"key":"DuplicationPotion"},{"floor":14.0,"key":"EssenceOfSteel"},{"floor":15.0,"key":"hexamod:DoubleChargePotion"},{"floor":21.0,"key":"hexamod:InfernoChargePotion"},{"floor":21.0,"key":"CultistPotion"},{"floor":21.0,"key":"SkillPotion"},{"floor":21.0,"key":"hexamod:DoubleChargePotion"},{"floor":22.0,"key":"Slimebound:ThreeZeroPotion"},{"floor":23,"key":"Explosive Potion"}],"is_trial":false,"path_per_floor":["R","M","M","?","M","?","T","M","$","T","$","R","M","E","M","B",null,"R","M","M","?","M","M","T","?","E"],"character_chosen":"THE_SPIRIT","items_purchased":["hexamod:EmpoweredFlame"],"campfire_rested":0,"item_purchase_floors":[11],"current_hp_per_floor":[77,77,74,74,72,72,72,65,59,59,58,58,62,43,46,37,77,77,77,62,67,53,38,38,38,0,0,0],"gold":389,"neow_bonus":"TEN_PERCENT_HP_BONUS","is_daily":false,"chose_seed":false,"campfire_upgraded":2,"win_rate":0.0,"timestamp":1610461293,"path_taken":["R","M","M","?","M","?","T","M","$","?","$","R","M","E","M","BOSS","R","M","M","?","?","M","T","?","E"],"items_purchased_type":["Card"],"build_version":"2020-12-22","purchased_purges":1,"victory":false,"max_hp_per_floor":[77,77,77,77,77,77,77,77,77,77,77,77,77,77,77,77,77,77,77,77,77,77,77,77,77,77,77,77],"card_choices":[{"not_picked":["hexamod:ThermalTransfer","hexamod:ShieldOfDarkness"],"picked":"hexamod:SkipABeat","floor":2.0},{"not_picked":["hexamod:FastForward","hexamod:GhostShield"],"picked":"hexamod:PhantomFireball","floor":3.0},{"not_picked":["hexamod:Firestarter","hexamod:NightmareGuise"],"picked":"hexamod:NightmareStrike","floor":5.0},{"not_picked":["hexamod:SwordOfDarkness","hexamod:InspiringFlames"],"picked":"hexamod:AdvancingGuard","floor":8.0},{"not_picked":["hexamod:Haunt","hexamod:ThermalTransfer"],"picked":"hexamod:GhostflameBarrier","floor":9.0},{"not_picked":["hexamod:NecessarySacrifice","hexamod:ThermalTransfer"],"picked":"hexamod:FirstSeal","floor":11.0},{"not_picked":["hexamod:FastForward","hexamod:ThermalTransfer"],"picked":"hexamod:GhostOfSpireFuture","floor":13.0},{"not_picked":["hexamod:SpectralAdrenaline","hexamod:Haunt"],"picked":"hexamod:HexaLevel","floor":14.0},{"not_picked":["hexamod:GhostOfSpireFuture","hexamod:NightmareGuise"],"picked":"hexamod:RecurringNightmare","floor":15.0},{"not_picked":["hexamod:CrushingStance","hexamod:UnleashSpirits"],"picked":"hexamod:SixthSeal","floor":16.0},{"not_picked":["hexamod:BurningTouch","hexamod:PhantomCloak"],"picked":"hexamod:ExtraCrispy+1","floor":19.0},{"not_picked":["hexamod:GhostOfSpirePast","hexamod:GhostLash+1"],"picked":"hexamod:BurningTouch","floor":20.0},{"not_picked":["hexamod:HeatMetal+1","hexamod:SwordOfDarkness"],"picked":"hexamod:FourthSeal","floor":21.0},{"not_picked":["hexamod:HeatMetal","hexamod:ShieldOfDarkness"],"picked":"hexamod:ThirdSeal","floor":22.0},{"not_picked":["hexamod:BacktrackSmack","hexamod:DynamicBlow"],"picked":"hexamod:Hexaguard","floor":23},{"not_picked":["hexamod:GhostflameBarrier","hexamod:PhantomFireball+1"],"picked":"hexamod:ChargedBarrage","floor":23}],"player_experience":204025,"relics_obtained":[{"floor":10.0,"key":"Dream Catcher"},{"floor":14.0,"key":"PreservedInsect"},{"floor":21.0,"key":"Potion Belt"},{"floor":24,"key":"Omamori"}],"event_choices":[],"is_beta":false,"boss_relics":[{"not_picked":["SacredBark","Black Star"],"picked":"Philosopher\u0027s Stone"}],"items_purged_floors":[9],"is_endless":false,"potions_floor_spawned":[2,5,14,15,21,22,23],"killed_by":"Slavers","ascension_level":0}}