{"host":"h4lp0eeso8a0ssq0","time":1610473510,"event":{"mods":["2.2 Compatiblity","AchievementEnabler","BaseMod","CapriCore","Colored Map","Minty Spire (QoL Compilation)","StSLib","SuperFastMode"],"gold_per_floor":[112,112,112,137,137,172,188,188,188,228,249,265,278,316,316,442,442,458,458,479,64,85,124,124,144,216,251,251,451,451,274,274,402,402,417,215,215,231,231,231,244,277,277,38,82,82,100,100,100,100],"floor_reached":51,"playtime":1774,"items_purged":["Strike_G","Strike_G"],"score":1295,"play_id":"d320a3d5-f28a-4b5b-9760-3e4a56221903","local_time":"20210113024510","is_ascension_mode":true,"campfire_choices":[{"data":"Masterful Stab","floor":8.0,"key":"SMITH"},{"data":"Noxious Fumes","floor":15.0,"key":"SMITH"},{"data":"Venomology","floor":24.0,"key":"SMITH"},{"data":"Crippling Poison","floor":28.0,"key":"SMITH"},{"data":"Prepared","floor":30.0,"key":"SMITH"},{"data":"Backflip","floor":32.0,"key":"SMITH"},{"data":"Catalyst","floor":40.0,"key":"SMITH"},{"data":"Footwork","floor":46,"key":"SMITH"},{"data":"Footwork","floor":49,"key":"SMITH"}],"circlet_count":0,"master_deck":["AscendersBane","Strike_G","Defend_G","Defend_G","Defend_G","Defend_G","Defend_G","Survivor","Neutralize","Masterful Stab+1","Noxious Fumes+1","Poisoned Stab","Poisoned Stab","Masterful Stab","PiercingWail","Crippling Poison+1","Backflip+1","Venomology+1","Deflect","Deadly Poison","Leg Sweep","Prepared+1","Blade Dance+1","Poisoned Stab+1","Venomology+1","Corpse Explosion","Footwork+1","Footwork+1","Acrobatics","Catalyst+1","Quick Slash+1","Bouncing Flask+1","Noxious Fumes+1"],"relics":["Ring of the Snake","NeowsBlessing","Golden Idol","TungstenRod","Meat on the Bone","HornCleat","Oddly Smooth Stone","Toy Ornithopter","Coffee Dripper","White Beast Statue","Lantern","Omamori","The Courier","Kunai","DollysMirror","Philosopher\u0027s Stone","Snake Skull","Smiling Mask","Strawberry","ClockworkSouvenir","Happy Flower"],"acts_visited":["Exordium","TheCity","TheBeyond"],"potions_floor_usage":[45,45,45,47,47,47,50,50,50,50],"damage_taken":[{"damage":0.0,"enemies":"2 Louse","floor":1.0,"turns":1.0},{"damage":0.0,"enemies":"Small Slimes","floor":4.0,"turns":1.0},{"damage":0.0,"enemies":"Gremlin Nob","floor":6.0,"turns":1.0},{"damage":6.0,"enemies":"Jaw Worm","floor":7.0,"turns":3.0},{"damage":14.0,"enemies":"Lagavulin","floor":10.0,"turns":4.0},{"damage":0.0,"enemies":"Large Slime","floor":11.0,"turns":5.0},{"damage":1.0,"enemies":"Looter","floor":12.0,"turns":2.0},{"damage":6.0,"enemies":"Exordium Thugs","floor":13.0,"turns":7.0},{"damage":8.0,"enemies":"Gremlin Nob","floor":14.0,"turns":4.0},{"damage":0.0,"enemies":"Hexaghost","floor":16.0,"turns":9.0},{"damage":3.0,"enemies":"2 Thieves","floor":18.0,"turns":4.0},{"damage":0.0,"enemies":"Chosen","floor":20.0,"turns":4.0},{"damage":0.0,"enemies":"Centurion and Healer","floor":22.0,"turns":6.0},{"damage":5.0,"enemies":"Slavers","floor":23.0,"turns":6.0},{"damage":4.0,"enemies":"Cultist and Chosen","floor":25.0,"turns":6.0},{"damage":40.0,"enemies":"Book of Stabbing","floor":27.0,"turns":7.0},{"damage":48.0,"enemies":"Collector","floor":33.0,"turns":9.0},{"damage":0.0,"enemies":"3 Shapes","floor":35.0,"turns":5.0},{"damage":0.0,"enemies":"Orb Walker","floor":38.0,"turns":3.0},{"damage":0.0,"enemies":"Sphere and 2 Shapes","floor":41.0,"turns":3.0},{"damage":25.0,"enemies":"Reptomancer","floor":42.0,"turns":6.0},{"damage":1,"enemies":"Nemesis","floor":45,"turns":6},{"damage":11,"enemies":"Jaw Worm Horde","floor":47,"turns":5},{"damage":25,"enemies":"Time Eater","floor":50,"turns":6}],"seed_played":"-6625597807243007127","potions_obtained":[{"floor":4.0,"key":"Block Potion"},{"floor":6.0,"key":"DistilledChaos"},{"floor":11.0,"key":"PowerPotion"},{"floor":14.0,"key":"Fire Potion"},{"floor":20.0,"key":"Energy Potion"},{"floor":22.0,"key":"Swift Potion"},{"floor":23.0,"key":"Fruit Juice"},{"floor":25.0,"key":"Regen Potion"},{"floor":27.0,"key":"EssenceOfSteel"},{"floor":33.0,"key":"Dexterity Potion"},{"floor":35.0,"key":"Explosive Potion"},{"floor":38.0,"key":"FearPotion"},{"floor":42.0,"key":"Poison Potion"},{"floor":45,"key":"SkillPotion"},{"floor":47,"key":"SkillPotion"}],"is_trial":false,"path_per_floor":["M","?","?","M","?","E","M","R","T","E","M","M","M","E","R","B",null,"M","?","M","$","M","E","R","M","T","E","R","?","R","$","R","B",null,"M","$","?","M","?","R","M","E","T","$","E","R","M","?","R","B",null],"character_chosen":"THE_SILENT","items_purchased":["White Beast Statue","Lantern","DollysMirror","Footwork","Footwork","Strawberry","ClockworkSouvenir"],"campfire_rested":0,"item_purchase_floors":[21,21,31,36,36,44,44],"current_hp_per_floor":[63,63,51,51,45,45,39,39,39,37,37,36,42,34,34,39,59,61,61,65,65,65,65,65,70,70,47,47,47,47,47,47,46,64,70,70,70,70,70,70,70,45,45,52,66,66,70,70,70,57],"gold":100,"neow_bonus":"THREE_ENEMY_KILL","is_daily":false,"chose_seed":false,"campfire_upgraded":9,"win_rate":0.0,"timestamp":1610473510,"path_taken":["M","?","?","M","?","E","M","R","T","E","M","M","?","E","R","BOSS","M","?","M","$","M","E","R","M","T","E","R","?","R","$","R","BOSS","M","$","?","M","?","R","M","E","T","$","E","R","?","?","R","BOSS"],"items_purchased_type":["Relic","Relic","Relic","Card","Card","Relic","Relic"],"build_version":"2020-12-22","purchased_purges":2,"victory":true,"max_hp_per_floor":[70,65,65,65,65,65,65,65,65,65,65,65,65,65,65,65,65,65,65,65,65,65,65,65,70,70,70,70,70,70,70,70,70,70,70,70,70,70,70,70,70,70,70,77,77,77,77,77,77,77],"card_choices":[{"not_picked":["Prepared","Tactician"],"picked":"Masterful Stab","floor":1.0},{"not_picked":["Choke","Deflect"],"picked":"Noxious Fumes","floor":4.0},{"not_picked":["Deflect","Calculated Gamble"],"picked":"Poisoned Stab","floor":6.0},{"not_picked":["Acrobatics","PiercingWail"],"picked":"Poisoned Stab","floor":7.0},{"not_picked":["Underhanded Strike","Tactician"],"picked":"Masterful Stab","floor":10.0},{"not_picked":["Choke","Eviscerate"],"picked":"PiercingWail","floor":11.0},{"not_picked":["Deflect","Blade Dance"],"picked":"Crippling Poison","floor":12.0},{"not_picked":["Dodge and Roll","Cloak And Dagger"],"picked":"Backflip","floor":13.0},{"not_picked":["Dodge and Roll","Infinite Blades","Unload"],"picked":"SKIP","floor":14.0},{"not_picked":["Unload","Phantasmal Killer"],"picked":"Venomology","floor":16.0},{"not_picked":["Acrobatics+1","Outmaneuver"],"picked":"Deflect","floor":18.0},{"not_picked":["Slice+1","Sucker Punch"],"picked":"Leg Sweep","floor":20.0},{"not_picked":["Choke","Noxious Fumes"],"picked":"Prepared","floor":22.0},{"not_picked":["Infinite Blades+1","Finisher","Flechettes"],"picked":"SKIP","floor":23.0},{"not_picked":["Infinite Blades+1","Finisher","Flechettes"],"picked":"SKIP","floor":23.0},{"not_picked":["Sucker Punch+1","Acrobatics"],"picked":"Blade Dance+1","floor":25.0},{"not_picked":["Leg Sweep+1","Doppelganger"],"picked":"Poisoned Stab+1","floor":27.0},{"not_picked":["Envenom","Malaise"],"picked":"Corpse Explosion","floor":33.0},{"not_picked":["Slice+1","Dagger Spray+1","Blade Dance"],"picked":"SKIP","floor":35.0},{"not_picked":["Dodge and Roll","Flying Knee"],"picked":"Acrobatics","floor":38.0},{"not_picked":["Outmaneuver+1","Dodge and Roll"],"picked":"Quick Slash+1","floor":41.0},{"not_picked":["Caltrops","Glass Knife"],"picked":"Bouncing Flask+1","floor":42.0},{"not_picked":["Slice","Quick Slash"],"picked":"Noxious Fumes+1","floor":45},{"not_picked":["Acrobatics","Deadly Poison+1","Sucker Punch+1"],"picked":"SKIP","floor":47}],"player_experience":145501,"relics_obtained":[{"floor":6.0,"key":"Meat on the Bone"},{"floor":9.0,"key":"HornCleat"},{"floor":10.0,"key":"Oddly Smooth Stone"},{"floor":14.0,"key":"Toy Ornithopter"},{"floor":23.0,"key":"Omamori"},{"floor":26.0,"key":"The Courier"},{"floor":27.0,"key":"Kunai"},{"floor":42.0,"key":"Snake Skull"},{"floor":43.0,"key":"Smiling Mask"},{"floor":45,"key":"Happy Flower"}],"event_choices":[{"damage_healed":0.0,"max_hp_gain":0.0,"max_hp_loss":5.0,"gold_gain":0.0,"event_name":"Golden Idol","player_choice":"Lose Max HP","floor":2.0,"gold_loss":0.0,"damage_taken":0.0,"relics_obtained":["Golden Idol"]},{"damage_healed":0.0,"max_hp_gain":0.0,"max_hp_loss":0.0,"gold_gain":0.0,"event_name":"Scrap Ooze","player_choice":"Success","floor":3.0,"gold_loss":0.0,"damage_taken":12.0,"relics_obtained":["TungstenRod"]},{"cards_removed":["Strike_G"],"damage_healed":0.0,"max_hp_gain":0.0,"max_hp_loss":0.0,"gold_gain":0.0,"event_name":"Golden Wing","player_choice":"Card Removal","floor":5.0,"gold_loss":0.0,"damage_taken":7.0},{"damage_healed":0.0,"max_hp_gain":0.0,"max_hp_loss":0.0,"gold_gain":0.0,"event_name":"The Library","player_choice":"Read","floor":19.0,"gold_loss":0.0,"damage_taken":0.0,"cards_obtained":["Deadly Poison"]},{"damage_healed":0.0,"max_hp_gain":0.0,"max_hp_loss":0.0,"gold_gain":250.0,"event_name":"The Joust","player_choice":"Bet on Owner","floor":29.0,"gold_loss":50.0,"damage_taken":0.0},{"damage_healed":0.0,"max_hp_gain":0.0,"max_hp_loss":0.0,"gold_gain":0.0,"event_name":"Tomb of Lord Red Mask","player_choice":"Ignored","floor":37.0,"gold_loss":0.0,"damage_taken":0.0},{"damage_healed":0.0,"max_hp_gain":0.0,"max_hp_loss":0.0,"gold_gain":0.0,"cards_transformed":["Strike_G"],"event_name":"Transmorgrifier","player_choice":"Transformed","floor":39.0,"gold_loss":0.0,"damage_taken":0.0,"cards_obtained":["Catalyst"]},{"damage_healed":0,"gold_gain":0,"player_choice":"Ignored","damage_taken":0,"max_hp_gain":0,"max_hp_loss":0,"event_name":"Mysterious Sphere","floor":48,"gold_loss":0}],"is_beta":false,"boss_relics":[{"not_picked":["Cursed Key","Busted Crown"],"picked":"Coffee Dripper"},{"not_picked":["SlaversCollar","WristBlade"],"picked":"Philosopher\u0027s Stone"}],"items_purged_floors":[31,36],"is_endless":false,"potions_floor_spawned":[4,6,11,14,20,22,23,25,27,33,35,38,41,42,45,47],"ascension_level":10}}