{"host":"wfcf39wm1vkwpcs0","time":1610425706,"event":{"mods":["BaseMod","Hermit","Minty Spire (QoL Compilation)","StSLib","The Cursed","The Necromancer","The Servant 0.9.4"],"gold_per_floor":[116,135,135,44,56,82,100,115,115,115,115,149,149,168,168,271,271,291,291,66,66,66],"floor_reached":21,"playtime":1146,"items_purged":[],"score":189,"play_id":"9317d4c8-9f0e-4e45-9d93-8c18909c6e70","local_time":"20210112122826","is_ascension_mode":false,"campfire_choices":[{"floor":11,"key":"RECALL"},{"floor":15,"key":"REST"}],"circlet_count":0,"master_deck":["Strike_G","Strike_G","Strike_G","Strike_G","Strike_G","Defend_G","Defend_G","Defend_G","Defend_G","Survivor","Neutralize","Deep Breath","PiercingWail","Noxious Fumes","Slice","Footwork","Deadly Poison","PiercingWail","Dagger Throw","Deadly Poison","Parasite","Skewer+1","Bane","Phantasmal Killer","Dodge and Roll","Shame","Leg Sweep"],"relics":["Ring of the Snake","TungstenRod","Mercury Hourglass","HoveringKite","Bird Faced Urn","TwistedFunnel"],"acts_visited":["Exordium","TheCity"],"potions_floor_usage":[6,12,12,12],"damage_taken":[{"damage":1,"enemies":"2 Louse","floor":1,"turns":5},{"damage":4,"enemies":"Cultist","floor":2,"turns":5},{"damage":0,"enemies":"Small Slimes","floor":5,"turns":3},{"damage":28,"enemies":"3 Sentries","floor":6,"turns":8},{"damage":0,"enemies":"3 Louse","floor":7,"turns":5},{"damage":4,"enemies":"Blue Slaver","floor":8,"turns":4},{"damage":22,"enemies":"Gremlin Nob","floor":12,"turns":5},{"damage":0,"enemies":"2 Fungi Beasts","floor":14,"turns":3},{"damage":14,"enemies":"Slime Boss","floor":16,"turns":9},{"damage":10,"enemies":"Shell Parasite","floor":18,"turns":4},{"damage":0,"enemies":"2 Thieves","floor":21,"turns":1}],"seed_played":"6507566241510460459","potions_obtained":[{"floor":2,"key":"SteroidPotion"},{"floor":5,"key":"Poison Potion"},{"floor":7,"key":"SteroidPotion"},{"floor":8,"key":"ColorlessPotion"},{"floor":16,"key":"Swift Potion"}],"is_trial":false,"path_per_floor":["M","M","?","$","M","E","M","M","T","?","R","E","?","M","R","B",null,"M","?","$","M"],"character_chosen":"THE_SILENT","items_purchased":["Slice","Footwork","TwistedFunnel","Leg Sweep"],"campfire_rested":1,"item_purchase_floors":[4,4,20,20],"current_hp_per_floor":[69,65,65,65,65,37,37,33,33,50,50,28,28,28,49,35,70,60,60,60,64,64],"gold":66,"neow_bonus":"RANDOM_COLORLESS","is_daily":false,"chose_seed":false,"campfire_upgraded":0,"win_rate":0.0,"timestamp":1610425706,"path_taken":["M","M","?","$","M","E","M","?","T","?","R","E","?","?","R","BOSS","M","?","$","M"],"items_purchased_type":["Card","Card","Relic","Card"],"build_version":"2020-12-22","purchased_purges":0,"victory":false,"max_hp_per_floor":[70,70,70,70,70,70,70,70,70,70,70,70,70,70,70,70,70,70,70,70,70,70],"card_choices":[{"not_picked":["Blind","Swift Strike"],"picked":"Deep Breath","floor":0},{"not_picked":["Outmaneuver","Deadly Poison"],"picked":"PiercingWail","floor":1},{"not_picked":["Riddle With Holes","Dagger Throw"],"picked":"Noxious Fumes","floor":2},{"not_picked":["PiercingWail","Backstab"],"picked":"Deadly Poison","floor":5},{"not_picked":["Dodge and Roll","Underhanded Strike"],"picked":"PiercingWail","floor":6},{"not_picked":["Slice","All Out Attack"],"picked":"Dagger Throw","floor":7},{"not_picked":["Accuracy","Tools of the Trade"],"picked":"Deadly Poison","floor":8},{"not_picked":["Accuracy","Slice"],"picked":"Skewer","floor":12},{"not_picked":["Acrobatics","PiercingWail"],"picked":"Bane","floor":14},{"not_picked":["Adrenaline","Unload"],"picked":"Phantasmal Killer","floor":16},{"not_picked":["Accuracy","Backstab"],"picked":"Dodge and Roll","floor":18}],"player_experience":124468,"relics_obtained":[{"floor":6,"key":"TungstenRod"},{"floor":12,"key":"Mercury Hourglass"}],"event_choices":[{"cards_removed":["Defend_G"],"damage_healed":0,"gold_gain":0,"player_choice":"Offered Basic","damage_taken":0,"max_hp_gain":0,"max_hp_loss":0,"event_name":"Bonfire Elementals","floor":3,"gold_loss":0},{"damage_healed":17,"gold_gain":0,"player_choice":"Healed and dodged fight","damage_taken":0,"max_hp_gain":0,"max_hp_loss":0,"event_name":"Mushrooms","floor":10,"gold_loss":0,"cards_obtained":["Parasite"]},{"damage_healed":0,"gold_gain":0,"player_choice":"Upgraded","damage_taken":0,"max_hp_gain":0,"max_hp_loss":0,"event_name":"Upgrade Shrine","floor":13,"gold_loss":0,"cards_upgraded":["Skewer"]},{"damage_healed":0,"gold_gain":0,"player_choice":"Stole Relic","damage_taken":0,"relics_obtained":["Bird Faced Urn"],"max_hp_gain":0,"max_hp_loss":0,"event_name":"Addict","floor":19,"gold_loss":0,"cards_obtained":["Shame"]}],"is_beta":false,"boss_relics":[{"not_picked":["Runic Pyramid","Ectoplasm"],"picked":"HoveringKite"}],"items_purged_floors":[],"is_endless":false,"potions_floor_spawned":[2,5,7,8,16],"killed_by":"2 Thieves","ascension_level":0}}