{"host":"0tiuc76yumknr6qf","time":1610474733,"event":{"mods":["BaseMod","Colored Map","Highlight Path","Minty Spire (QoL Compilation)","StSLib","The Necromancer"],"gold_per_floor":[119,119,136,149,149,149,149,149,149,189,223,223,245,298,298,405,405,438,483,510,425,405,455,455,487,487,514,532,559,590,614,614,714,714,739,1072,918,918,516,548,548,587,587,607,607,626,637,649,649,649,649],"floor_reached":50,"playtime":3632,"items_purged":[],"score":1085,"play_id":"be8d26d4-95ee-4590-b082-c5dc454a4cd7","local_time":"20210112120533","is_ascension_mode":true,"campfire_choices":[{"data":"Flesh_Made_Foul","floor":6,"key":"SMITH"},{"floor":8,"key":"REST"},{"floor":12,"key":"REST"},{"floor":15,"key":"REST"},{"data":"Uncharnel","floor":24,"key":"SMITH"},{"data":"Requiem","floor":32,"key":"SMITH"},{"data":"Bone_Bullets","floor":41,"key":"SMITH"},{"data":"Skeleton_Dragon","floor":45,"key":"SMITH"},{"floor":49,"key":"RECALL"}],"circlet_count":0,"master_deck":["AscendersBane","Defend_W","Defend_W","Defend_W+1","Defend_W+1","Negative_Energy_Arrows","Bone_Wall+1","Toxic_Smoke_Screen","Spectral_Armor","Bone_Armor","Scare","Blood_Wake","Life_Drain","Skeleton_Dragon+1","Bite","Bite","Bite","Bite","Bite","Uncharnel+1","Stop_Heart","Negative_Energy_Shield","Bone_Shift+1","Bone_Bullets+1","Requiem+1","Bone_Prison","Hellfire","Stop_Heart+1","Bone_Armor","Siphon_Strength+1","Corrupt","Siphon_Strength","Bone_Armor","Blood_Is_Power+1","Negative_Energy_Shield"],"relics":["Vampire_Amulet","Boot","War Paint","CeramicFish","Darkstone Periapt","Coffee Dripper","Bag of Marbles","Nunchaku","Pear","PreservedInsect","SacredBark","Orrery","Toolbox","Mercury Hourglass","Oddly Smooth Stone","Shuriken"],"acts_visited":["Exordium","TheCity","TheBeyond"],"potions_floor_usage":[16,23,33,33,33,33,33,35,42,48,50],"damage_taken":[{"damage":11,"enemies":"Jaw Worm","floor":1,"turns":3},{"damage":0,"enemies":"Cultist","floor":3,"turns":3},{"damage":2,"enemies":"Small Slimes","floor":4,"turns":3},{"damage":38,"enemies":"Gremlin Nob","floor":10,"turns":5},{"damage":7,"enemies":"Exordium Wildlife","floor":11,"turns":6},{"damage":4,"enemies":"Looter","floor":13,"turns":3},{"damage":16,"enemies":"Lagavulin","floor":14,"turns":9},{"damage":14,"enemies":"The Guardian","floor":16,"turns":16},{"damage":23,"enemies":"Shell Parasite","floor":18,"turns":11},{"damage":19,"enemies":"Chosen","floor":20,"turns":6},{"damage":30,"enemies":"Book of Stabbing","floor":23,"turns":6},{"damage":13,"enemies":"Centurion and Healer","floor":25,"turns":8},{"damage":23,"enemies":"Snecko","floor":27,"turns":6},{"damage":22,"enemies":"Chosen and Byrds","floor":29,"turns":6},{"damage":11,"enemies":"Gremlin Leader","floor":30,"turns":7},{"damage":12,"enemies":"Centurion and Healer","floor":31,"turns":10},{"damage":72,"enemies":"Collector","floor":33,"turns":10},{"damage":16,"enemies":"3 Darklings","floor":35,"turns":5},{"damage":16,"enemies":"Giant Head","floor":40,"turns":6},{"damage":29,"enemies":"Reptomancer","floor":42,"turns":6},{"damage":0,"enemies":"3 Shapes","floor":44,"turns":5},{"damage":23,"enemies":"Maw","floor":46,"turns":7},{"damage":12,"enemies":"Jaw Worm Horde","floor":47,"turns":6},{"damage":30,"enemies":"Writhing Mass","floor":48,"turns":9},{"damage":71,"enemies":"Awakened One","floor":50,"turns":4}],"seed_played":"3509027123226757524","potions_obtained":[{"floor":10,"key":"LiquidMemories"},{"floor":11,"key":"Fire Potion"},{"floor":22,"key":"SpeedPotion"},{"floor":23,"key":"EntropicBrew"},{"floor":29,"key":"Energy Potion"},{"floor":33,"key":"Block Potion"},{"floor":35,"key":"LiquidBronze"},{"floor":42,"key":"SpeedPotion"},{"floor":47,"key":"Regen Potion"}],"is_trial":false,"path_per_floor":["M","?","M","M","?","R","?","R","T","E","M","R","M","E","R","B",null,"M","?","M","?","?","E","R","M","T","M","?","M","E","M","R","B",null,"M","?","$","?","$","E","R","E","T","M","R","M","M","M","R","B"],"character_chosen":"NECROMANCER","items_purchased":["Orrery","Bone_Armor","Toolbox","Mercury Hourglass"],"campfire_rested":3,"item_purchase_floors":[37,37,39,39],"current_hp_per_floor":[55,55,57,59,38,38,38,57,57,21,18,37,35,21,40,40,58,47,44,39,39,39,28,28,41,51,46,46,38,54,54,54,6,42,44,44,44,44,44,30,30,27,27,39,39,30,30,53,53,0,0],"gold":649,"neow_bonus":"RANDOM_COMMON_RELIC","is_daily":false,"chose_seed":false,"campfire_upgraded":5,"win_rate":0.0,"timestamp":1610474733,"path_taken":["M","?","M","?","?","R","?","R","T","E","M","R","M","E","R","BOSS","M","?","M","?","?","E","R","?","T","M","?","M","E","M","R","BOSS","M","?","$","?","?","E","R","E","T","M","R","M","M","M","R","BOSS"],"items_purchased_type":["Relic","Card","Relic","Relic"],"build_version":"2020-12-22","purchased_purges":0,"victory":false,"max_hp_per_floor":[71,71,71,71,71,71,64,64,64,64,64,64,64,64,64,64,64,64,44,44,44,44,44,44,44,54,54,54,54,54,54,54,54,54,54,54,54,54,54,54,54,54,54,54,54,54,54,54,54,54,54],"card_choices":[{"not_picked":["Bones_to_Steel","Death_Coil"],"picked":"Toxic_Smoke_Screen","floor":1},{"not_picked":["Consume_Illness","Death_Coil"],"picked":"Flesh_Made_Foul","floor":3},{"not_picked":["Consume_Illness","Pandemic"],"picked":"Spectral_Armor","floor":4},{"not_picked":["Necromantic_Selection","Blood_Curse"],"picked":"Bone_Armor","floor":10},{"not_picked":["Chill_Blood","Bone_Spikes"],"picked":"Scare","floor":11},{"not_picked":["Consume_Illness","Shackles_Of_Pain"],"picked":"Blood_Wake","floor":13},{"not_picked":["Whirlwind_of_Bones","Vampiric_Strike"],"picked":"Life_Drain","floor":14},{"not_picked":["Requiem","Blood_Wake"],"picked":"Skeleton_Dragon","floor":16},{"not_picked":["Epidemic","Blood_for_Blood"],"picked":"Uncharnel","floor":18},{"not_picked":["Negative_Energy_Javelin","Deaths_Shadow"],"picked":"Uncharnel","floor":20},{"not_picked":["Death_Coil","Skeleton_Dragon"],"picked":"Stop_Heart","floor":23},{"not_picked":["Blood_Curse","Bone_Spikes"],"picked":"Negative_Energy_Shield","floor":25},{"not_picked":["Negative_Energy_Javelin","Finger_Of_Death+1"],"picked":"Bone_Shift+1","floor":27},{"not_picked":["Negative_Energy_Mist+1","Vampiric_Strike"],"picked":"Bone_Prison","floor":29},{"not_picked":["Bone_Prison","Chill_Blood","Uncharnel"],"picked":"SKIP","floor":30},{"not_picked":["Scare","Finger_Of_Death","Negative_Energy_Sphere"],"picked":"SKIP","floor":31},{"not_picked":["Reap_The_Weak","Negative_Energy_Bomb"],"picked":"Hellfire","floor":33},{"not_picked":["Blood_Whip","Uncharnel","Negative_Energy_Javelin"],"picked":"SKIP","floor":35},{"not_picked":["Thousand_Bone_Knives","Scare"],"picked":"Stop_Heart+1","floor":37},{"not_picked":["Chill_Blood+1","Slay_Living+1"],"picked":"Bone_Armor","floor":37},{"not_picked":["Negative_Energy_Javelin","Scare+1"],"picked":"Siphon_Strength+1","floor":37},{"not_picked":["Negative_Energy_Shield","Summon_Undead"],"picked":"Corrupt","floor":37},{"not_picked":["Bone_Shift","Death_Coil+1"],"picked":"Siphon_Strength","floor":37},{"not_picked":["Death_Coil","Negative_Energy_Sphere+1","Reap_The_Weak"],"picked":"SKIP","floor":40},{"not_picked":["Chill_Blood","Negative_Energy_Javelin"],"picked":"Blood_Is_Power+1","floor":42},{"not_picked":["Chill_Blood","Death_March_Dance+1"],"picked":"Negative_Energy_Shield","floor":44},{"not_picked":["Consume_Illness","Bone_Bullets+1","Epidemic"],"picked":"SKIP","floor":46},{"not_picked":["Negative_Energy_Sphere","Consume_Illness+1","Death_Coil"],"picked":"SKIP","floor":47},{"not_picked":["Finger_Of_Death","Bone_Bullets","Vampiric_Strike+1"],"picked":"SKIP","floor":48}],"player_experience":1977410,"relics_obtained":[{"floor":9,"key":"War Paint"},{"floor":10,"key":"CeramicFish"},{"floor":14,"key":"Darkstone Periapt"},{"floor":23,"key":"Nunchaku"},{"floor":26,"key":"Pear"},{"floor":30,"key":"PreservedInsect"},{"floor":40,"key":"Oddly Smooth Stone"},{"floor":42,"key":"Shuriken"}],"event_choices":[{"cards_removed":["Strike_W"],"damage_healed":0,"gold_gain":0,"player_choice":"Offered Basic","damage_taken":0,"max_hp_gain":0,"max_hp_loss":0,"event_name":"Bonfire Elementals","floor":2,"gold_loss":0},{"damage_healed":0,"gold_gain":0,"player_choice":"Entered Light","damage_taken":21,"max_hp_gain":0,"max_hp_loss":0,"event_name":"Shining Light","floor":5,"gold_loss":0,"cards_upgraded":["Strike_W","Defend_W"]},{"damage_healed":0,"gold_gain":0,"player_choice":"Lose Max HP","damage_taken":0,"relics_obtained":["Golden Idol"],"max_hp_gain":0,"max_hp_loss":7,"event_name":"Golden Idol","floor":7,"gold_loss":0},{"damage_healed":0,"gold_gain":0,"player_choice":"Became a vampire","damage_taken":0,"max_hp_gain":0,"max_hp_loss":20,"event_name":"Vampires","floor":19,"gold_loss":0,"cards_obtained":["Bite","Bite","Bite","Bite","Bite"]},{"damage_healed":0,"gold_gain":0,"player_choice":"Obtained Relic","damage_taken":0,"relics_obtained":["Bag of Marbles"],"max_hp_gain":0,"max_hp_loss":0,"event_name":"Addict","floor":21,"gold_loss":85},{"damage_healed":0,"gold_gain":0,"player_choice":"Bought 1 Potion","damage_taken":0,"max_hp_gain":0,"max_hp_loss":0,"event_name":"The Woman in Blue","floor":22,"gold_loss":0},{"damage_healed":0,"gold_gain":0,"cards_transformed":["Uncharnel","Flesh_Made_Foul"],"player_choice":"Became Test Subject","damage_taken":0,"max_hp_gain":0,"max_hp_loss":0,"event_name":"Drug Dealer","floor":28,"gold_loss":0,"cards_obtained":["Bone_Bullets","Requiem"]},{"damage_healed":0,"gold_gain":333,"player_choice":"Gave Idol","damage_taken":0,"max_hp_gain":0,"max_hp_loss":0,"event_name":"The Moai Head","floor":36,"relics_lost":["Golden Idol"],"gold_loss":0},{"damage_healed":0,"gold_gain":0,"player_choice":"Ignored","damage_taken":0,"max_hp_gain":0,"max_hp_loss":0,"event_name":"Mysterious Sphere","floor":38,"gold_loss":0}],"is_beta":false,"boss_relics":[{"not_picked":["Astrolabe","Calling Bell"],"picked":"Coffee Dripper"},{"not_picked":["Tiny House","Empty Cage"],"picked":"SacredBark"}],"items_purged_floors":[],"is_endless":false,"potions_floor_spawned":[10,11,23,29,31,33,35,40,42,47],"killed_by":"Awakened One","ascension_level":15}}