{"host":"axuns55dzq466eei","time":1610460697,"event":{"mods":["BaseMod","Colored Map","Keyboard Shortcuts","Minty Spire (QoL Compilation)","StSLib","SuperFastMode"],"gold_per_floor":[117,31,31,47,61,61,88,88,88,106,125,141,155,173,173,246,246,225,241,108,120,120,120],"floor_reached":22,"playtime":530,"items_purged":["Strike_B"],"score":384,"play_id":"5d5d9c74-ed73-40d5-8eee-cf02248ddee9","local_time":"20210112231137","is_ascension_mode":true,"campfire_choices":[{"data":"Defragment","floor":6,"key":"SMITH"},{"data":"Strike_B","floor":8,"key":"PURGE"},{"data":"Coolheaded","floor":15,"key":"SMITH"}],"circlet_count":0,"master_deck":["AscendersBane","Strike_B","Strike_B+1","Defend_B","Defend_B","Defend_B","Defend_B","Zap+1","Dualcast","Cold Snap","Defragment+1","Ball Lightning","Sweeping Beam","Blizzard","Capacitor","Coolheaded+1","Self Repair","Fission","Coolheaded"],"relics":["Cracked Core","NeowsBlessing","Peace Pipe","Lizard Tail","Cursed Key"],"acts_visited":["Exordium","TheCity"],"potions_floor_usage":[7,7,13,16,22],"damage_taken":[{"damage":0,"enemies":"Small Slimes","floor":1,"turns":1},{"damage":0,"enemies":"Jaw Worm","floor":4,"turns":1},{"damage":0,"enemies":"2 Louse","floor":5,"turns":1},{"damage":6,"enemies":"Gremlin Nob","floor":7,"turns":3},{"damage":6,"enemies":"2 Fungi Beasts","floor":10,"turns":2},{"damage":6,"enemies":"3 Louse","floor":11,"turns":3},{"damage":6,"enemies":"Red Slaver","floor":12,"turns":3},{"damage":0,"enemies":"Exordium Wildlife","floor":13,"turns":3},{"damage":4,"enemies":"Exordium Thugs","floor":14,"turns":4},{"damage":44,"enemies":"Slime Boss","floor":16,"turns":11},{"damage":25,"enemies":"2 Thieves","floor":18,"turns":4},{"damage":9,"enemies":"Chosen","floor":19,"turns":5},{"damage":30,"enemies":"Snake Plant","floor":21,"turns":5},{"damage":42,"enemies":"Chosen and Byrds","floor":22,"turns":3}],"seed_played":"7433964627493983976","potions_obtained":[{"floor":4,"key":"Regen Potion"},{"floor":5,"key":"FearPotion"},{"floor":11,"key":"ColorlessPotion"},{"floor":12,"key":"Block Potion"},{"floor":19,"key":"FocusPotion"}],"is_trial":false,"path_per_floor":["M","$","?","M","M","R","E","R","T","M","M","M","M","M","R","B",null,"M","M","$","M","M"],"character_chosen":"DEFECT","items_purchased":["Defragment","Coolheaded"],"campfire_rested":0,"item_purchase_floors":[2,20],"current_hp_per_floor":[64,64,43,43,43,43,46,46,46,40,34,28,28,24,24,25,60,42,40,40,17,0,0],"gold":120,"neow_bonus":"THREE_ENEMY_KILL","is_daily":false,"chose_seed":false,"campfire_upgraded":2,"win_rate":0.0,"timestamp":1610460697,"path_taken":["M","$","?","M","M","R","E","R","T","M","M","M","M","M","R","BOSS","M","M","$","M","M"],"items_purchased_type":["Card","Card"],"build_version":"2020-12-22","purchased_purges":1,"victory":false,"max_hp_per_floor":[71,71,71,71,71,71,71,71,71,71,71,71,71,71,71,71,71,71,71,71,71,71,71],"card_choices":[{"not_picked":["Streamline","Turbo"],"picked":"Cold Snap","floor":1},{"not_picked":["Barrage","Conserve Battery"],"picked":"Ball Lightning","floor":4},{"not_picked":["Chaos","Ball Lightning"],"picked":"Sweeping Beam","floor":5},{"not_picked":["Barrage","Stack"],"picked":"Blizzard","floor":7},{"not_picked":["Hyperbeam","Conserve Battery"],"picked":"Capacitor","floor":10},{"not_picked":["Fusion","Chaos","Turbo"],"picked":"SKIP","floor":11},{"not_picked":["Beam Cell","Conserve Battery","Gash"],"picked":"SKIP","floor":12},{"not_picked":["Conserve Battery","Streamline"],"picked":"Coolheaded","floor":13},{"not_picked":["Gash","Ball Lightning"],"picked":"Self Repair","floor":14},{"not_picked":["Echo Form","Thunder Strike"],"picked":"Fission","floor":16},{"not_picked":["FTL","Genetic Algorithm","Sweeping Beam"],"picked":"SKIP","floor":18},{"not_picked":["Scrape","Hologram","Melter"],"picked":"SKIP","floor":19},{"not_picked":["FTL","Darkness+1","Steam"],"picked":"SKIP","floor":21}],"player_experience":1072063,"relics_obtained":[{"floor":7,"key":"Peace Pipe"},{"floor":9,"key":"Lizard Tail"}],"event_choices":[{"damage_healed":0,"gold_gain":0,"player_choice":"Entered Light","damage_taken":21,"max_hp_gain":0,"max_hp_loss":0,"event_name":"Shining Light","floor":3,"gold_loss":0,"cards_upgraded":["Strike_B","Zap"]}],"is_beta":false,"boss_relics":[{"not_picked":["Black Star","Snecko Eye"],"picked":"Cursed Key"}],"items_purged_floors":[20],"is_endless":false,"potions_floor_spawned":[4,5,11,12,19],"killed_by":"Chosen and Byrds","ascension_level":20}}