{"host":"1sqx9dmsrxu9kvq7","time":1610436616,"event":{"mods":["2.2 Compatiblity","Act Like it!","BaseMod","CapriCore","Colored Powertips","Custom Start","Friendly Minions","Gensokyo","Highlight Path","Koishi","KomeijiMod","Marisa（霧雨　魔理沙）","Minty Spire (QoL Compilation)","Quick Restart","Rare Cards Sparkle","Reimu（博??梦）","Relic Stats","Remilia（蕾米莉?）","Shop Mod","Spicy Shops","StSLib","The Administrix","The Immortal","The Servant 0.9.4","Waifu the Spire","Yakumo Yukari mod","Youmu（魂魄妖梦）","Yuyuko"],"gold_per_floor":[113,124,124,124,141,141,176,176,176,176,176,55,55,65,65,166,166,180,190,93,106,106,106],"floor_reached":22,"playtime":1665,"items_purged":["Pain"],"score":184,"play_id":"0bee0aac-4973-4fc2-8718-a8669cbc999f","local_time":"20210112013016","is_ascension_mode":false,"campfire_choices":[{"floor":6,"key":"RECALL"},{"data":"YinYangSange:ReiMu","floor":11,"key":"SMITH"},{"data":"DependentForm:ReiMu","floor":13,"key":"SMITH"},{"floor":15,"key":"REST"}],"circlet_count":0,"master_deck":["Strike_Lin:ReiMu","Strike_Lin:ReiMu","Strike_Lin:ReiMu","Strike_Lin:ReiMu","Defend_Lin:ReiMu+1","Defend_Lin:ReiMu","Defend_Lin:ReiMu","Defend_Lin:ReiMu","NB:ReiMu","Stagnation:ReiMu+1","Panacea","Conquer:ReiMu","SubAcupoint:ReiMu","Injury","Dreaming:ReiMu","DependentForm:ReiMu+1","OctopathBindingBorder2:ReiMu","YinYangSange:ReiMu+1","AlertArray:ReiMu","Determination:ReiMu","WonderfulDomain:ReiMu","Amulet:ReiMu","CareerPray:ReiMu","Mountainwind:ReiMu+1"],"relics":["FlyPower:ReiMu","Gensokyo:LunaticRedEyes","CrazyTorch:ReiMu","White Beast Statue","War Paint","SlaversCollar","Ice Cream"],"acts_visited":["Gensokyo:Gensokyo","Gensokyo:Gensokyoer"],"potions_floor_usage":[21],"damage_taken":[{"damage":0,"enemies":"Gensokyo:Gryphon","floor":1,"turns":6},{"damage":7,"enemies":"Gensokyo:Python","floor":2,"turns":6},{"damage":9,"enemies":"Gensokyo:3_Fairies","floor":5,"turns":5},{"damage":9,"enemies":"Gensokyo:Cirno","floor":7,"turns":5},{"damage":20,"enemies":"Gensokyo:Python_and_Kodama","floor":14,"turns":6},{"damage":18,"enemies":"Gensokyo:Reimu","floor":16,"turns":12},{"damage":51,"enemies":"Gensokyo:3_Dogs","floor":18,"turns":9},{"damage":12,"enemies":"Gensokyo:AngelMirror","floor":19,"turns":5},{"damage":0,"enemies":"Gensokyo:Swordslinger","floor":21,"turns":3},{"damage":7,"enemies":"Gensokyo:Slime_Group","floor":22,"turns":4}],"seed_played":"-3942766422762379350","potions_obtained":[{"floor":7,"key":"CalmPotion"},{"floor":14,"key":"DistilledChaos"},{"floor":16,"key":"FearPotion"},{"floor":21,"key":"FearPotion"}],"is_trial":false,"path_per_floor":["M","M","?","?","M","R","E","?","T","?","R","COS","R","M","R","B",null,"M","M","$","M","M"],"character_chosen":"REIMU","items_purchased":["CareerPray:ReiMu"],"campfire_rested":1,"item_purchase_floors":[20],"current_hp_per_floor":[65,58,58,58,49,49,40,40,40,40,40,40,40,20,39,21,65,14,2,2,2,0,0],"gold":106,"neow_bonus":"RANDOM_COLORLESS","is_daily":false,"chose_seed":false,"campfire_upgraded":2,"win_rate":0.0,"timestamp":1610436616,"path_taken":["M","M","?","?","?","R","E","?","T","?","R","COS","R","M","R","BOSS","M","M","$","M","M"],"items_purchased_type":["Card"],"build_version":"2020-12-22","purchased_purges":1,"victory":false,"max_hp_per_floor":[65,65,65,65,65,65,65,65,65,65,65,65,65,65,65,65,65,65,65,65,65,65,65],"relic_stats":{"counters":[10,60],"War Paint":["Defend_Lin:ReiMu","Stagnation:ReiMu"],"obtain_stats":[{"Ice Cream":19,"SlaversCollar":17,"CrazyTorch:ReiMu":4,"War Paint":16,"FlyPower:ReiMu":0,"Gensokyo:LunaticRedEyes":3,"White Beast Statue":7},{"Ice Cream":8,"SlaversCollar":6,"CrazyTorch:ReiMu":2,"War Paint":6,"FlyPower:ReiMu":0,"Gensokyo:LunaticRedEyes":2,"White Beast Statue":4},{"Ice Cream":51,"SlaversCollar":39,"CrazyTorch:ReiMu":12,"War Paint":39,"FlyPower:ReiMu":0,"Gensokyo:LunaticRedEyes":12,"White Beast Statue":22}]},"card_choices":[{"not_picked":["Enlightenment","Trip"],"picked":"Panacea","floor":0},{"not_picked":["CareerPray:ReiMu","OrbThrow:ReiMu"],"picked":"Conquer:ReiMu","floor":1},{"not_picked":["WonderfulDomain:ReiMu","AirStrike:ReiMu"],"picked":"SubAcupoint:ReiMu","floor":2},{"not_picked":["OrbThrow:ReiMu","SubcavityInstant:ReiMu"],"picked":"Dreaming:ReiMu","floor":5},{"not_picked":["CollectionFlower2:ReiMu","AirStrike:ReiMu"],"picked":"DependentForm:ReiMu","floor":7},{"not_picked":["Enchanting:ReiMu","ForcedLanding:ReiMu"],"picked":"OctopathBindingBorder2:ReiMu","floor":10},{"not_picked":["FantasyBorder:ReiMu","SubcavityInstant:ReiMu"],"picked":"YinYangSange:ReiMu","floor":10},{"not_picked":["AirStrike:ReiMu","EmergencyTakeOff:ReiMu"],"picked":"AlertArray:ReiMu","floor":14},{"not_picked":["KamiRite:ReiMu","KyokaiOfKami:ReiMu"],"picked":"Determination:ReiMu","floor":16},{"not_picked":["SubcavityInstant:ReiMu","RainPray2:ReiMu+1"],"picked":"WonderfulDomain:ReiMu","floor":18},{"not_picked":["Intuition:ReiMu","EmergencyTakeOff:ReiMu"],"picked":"Amulet:ReiMu","floor":19},{"not_picked":["SpiritualOutbreak2:ReiMu","Conquer:ReiMu"],"picked":"Mountainwind:ReiMu+1","floor":21}],"player_experience":175861,"relics_obtained":[{"floor":7,"key":"White Beast Statue"}],"event_choices":[],"is_beta":false,"boss_relics":[{"not_picked":["Runic Dome","Ectoplasm"],"picked":"SlaversCollar"}],"items_purged_floors":[20],"is_endless":false,"potions_floor_spawned":[7,14,16,18,19,21],"killed_by":"Gensokyo:Slime_Group","ascension_level":0}}