{"host":"i0xrm7p89v8es8ob","time":1610458218,"event":{"mods":["BaseMod","Lobotomy","LobotomyExtend","Minty Spire (QoL Compilation)","Quick Restart","Relic Stats","Replay The Spire","Robot Space Explorer","Spicy Shops","StSLib","vexMod","¡¾ÒÅÎï¿¨ÅÆ¡¿REMEMod"],"gold_per_floor":[112,112,126,141,153,153,165,165,165,179,250,263,298,315,315,529,529,548,561,561,572,8,8,8,22,22,42,52,52,52,72,72,168,168,180,180,180,55,55,55,55,55],"floor_reached":41,"playtime":3770,"items_purged":["Alriune"],"score":473,"play_id":"be983230-bbc4-4d9c-a316-18ce14e6a90d","local_time":"20210112213018","is_ascension_mode":true,"campfire_choices":[{"data":"Crescendo","floor":6.0,"key":"SMITH"},{"floor":15.0,"key":"REST"},{"floor":23.0,"key":"REST"},{"floor":29.0,"key":"REST"},{"data":"ReplayTheSpireMod:Omega Cannon","floor":32.0,"key":"SMITH"},{"floor":40,"key":"RECALL"}],"circlet_count":0,"master_deck":["Apo_Pray","Apo_SoulSlash","Apo_Charge","Apo_Charge","Apo_Charge","Apo_Charge","Apo_Beam","Apo_Beam","Apo_Beam","Apo_Execute","Apo_Slash","Apo_Slash","Apo_SoulSlash"],"relics":["PureWater","REME_ComplimentaryCards","CogitoBucket","LetterFromLob","ReplayTheSpireMod:Ninjato","ChangeAnything","Regal Pillow","Gremlin Horn","Astrolabe","Boot","vexMod:Dragonfruit","Toxic Egg 2","AtMidnight","BehaviorAdjustment","VioletLotus","Blue Candle","ApostleMask"],"acts_visited":["Exordium","TheCity","TheBeyond"],"potions_floor_usage":[39],"damage_taken":[{"damage":2.0,"enemies":"Jaw Worm","floor":1.0,"turns":2.0},{"damage":0.0,"enemies":"Cultist","floor":3.0,"turns":3.0},{"damage":6.0,"enemies":"2 Louse","floor":4.0,"turns":4.0},{"damage":0.0,"enemies":"Red Slaver","floor":5.0,"turns":1.0},{"damage":0.0,"enemies":"Blue Slaver","floor":7.0,"turns":1.0},{"damage":5.0,"enemies":"Looter","floor":10.0,"turns":3.0},{"damage":18.0,"enemies":"Lagavulin","floor":11.0,"turns":5.0},{"damage":0.0,"enemies":"Large Slime","floor":12.0,"turns":3.0},{"damage":7.0,"enemies":"Gremlin Nob","floor":13.0,"turns":4.0},{"damage":0.0,"enemies":"3 Louse","floor":14.0,"turns":1.0},{"damage":26.0,"enemies":"Fading Forest","floor":16.0,"turns":11.0},{"damage":61.0,"enemies":"3 Byrds","floor":18.0,"turns":7.0},{"damage":3.0,"enemies":"Spheric Guardian","floor":19.0,"turns":3.0},{"damage":4.0,"enemies":"Chosen and Byrds","floor":21.0,"turns":2.0},{"damage":4.0,"enemies":"Cultist and Chosen","floor":25.0,"turns":4.0},{"damage":38.0,"enemies":"Snake Plant","floor":27.0,"turns":6.0},{"damage":6.0,"enemies":"Sentry and Sphere","floor":28.0,"turns":15.0},{"damage":26.0,"enemies":"Chosen and Byrds","floor":31.0,"turns":6.0},{"damage":185.0,"enemies":"Champ","floor":33.0,"turns":15.0},{"damage":0.0,"enemies":"3 Shapes","floor":35.0,"turns":1.0},{"damage":91,"enemies":"Giant Head","floor":41,"turns":7}],"seed_played":"4691011850525533259","potions_obtained":[{"floor":3.0,"key":"BottledMiracle"},{"floor":4.0,"key":"REME_GoldPotion"},{"floor":13.0,"key":"LiquidBronze"},{"floor":14.0,"key":"DistilledChaos"},{"floor":18.0,"key":"Energy Potion"},{"floor":19.0,"key":"SkillPotion"},{"floor":25.0,"key":"Explosive Potion"},{"floor":33.0,"key":"FairyPotion"},{"floor":35.0,"key":"Dexterity Potion"}],"is_trial":false,"path_per_floor":["M","?","M","M","M","R","M","?","T","M","E","M","E","M","R","B",null,"M","M","?","M","$","R","?","M","T","M","M","R","?","M","R","B",null,"M","?","?","$","M","R","E"],"character_chosen":"WATCHER","items_purchased":["FairyPotion","Boot","vexMod:Dragonfruit","Blue Candle"],"campfire_rested":3,"item_purchase_floors":[22,22,22,38],"current_hp_per_floor":[70,70,70,64,64,64,64,64,64,59,41,42,36,36,72,53,72,11,8,32,29,34,72,72,69,69,36,35,73,73,76,76,14,77,77,77,77,77,77,77,0,0],"gold":55,"neow_bonus":"","is_daily":false,"chose_seed":false,"campfire_upgraded":2,"win_rate":0.0,"timestamp":1610458218,"path_taken":["M","?","M","?","M","R","M","?","T","?","E","M","E","M","R","BOSS","M","M","?","M","$","R","?","M","T","?","M","R","?","M","R","BOSS","M","?","?","$","M","R","E"],"items_purchased_type":["Potion","Relic","Relic","Relic"],"build_version":"2020-12-22","purchased_purges":1,"victory":false,"max_hp_per_floor":[72,72,72,72,72,72,72,72,72,72,72,72,72,72,72,72,72,72,72,72,72,77,77,77,77,77,77,77,77,77,77,77,77,77,77,77,77,77,77,77,77,77],"relic_stats":{"Regal Pillow":45,"Gremlin Horn":[26,26],"counters":[25,109],"Astrolabe":["Weave","Nirvana","CutThroughFate"],"Blue Candle":[0],"VioletLotus":[0],"Boot":[14],"obtain_stats":[{"Regal Pillow":11,"ReplayTheSpireMod:Ninjato":9,"Gremlin Horn":13,"Astrolabe":17,"Blue Candle":38,"Boot":22,"vexMod:Dragonfruit":22,"CogitoBucket":0,"AtMidnight":28,"BehaviorAdjustment":28,"VioletLotus":34,"LetterFromLob":1,"PureWater":0,"ChangeAnything":10,"Toxic Egg 2":26,"ApostleMask":39,"REME_ComplimentaryCards":0},{"Regal Pillow":8,"ReplayTheSpireMod:Ninjato":5,"Gremlin Horn":10,"Astrolabe":12,"Blue Candle":23,"Boot":16,"vexMod:Dragonfruit":16,"CogitoBucket":0,"AtMidnight":20,"BehaviorAdjustment":20,"VioletLotus":22,"LetterFromLob":1,"PureWater":0,"ChangeAnything":7,"Toxic Egg 2":17,"ApostleMask":24,"REME_ComplimentaryCards":0},{"Regal Pillow":20,"ReplayTheSpireMod:Ninjato":11,"Gremlin Horn":27,"Astrolabe":39,"Blue Candle":100,"Boot":52,"vexMod:Dragonfruit":52,"CogitoBucket":0,"AtMidnight":78,"BehaviorAdjustment":78,"VioletLotus":99,"LetterFromLob":2,"PureWater":0,"ChangeAnything":15,"Toxic Egg 2":56,"ApostleMask":102,"REME_ComplimentaryCards":0}]},"card_choices":[{"not_picked":["SashWhip","Halt"],"picked":"Crescendo","floor":1.0},{"not_picked":["Porccubus","BeautyBeast"],"picked":"GreedKing","floor":1.0},{"not_picked":["REME_WorshipGod","BowlingBash"],"picked":"EmptyBody","floor":3.0},{"not_picked":["Scorched","FairyFestival"],"picked":"SpiderBud","floor":3.0},{"not_picked":["CrushJoints","EmptyBody"],"picked":"Evaluate","floor":4.0},{"not_picked":["CrumblingArmor","ShyLook"],"picked":"MHz","floor":4.0},{"not_picked":["FlyingSleeves","Crescendo"],"picked":"Replay:ManipulateFuture","floor":5.0},{"not_picked":["EmptyBody","FlurryOfBlows"],"picked":"Perseverance","floor":7.0},{"not_picked":["Murderer","CrumblingArmor"],"picked":"OldLady","floor":7.0},{"not_picked":["Nirvana","Alpha"],"picked":"REME_Repentance","floor":10.0},{"not_picked":["FairyFestival","CherryBlossoms"],"picked":"Bloodbath","floor":10.0},{"not_picked":["Alpha","Consecrate"],"picked":"EmptyFist","floor":11.0},{"not_picked":["Wellcheers","QueenBee"],"picked":"Alriune","floor":11.0},{"not_picked":["Protect","Ragnarok","CrushJoints"],"picked":"SKIP","floor":12.0},{"not_picked":["Replay:LoomingThreat","Fasting2"],"picked":"SignatureMove","floor":13.0},{"not_picked":["Indignation","REME_Repentance"],"picked":"Swivel","floor":14.0},{"not_picked":["Replay:ManipulateFuture","EmptyBody"],"picked":"MentalFortress","floor":18.0},{"not_picked":["BowlingBash+1","Replay:Anticipation"],"picked":"Replay:BluntJabs+1","floor":19.0},{"not_picked":["NakedNest","Yin"],"picked":"UniverseFragment","floor":19.0},{"not_picked":["CutThroughFate","Consecrate"],"picked":"SandsOfTime","floor":21.0},{"not_picked":["LaLuna","BlackSwan"],"picked":"LittleHelper","floor":21.0},{"not_picked":["LaLuna","Alriune"],"picked":"Scarecrow","floor":25.0},{"not_picked":["EmptyBody","Adaptation"],"picked":"LikeWater+1","floor":25.0},{"not_picked":["EmptyBody+1","Protect+1"],"picked":"Consecrate","floor":27.0},{"not_picked":["Meditate+1","JustLucky"],"picked":"Replay:Anticipation+1","floor":28.0},{"not_picked":["OSAHOGD","FairyFestival"],"picked":"DreamingCurrent","floor":28.0},{"not_picked":["Tantrum","Protect+1"],"picked":"Replay:Hum+1","floor":31.0},{"not_picked":["LittlePrince","BlackArmy"],"picked":"PlagueDoctor","floor":31.0},{"not_picked":["MasterReality","LessonLearned"],"picked":"Establishment","floor":33.0},{"not_picked":["GalaxyChild","BeautyBeast"],"picked":"BlackSwan","floor":33.0},{"not_picked":["CarveReality+1","FlyingSleeves"],"picked":"ThirdEye+1","floor":35.0},{"not_picked":["PunishingBird","LongBird"],"picked":"Laetitia","floor":35.0},{"not_picked":["Jack Of All Trades+1","Replay:Bootleg Shield Generator+1"],"picked":"Specialist","floor":36.0}],"player_experience":50415,"relics_obtained":[{"floor":1.0,"key":"LetterFromLob"},{"floor":9.0,"key":"ReplayTheSpireMod:Ninjato"},{"floor":11.0,"key":"Regal Pillow"},{"floor":13.0,"key":"Gremlin Horn"},{"floor":26.0,"key":"Toxic Egg 2"},{"floor":28.0,"key":"AtMidnight"}],"event_choices":[{"damage_healed":0.0,"max_hp_gain":0.0,"max_hp_loss":0.0,"gold_gain":0.0,"event_name":"Match and Keep!","player_choice":"1 cards matched","floor":2.0,"gold_loss":0.0,"damage_taken":0.0,"cards_obtained":["REME_WorshipGod"]},{"cards_removed":["GreedKing"],"damage_healed":0.0,"max_hp_gain":0.0,"max_hp_loss":0.0,"gold_gain":0.0,"event_name":"Purifier","player_choice":"Purged","floor":8.0,"gold_loss":0.0,"damage_taken":0.0},{"damage_healed":24.0,"max_hp_gain":0.0,"max_hp_loss":0.0,"gold_gain":0.0,"event_name":"The Library","player_choice":"Heal","floor":20.0,"gold_loss":0.0,"damage_taken":0.0},{"cards_removed":["Defend_P"],"damage_healed":0.0,"max_hp_gain":0.0,"max_hp_loss":0.0,"gold_gain":0.0,"event_name":"Purifier","player_choice":"Purged","floor":24.0,"gold_loss":0.0,"damage_taken":0.0},{"damage_healed":0.0,"max_hp_gain":0.0,"max_hp_loss":0.0,"gold_gain":0.0,"event_name":"SensoryStone","player_choice":"Memory 1","floor":36.0,"gold_loss":0.0,"damage_taken":0.0},{"damage_healed":0.0,"max_hp_gain":0.0,"max_hp_loss":0.0,"gold_gain":0.0,"event_name":"Match and Keep!","player_choice":"2 cards matched","floor":37.0,"gold_loss":0.0,"damage_taken":0.0,"cards_obtained":["Indignation","Ragnarok"]}],"is_beta":false,"boss_relics":[{"not_picked":["Busted Crown","vexMod:MegatonBomb"],"picked":"Astrolabe"},{"not_picked":["Runic Dome","Fusion Hammer"],"picked":"VioletLotus"}],"items_purged_floors":[22],"is_endless":false,"potions_floor_spawned":[3,4,13,14,18,19,25,33,35],"killed_by":"Giant Head","ascension_level":2}}