{"host":"bhhjkloc4kd9nqc5","time":1610437054,"event":{"mods":["Act Like it!","BaseMod","Chen","Gensokyo","Infinite Spire","Koishi","Lobotomy","LobotomyExtend","Marisa????????","Minty Spire (QoL Compilation)","Onozuka Komachi Mod","Remilia??????","Replay The Spire","RumiaBox-????????","StSLib","The Administrix","The Cursed","The Gatherer","Yakumo Yukari mod","Youmu??????","Yuri Mod","Yuyuko","slay the spire mod where everything is the same but ironclad has a cowboy hat"],"gold_per_floor":[117,134,153,153,165,165,165,165,244,263,296,316,343,362,362,463,463,483,502,502,502],"floor_reached":20,"playtime":1365,"items_purged":[],"score":188,"play_id":"3ff95ddc-0de2-49f9-9985-3f3242e9a571","local_time":"20210112163734","is_ascension_mode":false,"campfire_choices":[{"data":"Komachi:RiverMist","floor":6,"key":"SMITH"},{"floor":15,"key":"REST"}],"circlet_count":0,"master_deck":["Komachi:Strike","Komachi:Strike","Komachi:Strike","Komachi:Strike","Komachi:Defend","Komachi:Defend","Komachi:Defend","Komachi:Defend","Komachi:Bound","Komachi:ReaperScythe+1","Komachi:RiverMist+1","Komachi:DeathVision","Komachi:VengefulSpirit","Komachi:CollectTip","Komachi:Modesty","Komachi:TasteDeath","Komachi:UnseenSpirit","Komachi:VengefulSpirit","Komachi:HungrySpirit","Komachi:ShortenLife","Komachi:UnseenSpirit+1","Komachi:EndlessWay"],"relics":["Komachi:Relic:FerryingBoat","LetterFromLob","Blue Doll","Iron Hammer","Painkiller Herb"],"acts_visited":["Exordium","Gensokyo:Gensokyoer"],"potions_floor_usage":[11,13,13,16,20],"damage_taken":[{"damage":0,"enemies":"2 Louse","floor":1,"turns":2},{"damage":2,"enemies":"Jaw Worm","floor":2,"turns":3},{"damage":2,"enemies":"Small Slimes","floor":3,"turns":3},{"damage":6,"enemies":"Looter","floor":5,"turns":3},{"damage":3,"enemies":"Blue Slaver","floor":10,"turns":2},{"damage":35,"enemies":"Lagavulin","floor":11,"turns":7},{"damage":11,"enemies":"Large Slime","floor":12,"turns":6},{"damage":11,"enemies":"Gremlin Nob","floor":13,"turns":3},{"damage":0,"enemies":"2 Fungi Beasts","floor":14,"turns":1},{"damage":8,"enemies":"Slime Boss","floor":16,"turns":6},{"damage":44,"enemies":"Gensokyo:3_Dogs","floor":18,"turns":6},{"damage":10,"enemies":"Gensokyo:Chomper","floor":19,"turns":4},{"damage":38,"enemies":"Gensokyo:Monolith_and_Dog","floor":20,"turns":4}],"seed_played":"-917657445002847141","potions_obtained":[{"floor":5,"key":"SmokeBomb"},{"floor":10,"key":"Weak Potion"},{"floor":11,"key":"Fire Potion"},{"floor":12,"key":"Fire Potion"},{"floor":14,"key":"Milkshake"},{"floor":18,"key":"Toxic Potion"}],"is_trial":false,"path_per_floor":["M","M","M","?","M","R","M","?","T","M","E","M","E","M","R","B",null,"?","?","?"],"character_chosen":"KOMACHI_CLASS","items_purchased":[],"campfire_rested":1,"item_purchase_floors":[],"current_hp_per_floor":[75,73,71,75,69,69,69,69,69,66,31,20,9,9,32,24,77,33,23,0,0],"gold":502,"neow_bonus":"UPGRADE_CARD","is_daily":false,"chose_seed":false,"campfire_upgraded":1,"win_rate":0.0,"timestamp":1610437054,"path_taken":["M","M","M","?","M","R","M","?","T","M","E","M","E","M","R","BOSS","?","?","?"],"items_purchased_type":[],"build_version":"2020-12-22","purchased_purges":0,"victory":false,"max_hp_per_floor":[75,75,75,75,75,75,77,77,77,77,77,77,77,77,77,77,77,77,77,77,77],"card_choices":[{"not_picked":["Komachi:Memento","Komachi:EndlessWay"],"picked":"Komachi:RiverMist","floor":1},{"not_picked":["Komachi:GhostlyChain","Komachi:RiverMist"],"picked":"Komachi:DeathVision","floor":2},{"not_picked":["Komachi:RiverMist","Komachi:Shortcut"],"picked":"Komachi:VengefulSpirit","floor":3},{"not_picked":["Komachi:FearAura","Komachi:LonelySpirit"],"picked":"Komachi:CollectTip","floor":5},{"not_picked":["Komachi:HumanSpirit","Komachi:Shortcut"],"picked":"Komachi:Modesty","floor":10},{"not_picked":["Komachi:WanderingSpirits","Komachi:DeathVision"],"picked":"Komachi:TasteDeath","floor":11},{"not_picked":["Komachi:VengefulSpirit","Komachi:TrueMeditation"],"picked":"Komachi:UnseenSpirit","floor":12},{"not_picked":["Komachi:YesterdayMoney","Komachi:Memento"],"picked":"Komachi:VengefulSpirit","floor":13},{"not_picked":["Komachi:Remorse","Komachi:YesterdayMoney"],"picked":"Komachi:HungrySpirit","floor":14},{"not_picked":["Komachi:HiganRetour","Komachi:SinRecollection"],"picked":"Komachi:ShortenLife","floor":16},{"not_picked":["Komachi:CollectTip","Komachi:GhostlyBarrier"],"picked":"Komachi:UnseenSpirit+1","floor":18},{"not_picked":["Komachi:PowerSharing+1","Komachi:YesterdayMoney"],"picked":"Komachi:EndlessWay","floor":19}],"player_experience":232858,"relics_obtained":[{"floor":1,"key":"LetterFromLob"},{"floor":11,"key":"Blue Doll"},{"floor":13,"key":"Iron Hammer"}],"event_choices":[{"damage_healed":0,"gold_gain":0,"player_choice":"Ignored","damage_taken":0,"max_hp_gain":0,"max_hp_loss":0,"event_name":"Liars Game","floor":8,"gold_loss":0}],"is_beta":false,"boss_relics":[{"not_picked":["Replay:Bronze Core","ChewingGum"],"picked":"Painkiller Herb"}],"items_purged_floors":[],"is_endless":false,"potions_floor_spawned":[5,10,11,12,14,18],"killed_by":"Gensokyo:Monolith_and_Dog","ascension_level":0}}