{"host":"xz7n3qy1zq36rzpg","time":1610454461,"event":{"mods":["BaseMod","Colored Map","Colored Powertips","Highlight Path","Minty Spire (QoL Compilation)","Quick Restart","Shop Mod"],"gold_per_floor":[114,129,144,159,64,94,109,139,139,154,154,184,214,229,229,329,329,344,294,324,264,66,66,96,111,136,151,181,196,226,253,265,377,389,416,428,455,217,232,262,277,0,0,30,45,45,75,90,90,90],"floor_reached":51,"playtime":2367,"items_purged":[],"score":1251,"play_id":"86413639-cc0e-426f-b7b7-17d2701d0236","local_time":"20210112132741","daily_mods":["Cursed Run","Hoarder","DeadlyEvents"],"is_ascension_mode":false,"campfire_choices":[{"floor":15,"key":"REST"},{"data":"Eruption","floor":23,"key":"SMITH"},{"floor":32,"key":"REST"},{"data":"Vigilance","floor":49,"key":"SMITH"}],"circlet_count":0,"master_deck":["Strike_P","Strike_P","Strike_P","Strike_P","Defend_P+1","Defend_P","Defend_P","Defend_P","Eruption+1","Vigilance+1","TalkToTheHand","TalkToTheHand","TalkToTheHand","ReachHeaven","ReachHeaven","ReachHeaven","Protect","Protect","Protect+1","CutThroughFate","CutThroughFate","CutThroughFate","CutThroughFate","CutThroughFate","CutThroughFate","FollowUp","FollowUp","FollowUp","Wallop","Wallop","Wallop","Prostrate","Prostrate","Prostrate","Normality","Normality","Halt","Halt","Halt","EmptyFist","EmptyFist","EmptyFist","SashWhip","SashWhip","SashWhip","CrushJoints","CrushJoints","CrushJoints","Writhe","Writhe","Writhe","Devotion+1","Devotion+1","Devotion+1","Consecrate+1","Consecrate+1","Consecrate+1","Weave","Weave","Weave","EmptyBody","EmptyBody","EmptyBody","PathToVictory","PathToVictory","PathToVictory","Injury","Injury","Injury","Nirvana+1","Nirvana+1","Nirvana+1","ForeignInfluence","ForeignInfluence","ForeignInfluence","BattleHymn+1","BattleHymn+1","BattleHymn+1","Regret","Regret","Regret","CurseOfTheBell","CurseOfTheBell","CurseOfTheBell","ClearTheMind+1","ClearTheMind+1","ClearTheMind+1","Regret","Regret","Regret","Wireheading+1","Wireheading+1","Wireheading+1","Clumsy","Clumsy","Clumsy"],"relics":["Cursed Key","Darkstone Periapt","Du-Vu Doll","Frozen Egg 2","GoldenEye","Orichalcum","Calipers","Pen Nib","Ornamental Fan","Sozu","Akabeko","Happy Flower","War Paint","Vajra","Centennial Puzzle","MawBank","Calling Bell","Strawberry","Pear","Lizard Tail","Eternal Feather","Question Card","Red Mask","Damaru","MealTicket","Torii"],"acts_visited":["Exordium","TheCity","TheBeyond"],"potions_floor_usage":[6,7,12,13,16,20],"damage_taken":[{"damage":0,"enemies":"Cultist","floor":1,"turns":2},{"damage":0,"enemies":"2 Louse","floor":2,"turns":2},{"damage":4,"enemies":"Jaw Worm","floor":3,"turns":3},{"damage":6,"enemies":"Looter","floor":4,"turns":2},{"damage":4,"enemies":"Lagavulin","floor":6,"turns":5},{"damage":0,"enemies":"Gremlin Gang","floor":7,"turns":4},{"damage":5,"enemies":"Gremlin Nob","floor":8,"turns":3},{"damage":0,"enemies":"Large Slime","floor":10,"turns":3},{"damage":23,"enemies":"Lagavulin","floor":12,"turns":4},{"damage":0,"enemies":"3 Sentries","floor":13,"turns":4},{"damage":1,"enemies":"Red Slaver","floor":14,"turns":2},{"damage":23,"enemies":"Hexaghost","floor":16,"turns":5},{"damage":21,"enemies":"2 Thieves","floor":18,"turns":3},{"damage":0,"enemies":"Gremlin Leader","floor":20,"turns":4},{"damage":6,"enemies":"Book of Stabbing","floor":24,"turns":4},{"damage":4,"enemies":"Chosen","floor":25,"turns":3},{"damage":0,"enemies":"3 Cultists","floor":27,"turns":3},{"damage":4,"enemies":"Slavers","floor":28,"turns":4},{"damage":7,"enemies":"Cultist and Chosen","floor":29,"turns":3},{"damage":8,"enemies":"Gremlin Leader","floor":30,"turns":3},{"damage":18,"enemies":"Sentry and Sphere","floor":31,"turns":5},{"damage":11,"enemies":"Champ","floor":33,"turns":6},{"damage":11,"enemies":"3 Darklings","floor":35,"turns":2},{"damage":3,"enemies":"3 Shapes","floor":37,"turns":2},{"damage":4,"enemies":"Jaw Worm Horde","floor":39,"turns":3},{"damage":16,"enemies":"Giant Head","floor":40,"turns":5},{"damage":22,"enemies":"4 Shapes","floor":41,"turns":3},{"damage":9,"enemies":"Reptomancer","floor":44,"turns":4},{"damage":18,"enemies":"3 Darklings","floor":45,"turns":3},{"damage":0,"enemies":"Giant Head","floor":47,"turns":4},{"damage":6,"enemies":"Sphere and 2 Shapes","floor":48,"turns":2},{"damage":33,"enemies":"Time Eater","floor":50,"turns":5}],"seed_played":"-5514344210177769252","potions_obtained":[{"floor":1,"key":"GamblersBrew"},{"floor":3,"key":"Block Potion"},{"floor":6,"key":"GamblersBrew"},{"floor":8,"key":"Swift Potion"},{"floor":14,"key":"SkillPotion"}],"is_trial":false,"path_per_floor":["M","M","M","M","$","E","M","E","T","M","?","E","E","M","R","B",null,"M","?","E","?","$","R","E","M","T","M","E","M","E","M","R","B",null,"M","?","M","$","M","E","M","?","T","E","M","$","E","M","R","B",null],"character_chosen":"WATCHER","items_purchased":["CutThroughFate","PowerPotion","EmptyBody","Happy Flower","Eternal Feather"],"campfire_rested":2,"item_purchase_floors":[5,5,22,22,38],"current_hp_per_floor":[72,72,68,62,62,58,58,53,71,71,59,36,36,35,62,57,108,87,87,87,87,87,87,81,77,95,95,91,84,76,58,95,102,179,168,168,165,165,161,145,123,123,141,132,114,129,129,123,177,162],"gold":90,"neow_bonus":"","is_daily":true,"chose_seed":false,"campfire_upgraded":2,"win_rate":0.0,"timestamp":1610454461,"path_taken":["M","?","M","M","$","E","M","E","T","M","?","?","E","M","R","BOSS","M","?","?","?","$","R","?","M","T","?","?","M","E","M","R","BOSS","M","?","M","$","M","E","M","?","T","E","?","?","?","M","R","BOSS"],"items_purchased_type":["Card","Potion","Card","Relic","Relic"],"build_version":"2020-12-22","purchased_purges":0,"victory":true,"max_hp_per_floor":[72,72,72,72,72,72,72,72,90,90,90,90,90,90,90,108,108,108,108,108,108,108,108,108,108,126,126,126,126,126,126,126,144,179,179,170,170,170,170,170,170,170,188,188,188,188,188,188,188,206],"card_choices":[{"not_picked":["Evaluate","DeceiveReality"],"picked":"TalkToTheHand","floor":1},{"not_picked":["FlyingSleeves","Fasting2"],"picked":"ReachHeaven","floor":2},{"not_picked":["Consecrate","Study"],"picked":"Protect","floor":3},{"not_picked":["BowlingBash","Adaptation"],"picked":"CutThroughFate","floor":4},{"not_picked":["Wireheading+1","SignatureMove"],"picked":"FollowUp","floor":6},{"not_picked":["DeceiveReality","LikeWater+1"],"picked":"Wallop","floor":7},{"not_picked":["Perseverance","Meditate"],"picked":"Prostrate","floor":8},{"not_picked":["FearNoEvil","PathToVictory"],"picked":"Halt","floor":10},{"not_picked":["DeusExMachina","Wallop"],"picked":"EmptyFist","floor":12},{"not_picked":["Vengeance","Worship"],"picked":"SashWhip","floor":13},{"not_picked":["TalkToTheHand","SashWhip"],"picked":"CrushJoints","floor":14},{"not_picked":["Omniscience","Wish"],"picked":"Devotion+1","floor":16},{"not_picked":["CutThroughFate","Prostrate"],"picked":"Consecrate+1","floor":18},{"not_picked":["Conclude","EmptyBody"],"picked":"Weave","floor":20},{"not_picked":["Indignation+1","Halt"],"picked":"PathToVictory","floor":24},{"not_picked":["Fasting2+1","ClearTheMind+1","EmptyMind"],"picked":"SKIP","floor":25},{"not_picked":["PathToVictory","CrushJoints"],"picked":"Nirvana+1","floor":27},{"not_picked":["WreathOfFlame","JustLucky"],"picked":"ForeignInfluence","floor":28},{"not_picked":["SashWhip","Halt","EmptyBody+1"],"picked":"SKIP","floor":29},{"not_picked":["Protect","EmptyFist","TalkToTheHand"],"picked":"SKIP","floor":30},{"not_picked":["Vault","FlurryOfBlows+1"],"picked":"BattleHymn+1","floor":31},{"not_picked":["WheelKick+1","BattleHymn+1"],"picked":"ClearTheMind+1","floor":35},{"not_picked":["Evaluate","BattleHymn+1","Adaptation+1"],"picked":"SKIP","floor":37},{"not_picked":["JustLucky","ThirdEye","FlyingSleeves+1"],"picked":"SKIP","floor":39},{"not_picked":["WheelKick+1","FollowUp","SashWhip+1"],"picked":"SKIP","floor":40},{"not_picked":["ClearTheMind","Crescendo","TalkToTheHand","SashWhip+1"],"picked":"SKIP","floor":41},{"not_picked":["Worship+1","Omniscience","Protect+1","LikeWater+1"],"picked":"SKIP","floor":44},{"not_picked":["Evaluate+1","FlurryOfBlows+1","BowlingBash+1","EmptyFist+1"],"picked":"SKIP","floor":45},{"not_picked":["Prostrate+1","Collect+1","ClearTheMind"],"picked":"Wireheading+1","floor":47},{"not_picked":["Collect","ReachHeaven+1","ThirdEye+1","Prostrate+1"],"picked":"SKIP","floor":48}],"player_experience":315957,"relics_obtained":[{"floor":6,"key":"Frozen Egg 2"},{"floor":8,"key":"GoldenEye"},{"floor":9,"key":"Orichalcum"},{"floor":12,"key":"Pen Nib"},{"floor":13,"key":"Ornamental Fan"},{"floor":20,"key":"Akabeko"},{"floor":24,"key":"War Paint"},{"floor":26,"key":"Vajra"},{"floor":28,"key":"Centennial Puzzle"},{"floor":30,"key":"MawBank"},{"floor":34,"key":"Strawberry"},{"floor":34,"key":"Pear"},{"floor":34,"key":"Lizard Tail"},{"floor":40,"key":"Question Card"},{"floor":43,"key":"Damaru"},{"floor":44,"key":"MealTicket"},{"floor":47,"key":"Torii"}],"event_choices":[{"damage_healed":0,"gold_gain":0,"player_choice":"Success","damage_taken":12,"relics_obtained":["Calipers"],"max_hp_gain":0,"max_hp_loss":0,"event_name":"Scrap Ooze","floor":11,"gold_loss":0},{"damage_healed":0,"gold_gain":0,"player_choice":"Bet on Murderer","damage_taken":0,"max_hp_gain":0,"max_hp_loss":0,"event_name":"The Joust","floor":19,"gold_loss":50},{"cards_removed":["Normality"],"damage_healed":0,"gold_gain":0,"player_choice":"Single Remove","damage_taken":0,"max_hp_gain":0,"max_hp_loss":0,"event_name":"Designer","floor":21,"gold_loss":60},{"damage_healed":0,"gold_gain":0,"player_choice":"Max HP","damage_taken":0,"max_hp_gain":0,"max_hp_loss":9,"event_name":"Winding Halls","floor":36,"gold_loss":0},{"damage_healed":0,"gold_gain":0,"player_choice":"Paid","damage_taken":0,"relics_obtained":["Red Mask"],"max_hp_gain":0,"max_hp_loss":0,"event_name":"Tomb of Lord Red Mask","floor":42,"gold_loss":277}],"is_beta":false,"boss_relics":[{"not_picked":["Tiny House","Black Star"],"picked":"Sozu"},{"not_picked":["SacredBark","Pandora\u0027s Box"],"picked":"Calling Bell"}],"items_purged_floors":[],"is_endless":false,"potions_floor_spawned":[1,3,6,8,14,20,25,28,30,31,35,39,40,44,47],"ascension_level":0}}