{"host":"04hh9gplt9wkfmr1","time":1610426844,"event":{"mods":["AchievementEnabler","BaseMod","Colored Map","KOR Keyword Fix","Minty Spire (QoL Compilation)","Rare Cards Sparkle","SuperFastMode"],"gold_per_floor":[112,130,205,222,236,565,565,576,576,588,603,603,628,643,643,643,643],"floor_reached":16,"playtime":447,"items_purged":[],"score":116,"play_id":"22efe4e2-f54e-48a8-809e-b75607223244","local_time":"20210112134724","is_ascension_mode":false,"campfire_choices":[{"data":"Whirlwind","floor":7,"key":"SMITH"},{"data":"Inflame","floor":12,"key":"SMITH"},{"data":"Perfected Strike","floor":15,"key":"SMITH"}],"circlet_count":0,"master_deck":["Strike_R","Strike_R","Strike_R","Strike_R","Strike_R","Defend_R","Defend_R","Defend_R","Defend_R","Bash","Twin Strike","Pommel Strike","Whirlwind+1","Pommel Strike","Inflame+1","Perfected Strike+1"],"relics":["Burning Blood","PreservedInsect","Old Coin","HornCleat","Pear"],"acts_visited":["Exordium"],"potions_floor_usage":[6,10,10,16],"damage_taken":[{"damage":5.0,"enemies":"Jaw Worm","floor":1.0,"turns":4.0},{"damage":10,"enemies":"Small Slimes","floor":2,"turns":3},{"damage":0,"enemies":"2 Louse","floor":4,"turns":2},{"damage":20,"enemies":"Red Slaver","floor":5,"turns":4},{"damage":12,"enemies":"3 Sentries","floor":6,"turns":5},{"damage":7,"enemies":"Looter","floor":8,"turns":4},{"damage":13,"enemies":"Large Slime","floor":10,"turns":5},{"damage":8,"enemies":"Gremlin Gang","floor":11,"turns":3},{"damage":13,"enemies":"Lagavulin","floor":13,"turns":5},{"damage":10,"enemies":"Looter","floor":14,"turns":3},{"damage":45,"enemies":"The Guardian","floor":16,"turns":12}],"seed_played":"-8517458288599870942","potions_obtained":[{"floor":1.0,"key":"Fire Potion"},{"floor":6,"key":"SkillPotion"},{"floor":8,"key":"Energy Potion"},{"floor":14,"key":"Strength Potion"}],"is_trial":false,"path_per_floor":["M","M","?","M","M","E","R","M","T","M","M","R","E","M","R","B"],"character_chosen":"IRONCLAD","items_purchased":[],"campfire_rested":0,"item_purchase_floors":[],"current_hp_per_floor":[80,76,65,71,57,51,51,50,50,43,41,41,44,40,40,0,0],"gold":643,"neow_bonus":"RANDOM_COMMON_RELIC","is_daily":false,"chose_seed":false,"campfire_upgraded":3,"win_rate":0.0,"timestamp":1610426844,"path_taken":["M","M","?","M","M","E","R","M","T","M","M","R","E","M","R","BOSS"],"items_purchased_type":[],"build_version":"2020-12-22","purchased_purges":0,"victory":false,"max_hp_per_floor":[80,80,80,80,80,80,80,80,80,80,80,80,90,90,90,90,90],"card_choices":[{"not_picked":["Intimidate","Body Slam"],"picked":"Twin Strike","floor":1.0},{"not_picked":["Body Slam","Headbutt"],"picked":"Pommel Strike","floor":2},{"not_picked":["Thunderclap","Second Wind"],"picked":"Whirlwind","floor":4},{"not_picked":["Battle Trance","True Grit"],"picked":"Pommel Strike","floor":5},{"not_picked":["Flex","Warcry","Searing Blow"],"picked":"SKIP","floor":6},{"not_picked":["Anger","Corruption","Dark Embrace"],"picked":"SKIP","floor":8},{"not_picked":["Flex","Dark Embrace","Sever Soul"],"picked":"SKIP","floor":10},{"not_picked":["Twin Strike","Armaments"],"picked":"Inflame","floor":11},{"not_picked":["Flame Barrier","Uppercut","Rampage"],"picked":"SKIP","floor":13},{"not_picked":["Warcry","Dual Wield"],"picked":"Perfected Strike","floor":14}],"player_experience":9320,"relics_obtained":[{"floor":6,"key":"Old Coin"},{"floor":9,"key":"HornCleat"},{"floor":13,"key":"Pear"}],"event_choices":[{"damage_healed":0,"gold_gain":75,"player_choice":"Gather Gold","damage_taken":11,"max_hp_gain":0,"max_hp_loss":0,"event_name":"World of Goop","floor":3,"gold_loss":0}],"is_beta":false,"boss_relics":[],"items_purged_floors":[],"is_endless":false,"potions_floor_spawned":[1,6,8,14],"killed_by":"The Guardian","ascension_level":0}}