{"host":"5wznv0010959mrmz","time":1610425686,"event":{"mods":["BaseMod","Highlight Path","Minty Spire (QoL Compilation)","Relic Stats"],"gold_per_floor":[119,119,139,214,15,40,40,40,40,40,58,58,208,239,239,335,335,355,355,355,369,369,369,369],"floor_reached":23,"playtime":544,"items_purged":["Regret"],"score":440,"play_id":"bd1189ec-9559-41c7-a787-a16f09b338ec","local_time":"20210111222806","is_ascension_mode":true,"campfire_choices":[{"data":"Deadly Poison","floor":8,"key":"SMITH"},{"data":"Leg Sweep","floor":12,"key":"SMITH"},{"data":"Dagger Throw","floor":15,"key":"SMITH"}],"circlet_count":0,"master_deck":["AscendersBane","Strike_G","Strike_G+1","Strike_G","Strike_G","Strike_G","Defend_G","Defend_G","Defend_G","Defend_G","Defend_G","Survivor","Neutralize+1","Deadly Poison+1","Dagger Throw+1","Injury","Leg Sweep+1","Adrenaline","Footwork","Crippling Poison"],"relics":["Ring of the Snake","NeowsBlessing","Blood Vial","Membership Card","PreservedInsect","Golden Idol","Pantograph","Snake Skull","Runic Pyramid"],"acts_visited":["Exordium","TheCity"],"potions_floor_usage":[21,23,23],"damage_taken":[{"damage":0,"enemies":"Small Slimes","floor":1,"turns":1},{"damage":0,"enemies":"2 Louse","floor":3,"turns":1},{"damage":0,"enemies":"3 Sentries","floor":6,"turns":1},{"damage":0,"enemies":"Jaw Worm","floor":11,"turns":3},{"damage":3,"enemies":"Lagavulin","floor":14,"turns":5},{"damage":26,"enemies":"The Guardian","floor":16,"turns":12},{"damage":4,"enemies":"Chosen","floor":18,"turns":6},{"damage":8,"enemies":"3 Byrds","floor":21,"turns":5},{"damage":55,"enemies":"Book of Stabbing","floor":23,"turns":7}],"seed_played":"-6641860446991640062","potions_obtained":[{"floor":3,"key":"SpeedPotion"},{"floor":20,"key":"DistilledChaos"},{"floor":21,"key":"SkillPotion"}],"is_trial":false,"path_per_floor":["M","?","M","?","$","E","?","R","T","?","M","R","?","E","R","B",null,"M","?","?","M","?","E"],"character_chosen":"THE_SILENT","items_purchased":["Membership Card"],"campfire_rested":0,"item_purchase_floors":[5],"current_hp_per_floor":[59,59,61,50,50,52,52,52,52,32,34,34,34,33,33,34,58,56,56,56,50,50,0,0],"gold":369,"neow_bonus":"THREE_ENEMY_KILL","is_daily":false,"chose_seed":false,"campfire_upgraded":3,"win_rate":0.0,"timestamp":1610425686,"path_taken":["M","?","M","?","$","E","?","R","T","?","?","R","?","E","R","BOSS","M","?","?","?","?","E"],"items_purchased_type":["Relic"],"build_version":"2020-12-22","purchased_purges":1,"victory":false,"max_hp_per_floor":[66,66,66,66,66,66,66,66,66,66,66,66,66,66,66,66,66,66,66,66,66,66,66,66],"relic_stats":{"Blood Vial":16,"counters":[9,41],"Golden Idol":36,"Pantograph":25,"PreservedInsect":71,"Snake Skull":[12],"obtain_stats":[{"Blood Vial":2,"NeowsBlessing":0,"Golden Idol":7,"Pantograph":9,"PreservedInsect":6,"Snake Skull":14,"Membership Card":5,"Ring of the Snake":0,"Runic Pyramid":17},{"Blood Vial":1,"NeowsBlessing":0,"Golden Idol":3,"Pantograph":3,"PreservedInsect":3,"Snake Skull":5,"Membership Card":2,"Ring of the Snake":0,"Runic Pyramid":6},{"Blood Vial":1,"NeowsBlessing":0,"Golden Idol":3,"Pantograph":3,"PreservedInsect":3,"Snake Skull":11,"Membership Card":2,"Ring of the Snake":0,"Runic Pyramid":23}],"Ring of the Snake":[18]},"card_choices":[{"not_picked":["Heel Hook","Prepared"],"picked":"Deadly Poison","floor":1},{"not_picked":["Slice","PiercingWail"],"picked":"Dagger Throw","floor":3},{"not_picked":["Night Terror","Quick Slash","Choke"],"picked":"SKIP","floor":6},{"not_picked":["Deflect","Calculated Gamble"],"picked":"Leg Sweep","floor":11},{"not_picked":["Choke","Expertise","Slice"],"picked":"SKIP","floor":14},{"not_picked":["A Thousand Cuts","Night Terror"],"picked":"Adrenaline","floor":16},{"not_picked":["Accuracy","Dagger Throw","Outmaneuver"],"picked":"SKIP","floor":18},{"not_picked":["Blade Dance","Prepared"],"picked":"Crippling Poison","floor":21}],"player_experience":445941,"relics_obtained":[{"floor":6,"key":"PreservedInsect"},{"floor":9,"key":"Pantograph"},{"floor":14,"key":"Snake Skull"}],"event_choices":[{"damage_healed":0,"gold_gain":0,"player_choice":"Box","damage_taken":0,"relics_obtained":["Blood Vial"],"max_hp_gain":0,"max_hp_loss":0,"event_name":"Big Fish","floor":2,"gold_loss":0,"cards_obtained":["Regret"]},{"damage_healed":0,"gold_gain":75,"player_choice":"Gather Gold","damage_taken":11,"max_hp_gain":0,"max_hp_loss":0,"event_name":"World of Goop","floor":4,"gold_loss":0},{"damage_healed":0,"gold_gain":0,"player_choice":"Take Wound","damage_taken":0,"relics_obtained":["Golden Idol"],"max_hp_gain":0,"max_hp_loss":0,"event_name":"Golden Idol","floor":7,"gold_loss":0,"cards_obtained":["Injury"]},{"damage_healed":0,"gold_gain":0,"player_choice":"Entered Light","damage_taken":20,"max_hp_gain":0,"max_hp_loss":0,"event_name":"Shining Light","floor":10,"gold_loss":0,"cards_upgraded":["Neutralize","Strike_G"]},{"damage_healed":0,"gold_gain":150,"player_choice":"AGREE","damage_taken":0,"max_hp_gain":0,"max_hp_loss":0,"event_name":"Liars Game","floor":13,"gold_loss":0,"cards_obtained":["Doubt"]},{"damage_healed":0,"gold_gain":0,"player_choice":"Read","damage_taken":0,"max_hp_gain":0,"max_hp_loss":0,"event_name":"The Library","floor":19,"gold_loss":0,"cards_obtained":["Footwork"]},{"damage_healed":0,"gold_gain":0,"player_choice":"Got Potions","damage_taken":0,"max_hp_gain":0,"max_hp_loss":0,"event_name":"Lab","floor":20,"gold_loss":0},{"cards_removed":["Doubt"],"damage_healed":0,"gold_gain":0,"player_choice":"Purged","damage_taken":0,"max_hp_gain":0,"max_hp_loss":0,"event_name":"Purifier","floor":22,"gold_loss":0}],"is_beta":false,"boss_relics":[{"not_picked":["Fusion Hammer","Ring of the Serpent"],"picked":"Runic Pyramid"}],"items_purged_floors":[5],"is_endless":false,"potions_floor_spawned":[3,21],"killed_by":"Book of Stabbing","ascension_level":20}}