{"host":"vddkjx04kiwje1tk","time":1610431836,"event":{"mods":["AchievementEnabler","BaseMod","Colored Map","Minty Spire (QoL Compilation)","Quick Restart","SuperFastMode"],"gold_per_floor":[10,10,10,10,28,62,62,62,62,86,66,66,81,106,106,106,106],"floor_reached":16,"playtime":5810,"items_purged":[],"score":140,"play_id":"d1009018-d828-4d85-b035-7d01b0dced59","local_time":"20210112151036","is_ascension_mode":true,"campfire_choices":[{"floor":7,"key":"REST"},{"data":"Bash","floor":12,"key":"SMITH"},{"floor":15,"key":"REST"}],"circlet_count":0,"master_deck":["Strike_R","Strike_R","Strike_R","Strike_R","Defend_R","Defend_R","Defend_R","Bash+1","Combust","Clash+1"],"relics":["Burning Blood","Golden Idol","Gremlin Horn","Singing Bowl","Oddly Smooth Stone","Molten Egg 2"],"acts_visited":["Exordium"],"potions_floor_usage":[6,16,16,16,16,16],"damage_taken":[{"damage":14,"enemies":"Jaw Worm","floor":1,"turns":4},{"damage":0,"enemies":"Small Slimes","floor":5,"turns":2},{"damage":11,"enemies":"Gremlin Nob","floor":6,"turns":3},{"damage":14,"enemies":"2 Louse","floor":10,"turns":2},{"damage":17,"enemies":"Red Slaver","floor":13,"turns":3},{"damage":11,"enemies":"3 Louse","floor":14,"turns":3},{"damage":58,"enemies":"Hexaghost","floor":16,"turns":9}],"seed_played":"-8609679471057857605","potions_obtained":[{"floor":5,"key":"SteroidPotion"},{"floor":6,"key":"ElixirPotion"},{"floor":11,"key":"FearPotion"},{"floor":13,"key":"EntropicBrew"}],"is_trial":false,"path_per_floor":["M","?","?","?","M","E","R","?","T","M","?","R","M","M","R","B"],"character_chosen":"IRONCLAD","items_purchased":[],"campfire_rested":2,"item_purchase_floors":[],"current_hp_per_floor":[64,44,26,26,32,29,53,53,53,47,47,47,38,33,58,0,0],"gold":106,"neow_bonus":"REMOVE_TWO","is_daily":false,"chose_seed":false,"campfire_upgraded":1,"win_rate":0.0,"timestamp":1610431836,"path_taken":["M","?","?","?","M","E","R","?","T","?","?","R","M","M","R","BOSS"],"items_purchased_type":[],"build_version":"2020-12-22","purchased_purges":0,"victory":false,"max_hp_per_floor":[80,80,80,80,80,82,82,82,82,84,84,84,86,86,86,86,86],"card_choices":[{"not_picked":["Perfected Strike","Uppercut"],"picked":"Seeing Red","floor":1},{"not_picked":["Iron Wave","Cleave"],"picked":"Combust","floor":5},{"not_picked":["Wild Strike","Uppercut","Barricade"],"picked":"Singing Bowl","floor":6},{"not_picked":["Uppercut+1","Second Wind","Headbutt+1"],"picked":"Singing Bowl","floor":10},{"not_picked":["Clothesline+1","Burning Pact","Twin Strike+1"],"picked":"Singing Bowl","floor":13},{"not_picked":["Infernal Blade","Body Slam+1"],"picked":"Clash+1","floor":14}],"player_experience":257741,"relics_obtained":[{"floor":6,"key":"Singing Bowl"},{"floor":9,"key":"Molten Egg 2"}],"event_choices":[{"damage_healed":0,"gold_gain":0,"player_choice":"Take Damage","damage_taken":20,"relics_obtained":["Golden Idol"],"max_hp_gain":0,"max_hp_loss":0,"event_name":"Golden Idol","floor":2,"gold_loss":0},{"damage_healed":0,"gold_gain":0,"player_choice":"Success","damage_taken":18,"relics_obtained":["Gremlin Horn"],"max_hp_gain":0,"max_hp_loss":0,"event_name":"Scrap Ooze","floor":3,"gold_loss":0},{"damage_healed":0,"gold_gain":0,"player_choice":"Ignored","damage_taken":0,"max_hp_gain":0,"max_hp_loss":0,"event_name":"Liars Game","floor":4,"gold_loss":0},{"cards_removed":["Seeing Red"],"damage_healed":0,"gold_gain":0,"player_choice":"Gave Card","damage_taken":0,"relics_obtained":["Oddly Smooth Stone"],"max_hp_gain":0,"max_hp_loss":0,"event_name":"WeMeetAgain","floor":8,"gold_loss":0},{"damage_healed":0,"gold_gain":0,"player_choice":"Bought 1 Potion","damage_taken":0,"max_hp_gain":0,"max_hp_loss":0,"event_name":"The Woman in Blue","floor":11,"gold_loss":0}],"is_beta":false,"boss_relics":[],"items_purged_floors":[],"is_endless":false,"potions_floor_spawned":[5,6,13],"killed_by":"Hexaghost","ascension_level":8}}