{"host":"2ulm0pyp8jok7fk5","time":1610418616,"event":{"mods":["Act Like it!","Arknights The Spire","BaseMod","Gensokyo","Koishi","Marisa£®ÏF”Í°°ƒß¿Ì…≥£©","Minty Spire (QoL Compilation)","Reimu£®≤©¿ˆ¡È√Œ£©","Remilia£®¿Ÿ√◊¿Ú—«£©","Replay The Spire","Shop Mod","Spicy Shops","StSLib","The Bug Knight","The Hierophant","The Servant 0.9.4","Waifu the Spire","Youmu£®ªÍ∆«—˝√Œ£©","Yuyuko"],"gold_per_floor":[110,110,35,50,50,90,90,117,117,117,17,50,61,77,77,175,175,192,192,192,192,224,251,251,251,251,251,151,151,168,168,168,266,266,277,157,174,174,189,189,216,76,76,76,110,121,121,139,139,139],"floor_reached":51,"playtime":1501,"items_purged":["Defend_Lin:ReiMu","HandOfGreed","Panacea","Strike_Lin:ReiMu","Strike_Lin:ReiMu"],"score":829,"play_id":"c41c8842-63f9-43b6-b159-ae5e5b6f75b9","local_time":"20210112103016","daily_mods":["Allstar","Colorless Cards","Heirloom","Time Dilation"],"is_ascension_mode":false,"campfire_choices":[{"data":"PrayRite:ReiMu","floor":10,"key":"SMITH"},{"data":"ShadowOfCrow2:ReiMu","floor":15,"key":"SMITH"},{"floor":24,"key":"REST"},{"data":"Apotheosis","floor":27,"key":"SMITH"},{"data":"Gathering:ReiMu","floor":32,"key":"SMITH"},{"data":"SubcavityFantasy:ReiMu","floor":44,"key":"SMITH"}],"circlet_count":0,"master_deck":["Strike_Lin:ReiMu+1","Defend_Lin:ReiMu","Defend_Lin:ReiMu","Stagnation:ReiMu","Jack Of All Trades","Swift Strike+1","Dramatic Entrance","TightArray:ReiMu","Revelation:ReiMu","RainPray2:ReiMu","PrayRite:ReiMu+1","ShadowOfCrow2:ReiMu+1","Gathering:ReiMu+1","CareerPray:ReiMu","Apotheosis+1","SubcavityFantasy:ReiMu+1","LearningPray:ReiMu","Violence","Parasite","UniversalSpiritual:ReiMu"],"relics":["FlyPower:ReiMu","WingedGreaves","HollowMod:StagPassRelic","Mummified Hand","Replay:WaspNest","SlaversCollar","NeowsBlessing","Red Mask","The Courier","Nunchaku","NeowsBlessing","Vajra","Runic Pyramid","NeowsBlessing","Whetstone","Ice Cream","HollowMod:LifeEnderRelic","NeowsBlessing"],"acts_visited":["Exordium","TheCity","TheBeyond"],"potions_floor_usage":[],"damage_taken":[{"damage":0,"enemies":"2 Louse","floor":1,"turns":1},{"damage":0,"enemies":"Small Slimes","floor":4,"turns":3},{"damage":0,"enemies":"Jaw Worm","floor":6,"turns":4},{"damage":5,"enemies":"Lagavulin","floor":8,"turns":7},{"damage":0,"enemies":"Gremlin Nob","floor":12,"turns":3},{"damage":0,"enemies":"Looter","floor":13,"turns":2},{"damage":1,"enemies":"Blue Slaver","floor":14,"turns":3},{"damage":28,"enemies":"The Guardian","floor":16,"turns":7},{"damage":18,"enemies":"Spheric Guardian","floor":18,"turns":5},{"damage":0,"enemies":"Masked Bandits","floor":22,"turns":1},{"damage":0,"enemies":"Gremlin Leader","floor":23,"turns":1},{"damage":0,"enemies":"Shell Parasite","floor":30,"turns":1},{"damage":0,"enemies":"Champ","floor":33,"turns":1},{"damage":0,"enemies":"3 Darklings","floor":35,"turns":1},{"damage":13,"enemies":"Orb Walker","floor":37,"turns":3},{"damage":0,"enemies":"Spire Growth","floor":39,"turns":1},{"damage":0,"enemies":"Reptomancer","floor":41,"turns":1},{"damage":0,"enemies":"HollowMod:StalkingDevout","floor":45,"turns":1},{"damage":12,"enemies":"Writhing Mass","floor":46,"turns":3},{"damage":0,"enemies":"Maw","floor":48,"turns":1},{"damage":0,"enemies":"Donu and Deca","floor":50,"turns":1}],"seed_played":"-2621338479559136647","potions_obtained":[{"floor":1,"key":"LifebloodPotion"},{"floor":12,"key":"DistilledChaos"},{"floor":14,"key":"Adrenaline Potion"},{"floor":18,"key":"ZuzhouPotion:ReiMu"}],"is_trial":true,"path_per_floor":["M","WH","$","M","WH","M","WH","E","T","R","$","E","M","M","R","B",null,"M","WH","WH","WH","?","E","R","?","T","R","$","WH","M","?","R","B",null,"M","$","M","WH","M","?","E","$","T","R","E","M","WH","M","R","B",null],"character_chosen":"REIMU","items_purchased":[],"campfire_rested":1,"item_purchase_floors":[],"current_hp_per_floor":[65,71,71,71,78,78,85,80,80,80,80,80,80,79,79,51,85,67,75,84,84,84,84,102,102,102,102,102,102,102,102,102,102,102,102,102,89,89,89,89,89,89,89,89,89,77,77,77,77,77],"gold":139,"neow_bonus":"THREE_ENEMY_KILL","is_daily":false,"chose_seed":false,"campfire_upgraded":5,"win_rate":0.0,"timestamp":1610418616,"path_taken":["M","WH","$","M","WH","M","WH","E","T","R","$","E","M","M","R","BOSS","M","WH","WH","WH","?","E","R","?","T","R","$","WH","M","?","R","BOSS","M","$","M","WH","M","?","E","$","T","R","E","M","WH","M","R","BOSS"],"items_purchased_type":[],"build_version":"2020-12-22","purchased_purges":5,"victory":true,"max_hp_per_floor":[65,71,71,71,78,78,85,85,85,85,85,85,85,85,85,85,85,85,93,102,102,102,102,102,102,102,102,102,102,102,102,102,102,102,102,102,102,102,102,102,102,102,102,102,102,102,102,102,102,102],"card_choices":[{"not_picked":["SpringWay:ReiMu","RainPray2:ReiMu"],"picked":"TightArray:ReiMu","floor":1},{"not_picked":["AlertArray:ReiMu","Conquer:ReiMu"],"picked":"Revelation:ReiMu","floor":4},{"not_picked":["Bandage Up","Finesse"],"picked":"RainPray2:ReiMu","floor":6},{"not_picked":["WonderfulDomain:ReiMu","ForcedLanding:ReiMu"],"picked":"PrayRite:ReiMu","floor":8},{"not_picked":["Bandage Up","Conquer:ReiMu"],"picked":"ShadowOfCrow2:ReiMu","floor":12},{"not_picked":["SpringWay:ReiMu","Specialist"],"picked":"Gathering:ReiMu","floor":13},{"not_picked":["Meditation:ReiMu","Specialist","AlertArray:ReiMu"],"picked":"SKIP","floor":14},{"not_picked":["HandOfGreed","PrayRite:ReiMu"],"picked":"Metamorphosis","floor":16},{"not_picked":["Enchanting:ReiMu","Panacea","EmergencyTakeOff:ReiMu"],"picked":"SKIP","floor":18},{"not_picked":["EmergencyTakeOff:ReiMu","SubAcupoint:ReiMu","Amulet:ReiMu"],"picked":"SKIP","floor":23},{"not_picked":["Meditation:ReiMu+1","Gathering:ReiMu","Conquer:ReiMu+1"],"picked":"SKIP","floor":30},{"not_picked":["Magnetism","Metamorphosis"],"picked":"SubcavityFantasy:ReiMu","floor":33},{"not_picked":["OrbThrow:ReiMu","Flash of Steel+1"],"picked":"LearningPray:ReiMu","floor":35},{"not_picked":["RainPray2:ReiMu","Enchanting:ReiMu+1","OrbThrow:ReiMu"],"picked":"SKIP","floor":37},{"not_picked":["Forethought","SubcavityInstant:ReiMu","Meditation:ReiMu"],"picked":"SKIP","floor":39},{"not_picked":["Conquer:ReiMu","RainPray2:ReiMu+1","ReplayTheSpireMod:Trickstab"],"picked":"SKIP","floor":41},{"not_picked":["AirManeuver:ReiMu","CareerPray:ReiMu","Enchanting:ReiMu+1"],"picked":"SKIP","floor":45},{"not_picked":["ReplayTheSpireMod:Uncanny Aura","PayForSelf:ReiMu+1","Bandage Up+1"],"picked":"SKIP","floor":46},{"not_picked":["RainPray2:ReiMu+1","Replay:Sssssssssstrike","WonderfulDomain:ReiMu"],"picked":"SKIP","floor":48}],"player_experience":59949,"relics_obtained":[{"floor":8,"key":"HollowMod:StagPassRelic"},{"floor":9,"key":"Mummified Hand"},{"floor":12,"key":"Replay:WaspNest"},{"floor":22,"key":"Red Mask"},{"floor":23,"key":"The Courier"},{"floor":26,"key":"Nunchaku"},{"floor":41,"key":"Whetstone"},{"floor":43,"key":"Ice Cream"},{"floor":45,"key":"HollowMod:LifeEnderRelic"}],"event_choices":[{"damage_healed":0,"gold_gain":0,"player_choice":"Fought Bandits","damage_taken":0,"max_hp_gain":0,"max_hp_loss":0,"event_name":"Masked Bandits","floor":22,"gold_loss":0},{"damage_healed":0,"gold_gain":0,"cards_transformed":["NB:ReiMu","Strike_Lin:ReiMu"],"player_choice":"Became Test Subject","damage_taken":0,"max_hp_gain":0,"max_hp_loss":0,"event_name":"Drug Dealer","floor":25,"gold_loss":0,"cards_obtained":["CareerPray:ReiMu","Apotheosis"]},{"damage_healed":0,"gold_gain":0,"cards_transformed":["Metamorphosis"],"player_choice":"Transformed","damage_taken":0,"max_hp_gain":0,"max_hp_loss":0,"event_name":"Transmorgrifier","floor":40,"gold_loss":0,"cards_obtained":["Violence"]}],"is_beta":false,"boss_relics":[{"not_picked":["Ectoplasm","ReplayTheSpireMod:DimensionalGlitch"],"picked":"SlaversCollar"},{"not_picked":["Busted Crown","Sozu"],"picked":"Runic Pyramid"}],"items_purged_floors":[3,11,28,36,42],"is_endless":false,"potions_floor_spawned":[1,12,14,16,18,30,37,41,48],"ascension_level":0}}