{"host":"6lk96jvvnndj23n5","time":1610477213,"event":{"mods":["BaseMod","Hermit","Minty Spire (QoL Compilation)","StSLib"],"gold_per_floor":[116,132,159,171,101,135,135,33,33,51,68,68,81,100,100,195,195,214,214,233,38,38,67,166,186,186,101,119,119,119,137,137,137,137],"floor_reached":33,"playtime":2145,"items_purged":["Pain"],"score":319,"play_id":"70c4755a-1235-406d-98b5-f6973e95c2b3","local_time":"20210112184653","is_ascension_mode":false,"campfire_choices":[{"data":"hermit:Quickdraw","floor":7,"key":"SMITH"},{"floor":15,"key":"DIG"},{"floor":32,"key":"DIG"}],"circlet_count":0,"master_deck":["hermit:Strike_Hermit","hermit:Strike_Hermit","hermit:Strike_Hermit","hermit:Strike_Hermit","hermit:Defend_Hermit","hermit:Defend_Hermit","hermit:Defend_Hermit","hermit:Defend_Hermit","hermit:Snapshot","hermit:Covet","hermit:Vantage","hermit:Snipe","hermit:TrackingShot","hermit:Shortfuse","hermit:Quickdraw+1","hermit:Vantage","hermit:RoundhouseKick","hermit:Dive","hermit:Ricochet","hermit:HighNoon","CurseOfTheBell","hermit:SprayPray","hermit:Maintenance","hermit:FlashPowder","hermit:WideOpen+1","hermit:HighCaliber","hermit:HighCaliber"],"relics":["hermit:Momento","NeowsBlessing","Orichalcum","Eternal Feather","Shovel","Ice Cream","Kunai","Calling Bell","Potion Belt","Matryoshka","CaptainsWheel","WarpedTongs","Mango","Pantograph","Blood Vial","Oddly Smooth Stone","Bronze Scales","Pocketwatch"],"acts_visited":["Exordium","TheCity"],"potions_floor_usage":[8,11,14,16,23,25,33,33],"damage_taken":[{"damage":0,"enemies":"Cultist","floor":1,"turns":1},{"damage":0,"enemies":"Small Slimes","floor":2,"turns":1},{"damage":0,"enemies":"Jaw Worm","floor":4,"turns":1},{"damage":20,"enemies":"Gremlin Nob","floor":6,"turns":4},{"damage":4,"enemies":"Red Slaver","floor":10,"turns":3},{"damage":0,"enemies":"Lots of Slimes","floor":11,"turns":1},{"damage":0,"enemies":"Blue Slaver","floor":13,"turns":4},{"damage":0,"enemies":"2 Fungi Beasts","floor":14,"turns":2},{"damage":25,"enemies":"The Guardian","floor":16,"turns":15},{"damage":15,"enemies":"Shell Parasite","floor":18,"turns":8},{"damage":4,"enemies":"3 Byrds","floor":20,"turns":7},{"damage":0,"enemies":"Gremlin Leader","floor":23,"turns":5},{"damage":0,"enemies":"3 Cultists","floor":25,"turns":6},{"damage":5,"enemies":"Snecko","floor":28,"turns":5},{"damage":13,"enemies":"Shelled Parasite and Fungi","floor":31,"turns":7},{"damage":103,"enemies":"Automaton","floor":33,"turns":10}],"seed_played":"-8527343789155421084","potions_obtained":[{"floor":1,"key":"Explosive Potion"},{"floor":2,"key":"Energy Potion"},{"floor":10,"key":"DistilledChaos"},{"floor":13,"key":"Swift Potion"},{"floor":14,"key":"DistilledChaos"},{"floor":18,"key":"Strength Potion"},{"floor":20,"key":"Fire Potion"}],"is_trial":false,"path_per_floor":["M","M","T","M","$","E","R","$","T","M","M","?","M","M","R","B",null,"M","?","M","$","$","E","?","M","T","?","M","?","?","M","R","B"],"character_chosen":"HERMIT","items_purchased":["hermit:Shortfuse","Fruit Juice","hermit:SprayPray","hermit:Maintenance"],"campfire_rested":0,"item_purchase_floors":[5,8,21,21],"current_hp_per_floor":[75,75,75,75,75,55,64,69,69,65,65,58,58,58,67,42,80,65,65,61,61,61,75,75,75,75,75,72,72,72,61,76,0,0],"gold":137,"neow_bonus":"THREE_ENEMY_KILL","is_daily":false,"chose_seed":false,"campfire_upgraded":1,"win_rate":0.0,"timestamp":1610477213,"path_taken":["M","?","?","?","$","E","R","?","T","M","M","?","M","M","R","BOSS","M","?","?","?","$","E","?","M","T","?","?","?","?","M","R","BOSS"],"items_purchased_type":["Card","Potion","Card","Card"],"build_version":"2020-12-22","purchased_purges":1,"victory":false,"max_hp_per_floor":[75,75,75,75,75,75,75,80,80,80,80,80,80,80,80,80,80,80,80,80,80,80,94,94,94,94,94,94,94,94,94,94,94,94],"card_choices":[{"not_picked":["hermit:ShadowCloak","hermit:LoneWolf"],"picked":"hermit:Vantage","floor":1},{"not_picked":["hermit:Ricochet","hermit:Cheat"],"picked":"hermit:Snipe","floor":2},{"not_picked":["hermit:Glare","hermit:LowProfile"],"picked":"hermit:TrackingShot","floor":4},{"not_picked":["hermit:TakeCover","hermit:BigShot"],"picked":"hermit:Quickdraw","floor":6},{"not_picked":["hermit:NoHoldsBarred","hermit:CalledShot"],"picked":"hermit:Vantage","floor":10},{"not_picked":["hermit:Coalescence","hermit:Snipe"],"picked":"hermit:RoundhouseKick","floor":11},{"not_picked":["hermit:Feint","hermit:LowProfile"],"picked":"hermit:Dive","floor":13},{"not_picked":["hermit:Snipe","hermit:Quickdraw"],"picked":"hermit:Ricochet","floor":14},{"not_picked":["hermit:Purgatory","hermit:FinalCanter"],"picked":"hermit:HighNoon","floor":16},{"not_picked":["hermit:Malice","hermit:Combo","hermit:TrackingShot"],"picked":"SKIP","floor":18},{"not_picked":["hermit:RoundhouseKick","hermit:CalledShot","hermit:Dive+1"],"picked":"SKIP","floor":20},{"not_picked":["hermit:ShadowCloak","hermit:Ricochet"],"picked":"hermit:FlashPowder","floor":23},{"not_picked":["hermit:DeadMansHand+1","hermit:ItchyTrigger"],"picked":"hermit:WideOpen+1","floor":25},{"not_picked":["hermit:ShadowCloak","hermit:Feint","hermit:Virtue"],"picked":"SKIP","floor":28},{"not_picked":["hermit:TakeAim+1","hermit:BodyArmor"],"picked":"hermit:HighCaliber","floor":31}],"player_experience":158018,"relics_obtained":[{"floor":3,"key":"Orichalcum"},{"floor":6,"key":"Eternal Feather"},{"floor":9,"key":"Shovel"},{"floor":15,"key":"Kunai"},{"floor":17,"key":"Potion Belt"},{"floor":17,"key":"Matryoshka"},{"floor":17,"key":"CaptainsWheel"},{"floor":23,"key":"Mango"},{"floor":26,"key":"Pantograph"},{"floor":26,"key":"Blood Vial"},{"floor":32,"key":"Pocketwatch"}],"event_choices":[{"damage_healed":0,"gold_gain":0,"player_choice":"Success","damage_taken":7,"relics_obtained":["Ice Cream"],"max_hp_gain":0,"max_hp_loss":0,"event_name":"Scrap Ooze","floor":12,"gold_loss":0},{"damage_healed":0,"gold_gain":0,"player_choice":"Rummage","damage_taken":0,"relics_obtained":["WarpedTongs"],"max_hp_gain":0,"max_hp_loss":0,"event_name":"Accursed Blacksmith","floor":19,"gold_loss":0,"cards_obtained":["Pain"]},{"damage_healed":0,"gold_gain":99,"player_choice":"Stole From Cult","damage_taken":0,"max_hp_gain":0,"max_hp_loss":0,"event_name":"Nest","floor":24,"gold_loss":0},{"damage_healed":0,"gold_gain":0,"player_choice":"Obtained Relic","damage_taken":0,"relics_obtained":["Oddly Smooth Stone"],"max_hp_gain":0,"max_hp_loss":0,"event_name":"Addict","floor":27,"gold_loss":85},{"damage_healed":0,"gold_gain":0,"player_choice":"Opened","damage_taken":0,"relics_obtained":["Bronze Scales"],"max_hp_gain":0,"max_hp_loss":0,"event_name":"The Mausoleum","floor":29,"gold_loss":0},{"damage_healed":0,"gold_gain":0,"player_choice":"Read","damage_taken":0,"max_hp_gain":0,"max_hp_loss":0,"event_name":"The Library","floor":30,"gold_loss":0,"cards_obtained":["hermit:HighCaliber"]}],"is_beta":false,"boss_relics":[{"not_picked":["Coffee Dripper","SlaversCollar"],"picked":"Calling Bell"}],"items_purged_floors":[21],"is_endless":false,"potions_floor_spawned":[1,2,10,13,14,18,20],"killed_by":"Automaton","ascension_level":0}}