{"host":"wnty67d4nhrob9mt","time":1610466800,"event":{"mods":["BaseMod","Block Reminder","Infinite Spire","Minty Spire (QoL Compilation)","Permanent Neow","Quick Restart","Relic Stats","Replay The Spire","StSLib","The Jungle"],"gold_per_floor":[114,129,144,159,9,51,82,426,426,426,451,474,516,537,537,651,651,666,714,664,664,700,700,738,738,763,788,832,844,844],"floor_reached":29,"playtime":2241,"items_purged":[],"score":680,"play_id":"bf24d954-4dff-4f98-83c8-0fc99a7f25f1","local_time":"20210112185320","daily_mods":["Cursed Run","Hoarder","DeadlyEvents"],"is_ascension_mode":false,"campfire_choices":[{"floor":10,"key":"REST"},{"floor":15,"key":"REST"},{"floor":23,"key":"REST"},{"data":"Weave","floor":25,"key":"SMITH"}],"circlet_count":0,"master_deck":["Eruption","Vigilance","SignatureMove","SignatureMove","SignatureMove","WaveOfTheHand","WaveOfTheHand","WaveOfTheHand","Prostrate","Prostrate","Prostrate","JustLucky","JustLucky","JustLucky","Collect","Collect","Collect","Replay:AtTheReady","Replay:AtTheReady","Replay:AtTheReady","Brilliance","Brilliance","Brilliance","Amnesia","Amnesia","Amnesia","WindmillStrike","WindmillStrike","WindmillStrike","WheelKick","WheelKick","WheelKick","MentalFortress","MentalFortress","MentalFortress","Halt","Halt","Halt","Overencumbered","Overencumbered","Overencumbered","ConjureBlade","ConjureBlade","ConjureBlade","WindmillStrike","WindmillStrike","WindmillStrike","SandsOfTime","SandsOfTime","SandsOfTime","FearNoEvil","FearNoEvil","FearNoEvil","Worship","Worship","Worship","Replay:AllIn","Replay:AllIn","Replay:AllIn","Weave","Weave+1","Weave","Wireheading","Wireheading","Wireheading","SandsOfTime","SandsOfTime","SandsOfTime","FollowUp","FollowUp","FollowUp","ThirdEye","ThirdEye","ThirdEye","ForeignInfluence","ForeignInfluence","ForeignInfluence","Replay:Anticipation","Replay:Anticipation","Replay:Anticipation","Writhe","Writhe","Writhe","WaveOfTheHand","WaveOfTheHand","WaveOfTheHand","FollowUp+1","FollowUp+1","FollowUp+1"],"relics":["Cursed Key","Darkstone Periapt","Du-Vu Doll","Replay:Bandana","The Courier","Old Coin","Akabeko","infinitespire:CursedDice","Pandora\u0027s Box","infinitespire:Lucky Rock","Vajra","Toy Ornithopter","Oddly Smooth Stone","Bag of Preparation"],"acts_visited":["Exordium","TheCity"],"potions_floor_usage":[7,13,16,16,22,22,22],"damage_taken":[{"damage":0,"enemies":"Cultist","floor":1,"turns":2},{"damage":0,"enemies":"2 Louse","floor":2,"turns":2},{"damage":10,"enemies":"Jaw Worm","floor":3,"turns":4},{"damage":3,"enemies":"Looter","floor":4,"turns":3},{"damage":5,"enemies":"Lagavulin","floor":6,"turns":5},{"damage":0,"enemies":"Gremlin Gang","floor":7,"turns":4},{"damage":51,"enemies":"Gremlin Nob","floor":8,"turns":6},{"damage":1,"enemies":"Large Slime","floor":11,"turns":4},{"damage":13,"enemies":"Red Slaver","floor":12,"turns":3},{"damage":0,"enemies":"Replay:BlueRogue","floor":13,"turns":2},{"damage":3,"enemies":"Looter","floor":14,"turns":2},{"damage":28,"enemies":"The Guardian","floor":16,"turns":5},{"damage":41,"enemies":"3 Byrds","floor":18,"turns":8},{"damage":11,"enemies":"Gremlin Leader","floor":22,"turns":7},{"damage":48,"enemies":"Nightmare","floor":24,"turns":6},{"damage":37,"enemies":"2 Thieves","floor":27,"turns":3},{"damage":33,"enemies":"Gremlin Leader","floor":28,"turns":4},{"damage":14,"enemies":"Cultist and Chosen","floor":29,"turns":4}],"seed_played":"-5514344210177769252","potions_obtained":[{"floor":1,"key":"DistilledChaos"},{"floor":2,"key":"Energy Potion"},{"floor":3,"key":"SteroidPotion"},{"floor":8,"key":"DistilledChaos"},{"floor":13,"key":"SpeedPotion"},{"floor":16,"key":"LiquidBronze"},{"floor":18,"key":"Swift Potion"},{"floor":19,"key":"ColorlessPotion"},{"floor":19,"key":"LiquidMemories"},{"floor":22,"key":"FearPotion"}],"is_trial":false,"path_per_floor":["M","M","M","M","$","E","M","E","T","R","M","M","E","M","R","B",null,"M","?","?","AVR","E","R","NM","R","T","M","E","M"],"character_chosen":"WATCHER","items_purchased":["Replay:Bandana"],"campfire_rested":3,"item_purchase_floors":[5],"current_hp_per_floor":[72,72,62,59,59,54,54,3,21,48,47,34,34,31,58,48,108,67,24,24,24,13,45,65,65,83,46,13,0,0],"gold":844,"neow_bonus":"","is_daily":true,"chose_seed":false,"campfire_upgraded":1,"win_rate":0.0,"timestamp":1610466800,"path_taken":["M","M","M","M","$","E","M","E","T","R","M","?","E","M","R","BOSS","M","?","?","AVR","?","R","NM","R","T","M","E","M"],"items_purchased_type":["Relic"],"build_version":"2020-12-22","purchased_purges":0,"victory":false,"max_hp_per_floor":[72,72,72,72,72,72,72,72,90,90,90,90,90,90,90,108,108,108,108,108,108,108,108,108,108,126,126,126,126,126],"relic_stats":{"Darkstone Periapt":54,"counters":[18,74],"Pandora\u0027s Box":["WindmillStrike","SandsOfTime","FearNoEvil","Worship","Replay:AllIn","Weave","Wireheading","SandsOfTime"],"Bag of Preparation":[2],"Cursed Key":2,"obtain_stats":[{"Darkstone Periapt":0,"infinitespire:CursedDice":13,"Vajra":22,"Oddly Smooth Stone":26,"The Courier":6,"Bag of Preparation":28,"infinitespire:Lucky Rock":21,"Cursed Key":0,"Akabeko":9,"Old Coin":8,"Du-Vu Doll":0,"Replay:Bandana":5,"Pandora\u0027s Box":17,"Toy Ornithopter":24},{"Darkstone Periapt":0,"infinitespire:CursedDice":10,"Vajra":14,"Oddly Smooth Stone":15,"The Courier":5,"Bag of Preparation":17,"infinitespire:Lucky Rock":13,"Cursed Key":0,"Akabeko":7,"Old Coin":7,"Du-Vu Doll":0,"Replay:Bandana":4,"Pandora\u0027s Box":12,"Toy Ornithopter":15},{"Darkstone Periapt":0,"infinitespire:CursedDice":35,"Vajra":57,"Oddly Smooth Stone":63,"The Courier":16,"Bag of Preparation":70,"infinitespire:Lucky Rock":50,"Cursed Key":0,"Akabeko":26,"Old Coin":26,"Du-Vu Doll":0,"Replay:Bandana":11,"Pandora\u0027s Box":42,"Toy Ornithopter":63}],"Toy Ornithopter":0},"card_choices":[{"not_picked":["Protect","ThirdEye"],"picked":"SignatureMove","floor":1},{"not_picked":["LikeWater","Indignation"],"picked":"WaveOfTheHand","floor":2},{"not_picked":["Adaptation","Protect"],"picked":"Prostrate","floor":3},{"not_picked":["Protect","CutThroughFate"],"picked":"JustLucky","floor":4},{"not_picked":["Replay:ManipulateFuture","EmptyFist"],"picked":"Collect","floor":6},{"not_picked":["Replay:DivineShield","WheelKick"],"picked":"Replay:AtTheReady","floor":7},{"not_picked":["Adaptation","Replay:DivineShield"],"picked":"Brilliance","floor":8},{"not_picked":["CarveReality","Meditate"],"picked":"WindmillStrike","floor":11},{"not_picked":["FearNoEvil","Replay:Cycle"],"picked":"WheelKick","floor":12},{"not_picked":["Halt","CarveReality"],"picked":"MentalFortress","floor":13},{"not_picked":["MentalFortress","EmptyBody"],"picked":"Halt","floor":14},{"not_picked":["MasterReality","Judgement"],"picked":"ConjureBlade","floor":16},{"not_picked":["FlurryOfBlows+1","Protect"],"picked":"FollowUp","floor":18},{"not_picked":["Blasphemy","EmptyBody"],"picked":"ThirdEye","floor":19},{"not_picked":["ThirdEye","Replay:Cycle"],"picked":"ForeignInfluence","floor":22},{"not_picked":["EmptyFist","CutThroughFate"],"picked":"Replay:Anticipation","floor":24},{"not_picked":["Meditate","EmptyFist"],"picked":"WaveOfTheHand","floor":27},{"not_picked":["Halt","FlurryOfBlows"],"picked":"FollowUp+1","floor":28}],"player_experience":167866,"relics_obtained":[{"floor":6,"key":"The Courier"},{"floor":8,"key":"Old Coin"},{"floor":9,"key":"Akabeko"},{"floor":13,"key":"infinitespire:CursedDice"},{"floor":22,"key":"Vajra"},{"floor":24,"key":"Toy Ornithopter"},{"floor":26,"key":"Oddly Smooth Stone"},{"floor":28,"key":"Bag of Preparation"}],"event_choices":[{"damage_healed":0,"gold_gain":0,"player_choice":"Bet on Murderer","damage_taken":0,"max_hp_gain":0,"max_hp_loss":0,"event_name":"The Joust","floor":20,"gold_loss":50}],"is_beta":false,"boss_relics":[{"not_picked":["Replay:Bronze Core","Ectoplasm"],"picked":"Pandora\u0027s Box"}],"items_purged_floors":[],"is_endless":true,"potions_floor_spawned":[1,2,3,8,13,16,18,22],"killed_by":"Cultist and Chosen","ascension_level":0}}