{"host":"xt3o4iokwksypl90","time":1610444776,"event":{"mods":["AchievementEnabler","BaseMod","Highlight Path","Minty Spire (QoL Compilation)","Permanent Neow"],"gold_per_floor":[114,114,130,130,141,176,196,196,196,225,238,255,11,23,23,125,125,136,156,31,31,31,63,63,76,76,107,107,122,169,187,187,282,282,302,58,67,120,129,167,186,186,186,204,204,217,217,62,62,62,62],"floor_reached":50,"playtime":4098,"items_purged":["Perfected Strike","Blood for Blood"],"score":771,"play_id":"a46bf6c2-f294-44da-8926-65a08e0f2c35","local_time":"20210112104616","is_ascension_mode":true,"campfire_choices":[{"data":"Bash","floor":8.0,"key":"SMITH"},{"floor":15.0,"key":"REST"},{"data":"Armaments","floor":24.0,"key":"SMITH"},{"data":"Shrug It Off","floor":28.0,"key":"SMITH"},{"data":"Double Tap","floor":32.0,"key":"SMITH"},{"floor":45,"key":"REST"},{"floor":49,"key":"REST"}],"circlet_count":0,"master_deck":["Bash+1","Whirlwind","Clothesline","Battle Trance","Pommel Strike","Impervious","Inflame","Brutality","Spot Weakness","Second Wind","Cleave","Bloodletting","Power Through+1","Armaments+1","Shrug It Off+1","Sever Soul","Second Wind","Shrug It Off","Double Tap+1","Panacea","Impervious","Impervious"],"relics":["Philosopher\u0027s Stone","Oddly Smooth Stone","Omamori","InkBottle","HornCleat","Pandora\u0027s Box","Du-Vu Doll","Pear","Lizard Tail","Juzu Bracelet","Calling Bell","CeramicFish","Matryoshka","Pocketwatch","Bag of Preparation","Ice Cream","The Courier","Anchor","Bag of Marbles","FossilizedHelix","Art of War"],"acts_visited":["Exordium","TheCity","TheBeyond"],"potions_floor_usage":[40,50],"damage_taken":[{"damage":5.0,"enemies":"Small Slimes","floor":1.0,"turns":3.0},{"damage":0.0,"enemies":"Cultist","floor":3.0,"turns":3.0},{"damage":8.0,"enemies":"Jaw Worm","floor":5.0,"turns":3.0},{"damage":36.0,"enemies":"3 Sentries","floor":6.0,"turns":7.0},{"damage":14.0,"enemies":"Lots of Slimes","floor":7.0,"turns":3.0},{"damage":12.0,"enemies":"Gremlin Nob","floor":10.0,"turns":4.0},{"damage":1.0,"enemies":"Red Slaver","floor":11.0,"turns":3.0},{"damage":0.0,"enemies":"2 Fungi Beasts","floor":12.0,"turns":3.0},{"damage":0.0,"enemies":"Looter","floor":14.0,"turns":3.0},{"damage":0.0,"enemies":"Slime Boss","floor":16.0,"turns":6.0},{"damage":16.0,"enemies":"Shell Parasite","floor":18.0,"turns":4.0},{"damage":10.0,"enemies":"Chosen","floor":19.0,"turns":3.0},{"damage":11.0,"enemies":"Slavers","floor":23.0,"turns":5.0},{"damage":2.0,"enemies":"Snecko","floor":25.0,"turns":4.0},{"damage":7.0,"enemies":"Gremlin Leader","floor":27.0,"turns":6.0},{"damage":13.0,"enemies":"Centurion and Healer","floor":29.0,"turns":6.0},{"damage":23.0,"enemies":"Slavers","floor":30.0,"turns":3.0},{"damage":0.0,"enemies":"Snake Plant","floor":31.0,"turns":5.0},{"damage":18.0,"enemies":"Champ","floor":33.0,"turns":8.0},{"damage":3.0,"enemies":"Orb Walker","floor":35.0,"turns":4.0},{"damage":41.0,"enemies":"2 Orb Walkers","floor":38.0,"turns":4.0},{"damage":53,"enemies":"Giant Head","floor":40,"turns":8},{"damage":3,"enemies":"3 Darklings","floor":41,"turns":4},{"damage":11,"enemies":"Jaw Worm Horde","floor":44,"turns":5},{"damage":16,"enemies":"Sphere and 2 Shapes","floor":46,"turns":4},{"damage":54,"enemies":"Time Eater","floor":50,"turns":17}],"seed_played":"7635273861302989998","potions_obtained":[{"floor":1.0,"key":"Weak Potion"},{"floor":10.0,"key":"Weak Potion"},{"floor":11.0,"key":"Fire Potion"},{"floor":19.0,"key":"Energy Potion"},{"floor":23.0,"key":"ColorlessPotion"},{"floor":30.0,"key":"FearPotion"},{"floor":31.0,"key":"FairyPotion"},{"floor":35.0,"key":"Ancient Potion"},{"floor":38.0,"key":"PowerPotion"},{"floor":46,"key":"Fire Potion"}],"is_trial":false,"path_per_floor":["M","?","M","?","M","E","M","R","T","E","M","M","$","M","R","B",null,"M","M","$","?","?","E","R","M","T","E","R","M","E","M","R","B",null,"M","$","?","?","?","E","M","?","T","M","R","M","T","$","R","B"],"character_chosen":"IRONCLAD","items_purchased":["HornCleat","Armaments","Bag of Preparation","Art of War","PowerPotion"],"campfire_rested":3,"item_purchase_floors":[13,20,36,48,48],"current_hp_per_floor":[75,80,80,80,72,36,22,22,22,10,9,9,9,9,33,33,68,52,42,42,42,42,31,31,29,39,32,32,19,45,45,45,27,74,71,71,61,20,20,27,24,24,24,13,40,24,24,24,51,0,0],"gold":62,"neow_bonus":"BOSS_RELIC","is_daily":false,"chose_seed":false,"campfire_upgraded":4,"win_rate":0.0,"timestamp":1610444776,"path_taken":["M","?","?","?","M","E","M","R","T","E","?","M","$","M","R","BOSS","M","M","$","?","?","E","R","M","T","E","R","?","E","M","R","BOSS","M","$","?","?","?","E","M","?","T","M","R","M","?","?","R","BOSS"],"items_purchased_type":["Relic","Card","Relic","Relic","Potion"],"build_version":"2020-12-22","purchased_purges":2,"victory":false,"max_hp_per_floor":[80,80,80,80,80,80,80,80,80,80,80,80,80,80,80,80,80,80,80,80,80,80,80,80,80,90,90,90,90,90,90,90,90,90,90,90,90,90,90,90,90,90,90,90,90,90,90,90,90,90,90],"card_choices":[{"not_picked":["Pommel Strike","Flex"],"picked":"Carnage","floor":1.0},{"not_picked":["Anger","Pummel"],"picked":"Whirlwind","floor":3.0},{"not_picked":["Havoc","Entrench"],"picked":"Clothesline","floor":5.0},{"not_picked":["Flex","Cleave"],"picked":"Battle Trance","floor":6.0},{"not_picked":["Havoc","Second Wind","Pummel"],"picked":"SKIP","floor":7.0},{"not_picked":["Hemokinesis","Sword Boomerang","Dual Wield"],"picked":"SKIP","floor":10.0},{"not_picked":["Evolve","Heavy Blade","Pommel Strike"],"picked":"SKIP","floor":11.0},{"not_picked":["Body Slam","Immolate","Combust"],"picked":"SKIP","floor":12.0},{"not_picked":["Cleave","Headbutt"],"picked":"Pommel Strike","floor":14.0},{"not_picked":["Brutality","Feed"],"picked":"Impervious","floor":16.0},{"not_picked":["Perfected Strike","Warcry","Anger"],"picked":"SKIP","floor":18.0},{"not_picked":["Wild Strike+1","Thunderclap"],"picked":"Power Through+1","floor":19.0},{"not_picked":["Blood for Blood","Thunderclap","Feel No Pain"],"picked":"SKIP","floor":23.0},{"not_picked":["Corruption","Iron Wave"],"picked":"Second Wind","floor":25.0},{"not_picked":["Wild Strike","Carnage"],"picked":"Shrug It Off","floor":27.0},{"not_picked":["Sword Boomerang","Heavy Blade","Anger+1"],"picked":"SKIP","floor":29.0},{"not_picked":["Clothesline+1","Evolve"],"picked":"Double Tap","floor":30.0},{"not_picked":["Clothesline","Body Slam","Pommel Strike"],"picked":"SKIP","floor":31.0},{"not_picked":["Barricade","Double Tap"],"picked":"Corruption","floor":33.0},{"not_picked":["Evolve","Dual Wield","Headbutt+1"],"picked":"SKIP","floor":35.0},{"not_picked":["Swift Strike","Bandage Up"],"picked":"Panacea","floor":37.0},{"not_picked":["Anger+1","Inflame+1"],"picked":"Impervious","floor":40},{"not_picked":["Armaments","Headbutt","Body Slam+1"],"picked":"SKIP","floor":41},{"not_picked":["Cleave","Rampage+1","Anger+1"],"picked":"SKIP","floor":44},{"not_picked":["Twin Strike","Feel No Pain","Dropkick"],"picked":"SKIP","floor":46}],"player_experience":275720,"relics_obtained":[{"floor":6.0,"key":"Oddly Smooth Stone"},{"floor":9.0,"key":"Omamori"},{"floor":10.0,"key":"InkBottle"},{"floor":23.0,"key":"Du-Vu Doll"},{"floor":26.0,"key":"Pear"},{"floor":27.0,"key":"Lizard Tail"},{"floor":30.0,"key":"Juzu Bracelet"},{"floor":34.0,"key":"CeramicFish"},{"floor":34.0,"key":"Matryoshka"},{"floor":34.0,"key":"Pocketwatch"},{"floor":38.0,"key":"Ice Cream"},{"floor":40,"key":"The Courier"},{"floor":43,"key":"Anchor"},{"floor":47,"key":"Bag of Marbles"},{"floor":47,"key":"FossilizedHelix"}],"event_choices":[{"cards_removed":["Carnage"],"damage_healed":5.0,"max_hp_gain":0.0,"max_hp_loss":0.0,"gold_gain":0.0,"event_name":"Bonfire Elementals","player_choice":"Offered Uncommon","floor":2.0,"gold_loss":0.0,"damage_taken":0.0},{"damage_healed":0.0,"max_hp_gain":0.0,"max_hp_loss":0.0,"gold_gain":0.0,"event_name":"The Woman in Blue","player_choice":"Bought 0 Potions","floor":4.0,"gold_loss":0.0,"damage_taken":0.0},{"damage_healed":0.0,"max_hp_gain":0.0,"max_hp_loss":0.0,"gold_gain":0.0,"event_name":"The Library","player_choice":"Read","floor":21.0,"gold_loss":0.0,"damage_taken":0.0,"cards_obtained":["Shrug It Off"]},{"damage_healed":0.0,"max_hp_gain":0.0,"max_hp_loss":0.0,"gold_gain":0.0,"cards_transformed":["Brutality"],"event_name":"Transmorgrifier","player_choice":"Transformed","floor":22.0,"gold_loss":0.0,"damage_taken":0.0,"cards_obtained":["Sever Soul"]},{"damage_healed":0.0,"max_hp_gain":0.0,"max_hp_loss":0.0,"gold_gain":0.0,"event_name":"SensoryStone","player_choice":"Memory 3","floor":37.0,"gold_loss":0.0,"damage_taken":10.0},{"damage_healed":0.0,"max_hp_gain":0.0,"max_hp_loss":0.0,"gold_gain":0.0,"event_name":"Mysterious Sphere","player_choice":"Fight","floor":38.0,"gold_loss":0.0,"damage_taken":0.0},{"damage_healed":0.0,"max_hp_gain":0.0,"max_hp_loss":0.0,"gold_gain":0.0,"event_name":"Duplicator","player_choice":"Copied","floor":39.0,"gold_loss":0.0,"damage_taken":0.0,"cards_obtained":["Impervious"]},{"cards_removed":["Corruption"],"damage_healed":0,"gold_gain":0,"player_choice":"Removed Power","damage_taken":0,"max_hp_gain":0,"max_hp_loss":0,"event_name":"Falling","floor":42,"gold_loss":0}],"is_beta":false,"boss_relics":[{"not_picked":["Mark of Pain","SlaversCollar"],"picked":"Pandora\u0027s Box"},{"not_picked":["Runic Pyramid","Tiny House"],"picked":"Calling Bell"}],"items_purged_floors":[20,36],"is_endless":false,"potions_floor_spawned":[1,10,11,19,23,30,31,35,38,46],"killed_by":"Time Eater","ascension_level":5}}