{"host":"ch0czqmvyp36vaf6","time":1610442060,"event":{"mods":["BaseMod","CapriCore","Friendly Minions","GungeonMod","Hermit","Highlight Path","Koishi","Lobotomy","Marisa£¨Ùöéë¡¡Øª×âÞÞ£©","Minty Spire (QoL Compilation)","Quick Restart","StSLib","The Animator","The Bug Knight","The Cursed","The Dragon Tamer","The Gatherer","The Hierophant","The Immortal","The Poker Player","The Runesmith"],"gold_per_floor":[115,115,130,130,146,146,171,246,271,287,52,64,81,97,97,97,97],"floor_reached":16,"playtime":594,"items_purged":["animator:Megumin"],"score":96,"play_id":"e05201f7-cf15-44bf-8236-0e5912522a3b","local_time":"20210112180100","is_ascension_mode":false,"campfire_choices":[{"data":"animator:PandorasActor","floor":6,"key":"SMITH"},{"data":"animator:EmiyaShirou","floor":15,"key":"SMITH"}],"circlet_count":0,"master_deck":["animator:Strike_Fate+1","animator:Defend_Fate","animator:Strike+1","animator:Strike","animator:Defend","animator:Defend","animator:Defend","animator:Alexander","animator:PandorasActor+1","animator:PandorasActor","animator:Illya","animator:Gilgamesh","animator:EmiyaShirou","animator:EmiyaShirou+1"],"relics":["animator:LivingPicture","animator:TheMissingPiece","animator:PurgingStone","Whetstone"],"acts_visited":["Exordium"],"potions_floor_usage":[16,16,16],"damage_taken":[{"damage":8,"enemies":"Small Slimes","floor":1,"turns":4},{"damage":10,"enemies":"Jaw Worm","floor":3,"turns":4},{"damage":2,"enemies":"2 Louse","floor":5,"turns":2},{"damage":6,"enemies":"Red Slaver","floor":7,"turns":5},{"damage":0,"enemies":"Exordium Thugs","floor":10,"turns":5},{"damage":0,"enemies":"2 Fungi Beasts","floor":12,"turns":4},{"damage":1,"enemies":"Looter","floor":13,"turns":4},{"damage":0,"enemies":"3 Louse","floor":14,"turns":3},{"damage":27,"enemies":"Hexaghost","floor":16,"turns":19}],"seed_played":"-5683115703453346616","potions_obtained":[{"floor":1,"key":"Block Potion"},{"floor":5,"key":"DemoMod:LeadSkinPotion"},{"floor":10,"key":"SkillPotion"}],"is_trial":false,"path_per_floor":["M","?","M","?","M","R","M","?","T","M","$","M","M","M","R","B"],"character_chosen":"THE_ANIMATOR","items_purchased":["animator:Gilgamesh"],"campfire_rested":0,"item_purchase_floors":[11],"current_hp_per_floor":[58,51,41,41,39,39,33,27,27,27,27,28,27,27,27,0,0],"gold":97,"neow_bonus":"THREE_CARDS","is_daily":false,"chose_seed":false,"campfire_upgraded":2,"win_rate":0.0,"timestamp":1610442060,"path_taken":["M","?","M","?","M","R","M","?","T","?","?","M","M","M","R","BOSS"],"items_purchased_type":["Card"],"build_version":"2020-12-22","purchased_purges":1,"victory":false,"max_hp_per_floor":[66,66,66,66,66,66,66,66,66,66,66,67,67,67,67,67,67],"card_choices":[{"not_picked":["animator:Ara","animator:Mitsuba"],"picked":"animator:PandorasActor","floor":0},{"not_picked":["animator:LeleiLaLalena","animator:AcuraTooru","animator:FielNirvalen"],"picked":"SKIP","floor":1},{"not_picked":["animator:HiiragiShinya","animator:Scar","animator:DwarfShaman"],"picked":"SKIP","floor":3},{"not_picked":["animator:Ara","animator:Vesta"],"picked":"animator:PandorasActor","floor":5},{"not_picked":["animator:ShinjiMatou","animator:Alexander"],"picked":"animator:Illya","floor":7},{"not_picked":["animator:Elsword","animator:Assassin"],"picked":"animator:Megumin","floor":10},{"not_picked":["animator:Illya","animator:Millim"],"picked":"animator:EmiyaShirou","floor":12},{"not_picked":["animator:DwarfShaman","animator:IrohaTamaki","animator:Tyuule"],"picked":"SKIP","floor":13},{"not_picked":["animator:Lancer","animator:Berserker"],"picked":"animator:EmiyaShirou","floor":14}],"player_experience":429001,"relics_obtained":[{"floor":9,"key":"Whetstone"}],"event_choices":[{"cards_removed":["animator:Rider"],"damage_healed":0,"gold_gain":0,"player_choice":"Card Removal","damage_taken":7,"max_hp_gain":0,"max_hp_loss":0,"event_name":"Golden Wing","floor":2,"gold_loss":0},{"cards_removed":["animator:Strike"],"damage_healed":0,"gold_gain":0,"player_choice":"Forget","damage_taken":0,"max_hp_gain":0,"max_hp_loss":0,"event_name":"Living Wall","floor":4,"gold_loss":0},{"damage_healed":0,"gold_gain":75,"player_choice":"Touch","damage_taken":6,"max_hp_gain":0,"max_hp_loss":0,"event_name":"FaceTrader","floor":8,"gold_loss":0}],"is_beta":false,"boss_relics":[],"items_purged_floors":[11],"is_endless":false,"potions_floor_spawned":[1,5,10,12],"killed_by":"Hexaghost","ascension_level":0}}