{"host":"hve1dyh1ly81yl9f","time":1610462687,"event":{"mods":["BaseMod","Colored Map","DeckTracker","Highlight Path","Keyboard Shortcuts","Minty Spire (QoL Compilation)","Permanent Neow","Quick Restart","StSLib","SuperFastMode"],"gold_per_floor":[365,378,395,126,126,126,126,126,197,197,372,372,395,436,436,566,566,581,600,625,639,914,914,934,934,934,934,975,975,204,228,228,349,349,349,349],"floor_reached":35,"playtime":981,"items_purged":["Doubt"],"score":655,"play_id":"452bcfbe-d3ee-46f7-88c9-4131fc02080c","local_time":"20210112234447","is_ascension_mode":true,"campfire_choices":[{"floor":6.0,"key":"REST"},{"data":"Bloodletting","floor":8.0,"key":"SMITH"},{"data":"Headbutt","floor":10.0,"key":"SMITH"},{"data":"Bash","floor":12.0,"key":"SMITH"},{"data":"Headbutt","floor":15.0,"key":"SMITH"},{"floor":23,"key":"REST"},{"floor":29,"key":"REST"},{"floor":32,"key":"REST"}],"circlet_count":0,"master_deck":["Strike_R+1","Strike_R+1","Strike_R+1","Strike_R+1","Defend_R+1","Defend_R+1","Defend_R+1","Defend_R+1","Bash+1","Headbutt+1","Headbutt+1","Bloodletting+1","Injury","Doubt","Wild Strike+1","Second Wind","Fiend Fire+1","Heavy Blade+1","True Grit","Regret","Sever Soul+1","Sever Soul+1","Fire Breathing","Fiend Fire+1"],"relics":["Black Blood","Brimstone","Golden Idol","Molten Egg 2","Anchor","Self Forming Clay","Happy Flower","Gremlin Horn","Sling","Nunchaku","Darkstone Periapt","SacredBark"],"acts_visited":["Exordium","TheCity","TheBeyond"],"potions_floor_usage":[19,28,28,33,33,33],"damage_taken":[{"damage":24.0,"enemies":"Jaw Worm","floor":1.0,"turns":5.0},{"damage":9.0,"enemies":"2 Louse","floor":2.0,"turns":3.0},{"damage":20.0,"enemies":"Small Slimes","floor":3.0,"turns":4.0},{"damage":10.0,"enemies":"Red Slaver","floor":13.0,"turns":2.0},{"damage":20.0,"enemies":"3 Sentries","floor":14.0,"turns":5.0},{"damage":0.0,"enemies":"Slime Boss","floor":16.0,"turns":7.0},{"damage":40,"enemies":"Shell Parasite","floor":18,"turns":4},{"damage":2,"enemies":"3 Byrds","floor":19,"turns":2},{"damage":12,"enemies":"Snecko","floor":20,"turns":3},{"damage":27,"enemies":"Cultist and Chosen","floor":21,"turns":5},{"damage":52,"enemies":"Shelled Parasite and Fungi","floor":24,"turns":4},{"damage":0,"enemies":"Gremlin Leader","floor":28,"turns":4},{"damage":25,"enemies":"Snake Plant","floor":31,"turns":3},{"damage":66,"enemies":"Champ","floor":33,"turns":7},{"damage":66,"enemies":"3 Darklings","floor":35,"turns":3}],"seed_played":"8102760762304585185","potions_obtained":[{"floor":2.0,"key":"SneckoOil"},{"floor":13.0,"key":"Energy Potion"},{"floor":14.0,"key":"Dexterity Potion"},{"floor":19,"key":"ColorlessPotion"},{"floor":20,"key":"AttackPotion"},{"floor":31,"key":"Block Potion"}],"is_trial":false,"path_per_floor":["M","M","M","$","?","R","?","R","T","R","?","R","M","E","R","B",null,"M","M","M","M","?","R","M","T","T","?","E","R","$","M","R","B",null,"M"],"character_chosen":"IRONCLAD","items_purchased":["Brimstone","Bloodletting","Sever Soul+1","Sling","Nunchaku","Darkstone Periapt","Fire Breathing","Swift Potion"],"campfire_rested":4,"item_purchase_floors":[4,4,30,30,30,30,30,30],"current_hp_per_floor":[54,51,37,37,30,54,54,54,54,54,54,54,50,36,36,42,71,43,53,53,38,38,62,22,22,22,22,34,58,58,45,69,15,64,0,0],"gold":349,"neow_bonus":"TWO_FIFTY_GOLD","is_daily":false,"chose_seed":false,"campfire_upgraded":4,"win_rate":0.0,"timestamp":1610462687,"path_taken":["M","M","M","$","?","R","?","R","T","R","?","R","M","E","R","BOSS","M","M","M","M","?","R","?","?","T","?","E","R","?","M","R","BOSS","M"],"items_purchased_type":["Relic","Card","Card","Relic","Relic","Relic","Card","Potion"],"build_version":"2020-12-22","purchased_purges":1,"victory":false,"max_hp_per_floor":[80,80,80,80,80,80,80,80,80,80,80,80,80,80,80,80,80,80,80,80,80,80,80,80,80,80,80,80,80,80,80,80,80,80,80,80],"card_choices":[{"not_picked":["Carnage","Shrug It Off","Pummel"],"picked":"SKIP","floor":1.0},{"not_picked":["Entrench","Warcry"],"picked":"Headbutt","floor":2.0},{"not_picked":["Clash","Perfected Strike"],"picked":"Headbutt","floor":3.0},{"not_picked":["Second Wind","Flame Barrier"],"picked":"Wild Strike+1","floor":13.0},{"not_picked":["Inflame","Dual Wield"],"picked":"Second Wind","floor":14.0},{"not_picked":["Offering","Barricade"],"picked":"Fiend Fire+1","floor":16.0},{"not_picked":["Entrench+1","Pommel Strike+1","Combust"],"picked":"SKIP","floor":18},{"not_picked":["Entrench+1","Pommel Strike+1","Combust"],"picked":"SKIP","floor":18},{"not_picked":["Headbutt+1","Iron Wave+1"],"picked":"Heavy Blade+1","floor":19},{"not_picked":["Searing Blow+1","Perfected Strike+1"],"picked":"True Grit","floor":20},{"not_picked":["Uppercut+1","Flex","Perfected Strike+1"],"picked":"SKIP","floor":21},{"not_picked":["Thunderclap+1","Searing Blow+1"],"picked":"Sever Soul+1","floor":24},{"not_picked":["Hemokinesis+1","Metallicize","True Grit"],"picked":"SKIP","floor":28},{"not_picked":["Pommel Strike+1","Clash+1","Twin Strike+1"],"picked":"SKIP","floor":31},{"not_picked":["Feed+1","Impervious"],"picked":"Fiend Fire+1","floor":33}],"player_experience":312087,"relics_obtained":[{"floor":9.0,"key":"Molten Egg 2"},{"floor":14.0,"key":"Anchor"},{"floor":25,"key":"Self Forming Clay"},{"floor":26,"key":"Happy Flower"},{"floor":28,"key":"Gremlin Horn"}],"event_choices":[{"cards_removed":["Strike_R"],"damage_healed":0.0,"max_hp_gain":0.0,"max_hp_loss":0.0,"gold_gain":0.0,"event_name":"Golden Wing","player_choice":"Card Removal","floor":5.0,"gold_loss":0.0,"damage_taken":7.0},{"damage_healed":0.0,"max_hp_gain":0.0,"max_hp_loss":0.0,"gold_gain":0.0,"event_name":"Golden Idol","player_choice":"Take Wound","floor":7.0,"gold_loss":0.0,"damage_taken":0.0,"relics_obtained":["Golden Idol"],"cards_obtained":["Injury"]},{"damage_healed":0.0,"max_hp_gain":0.0,"max_hp_loss":0.0,"gold_gain":175.0,"event_name":"Liars Game","player_choice":"AGREE","floor":11.0,"gold_loss":0.0,"damage_taken":0.0,"cards_obtained":["Doubt"]},{"damage_healed":0,"gold_gain":275,"player_choice":"Desecrate","damage_taken":0,"max_hp_gain":0,"max_hp_loss":0,"event_name":"Golden Shrine","floor":22,"gold_loss":0,"cards_obtained":["Regret"]},{"damage_healed":0,"gold_gain":0,"player_choice":"Simplicity","damage_taken":0,"max_hp_gain":0,"max_hp_loss":0,"event_name":"Back to Basics","floor":27,"gold_loss":0,"cards_upgraded":["Strike_R","Strike_R","Strike_R","Strike_R","Defend_R","Defend_R","Defend_R","Defend_R"]}],"is_beta":false,"boss_relics":[{"not_picked":["Runic Dome","Astrolabe"],"picked":"Black Blood"},{"not_picked":["Fusion Hammer","Black Star"],"picked":"SacredBark"}],"items_purged_floors":[4],"is_endless":false,"potions_floor_spawned":[2,13,14,19,20,24,31],"killed_by":"3 Darklings","ascension_level":8}}