{"host":"eu5wvbbtjeiar27l","time":1610468990,"event":{"mods":["BaseMod","Colored Powertips","Conspire","Hubris","Infinite Spire","Minty Spire (QoL Compilation)","Rare Cards Sparkle","StSLib","The Factory","The Jungle","vexMod"],"gold_per_floor":[112,112,11,23,34,61,81,109,134,145,72,247,247,247],"floor_reached":13,"playtime":654,"items_purged":["Strike_R"],"score":95,"play_id":"6fb4365f-a55b-48ad-939b-604da84e1935","local_time":"20210112162950","is_ascension_mode":false,"campfire_choices":[],"circlet_count":0,"master_deck":["Strike_R","Strike_R","Strike_R","Strike_R","Defend_R","Defend_R","Defend_R","Defend_R","Bash","Bloodletting+1","Cleave","Rupture","hubris:CleavingFinish","Cleave","Rupture","Hemokinesis","Doubt"],"relics":["Burning Blood","Centennial Puzzle","WingedGreaves","hubris:ChampionShield","hubris:TenFootPole"],"acts_visited":["Exordium"],"potions_floor_usage":[8,13,13],"damage_taken":[{"damage":3,"enemies":"Cultist","floor":1,"turns":5},{"damage":0,"enemies":"2 Louse","floor":4,"turns":2},{"damage":3,"enemies":"Small Slimes","floor":5,"turns":2},{"damage":27,"enemies":"Lagavulin","floor":6,"turns":5},{"damage":1,"enemies":"3 Louse","floor":7,"turns":2},{"damage":28,"enemies":"3 Sentries","floor":8,"turns":6},{"damage":29,"enemies":"Large Slime","floor":10,"turns":5},{"damage":25,"enemies":"Gremlin Nob","floor":13,"turns":3}],"seed_played":"6582533151676169211","potions_obtained":[{"floor":4,"key":"Explosive Potion"},{"floor":8,"key":"EssenceOfSteel"},{"floor":10,"key":"AttackPotion"}],"is_trial":false,"path_per_floor":["M","?","$","M","M","E","M","E","T","M","$","?","E"],"character_chosen":"IRONCLAD","items_purchased":["Cleave","Hemokinesis"],"campfire_rested":0,"item_purchase_floors":[3,11],"current_hp_per_floor":[80,80,80,80,80,59,64,42,42,19,19,19,0,0],"gold":247,"neow_bonus":"RANDOM_COMMON_RELIC","is_daily":false,"chose_seed":false,"campfire_upgraded":0,"win_rate":0.0,"timestamp":1610468990,"path_taken":["M","?","$","M","M","E","M","E","T","M","?","?","E"],"items_purchased_type":["Card","Card"],"build_version":"2020-12-22","purchased_purges":1,"victory":false,"max_hp_per_floor":[80,80,80,80,80,80,80,80,80,80,80,80,80,80],"card_choices":[{"not_picked":["Iron Wave","Clash"],"picked":"Bloodletting","floor":1},{"not_picked":["Shrug It Off","True Grit","Clash"],"picked":"SKIP","floor":4},{"not_picked":["Havoc","Perfected Strike"],"picked":"Rupture","floor":5},{"not_picked":["conspire:HitWhereItHurts","True Grit","Second Wind"],"picked":"SKIP","floor":6},{"not_picked":["Pummel","Perfected Strike"],"picked":"hubris:CleavingFinish","floor":7},{"not_picked":["Metallicize","Feel No Pain"],"picked":"Cleave","floor":8},{"not_picked":["Havoc","Whirlwind"],"picked":"Rupture","floor":10}],"player_experience":107933,"relics_obtained":[{"floor":6,"key":"WingedGreaves"},{"floor":8,"key":"hubris:ChampionShield"},{"floor":9,"key":"hubris:TenFootPole"}],"event_choices":[{"damage_healed":0,"gold_gain":0,"player_choice":"Upgraded","damage_taken":0,"max_hp_gain":0,"max_hp_loss":0,"event_name":"Upgrade Shrine","floor":2,"gold_loss":0,"cards_upgraded":["Bloodletting"]},{"damage_healed":0,"gold_gain":175,"player_choice":"AGREE","damage_taken":0,"max_hp_gain":0,"max_hp_loss":0,"event_name":"Liars Game","floor":12,"gold_loss":0,"cards_obtained":["Doubt"]}],"is_beta":false,"boss_relics":[],"items_purged_floors":[3],"is_endless":false,"potions_floor_spawned":[4,8,10],"killed_by":"Gremlin Nob","ascension_level":0}}