{"host":"5icjlaq41ghjcr7h","time":1610451480,"event":{"mods":["AchievementEnabler","BaseMod","Colored Map","Minty Spire (QoL Compilation)","SuperFastMode","everything is the same but u backflip on backflip"],"gold_per_floor":[113,124,135,135,153,187,187,112,161,194,194,194,214,229,229,329,329,348,314,214,214,214,214,214],"floor_reached":23,"playtime":669,"items_purged":["Strike_R","Strike_R"],"score":221,"play_id":"92dbe3e0-0952-4497-b5db-452075a1a063","local_time":"20210112203800","is_ascension_mode":true,"campfire_choices":[{"floor":7,"key":"RECALL"},{"floor":15,"key":"REST"}],"circlet_count":0,"master_deck":["Strike_R","Strike_R","Defend_R","Defend_R","Bash","Feel No Pain","Wild Strike","Sever Soul","Disarm","Sentinel","Impervious","CurseOfTheBell","Seeing Red","Dark Embrace","Reaper","Impervious","Carnage"],"relics":["Burning Blood","NeowsBlessing","Eternal Feather","Vajra","Unceasing Top","Prayer Wheel","Calling Bell","Bag of Preparation","Meat on the Bone","Ice Cream"],"acts_visited":["Exordium","TheCity"],"potions_floor_usage":[6,10,14,16],"damage_taken":[{"damage":0,"enemies":"Jaw Worm","floor":1,"turns":1},{"damage":0,"enemies":"Cultist","floor":2,"turns":1},{"damage":3,"enemies":"Small Slimes","floor":3,"turns":2},{"damage":6,"enemies":"Looter","floor":5,"turns":4},{"damage":32,"enemies":"Lagavulin","floor":6,"turns":5},{"damage":46,"enemies":"3 Sentries","floor":10,"turns":9},{"damage":19,"enemies":"Blue Slaver","floor":13,"turns":3},{"damage":10,"enemies":"Lots of Slimes","floor":14,"turns":3},{"damage":41,"enemies":"The Guardian","floor":16,"turns":10},{"damage":40,"enemies":"3 Byrds","floor":18,"turns":9},{"damage":37,"enemies":"2 Thieves","floor":19,"turns":5},{"damage":50,"enemies":"Gremlin Leader","floor":23,"turns":4}],"seed_played":"-1529779650773810096","potions_obtained":[{"floor":2,"key":"Strength Potion"},{"floor":3,"key":"Regen Potion"},{"floor":10,"key":"DuplicationPotion"},{"floor":13,"key":"DistilledChaos"}],"is_trial":false,"path_per_floor":["M","M","M","?","M","E","R","$","T","E","?","T","M","M","R","B",null,"M","M","$","?","?","E"],"character_chosen":"IRONCLAD","items_purchased":[],"campfire_rested":1,"item_purchase_floors":[],"current_hp_per_floor":[80,80,80,80,80,54,60,60,60,35,32,32,19,15,45,10,80,58,39,39,39,39,0,0],"gold":214,"neow_bonus":"THREE_ENEMY_KILL","is_daily":false,"chose_seed":false,"campfire_upgraded":0,"win_rate":0.0,"timestamp":1610451480,"path_taken":["M","M","M","?","M","E","R","?","T","E","?","?","?","M","R","BOSS","M","M","?","?","?","E"],"items_purchased_type":[],"build_version":"2020-12-22","purchased_purges":2,"victory":false,"max_hp_per_floor":[80,80,80,80,80,80,80,80,80,80,80,80,80,80,80,80,80,80,80,80,80,80,80,80],"card_choices":[{"not_picked":["Havoc","Anger"],"picked":"Feel No Pain","floor":1},{"not_picked":["Thunderclap","Iron Wave"],"picked":"Wild Strike","floor":2},{"not_picked":["Shockwave","Shrug It Off"],"picked":"Sever Soul","floor":3},{"not_picked":["Clothesline","Flex","Cleave"],"picked":"SKIP","floor":5},{"not_picked":["Shockwave","Pommel Strike","Flame Barrier"],"picked":"SKIP","floor":6},{"not_picked":["Bludgeon","Anger","Perfected Strike"],"picked":"SKIP","floor":10},{"not_picked":["Dropkick","Anger"],"picked":"Sentinel","floor":13},{"not_picked":["Flame Barrier","Thunderclap","Sword Boomerang"],"picked":"SKIP","floor":13},{"not_picked":["Shrug It Off","True Grit","Pommel Strike"],"picked":"SKIP","floor":14},{"not_picked":["Havoc","Sword Boomerang","Dropkick"],"picked":"SKIP","floor":14},{"not_picked":["Immolate","Double Tap"],"picked":"Impervious","floor":16},{"not_picked":["Cleave","Heavy Blade"],"picked":"Seeing Red","floor":18},{"not_picked":["Searing Blow","Hemokinesis","Clash"],"picked":"SKIP","floor":18},{"not_picked":["Perfected Strike+1","Iron Wave"],"picked":"Dark Embrace","floor":19},{"not_picked":["Body Slam","Twin Strike"],"picked":"Reaper","floor":19}],"player_experience":121269,"relics_obtained":[{"floor":6,"key":"Eternal Feather"},{"floor":10,"key":"Vajra"},{"floor":12,"key":"Prayer Wheel"},{"floor":17,"key":"Bag of Preparation"},{"floor":17,"key":"Meat on the Bone"},{"floor":17,"key":"Ice Cream"}],"event_choices":[{"damage_healed":0,"gold_gain":0,"player_choice":"1 cards matched","damage_taken":0,"max_hp_gain":0,"max_hp_loss":0,"event_name":"Match and Keep!","floor":4,"gold_loss":0,"cards_obtained":["Disarm"]},{"damage_healed":0,"gold_gain":0,"player_choice":"Success","damage_taken":3,"relics_obtained":["Unceasing Top"],"max_hp_gain":0,"max_hp_loss":0,"event_name":"Scrap Ooze","floor":11,"gold_loss":0},{"damage_healed":0,"gold_gain":0,"cards_transformed":["Strike_R","Defend_R"],"player_choice":"Became Test Subject","damage_taken":0,"max_hp_gain":0,"max_hp_loss":0,"event_name":"Drug Dealer","floor":21,"gold_loss":0,"cards_obtained":["Impervious","Carnage"]},{"cards_removed":["Defend_R"],"damage_healed":0,"gold_gain":0,"player_choice":"Card Removal","damage_taken":0,"max_hp_gain":0,"max_hp_loss":0,"event_name":"Wheel of Change","floor":22,"gold_loss":0}],"is_beta":false,"boss_relics":[{"not_picked":["Ectoplasm","Black Blood"],"picked":"Calling Bell"}],"items_purged_floors":[8,20],"is_endless":false,"potions_floor_spawned":[2,3,10,13],"killed_by":"Gremlin Leader","ascension_level":2}}