{"host":"1sqx9dmsrxu9kvq7","time":1610479863,"event":{"mods":["2.2 Compatiblity","Act Like it!","BaseMod","CapriCore","Colored Powertips","Custom Start","Friendly Minions","Gensokyo","Highlight Path","Koishi","KomeijiMod","Marisa（霧雨　魔理沙）","Minty Spire (QoL Compilation)","Quick Restart","Rare Cards Sparkle","Reimu（博??梦）","Relic Stats","Remilia（蕾米莉?）","Shop Mod","Spicy Shops","StSLib","The Administrix","The Immortal","The Servant 0.9.4","Waifu the Spire","Yakumo Yukari mod","Youmu（魂魄妖梦）","Yuyuko"],"gold_per_floor":[118,48,48,62,62,62,88,88,88,105,125,144,160,160,160,263,263,283,293,293,306,326,326,384,384,384,401,401,419,156,170,170,275,275,288,288,288,298,74,74,74],"floor_reached":40,"playtime":3688,"items_purged":[],"score":417,"play_id":"3b439a0d-998c-41ec-bed2-fc63bbdd877b","local_time":"20210112133103","is_ascension_mode":false,"campfire_choices":[{"floor":6,"key":"RECALL"},{"data":"RedMoon","floor":8,"key":"SMITH"},{"floor":15,"key":"REST"},{"data":"TransientEternity","floor":23,"key":"SMITH"},{"data":"DemonKingCradle","floor":25,"key":"SMITH"},{"floor":32,"key":"REST"}],"circlet_count":0,"master_deck":["Strike_RM","Strike_RM","Strike_RM","Strike_RM","Defend_RM+1","Defend_RM","Defend_RM","RedMoon+1","ScarletShoot+1","ScarletImprint","UnderTheZenith","MastersStateliness","HunterOfTheNight","Stigmanizer","EndlessAdversity","TransientEternity+1","BloodAndWine","NightLord+1","DemonKingCradle+1","CharismaGuard+1","RedRainbow","UnstableMagic+1","LeisurelyOfLord","Gensokyo:TurboGranny","DiffusionOfMisfortune","ForecastOfChange","EternalNight+1","Gensokyo:LifeSpringInfinity","BloodRain","RedRainbow","Gensokyo:Shovel","Gensokyo:BlemishedSteel","Gensokyo:TarnishedGold","Gensokyo:MysteriousEgg"],"relics":["ScarletHat","Happy Flower","Mango","Nunchaku","Letter Opener","APieceOfRedMist","HornCleat","ScarletEmblem"],"acts_visited":["Gensokyo:Gensokyo","Gensokyo:Gensokyoer","Gensokyo:Gensokyoest"],"potions_floor_usage":[19,37,37],"damage_taken":[{"damage":0,"enemies":"Gensokyo:Python","floor":1,"turns":4},{"damage":0,"enemies":"Gensokyo:2_Kodama","floor":4,"turns":4},{"damage":8,"enemies":"Gensokyo:Mamizou","floor":7,"turns":11},{"damage":0,"enemies":"Gensokyo:Gryphon","floor":10,"turns":3},{"damage":2,"enemies":"Gensokyo:5_Fairies","floor":11,"turns":6},{"damage":0,"enemies":"Gensokyo:Python_and_Kodama","floor":12,"turns":4},{"damage":0,"enemies":"Gensokyo:LivingMonolith","floor":13,"turns":3},{"damage":24,"enemies":"Gensokyo:Yukari","floor":16,"turns":11},{"damage":4,"enemies":"Gensokyo:AngelMirror","floor":18,"turns":6},{"damage":9,"enemies":"Gensokyo:3_Dogs","floor":19,"turns":7},{"damage":5,"enemies":"Gensokyo:3_Gloops","floor":21,"turns":5},{"damage":13,"enemies":"Gensokyo:Chomper_and_Gloop","floor":22,"turns":4},{"damage":19,"enemies":"Gensokyo:Swordslinger","floor":24,"turns":5},{"damage":4,"enemies":"Gensokyo:Slime_Group","floor":27,"turns":5},{"damage":6,"enemies":"Gensokyo:Monolith_and_Dog","floor":29,"turns":6},{"damage":15,"enemies":"Gensokyo:Wraith","floor":31,"turns":4},{"damage":73,"enemies":"Gensokyo:Eternal_Rivals","floor":33,"turns":9},{"damage":47,"enemies":"Gensokyo:3_Bats","floor":35,"turns":2},{"damage":38,"enemies":"Gensokyo:3_Bats","floor":37,"turns":7},{"damage":3,"enemies":"Gensokyo:AncientGuardian","floor":38,"turns":4},{"damage":56,"enemies":"Gensokyo:Marisa","floor":40,"turns":5}],"seed_played":"3182963782059414592","potions_obtained":[{"floor":7,"key":"DistilledChaos"},{"floor":10,"key":"PowerPotion"},{"floor":13,"key":"Explosive Potion"},{"floor":19,"key":"Fruit Juice"},{"floor":22,"key":"Weak Potion"}],"is_trial":false,"path_per_floor":["M","?","?","M","?","R","E","R","T","M","M","M","M","?","R","B",null,"M","M","?","M","M","R","M","R","T","M","?","M","COS","M","R","B",null,"M","?","?","M","COS","E"],"character_chosen":"REMILIA","items_purchased":[],"campfire_rested":2,"item_purchase_floors":[],"current_hp_per_floor":[75,75,75,75,68,68,63,63,63,66,64,66,68,68,89,76,89,88,88,88,89,84,84,69,69,69,72,72,73,73,63,91,34,94,49,35,35,35,35,0,0],"gold":74,"neow_bonus":"RANDOM_COMMON_RELIC","is_daily":false,"chose_seed":false,"campfire_upgraded":3,"win_rate":0.0,"timestamp":1610479863,"path_taken":["M","?","?","M","?","R","E","R","T","M","M","M","M","?","R","BOSS","M","M","?","M","M","R","M","R","T","?","?","M","COS","M","R","BOSS","M","?","?","M","COS","E"],"items_purchased_type":[],"build_version":"2020-12-22","purchased_purges":0,"victory":false,"max_hp_per_floor":[75,75,75,75,89,89,89,89,89,89,89,89,89,89,89,89,89,89,94,94,94,94,94,94,94,94,94,94,94,94,94,94,94,94,94,94,94,94,94,94,94],"relic_stats":{"Nunchaku":[21],"Happy Flower":[38],"counters":[21,115],"Letter Opener":[127],"obtain_stats":[{"Nunchaku":7,"APieceOfRedMist":17,"HornCleat":26,"Happy Flower":0,"Mango":5,"Letter Opener":14,"ScarletEmblem":34,"ScarletHat":0},{"Nunchaku":3,"APieceOfRedMist":8,"HornCleat":13,"Happy Flower":0,"Mango":2,"Letter Opener":7,"ScarletEmblem":17,"ScarletHat":0},{"Nunchaku":19,"APieceOfRedMist":46,"HornCleat":73,"Happy Flower":0,"Mango":8,"Letter Opener":35,"ScarletEmblem":97,"ScarletHat":0}]},"card_choices":[{"not_picked":["MastersStateliness","EternalNight"],"picked":"ScarletImprint","floor":1},{"not_picked":["MastersStateliness","RedRainbow"],"picked":"UnderTheZenith","floor":4},{"not_picked":["RedRainbow","BatForm"],"picked":"DevilSight","floor":7},{"not_picked":["VampireFantasy","BloodHunter"],"picked":"MastersStateliness","floor":10},{"not_picked":["BloodHunter","UnstableMagic"],"picked":"HunterOfTheNight","floor":11},{"not_picked":["TwelveNightmare","UltimateOffering"],"picked":"Stigmanizer","floor":12},{"not_picked":["UnderTheZenith","ReincarnationDial"],"picked":"EndlessAdversity","floor":13},{"not_picked":["CeilingFear","EquivalentExchange"],"picked":"TransientEternity","floor":16},{"not_picked":["FavorOfDestiny","EndlessAdversity"],"picked":"BloodAndWine","floor":18},{"not_picked":["FavorOfDestiny","BlasphemousPunishment"],"picked":"NightLord+1","floor":19},{"not_picked":["BlasphemousPunishment","FavorOfDestiny"],"picked":"CharismaGuard+1","floor":21},{"not_picked":["BloodHunter","ReincarnationDial"],"picked":"RedRainbow","floor":22},{"not_picked":["BloodyTrap","RedRainbow"],"picked":"UnstableMagic+1","floor":24},{"not_picked":["ScarletGensokyo","RedRainbow","CharismaGuard"],"picked":"SKIP","floor":27},{"not_picked":["NightLord","DiffusionOfMisfortune+1"],"picked":"LeisurelyOfLord","floor":29},{"not_picked":["UnstableMagic","Stigmanizer"],"picked":"DiffusionOfMisfortune","floor":31},{"not_picked":["BatForm","BloodRain"],"picked":"ForecastOfChange","floor":33},{"not_picked":["HunterOfTheNight+1","ScarletDevilSign+1"],"picked":"EternalNight+1","floor":35},{"not_picked":["Gensokyo:RainbowDanmaku","Gensokyo:UnlikelyAid"],"picked":"Gensokyo:LifeSpringInfinity","floor":37},{"not_picked":["CurseOfVladTepes","TransientEternity"],"picked":"BloodRain","floor":38},{"not_picked":["EndlessAdversity+1","CharismaGuard"],"picked":"RedRainbow","floor":38}],"player_experience":179066,"relics_obtained":[{"floor":7,"key":"Nunchaku"},{"floor":26,"key":"HornCleat"}],"event_choices":[],"is_beta":false,"boss_relics":[{"not_picked":["Tiny House","Fusion Hammer"],"picked":"APieceOfRedMist"},{"not_picked":["Astrolabe","Philosopher\u0027s Stone"],"picked":"ScarletEmblem"}],"items_purged_floors":[],"is_endless":false,"potions_floor_spawned":[7,10,13,19,22,24,31],"killed_by":"Gensokyo:Marisa","ascension_level":0}}