{"host":"ldbx2jhnvtia1ouf","time":1610479272,"event":{"mods":["BaseMod","Better Note","Better Sensory Stone","Better Skull","Better Third Choice","Block Reminder","Colored Map","Colored Powertips","Curses Come First","Highlight Path","Minty Spire (QoL Compilation)","Permanent Neow","Spicy Shops","StSLib","Transform Curses","Unceasing Turn Reminder"],"gold_per_floor":[11,21,241,260,260,260,271,291,291,261,261,278,278,305,305,410,410,422,437,437,456,456,456,456,456],"floor_reached":24,"playtime":1799,"items_purged":[],"score":198,"play_id":"524aa153-9d4b-4d6a-82c8-ac4d7751d7e3","local_time":"20210113052112","is_ascension_mode":false,"campfire_choices":[{"floor":6.0,"key":"REST"},{"data":"Eruption","floor":11.0,"key":"SMITH"},{"floor":13.0,"key":"REST"},{"data":"Crescendo","floor":15.0,"key":"SMITH"},{"floor":23,"key":"REST"}],"circlet_count":0,"master_deck":["Strike_P","Strike_P","Defend_P","Defend_P","Eruption+1","Vigilance","Nirvana","ThirdEye","ThirdEye","ThirdEye","Weave","Burn","Crescendo+1","Ragnarok","DeceiveReality","DeusExMachina","Fasting2+1","Perseverance","Venomology+1","Scrawl","EmptyMind","Halt"],"relics":["PureWater","Bag of Preparation","Calipers","Thread and Needle","Fusion Hammer"],"acts_visited":["Exordium","TheCity"],"potions_floor_usage":[16,16,16,21,24,24],"damage_taken":[{"damage":0.0,"enemies":"Jaw Worm","floor":1.0,"turns":5.0},{"damage":0.0,"enemies":"Cultist","floor":2.0,"turns":4.0},{"damage":1.0,"enemies":"2 Louse","floor":4.0,"turns":3.0},{"damage":7.0,"enemies":"Looter","floor":7.0,"turns":4.0},{"damage":4.0,"enemies":"Lots of Slimes","floor":8.0,"turns":6.0},{"damage":0.0,"enemies":"3 Louse","floor":12.0,"turns":4.0},{"damage":3.0,"enemies":"3 Sentries","floor":14.0,"turns":5.0},{"damage":29,"enemies":"Hexaghost","floor":16,"turns":13},{"damage":5,"enemies":"3 Byrds","floor":18,"turns":6},{"damage":2,"enemies":"Shell Parasite","floor":19,"turns":5},{"damage":55,"enemies":"Cultist and Chosen","floor":21,"turns":8},{"damage":40,"enemies":"Book of Stabbing","floor":24,"turns":1}],"seed_played":"-8513098439438446948","potions_obtained":[{"floor":4.0,"key":"Fire Potion"},{"floor":10.0,"key":"Ambrosia"},{"floor":10.0,"key":"SteroidPotion"},{"floor":12.0,"key":"Ambrosia"},{"floor":14.0,"key":"StancePotion"},{"floor":18,"key":"StancePotion"}],"is_trial":false,"path_per_floor":["M","M","?","M","?","R","M","M","T","?","R","M","R","E","R","B",null,"M","M","?","M","?","R","E"],"character_chosen":"WATCHER","items_purchased":[],"campfire_rested":3,"item_purchase_floors":[],"current_hp_per_floor":[72,72,45,44,44,65,58,54,54,54,54,54,72,69,69,40,72,67,65,65,19,19,40,0,0],"gold":456,"neow_bonus":"TRANSFORM_TWO_CARDS","is_daily":false,"chose_seed":false,"campfire_upgraded":2,"win_rate":0.0,"timestamp":1610479272,"path_taken":["M","M","?","?","?","R","M","M","T","?","R","?","R","E","R","BOSS","M","?","?","M","?","R","E"],"items_purchased_type":[],"build_version":"2020-12-22","purchased_purges":0,"victory":false,"max_hp_per_floor":[72,72,72,72,72,72,72,72,72,72,72,72,72,72,72,72,72,72,72,72,72,72,72,72,72],"card_choices":[{"not_picked":["Evaluate","Protect"],"picked":"ThirdEye","floor":1.0},{"not_picked":["CrushJoints","SignatureMove"],"picked":"ThirdEye","floor":2.0},{"not_picked":["Sanctity","ThirdEye"],"picked":"Weave","floor":4.0},{"not_picked":["FollowUp","EmptyBody"],"picked":"Crescendo","floor":7.0},{"not_picked":["BowlingBash","PathToVictory","Wallop"],"picked":"SKIP","floor":8.0},{"not_picked":["Indignation","Evaluate"],"picked":"Ragnarok","floor":12.0},{"not_picked":["FollowUp","PathToVictory"],"picked":"DeceiveReality","floor":14.0},{"not_picked":["Vault","Judgement"],"picked":"DeusExMachina","floor":16},{"not_picked":["BowlingBash","SignatureMove+1"],"picked":"Fasting2+1","floor":18},{"not_picked":["EmptyBody","FlyingSleeves+1"],"picked":"Perseverance","floor":19},{"not_picked":["JustLucky","DeceiveReality+1"],"picked":"Scrawl","floor":21}],"player_experience":124951,"relics_obtained":[{"floor":9.0,"key":"Calipers"},{"floor":14.0,"key":"Thread and Needle"}],"event_choices":[{"damage_healed":0.0,"max_hp_gain":0.0,"max_hp_loss":0.0,"gold_gain":220.0,"event_name":"betterSkull:BetterSkull","player_choice":"GO GO RE ","floor":3.0,"gold_loss":0.0,"damage_taken":31.0,"cards_upgraded":[],"relics_obtained":["Bag of Preparation"]},{"damage_healed":44.0,"max_hp_gain":0.0,"max_hp_loss":72.0,"gold_gain":0.0,"event_name":"betterThird:BetterShining","player_choice":"Embrace Burn","floor":5.0,"gold_loss":0.0,"damage_taken":0.0},{"damage_healed":0.0,"max_hp_gain":0.0,"max_hp_loss":0.0,"gold_gain":0.0,"event_name":"The Woman in Blue","player_choice":"Bought 2 Potions","floor":10.0,"gold_loss":0.0,"damage_taken":0.0},{"cards_removed":["Perseverance"],"damage_healed":0,"gold_gain":0,"player_choice":"Take \u0026 Give","damage_taken":0,"max_hp_gain":0,"max_hp_loss":0,"event_name":"betterNote:BetterNote","floor":20,"gold_loss":0,"cards_obtained":["Venomology"]},{"damage_healed":0,"gold_gain":0,"cards_transformed":["Strike_P","Defend_P"],"player_choice":"Became Test Subject","damage_taken":0,"max_hp_gain":0,"max_hp_loss":0,"event_name":"Drug Dealer","floor":22,"gold_loss":0,"cards_obtained":["EmptyMind","Halt"]}],"is_beta":false,"boss_relics":[{"not_picked":["Cursed Key","Ectoplasm"],"picked":"Fusion Hammer"}],"items_purged_floors":[],"is_endless":false,"potions_floor_spawned":[4,12,14,18],"killed_by":"Book of Stabbing","ascension_level":0}}