{"host":"7c402rm0fqc13zvz","time":1610483146,"event":{"mods":["BaseMod","Marisa（F雨　魔理沙）","Minty Spire (QoL Compilation)","Reimu（博丽灵梦）","StSLib","The Administrix","Youmu（魂魄妖梦）","[功能]功能增强和修复MOD"],"gold_per_floor":[110,128,148,103,103,107,107,102,178,173,169,169,159,173,173,270,270,290,290,290,285,297,297,312,312,312,312,312,312,329,329,329,426,426,437,417,434,445,457,490,503,534,534,534,584,617,617,633,633,633],"floor_reached":51,"language":"ZHS","playtime":1711,"items_purged":["Defend_B","Defend_B","Strike_B","Strike_B","Strike_B","Strike_B","Defend_B","Defend_B","Dualcast","Poor:ReiMu","Zap","Rebound+1","Streamline+1","Melter","Rainbow","Turbo"],"score":1048,"play_id":"2f71e3e6-198e-4599-8321-f61af095fabe","local_time":"20210113042546","is_ascension_mode":true,"campfire_choices":[{"data":"Skim","floor":7,"key":"SMITH"},{"data":"Go for the Eyes","floor":12,"key":"SMITH"},{"data":"Gash","floor":15,"key":"SMITH"},{"data":"Scrape","floor":23,"key":"SMITH"},{"data":"J.A.X.","floor":25,"key":"SMITH"},{"data":"White Noise","floor":27,"key":"SMITH"},{"data":"Double Energy","floor":32,"key":"SMITH"},{"data":"Reprogram","floor":44,"key":"SMITH"},{"data":"White Noise","floor":47,"key":"SMITH"},{"data":"Skim","floor":49,"key":"SMITH"}],"circlet_count":0,"master_deck":["Beam Cell+1","Conserve Battery","Fission","Skim+1","Go for the Eyes+1","Gash+1","White Noise+1","Gash+1","J.A.X.+1","Gash","Scrape+1","Double Energy+1","Conserve Battery","Reprogram+1","Skim+1","Gash+1","Chill+1","White Noise+1"],"relics":["Cracked Core","Tea:ReiMu","TungstenRod","YidongShenshe:ReiMu","Whetstone","Mummified Hand","Pen Nib","TentaclePot:ReiMu","Coffee Dripper","Nilry\u0027s Codex","Orichalcum","Bottled Flame","Orrery","Mercury Hourglass","Bronze Scales","HandDrill","NlothsMask","Nloth\u0027s Gift","Black Star","Torii","Prayer Wheel","Boot","Bag of Preparation","White Beast Statue","Pocketwatch","Toy Ornithopter","Vajra"],"acts_visited":["Exordium","TheCity","TheBeyond"],"potions_floor_usage":[8,16,16,16,33,33,35,38,40,40,46,50,50,50,50,50],"damage_taken":[{"damage":0,"enemies":"Cultist","floor":1,"turns":4},{"damage":0,"enemies":"Small Slimes","floor":2,"turns":2},{"damage":7,"enemies":"2 Louse","floor":3,"turns":3},{"damage":9,"enemies":"Gremlin Nob","floor":6,"turns":3},{"damage":4,"enemies":"Gremlin Gang","floor":8,"turns":4},{"damage":4,"enemies":"2 Fungi Beasts","floor":10,"turns":2},{"damage":0,"enemies":"Looter","floor":11,"turns":2},{"damage":0,"enemies":"Large Slime","floor":14,"turns":3},{"damage":12,"enemies":"The Guardian","floor":16,"turns":3},{"damage":6,"enemies":"Shell Parasite","floor":18,"turns":2},{"damage":2,"enemies":"Chosen","floor":22,"turns":2},{"damage":2,"enemies":"Snake Plant","floor":24,"turns":2},{"damage":2,"enemies":"Centurion and Healer","floor":30,"turns":2},{"damage":19,"enemies":"Champ","floor":33,"turns":4},{"damage":17,"enemies":"3 Shapes","floor":35,"turns":3},{"damage":4,"enemies":"3 Darklings","floor":37,"turns":2},{"damage":20,"enemies":"Writhing Mass","floor":38,"turns":3},{"damage":0,"enemies":"4 Shapes","floor":39,"turns":3},{"damage":10,"enemies":"Reptomancer","floor":40,"turns":2},{"damage":2,"enemies":"Jaw Worm Horde","floor":41,"turns":2},{"damage":2,"enemies":"Giant Head","floor":42,"turns":2},{"damage":4,"enemies":"Mind Bloom Boss Battle","floor":45,"turns":2},{"damage":2,"enemies":"Nemesis","floor":46,"turns":1},{"damage":4,"enemies":"Transient","floor":48,"turns":4},{"damage":6,"enemies":"Awakened One","floor":50,"turns":4}],"seed_played":"-6292827852347038960","potions_obtained":[{"floor":2,"key":"CultistPotion"},{"floor":6,"key":"Regen Potion"},{"floor":6,"key":"Strength Potion"},{"floor":8,"key":"BlessingOfTheForge"},{"floor":16,"key":"Fruit Juice"},{"floor":18,"key":"ColorlessPotion"},{"floor":24,"key":"FearPotion"},{"floor":24,"key":"Strength Potion"},{"floor":33,"key":"GamblersBrew"},{"floor":35,"key":"Energy Potion"},{"floor":38,"key":"SkillPotion"},{"floor":39,"key":"FearPotion"},{"floor":40,"key":"Swift Potion"},{"floor":41,"key":"EntropicBrew"},{"floor":46,"key":"Strength Potion"}],"is_trial":false,"path_per_floor":["M","M","M","$","?","E","R","M","T","M","M","R","$","M","R","B",null,"M","?","?","$","M","R","M","R","T","R","$","?","M","?","R","B",null,"M","$","M","M","M","E","M","E","T","R","?","E","R","M","R","B",null],"character_chosen":"DEFECT","items_purchased":["Tea:ReiMu","TungstenRod","Fission","Gash","White Noise","Mummified Hand","Pen Nib","TentaclePot:ReiMu","Orichalcum","Bottled Flame","Orrery","Bronze Scales","HandDrill","Double Energy","Torii","Skim","Regen Potion"],"campfire_rested":0,"item_purchase_floors":[4,4,4,13,13,13,13,13,21,21,21,28,28,28,36,36,36],"current_hp_per_floor":[75,75,68,68,68,59,59,64,64,60,60,60,60,60,60,53,80,74,74,62,62,60,60,58,58,58,58,58,58,56,56,56,37,80,63,63,59,48,48,38,36,34,34,34,30,28,28,24,24,43],"gold":633,"neow_bonus":"THREE_CARDS","is_daily":false,"chose_seed":false,"campfire_upgraded":10,"win_rate":0.0,"timestamp":1610483146,"path_taken":["M","M","M","$","?","E","R","M","T","M","M","R","$","M","R","BOSS","M","?","?","$","M","R","M","R","T","R","$","?","?","?","R","BOSS","M","$","M","M","M","E","?","E","T","R","?","E","R","M","R","BOSS"],"items_purchased_type":["Relic","Relic","Card","Card","Card","Relic","Relic","Relic","Relic","Relic","Relic","Relic","Relic","Card","Relic","Card","Potion"],"build_version":"2020-12-22","purchased_purges":16,"victory":true,"max_hp_per_floor":[75,75,75,75,75,75,75,75,75,75,75,75,75,75,75,80,80,80,80,80,80,80,80,80,80,80,80,80,80,80,80,80,80,80,80,80,80,80,80,80,80,80,80,80,80,80,80,80,80,80],"card_choices":[{"not_picked":["Sweeping Beam","Ball Lightning"],"picked":"Beam Cell","floor":0},{"not_picked":["Ball Lightning","Streamline","Coolheaded"],"picked":"SKIP","floor":1},{"not_picked":["Self Repair","Hologram"],"picked":"Conserve Battery","floor":2},{"not_picked":["Turbo","Defragment"],"picked":"Rebound","floor":3},{"not_picked":["Reinforced Body","Lockon"],"picked":"Skim","floor":6},{"not_picked":["Hologram","FTL","Redo"],"picked":"SKIP","floor":8},{"not_picked":["BootSequence","Fission"],"picked":"Go for the Eyes","floor":10},{"not_picked":["Heatsinks","Self Repair","Go for the Eyes"],"picked":"SKIP","floor":11},{"not_picked":["Hologram","Redo"],"picked":"Melter","floor":14},{"not_picked":["Fission","Creative AI"],"picked":"Rainbow","floor":16},{"not_picked":["Sweeping Beam","Hologram"],"picked":"Gash+1","floor":18},{"not_picked":["Streamline+1","Buffer"],"picked":"Gash","floor":21},{"not_picked":["Sweeping Beam","Streamline"],"picked":"Scrape","floor":21},{"not_picked":["Steam+1","White Noise"],"picked":"Streamline+1","floor":22},{"not_picked":["Lockon","Redo+1"],"picked":"Turbo","floor":24},{"not_picked":["Consume","Barrage"],"picked":"Conserve Battery","floor":30},{"not_picked":["Compile Driver","Beam Cell+1"],"picked":"Reprogram","floor":35},{"not_picked":["Undo+1","Stack","Capacitor"],"picked":"SKIP","floor":37},{"not_picked":["Rebound","Reinforced Body","Blizzard+1"],"picked":"SKIP","floor":38},{"not_picked":["Streamline","Fusion"],"picked":"Gash+1","floor":39},{"not_picked":["Rainbow","Blizzard"],"picked":"Chill+1","floor":40},{"not_picked":["Leap","Ball Lightning","Consume"],"picked":"SKIP","floor":41},{"not_picked":["Capacitor","Go for the Eyes","Double Energy+1"],"picked":"SKIP","floor":41},{"not_picked":["Fission","Compile Driver+1","Auto Shields"],"picked":"SKIP","floor":42},{"not_picked":["Creative AI","Undo+1"],"picked":"White Noise","floor":46},{"not_picked":["Hologram","Cold Snap+1","Melter"],"picked":"SKIP","floor":48},{"not_picked":["Skim","Chaos+1","Go for the Eyes+1"],"picked":"SKIP","floor":48}],"player_experience":60903,"relics_obtained":[{"floor":6,"key":"Whetstone"},{"floor":9,"key":"Bottled Lightning"},{"floor":20,"key":"Nilry\u0027s Codex"},{"floor":26,"key":"Mercury Hourglass"},{"floor":40,"key":"Prayer Wheel"},{"floor":40,"key":"Boot"},{"floor":42,"key":"Bag of Preparation"},{"floor":42,"key":"White Beast Statue"},{"floor":45,"key":"Pocketwatch"},{"floor":46,"key":"Toy Ornithopter"},{"floor":46,"key":"Vajra"}],"event_choices":[{"damage_healed":0,"gold_gain":0,"player_choice":"带走神社","damage_taken":0,"relics_obtained":["YidongShenshe:ReiMu"],"max_hp_gain":0,"max_hp_loss":0,"event_name":"yidonshenshe","floor":5,"gold_loss":0,"cards_obtained":["Poor:ReiMu"]},{"damage_healed":0,"gold_gain":0,"player_choice":"Obtain J.A.X.","damage_taken":0,"max_hp_gain":0,"max_hp_loss":0,"event_name":"Drug Dealer","floor":19,"gold_loss":0,"cards_obtained":["J.A.X."]},{"damage_healed":0,"gold_gain":0,"player_choice":"Obtained Book","damage_taken":16,"max_hp_gain":0,"max_hp_loss":0,"event_name":"Cursed Tome","floor":20,"gold_loss":0},{"damage_healed":0,"gold_gain":0,"player_choice":"Trade","damage_taken":0,"relics_obtained":["NlothsMask"],"max_hp_gain":0,"max_hp_loss":0,"event_name":"FaceTrader","floor":29,"gold_loss":0},{"damage_healed":0,"gold_gain":0,"player_choice":"Traded Relic","damage_taken":0,"relics_obtained":["Nloth\u0027s Gift"],"max_hp_gain":0,"max_hp_loss":0,"event_name":"N\u0027loth","floor":31,"relics_lost":["Bottled Lightning"],"gold_loss":0},{"damage_healed":0,"gold_gain":0,"player_choice":"Fight","damage_taken":0,"max_hp_gain":0,"max_hp_loss":0,"event_name":"MindBloom","floor":45,"gold_loss":0}],"is_beta":false,"boss_relics":[{"not_picked":["Runic Pyramid","RedLine:ReiMu"],"picked":"Coffee Dripper"},{"not_picked":["Inserter","Fusion Hammer"],"picked":"Black Star"}],"items_purged_floors":[4,4,4,4,4,4,4,4,4,13,13,21,36,36,36,36],"is_endless":false,"potions_floor_spawned":[2,6,6,6,8,11,16,18,24,24,30,33,35,38,39,39,39,40,41,45,46,46,48],"ascension_level":2}}