{"host":"b995t17pt6d05w8c","time":1610436231,"event":{"mods":["AchievementEnabler","BaseMod","Colored Map","Minty Spire (QoL Compilation)","SuperFastMode"],"gold_per_floor":[109,109,109,59,69,69,83,162,210,229,3,3,64,139,139,215,215,233,233,79,79,79,79,113,113,113,129,129,139,5,20,20,20,20],"floor_reached":33,"playtime":704,"items_purged":["Strike_B","Strike_B+1"],"score":455,"play_id":"b1c13529-5a69-491b-a0f7-5d50e04350a0","local_time":"20210112162351","is_ascension_mode":true,"campfire_choices":[{"data":"Zap","floor":6.0,"key":"SMITH"},{"data":"Heatsinks","floor":12.0,"key":"SMITH"},{"floor":15.0,"key":"REST"},{"data":"Defragment","floor":23.0,"key":"SMITH"},{"data":"Loop","floor":25,"key":"SMITH"},{"data":"Amplify","floor":28,"key":"SMITH"},{"floor":32,"key":"REST"}],"circlet_count":0,"master_deck":["AscendersBane","Strike_B+1","Defend_B+1","Defend_B","Defend_B","Defend_B","Zap+1","Dualcast","Ball Lightning+1","Streamline","Heatsinks+1","Capacitor","Loop+1","Amplify+1","Defragment+1","Glacier","Chill","Undo+1","Reinforced Body","Defragment"],"relics":["Cracked Core","Lizard Tail","Bronze Scales","Blue Candle","Whetstone","OrangePellets","Mummified Hand","Philosopher\u0027s Stone","Lantern","Blood Vial"],"acts_visited":["Exordium","TheCity"],"potions_floor_usage":[24,33],"damage_taken":[{"damage":13.0,"enemies":"Jaw Worm","floor":1.0,"turns":4.0},{"damage":0.0,"enemies":"2 Louse","floor":5.0,"turns":2.0},{"damage":0.0,"enemies":"Small Slimes","floor":7.0,"turns":2.0},{"damage":0.0,"enemies":"2 Fungi Beasts","floor":10.0,"turns":3.0},{"damage":16.0,"enemies":"Gremlin Nob","floor":13.0,"turns":3.0},{"damage":15.0,"enemies":"Hexaghost","floor":16.0,"turns":8.0},{"damage":11.0,"enemies":"Shell Parasite","floor":18.0,"turns":4.0},{"damage":0,"enemies":"Gremlin Leader","floor":24,"turns":8},{"damage":20,"enemies":"3 Byrds","floor":27,"turns":3},{"damage":28,"enemies":"Snake Plant","floor":29,"turns":3},{"damage":0,"enemies":"Centurion and Healer","floor":31,"turns":6},{"damage":33,"enemies":"Automaton","floor":33,"turns":12}],"seed_played":"-1580784229395490801","potions_obtained":[{"floor":1.0,"key":"Explosive Potion"},{"floor":7.0,"key":"FearPotion"},{"floor":24,"key":"Ancient Potion"},{"floor":29,"key":"Energy Potion"}],"is_trial":false,"path_per_floor":["M","?","?","?","M","R","M","T","T","M","$","R","?","?","R","B",null,"M","?","$","?","?","R","E","R","T","M","R","M","$","M","R","B"],"character_chosen":"DEFECT","items_purchased":["Capacitor","OrangePellets","Defragment","Defragment"],"campfire_rested":2,"item_purchase_floors":[11,11,20,30],"current_hp_per_floor":[37,22,37,37,37,37,37,37,37,37,37,37,21,10,32,17,61,50,50,50,50,50,50,50,50,50,32,32,6,6,8,30,0,0],"gold":20,"neow_bonus":"ONE_RARE_RELIC","is_daily":false,"chose_seed":false,"campfire_upgraded":5,"win_rate":0.0,"timestamp":1610436231,"path_taken":["M","?","?","?","M","R","M","?","T","M","?","R","?","?","R","BOSS","M","?","$","?","?","R","E","R","T","M","R","M","$","?","R","BOSS"],"items_purchased_type":["Card","Relic","Card","Card"],"build_version":"2020-12-22","purchased_purges":2,"victory":false,"max_hp_per_floor":[75,75,75,75,75,75,75,75,75,75,75,75,75,75,75,75,75,75,75,75,75,75,75,75,75,75,75,75,75,75,75,75,75,75],"card_choices":[{"not_picked":["Leap","Gash"],"picked":"Ball Lightning","floor":1.0},{"not_picked":["Storm","Leap"],"picked":"Streamline","floor":5.0},{"not_picked":["Rip and Tear","Turbo","Leap"],"picked":"SKIP","floor":7.0},{"not_picked":["Turbo","Leap"],"picked":"Heatsinks","floor":10.0},{"not_picked":["Cold Snap","Compile Driver"],"picked":"Loop","floor":13.0},{"not_picked":["Reboot","Thunder Strike"],"picked":"Amplify","floor":16.0},{"not_picked":["Go for the Eyes","Steam Power","Gash"],"picked":"SKIP","floor":18.0},{"not_picked":["Redo","Steam+1"],"picked":"Undo+1","floor":24},{"not_picked":["Streamline","Reprogram","Cold Snap"],"picked":"SKIP","floor":27},{"not_picked":["Barrage","Lockon"],"picked":"Reinforced Body","floor":29},{"not_picked":["Beam Cell","Barrage","All For One"],"picked":"SKIP","floor":31}],"player_experience":104153,"relics_obtained":[{"floor":8.0,"key":"Blue Candle"},{"floor":9.0,"key":"Whetstone"},{"floor":13.0,"key":"Mummified Hand"},{"floor":24,"key":"Lantern"},{"floor":26,"key":"Blood Vial"}],"event_choices":[{"damage_healed":0.0,"max_hp_gain":0.0,"max_hp_loss":0.0,"gold_gain":0.0,"event_name":"Shining Light","player_choice":"Entered Light","floor":2.0,"gold_loss":0.0,"damage_taken":15.0,"cards_upgraded":["Strike_B","Defend_B"]},{"damage_healed":0.0,"max_hp_gain":0.0,"max_hp_loss":0.0,"gold_gain":0.0,"event_name":"Scrap Ooze","player_choice":"Success","floor":3.0,"gold_loss":0.0,"damage_taken":25.0,"relics_obtained":["Bronze Scales"]},{"cards_removed":["Strike_B"],"damage_healed":0.0,"max_hp_gain":0.0,"max_hp_loss":0.0,"gold_gain":0.0,"event_name":"The Cleric","player_choice":"Card Removal","floor":4.0,"gold_loss":50.0,"damage_taken":0.0},{"damage_healed":0.0,"max_hp_gain":0.0,"max_hp_loss":0.0,"gold_gain":0.0,"event_name":"Dead Adventurer","player_choice":"Searched \u00271\u0027 times","floor":13.0,"gold_loss":0.0,"damage_taken":0.0},{"damage_healed":0.0,"max_hp_gain":0.0,"max_hp_loss":0.0,"gold_gain":75.0,"event_name":"World of Goop","player_choice":"Gather Gold","floor":14.0,"gold_loss":0.0,"damage_taken":11.0},{"damage_healed":0.0,"max_hp_gain":0.0,"max_hp_loss":0.0,"gold_gain":0.0,"event_name":"Ghosts","player_choice":"Ignored","floor":19.0,"gold_loss":0.0,"damage_taken":0.0},{"damage_healed":0.0,"max_hp_gain":0.0,"max_hp_loss":0.0,"gold_gain":0.0,"event_name":"The Library","player_choice":"Read","floor":21.0,"gold_loss":0.0,"damage_taken":0.0,"cards_obtained":["Glacier"]},{"damage_healed":0.0,"max_hp_gain":0.0,"max_hp_loss":0.0,"gold_gain":0.0,"event_name":"Match and Keep!","player_choice":"1 cards matched","floor":22.0,"gold_loss":0.0,"damage_taken":0.0,"cards_obtained":["Chill"]}],"is_beta":false,"boss_relics":[{"not_picked":["FrozenCore","SacredBark"],"picked":"Philosopher\u0027s Stone"}],"items_purged_floors":[20,30],"is_endless":false,"potions_floor_spawned":[1,7,24,29],"killed_by":"Automaton","ascension_level":13}}