{"host":"cwd5s03r1oaxs6mx","time":1610457202,"event":{"mods":["Act Like it!","BaseMod","Better Third Choice","BetterRewards","CapriCore","Card Filter","Colored Map","Custom Start","DeckTracker","Friendly Minions","Hubris","Infinite Spire","Marisa£¨Ùöéë¡¡Øª×âÞÞ£©","Minty Spire (QoL Compilation)","Quick Restart","Relic Stats","Shop Mod","Spicy Shops","StSLib","SuperFastMode"],"gold_per_floor":[119,119,40,50,50,50,82,82,82,82,82],"floor_reached":10,"playtime":177,"items_purged":["Strike_B"],"score":128,"play_id":"37b5fa9d-60e6-46b5-818c-e8bf68db228a","local_time":"20210112221322","is_ascension_mode":true,"campfire_choices":[{"data":"Panacea","floor":6.0,"key":"SMITH"},{"data":"Lockon","floor":8.0,"key":"SMITH"}],"circlet_count":0,"master_deck":["AscendersBane","Strike_B","Strike_B","Defend_B","Defend_B","Defend_B","Defend_B","Zap","Dualcast","Biased Cognition","Lockon+1","Panacea+1","Defragment"],"relics":["Cracked Core","Runic Capacitor","hubris:64BitClover","hubris:TenFootPole"],"acts_visited":["Exordium"],"potions_floor_usage":[],"damage_taken":[{"damage":7.0,"enemies":"Jaw Worm","floor":1.0,"turns":2.0},{"damage":8.0,"enemies":"Small Slimes","floor":4.0,"turns":2.0},{"damage":20.0,"enemies":"Lagavulin","floor":7.0,"turns":6.0},{"damage":30,"enemies":"Gremlin Nob","floor":10,"turns":3}],"seed_played":"2690049967614047645","potions_obtained":[{"floor":7.0,"key":"PotionOfCapacity"}],"is_trial":false,"path_per_floor":["M","?","$","M","?","R","E","R","T","E"],"character_chosen":"DEFECT","items_purchased":["Biased Cognition","Lockon","Runic Capacitor","Panacea","Defragment"],"campfire_rested":0,"item_purchase_floors":[0,0,0,0,3],"current_hp_per_floor":[57,57,57,49,49,49,29,29,29,0,0],"gold":82,"neow_bonus":"","is_daily":false,"chose_seed":false,"campfire_upgraded":2,"win_rate":0.0,"timestamp":1610457202,"path_taken":["M","?","$","M","?","R","E","R","T","E"],"items_purchased_type":["Card","Card","Relic","Card","Card"],"build_version":"2020-12-22","purchased_purges":1,"victory":false,"max_hp_per_floor":[71,71,71,71,71,71,71,71,71,71,71],"relic_stats":{"counters":[169,624],"obtain_stats":[{"Ice Cream":40,"hubris:BallOfYels":0,"infinitespire:BottledMercury":0,"Calipers":54,"Gremlin Horn":9,"hubris:VirtuousBlindfold":17,"infinitespire:Cubic Diamond":3,"Runic Capacitor":0,"Whetstone":6,"hubris:MysteriousPyramids":40,"Boot":25,"Sozu":34,"Centennial Puzzle":6,"infinitespire:ShieldingShard":26,"DollysMirror":0,"Strawberry":46,"MealTicket":10,"Kunai":0,"Toxic Egg 2":0,"hubris:RGBLights":47,"hubris:MobiusCoin":12,"Girya":8,"MerchantsRug":54,"Happy Flower":8,"Blue Candle":55,"Oddly Smooth Stone":8,"hubris:HollowSoul":17,"Pen Nib":55,"infinitespire:Beetle Shell":5,"Letter Opener":0,"War Paint":26,"Question Card":23,"Akabeko":40,"Cables":23,"hubris:Zylophone":4,"Du-Vu Doll":43,"Shuriken":0,"Bird Faced Urn":41,"Molten Egg 2":0,"hubris:PeanutButter":55,"infinitespire:EmpoweringShard":30,"hubris:TenFootPole":7,"Symbiotic Virus":0,"infinitespire:PuzzleCube":55,"Meat on the Bone":28,"Lantern":43,"Torii":42,"Incense Burner":27,"Bag of Preparation":44,"Smiling Mask":0,"Ancient Tea Set":13,"Empty Cage":29,"hubris:BlackHole":34,"Nunchaku":28,"Emotion Chip":0,"hubris:Icosahedron":7,"Pantograph":54,"Gambling Chip":30,"hubris:ScarierMask":17,"Tiny Chest":26,"Chemical X":31,"infinitespire:Eraser":11,"Cracked Core":0,"InkBottle":26,"Runic Pyramid":17,"Lee\u0027s Waffle":13,"hubris:64BitClover":5,"infinitespire:Joker Card":3,"The Courier":8,"infinitespire:CheckeredPen":9,"Orichalcum":26,"Frozen Egg 2":44,"Odd Mushroom":10,"Medical Kit":0,"Nuclear Battery":34,"Anchor":54,"infinitespire:DarkRift":3,"DataDisk":20,"Busted Crown":34,"Ornamental Fan":11,"infinitespire:Satchel":28,"Turnip":0,"hubris:BundleOfHerbs":7,"Bag of Marbles":13,"Art of War":10,"Membership Card":0,"Bottled Lightning":9,"hubris:CrackedHourglass":17,"hubris:OldNail":6,"hubris:Potato":0,"TungstenRod":41,"hubris:NiceRug":0,"infinitespire:Freezer":11,"infinitespire:Midas Blood":14},{"Ice Cream":129,"hubris:BallOfYels":14,"infinitespire:BottledMercury":78,"Calipers":76,"Gremlin Horn":82,"hubris:VirtuousBlindfold":10,"infinitespire:Cubic Diamond":80,"Runic Capacitor":22,"Whetstone":141,"hubris:MysteriousPyramids":39,"Boot":62,"Sozu":37,"Centennial Puzzle":20,"infinitespire:ShieldingShard":122,"DollysMirror":111,"Strawberry":133,"MealTicket":53,"Kunai":78,"Toxic Egg 2":46,"hubris:RGBLights":73,"hubris:MobiusCoin":7,"Girya":21,"MerchantsRug":76,"Happy Flower":52,"Blue Candle":77,"Oddly Smooth Stone":5,"hubris:HollowSoul":86,"Pen Nib":110,"infinitespire:Beetle Shell":113,"Letter Opener":78,"War Paint":35,"Question Card":61,"Akabeko":101,"Cables":91,"hubris:Zylophone":25,"Du-Vu Doll":132,"Shuriken":46,"Bird Faced Urn":131,"Molten Egg 2":46,"hubris:PeanutButter":136,"infinitespire:EmpoweringShard":65,"hubris:TenFootPole":168,"Symbiotic Virus":137,"infinitespire:PuzzleCube":45,"Meat on the Bone":123,"Lantern":40,"Torii":132,"Incense Burner":63,"Bag of Preparation":133,"Smiling Mask":0,"Ancient Tea Set":27,"Empty Cage":64,"hubris:BlackHole":126,"Nunchaku":14,"Emotion Chip":111,"hubris:Icosahedron":4,"Pantograph":76,"Gambling Chip":94,"hubris:ScarierMask":118,"Tiny Chest":92,"Chemical X":36,"infinitespire:Eraser":21,"Cracked Core":0,"InkBottle":13,"Runic Pyramid":57,"Lee\u0027s Waffle":145,"hubris:64BitClover":167,"infinitespire:Joker Card":3,"The Courier":27,"infinitespire:CheckeredPen":52,"Orichalcum":62,"Frozen Egg 2":104,"Odd Mushroom":114,"Medical Kit":46,"Nuclear Battery":96,"Anchor":76,"infinitespire:DarkRift":80,"DataDisk":119,"Busted Crown":66,"Ornamental Fan":115,"infinitespire:Satchel":151,"Turnip":78,"hubris:BundleOfHerbs":82,"Bag of Marbles":55,"Art of War":144,"Membership Card":2,"Bottled Lightning":21,"hubris:CrackedHourglass":30,"hubris:OldNail":26,"hubris:Potato":46,"TungstenRod":71,"hubris:NiceRug":0,"infinitespire:Freezer":83,"infinitespire:Midas Blood":117},{"Ice Cream":467,"hubris:BallOfYels":86,"infinitespire:BottledMercury":323,"Calipers":313,"Gremlin Horn":331,"hubris:VirtuousBlindfold":59,"infinitespire:Cubic Diamond":327,"Runic Capacitor":120,"Whetstone":530,"hubris:MysteriousPyramids":194,"Boot":272,"Sozu":187,"Centennial Puzzle":110,"infinitespire:ShieldingShard":431,"DollysMirror":380,"Strawberry":485,"MealTicket":252,"Kunai":323,"Toxic Egg 2":237,"hubris:RGBLights":303,"hubris:MobiusCoin":33,"Girya":116,"MerchantsRug":313,"Happy Flower":249,"Blue Candle":318,"Oddly Smooth Stone":21,"hubris:HollowSoul":339,"Pen Nib":374,"infinitespire:Beetle Shell":386,"Letter Opener":323,"War Paint":176,"Question Card":270,"Akabeko":360,"Cables":346,"hubris:Zylophone":129,"Du-Vu Doll":480,"Shuriken":237,"Bird Faced Urn":478,"Molten Egg 2":237,"hubris:PeanutButter":504,"infinitespire:EmpoweringShard":279,"hubris:TenFootPole":621,"Symbiotic Virus":518,"infinitespire:PuzzleCube":228,"Meat on the Bone":436,"Lantern":199,"Torii":480,"Incense Burner":273,"Bag of Preparation":485,"Smiling Mask":0,"Ancient Tea Set":143,"Empty Cage":276,"hubris:BlackHole":453,"Nunchaku":86,"Emotion Chip":380,"hubris:Icosahedron":16,"Pantograph":313,"Gambling Chip":350,"hubris:ScarierMask":411,"Tiny Chest":347,"Chemical X":181,"infinitespire:Eraser":116,"Cracked Core":0,"InkBottle":75,"Runic Pyramid":262,"Lee\u0027s Waffle":544,"hubris:64BitClover":615,"infinitespire:Joker Card":13,"The Courier":143,"infinitespire:CheckeredPen":249,"Orichalcum":272,"Frozen Egg 2":364,"Odd Mushroom":390,"Medical Kit":237,"Nuclear Battery":352,"Anchor":313,"infinitespire:DarkRift":327,"DataDisk":415,"Busted Crown":282,"Ornamental Fan":397,"infinitespire:Satchel":564,"Turnip":323,"hubris:BundleOfHerbs":331,"Bag of Marbles":255,"Art of War":542,"Membership Card":8,"Bottled Lightning":116,"hubris:CrackedHourglass":156,"hubris:OldNail":137,"hubris:Potato":237,"TungstenRod":297,"hubris:NiceRug":0,"infinitespire:Freezer":333,"infinitespire:Midas Blood":404}]},"card_choices":[{"not_picked":["Conserve Battery","Streamline","Force Field"],"picked":"SKIP","floor":1.0},{"not_picked":["White Noise","Sweeping Beam","Turbo"],"picked":"SKIP","floor":4.0},{"not_picked":["Doom and Gloom","Aggregate","Steam"],"picked":"SKIP","floor":7.0}],"player_experience":1034573,"relics_obtained":[{"floor":5.0,"key":"hubris:64BitClover"},{"floor":7.0,"key":"hubris:TenFootPole"}],"event_choices":[{"cards_removed":["Strike_B"],"damage_healed":0.0,"max_hp_gain":0.0,"max_hp_loss":0.0,"gold_gain":0.0,"event_name":"Living Wall","player_choice":"Forget","floor":2.0,"gold_loss":0.0,"damage_taken":0.0},{"damage_healed":0.0,"max_hp_gain":0.0,"max_hp_loss":0.0,"gold_gain":0.0,"event_name":"Wheel of Change","player_choice":"Relic","floor":5.0,"gold_loss":0.0,"damage_taken":0.0}],"is_beta":false,"boss_relics":[],"items_purged_floors":[0],"is_endless":false,"potions_floor_spawned":[7],"killed_by":"Gremlin Nob","ascension_level":20}}