{"host":"0e0lo445kffy4sr5","time":1610495459,"event":{"mods":["AchievementEnabler","BaseMod","Colored Map","Colored Powertips","Highlight Path","Key Reminder","Minty Spire (QoL Compilation)","Permanent Neow","StSLib","SuperFastMode"],"gold_per_floor":[20,36,311,322,336,361,361,56,56,56,56,81,97,131,131,236,236,246,257,257,270,44,374,374,384,409,329,329,348,348,379,379,477,477,492,504,33,52,70,70,101,22,22,22,36,61,61,61,61,61,61,61,9,39,39],"floor_reached":56,"playtime":14018,"items_purged":["Regret"],"score":1340,"play_id":"712d27bb-be50-4b8a-9083-66d028222ce0","local_time":"20210112185059","is_ascension_mode":true,"campfire_choices":[{"floor":7.0,"key":"REST"},{"data":"Phantasmal Killer","floor":11.0,"key":"SMITH"},{"floor":15.0,"key":"REST"},{"floor":24.0,"key":"REST"},{"floor":30.0,"key":"REST"},{"floor":32.0,"key":"RECALL"},{"floor":40.0,"key":"REST"},{"data":"Catalyst","floor":44.0,"key":"SMITH"},{"floor":49.0,"key":"REST"},{"data":"Catalyst","floor":52.0,"key":"SMITH"}],"circlet_count":0,"master_deck":["Strike_G","Strike_G","Defend_G","Defend_G","Defend_G","Defend_G","Defend_G","Survivor","Neutralize","Infinite Blades","Phantasmal Killer+1","Catalyst","Blur","Deep Breath","Leg Sweep","A Thousand Cuts+1","Backflip","PiercingWail","Burst+1","Crippling Poison+1","Catalyst+1","Escape Plan","Catalyst+1","After Image+1","Footwork+1","Well Laid Plans+1","Crippling Poison","Crippling Poison","Well Laid Plans+1","Catalyst","Escape Plan+1","Apotheosis","Dark Shackles","Catalyst"],"relics":["Ring of the Snake","StoneCalendar","Snake Skull","Frozen Egg 2","White Beast Statue","Pocketwatch","Black Star","Vajra","Old Coin","Toy Ornithopter","Oddly Smooth Stone","Tingsha","SlaversCollar","Omamori","Kunai","PreservedInsect","Incense Burner","Sundial","Bronze Scales","Happy Flower","Orichalcum","The Specimen"],"acts_visited":["Exordium","TheCity","TheBeyond","TheEnding"],"potions_floor_usage":[54,55],"damage_taken":[{"damage":0.0,"enemies":"Small Slimes","floor":1.0,"turns":5.0},{"damage":0.0,"enemies":"Cultist","floor":2.0,"turns":3.0},{"damage":10.0,"enemies":"2 Louse","floor":4.0,"turns":3.0},{"damage":9.0,"enemies":"Exordium Thugs","floor":5.0,"turns":6.0},{"damage":32.0,"enemies":"3 Sentries","floor":6.0,"turns":14.0},{"damage":22.0,"enemies":"Lagavulin","floor":12.0,"turns":7.0},{"damage":22.0,"enemies":"Gremlin Gang","floor":13.0,"turns":7.0},{"damage":11.0,"enemies":"3 Sentries","floor":14.0,"turns":7.0},{"damage":26.0,"enemies":"Slime Boss","floor":16.0,"turns":7.0},{"damage":18.0,"enemies":"Spheric Guardian","floor":18.0,"turns":6.0},{"damage":9.0,"enemies":"Shell Parasite","floor":19.0,"turns":7.0},{"damage":19.0,"enemies":"Centurion and Healer","floor":21.0,"turns":7.0},{"damage":27.0,"enemies":"Book of Stabbing","floor":23.0,"turns":8.0},{"damage":0.0,"enemies":"Chosen and Byrds","floor":25.0,"turns":7.0},{"damage":6.0,"enemies":"Snecko","floor":29.0,"turns":5.0},{"damage":9.0,"enemies":"Gremlin Leader","floor":31.0,"turns":6.0},{"damage":30.0,"enemies":"Collector","floor":33.0,"turns":10.0},{"damage":1.0,"enemies":"Orb Walker","floor":35.0,"turns":6.0},{"damage":5.0,"enemies":"3 Shapes","floor":36.0,"turns":7.0},{"damage":10.0,"enemies":"3 Darklings","floor":38.0,"turns":7.0},{"damage":17.0,"enemies":"Maw","floor":39.0,"turns":6.0},{"damage":8.0,"enemies":"Nemesis","floor":41.0,"turns":5.0},{"damage":32.0,"enemies":"Writhing Mass","floor":45.0,"turns":4.0},{"damage":13.0,"enemies":"Giant Head","floor":46.0,"turns":4.0},{"damage":34.0,"enemies":"Donu and Deca","floor":50.0,"turns":7.0},{"damage":0,"enemies":"Shield and Spear","floor":54,"turns":4},{"damage":16,"enemies":"The Heart","floor":55,"turns":6}],"seed_played":"-4962142356573146906","potions_obtained":[{"floor":1.0,"key":"Dexterity Potion"},{"floor":2.0,"key":"CunningPotion"},{"floor":4.0,"key":"Regen Potion"},{"floor":13.0,"key":"ColorlessPotion"},{"floor":14.0,"key":"BlessingOfTheForge"},{"floor":16.0,"key":"SneckoOil"},{"floor":18.0,"key":"SpeedPotion"},{"floor":19.0,"key":"Strength Potion"},{"floor":21.0,"key":"Energy Potion"},{"floor":23.0,"key":"EntropicBrew"},{"floor":25.0,"key":"Strength Potion"},{"floor":31.0,"key":"Weak Potion"},{"floor":33.0,"key":"AttackPotion"},{"floor":35.0,"key":"EntropicBrew"},{"floor":36.0,"key":"ColorlessPotion"},{"floor":38.0,"key":"FearPotion"},{"floor":39.0,"key":"Poison Potion"},{"floor":45.0,"key":"Explosive Potion"},{"floor":46.0,"key":"Fire Potion"},{"floor":54,"key":"Block Potion"}],"is_trial":false,"path_per_floor":["M","M","?","M","M","E","R","$","T","?","R","E","M","E","R","B",null,"M","M","?","M","$","E","R","M","T","$","?","M","R","E","R","B",null,"M","M","$","M","M","R","E","$","T","R","M","E","?","?","R","B",null,"R","$","E","B",null],"character_chosen":"THE_SILENT","items_purchased":["Snake Skull","Deep Breath","Leg Sweep","Vajra","Catalyst","Well Laid Plans+1","Omamori","Kunai","Well Laid Plans+1","FearPotion"],"campfire_rested":6,"item_purchase_floors":[8,8,8,22,27,37,37,37,42,53],"current_hp_per_floor":[70,70,70,60,66,34,55,55,55,60,60,38,16,5,27,1,75,57,48,48,29,29,2,24,49,49,49,49,43,65,61,61,36,75,74,69,69,64,47,69,61,61,61,61,43,30,25,25,47,18,75,75,75,75,60],"gold":39,"neow_bonus":"TRANSFORM_TWO_CARDS","is_daily":false,"chose_seed":false,"campfire_upgraded":3,"win_rate":0.0,"timestamp":1610495459,"path_taken":["M","M","?","?","M","E","R","$","T","?","R","E","M","E","R","BOSS","M","M","?","?","?","E","R","?","T","$","?","?","R","E","R","BOSS","M","M","$","M","M","R","E","$","T","R","M","E","?","?","R","BOSS","R","$","E","BOSS"],"items_purchased_type":["Relic","Card","Card","Relic","Card","Card","Relic","Relic","Card","Potion"],"build_version":"2020-12-13","purchased_purges":1,"victory":true,"max_hp_per_floor":[70,70,70,70,70,70,70,70,70,75,75,75,75,75,75,75,75,75,75,75,75,75,75,75,75,75,75,75,75,75,75,75,75,75,75,75,75,75,75,75,75,75,75,75,75,75,75,75,75,75,75,75,75,75,75],"card_choices":[{"not_picked":["Leg Sweep","Endless Agony"],"picked":"Catalyst","floor":1.0},{"not_picked":["Predator","Deflect","Prepared"],"picked":"SKIP","floor":2.0},{"not_picked":["Dodge and Roll","Blade Dance","Prepared"],"picked":"SKIP","floor":4.0},{"not_picked":["Riddle With Holes","Prepared"],"picked":"Blur","floor":5.0},{"not_picked":["Bane","Sucker Punch","Dagger Spray"],"picked":"SKIP","floor":6.0},{"not_picked":["Underhanded Strike","Bane"],"picked":"A Thousand Cuts+1","floor":12.0},{"not_picked":["Slice","PiercingWail"],"picked":"Backflip","floor":13.0},{"not_picked":["Blade Dance","Distraction"],"picked":"PiercingWail","floor":14.0},{"not_picked":["Corpse Explosion","Glass Knife"],"picked":"Burst","floor":16.0},{"not_picked":["Skewer+1","Slice","Backflip"],"picked":"SKIP","floor":18.0},{"not_picked":["Dagger Throw+1","Quick Slash","Bane"],"picked":"SKIP","floor":19.0},{"not_picked":["Finisher","Endless Agony+1","Flying Knee+1"],"picked":"SKIP","floor":21.0},{"not_picked":["Dagger Spray","Dodge and Roll","Backflip"],"picked":"SKIP","floor":23.0},{"not_picked":["Finisher","Outmaneuver+1"],"picked":"Crippling Poison+1","floor":25.0},{"not_picked":["Slice","Skewer"],"picked":"Catalyst","floor":29.0},{"not_picked":["Cloak And Dagger","Choke"],"picked":"After Image+1","floor":31.0},{"not_picked":["Outmaneuver","Prepared"],"picked":"Footwork+1","floor":35.0},{"not_picked":["Flechettes+1","Bane+1","Heel Hook"],"picked":"SKIP","floor":36.0},{"not_picked":["Bane","Quick Slash+1"],"picked":"Crippling Poison","floor":38.0},{"not_picked":["Poisoned Stab+1","Heel Hook"],"picked":"Crippling Poison","floor":39.0},{"not_picked":["Crippling Poison","Glass Knife","Predator+1"],"picked":"SKIP","floor":41.0},{"not_picked":["Underhanded Strike","Infinite Blades+1"],"picked":"Catalyst","floor":45.0},{"not_picked":["Accuracy+1","Cloak And Dagger"],"picked":"Escape Plan+1","floor":46.0},{"not_picked":["Panacea","Master of Strategy"],"picked":"Apotheosis","floor":47.0},{"not_picked":["Impatience","Jack Of All Trades"],"picked":"Dark Shackles","floor":47.0},{"not_picked":["Cloak And Dagger+1","Escape Plan"],"picked":"Catalyst","floor":54}],"player_experience":45867,"relics_obtained":[{"floor":6.0,"key":"StoneCalendar"},{"floor":9.0,"key":"Frozen Egg 2"},{"floor":12.0,"key":"White Beast Statue"},{"floor":14.0,"key":"Pocketwatch"},{"floor":23.0,"key":"Old Coin"},{"floor":23.0,"key":"Toy Ornithopter"},{"floor":31.0,"key":"Oddly Smooth Stone"},{"floor":31.0,"key":"Tingsha"},{"floor":41.0,"key":"PreservedInsect"},{"floor":41.0,"key":"Incense Burner"},{"floor":43.0,"key":"Sundial"},{"floor":46.0,"key":"Bronze Scales"},{"floor":46.0,"key":"Happy Flower"},{"floor":54,"key":"Orichalcum"},{"floor":54,"key":"The Specimen"}],"event_choices":[{"damage_healed":0.0,"max_hp_gain":0.0,"max_hp_loss":0.0,"gold_gain":275.0,"event_name":"Golden Shrine","player_choice":"Desecrate","floor":3.0,"gold_loss":0.0,"damage_taken":0.0,"cards_obtained":["Regret"]},{"damage_healed":0.0,"max_hp_gain":5.0,"max_hp_loss":0.0,"gold_gain":0.0,"event_name":"Big Fish","player_choice":"Donut","floor":10.0,"gold_loss":0.0,"damage_taken":0.0},{"damage_healed":0.0,"max_hp_gain":0.0,"max_hp_loss":0.0,"gold_gain":0.0,"event_name":"Upgrade Shrine","player_choice":"Upgraded","floor":20.0,"gold_loss":0.0,"damage_taken":0.0,"cards_upgraded":["Burst"]},{"damage_healed":0.0,"max_hp_gain":0.0,"max_hp_loss":0.0,"gold_gain":0.0,"cards_transformed":["Strike_G"],"event_name":"Transmorgrifier","player_choice":"Transformed","floor":28.0,"gold_loss":0.0,"damage_taken":0.0,"cards_obtained":["Escape Plan"]},{"damage_healed":0.0,"max_hp_gain":0.0,"max_hp_loss":0.0,"gold_gain":0.0,"event_name":"SensoryStone","player_choice":"Memory 2","floor":47.0,"gold_loss":0.0,"damage_taken":5.0},{"damage_healed":0.0,"max_hp_gain":0.0,"max_hp_loss":0.0,"gold_gain":0.0,"event_name":"The Moai Head","player_choice":"Ignored","floor":48.0,"gold_loss":0.0,"damage_taken":0.0}],"is_beta":false,"boss_relics":[{"not_picked":["Busted Crown","Sozu"],"picked":"Black Star"},{"not_picked":["Ring of the Serpent","SacredBark"],"picked":"SlaversCollar"}],"items_purged_floors":[22],"is_endless":false,"potions_floor_spawned":[1,2,4,13,14,16,18,19,21,23,25,29,31,33,35,36,38,39,45,46,54],"ascension_level":1}}