{"host":"ttzdpsscxkem3xrs","time":1610447472,"event":{"mods":["BaseMod","Colored Map","Downfall","Minty Spire (QoL Compilation)","Replay The Spire","StSLib","The Cursed","The Hierophant"],"gold_per_floor":[99,115,128,217,232,68,68,95,112,112,122,155,170,170,188,188,188,188],"floor_reached":16,"playtime":715,"items_purged":["Slimebound:Defend_Slimebound"],"score":131,"play_id":"0555fdea-716c-406d-83e2-283205158834","local_time":"20210112023112","is_ascension_mode":true,"campfire_choices":[{"data":"expansioncontent:CaCaw","floor":1,"key":"SMITH"},{"data":"Slimebound:FlameTackle","floor":10,"key":"SMITH"}],"circlet_count":0,"master_deck":["Slimebound:Strike_Slimebound","Slimebound:Strike_Slimebound","Slimebound:Tackle","Slimebound:Defend_Slimebound","Slimebound:Defend_Slimebound","Slimebound:Defend_Slimebound","Slimebound:Split","Slimebound:CorrosiveSpit","expansioncontent:CaCaw+1","Slimebound:DivideAndConquer","Slimebound:PressTheAttack","Slimebound:RollThrough","Slimebound:SplitMire","Slimebound:HauntingLick","Slimebound:LeechEnergy","Slimebound:FormOfPuddle","Slimebound:FlameTackle+1","Slimebound:LeechEnergy","Slimebound:Replication","Slimebound:GoopSpray","Slimebound:SplitBruiser","Slimebound:TagTeam"],"relics":["Slimebound:AbsorbEndCombat","Pen Nib","Regal Pillow","Garlic","WingedGreaves"],"acts_visited":["Exordium"],"potions_floor_usage":[11,16,16,16],"damage_taken":[{"damage":18,"enemies":"Cultist","floor":2,"turns":4},{"damage":4,"enemies":"Small Slimes","floor":3,"turns":3},{"damage":13,"enemies":"2 Louse","floor":5,"turns":2},{"damage":21,"enemies":"downfall:FleeingMerchant","floor":6,"turns":4},{"damage":26,"enemies":"Lagavulin","floor":8,"turns":5},{"damage":8,"enemies":"Large Slime","floor":9,"turns":4},{"damage":8,"enemies":"Exordium Thugs","floor":11,"turns":3},{"damage":14,"enemies":"Gremlin Nob","floor":12,"turns":3},{"damage":11,"enemies":"Blue Slaver","floor":13,"turns":2},{"damage":11,"enemies":"Large Slime","floor":15,"turns":3},{"damage":73,"enemies":"downfall:Silent","floor":16,"turns":4}],"seed_played":"3423783438787714039","potions_obtained":[{"floor":8,"key":"Death Potion"},{"floor":9,"key":"champ:CounterPotion"},{"floor":11,"key":"PowerPotion"},{"floor":15,"key":"Slimebound:SlimyTonguePotion"}],"is_trial":false,"path_per_floor":["R","M","M","?","M","$","T","E","M","R","M","E","M","?","M","B"],"character_chosen":"SLIMEBOUND","items_purchased":["Slimebound:FormOfPuddle"],"campfire_rested":0,"item_purchase_floors":[6],"current_hp_per_floor":[60,57,60,60,47,42,42,40,60,60,54,44,57,57,58,0,0,0],"gold":188,"neow_bonus":"RANDOM_COLORLESS","is_daily":false,"chose_seed":false,"campfire_upgraded":2,"win_rate":0.0,"timestamp":1610447472,"path_taken":["R","M","?","?","M","$","T","E","M","R","M","E","M","?","M","BOSS"],"items_purchased_type":["Card"],"build_version":"2020-12-22","purchased_purges":1,"victory":false,"max_hp_per_floor":[60,60,60,60,60,60,60,60,60,60,60,60,60,60,60,60,60,60],"card_choices":[{"not_picked":["expansioncontent:YouAreMine","expansioncontent:Sear"],"picked":"expansioncontent:CaCaw","floor":0},{"not_picked":["Slimebound:Dissolve","Slimebound:LevelUp"],"picked":"Slimebound:DivideAndConquer","floor":2},{"not_picked":["Slimebound:DivideAndConquer","Slimebound:Schlurp"],"picked":"Slimebound:PressTheAttack","floor":3},{"not_picked":["Slimebound:ServeAndProtect","Slimebound:HungryTackle"],"picked":"Slimebound:RollThrough","floor":4},{"not_picked":["Slimebound:RejuvenatingLick","Slimebound:GrowthPunch"],"picked":"Slimebound:SplitMire","floor":4},{"not_picked":["Slimebound:SplitLeeching","Slimebound:RollThrough"],"picked":"Slimebound:HauntingLick","floor":5},{"not_picked":["Slimebound:DivideAndConquer","Slimebound:GoopSpray"],"picked":"Slimebound:LeechEnergy","floor":6},{"not_picked":["Slimebound:ComboTackle","Slimebound:LeechingTouch"],"picked":"Slimebound:FlameTackle","floor":8},{"not_picked":["Slimebound:SelfFormingGoo","Slimebound:RollThrough"],"picked":"Slimebound:LeechEnergy","floor":9},{"not_picked":["Slimebound:SplitMire","Slimebound:GoopSpray"],"picked":"Slimebound:Replication","floor":11},{"not_picked":["Slimebound:DivideAndConquer","Slimebound:SpikyOuterGoop"],"picked":"Slimebound:GoopSpray","floor":12},{"not_picked":["Slimebound:ServeAndProtect","Slimebound:GoopSpray"],"picked":"Slimebound:SplitBruiser","floor":13},{"not_picked":["Slimebound:HauntingLick","Slimebound:LeechEnergy"],"picked":"Slimebound:TagTeam","floor":15}],"player_experience":1345545,"relics_obtained":[{"floor":4,"key":"Pen Nib"},{"floor":7,"key":"Regal Pillow"},{"floor":8,"key":"Garlic"},{"floor":12,"key":"WingedGreaves"}],"event_choices":[{"cards_removed":["Slimebound:Strike_Slimebound"],"damage_healed":0,"gold_gain":0,"player_choice":"Card Removal","damage_taken":0,"max_hp_gain":0,"max_hp_loss":0,"event_name":"The Cleric","floor":14,"gold_loss":0}],"is_beta":false,"boss_relics":[],"items_purged_floors":[6],"is_endless":false,"potions_floor_spawned":[8,9,11,15],"killed_by":"downfall:Silent","ascension_level":3}}