{"host":"l4kdldlios54gl54","time":1610414487,"event":{"mods":["AchievementEnabler","BaseMod","Colored Map","Colored Powertips","Minty Spire (QoL Compilation)","Random Character Button"],"gold_per_floor":[110,130,143,156,171,171,184,184,208,208,220,233,233,65,65,140,140,158,134,134,152,24,54,54,54,54],"floor_reached":25,"playtime":1390,"items_purged":["Strike_B"],"score":423,"play_id":"72b77f20-f2a6-4732-84c4-02779c6a493f","local_time":"20210112022127","is_ascension_mode":true,"campfire_choices":[{"data":"Defragment","floor":6,"key":"SMITH"},{"data":"Fission","floor":8,"key":"SMITH"},{"data":"Zap","floor":10,"key":"SMITH"},{"floor":15,"key":"REST"},{"floor":24,"key":"REST"}],"circlet_count":0,"master_deck":["AscendersBane","Strike_B","Strike_B","Strike_B","Defend_B","Defend_B","Defend_B","Zap+1","Dualcast","Fission+1","BootSequence","Coolheaded","Cold Snap","Defragment+1","Coolheaded","Cold Snap","Defragment+1","Cold Snap+1"],"relics":["Cracked Core","Bag of Preparation","Dream Catcher","Fusion Hammer","Unceasing Top"],"acts_visited":["Exordium","TheCity"],"potions_floor_usage":[2,12,16,16,21,23,25,25,25,25],"damage_taken":[{"damage":1,"enemies":"Cultist","floor":1,"turns":3},{"damage":0,"enemies":"Small Slimes","floor":2,"turns":2},{"damage":0,"enemies":"2 Louse","floor":3,"turns":3},{"damage":3,"enemies":"2 Fungi Beasts","floor":4,"turns":3},{"damage":2,"enemies":"3 Louse","floor":5,"turns":3},{"damage":5,"enemies":"Blue Slaver","floor":7,"turns":4},{"damage":0,"enemies":"Exordium Thugs","floor":11,"turns":5},{"damage":0,"enemies":"Exordium Wildlife","floor":12,"turns":4},{"damage":48,"enemies":"Slime Boss","floor":16,"turns":19},{"damage":5,"enemies":"Shell Parasite","floor":18,"turns":6},{"damage":3,"enemies":"2 Thieves","floor":19,"turns":4},{"damage":0,"enemies":"Centurion and Healer","floor":21,"turns":10},{"damage":4,"enemies":"Book of Stabbing","floor":23,"turns":7},{"damage":85,"enemies":"Gremlin Leader","floor":25,"turns":12}],"seed_played":"-6530175463878285028","potions_obtained":[{"floor":1,"key":"DistilledChaos"},{"floor":5,"key":"SkillPotion"},{"floor":7,"key":"Explosive Potion"},{"floor":16,"key":"Fruit Juice"},{"floor":19,"key":"PowerPotion"},{"floor":21,"key":"SkillPotion"},{"floor":23,"key":"EntropicBrew"}],"is_trial":false,"path_per_floor":["M","M","M","M","M","R","M","R","T","R","M","M","?","$","R","B",null,"M","M","$","M","$","E","R","E"],"character_chosen":"DEFECT","items_purchased":["Dream Catcher","PowerPotion"],"campfire_rested":2,"item_purchase_floors":[14,22],"current_hp_per_floor":[63,63,63,60,58,58,53,53,53,53,53,53,53,53,64,21,57,52,49,49,49,49,45,65,0,0],"gold":54,"neow_bonus":"THREE_RARE_CARDS","is_daily":false,"chose_seed":false,"campfire_upgraded":3,"win_rate":0.0,"timestamp":1610414487,"path_taken":["M","M","?","M","M","R","M","R","T","R","M","M","?","$","R","BOSS","M","M","$","?","$","E","R","E"],"items_purchased_type":["Relic","Potion"],"build_version":"2020-12-22","purchased_purges":1,"victory":false,"max_hp_per_floor":[64,64,64,64,64,64,64,64,64,64,64,64,64,64,64,69,69,69,69,69,69,69,69,69,69,69],"card_choices":[{"not_picked":["Meteor Strike","Rainbow"],"picked":"Fission","floor":0},{"not_picked":["Conserve Battery","Redo"],"picked":"BootSequence","floor":1},{"not_picked":["Chaos","Leap"],"picked":"Coolheaded","floor":2},{"not_picked":["Skim","Glacier"],"picked":"Cold Snap","floor":3},{"not_picked":["Rebound","Gash"],"picked":"Defragment","floor":4},{"not_picked":["Static Discharge","Scrape","Rebound"],"picked":"SKIP","floor":5},{"not_picked":["Hello World","Barrage"],"picked":"Coolheaded","floor":7},{"not_picked":["Fusion","Leap","Core Surge"],"picked":"SKIP","floor":11},{"not_picked":["Lockon","Leap","Force Field"],"picked":"SKIP","floor":12},{"not_picked":["Turbo","Conserve Battery"],"picked":"Cold Snap","floor":18},{"not_picked":["Skim","Cold Snap","Coolheaded+1"],"picked":"SKIP","floor":19},{"not_picked":["Coolheaded","Go for the Eyes"],"picked":"Defragment+1","floor":21},{"not_picked":["Beam Cell+1","Rip and Tear","Gash"],"picked":"SKIP","floor":23},{"not_picked":["Meteor Strike","Conserve Battery"],"picked":"Cold Snap+1","floor":24}],"player_experience":848568,"relics_obtained":[{"floor":9,"key":"Bag of Preparation"},{"floor":23,"key":"Unceasing Top"}],"event_choices":[{"cards_removed":["Defend_B"],"damage_healed":0,"gold_gain":0,"player_choice":"Purged","damage_taken":0,"max_hp_gain":0,"max_hp_loss":0,"event_name":"Purifier","floor":13,"gold_loss":0}],"is_beta":false,"boss_relics":[{"not_picked":["Astrolabe","Inserter"],"picked":"Fusion Hammer"}],"items_purged_floors":[22],"is_endless":false,"potions_floor_spawned":[1,5,7,16,19,21,23],"killed_by":"Gremlin Leader","ascension_level":19}}