{"host":"j3kbm8fz4f78dhv0","time":1610436863,"event":{"mods":["BaseMod","CapriCore","Hermit","LagranYue(???·?)","Minty Spire (QoL Compilation)","Replay The Spire","StSLib"],"gold_per_floor":[119,170,182,192,192,192,209,235,306,306,306],"floor_reached":10,"playtime":519,"items_purged":[],"score":58,"play_id":"68ee5c55-1011-4bb3-9c8e-e49e06ea673b","local_time":"20210112013423","is_ascension_mode":false,"campfire_choices":[{"data":"LagranYue:AttackPurpleCard","floor":6,"key":"SMITH"}],"circlet_count":0,"master_deck":["LagranYue:BaseAttackCard","LagranYue:BaseAttackCard","LagranYue:BaseAttackCard","LagranYue:BaseDefendCard","LagranYue:BaseDefendCard","LagranYue:BaseDefendCard","LagranYue:AttackTopazCard","LagranYue:SkillBrokenSwordCard","LagranYue:BaseAttackCard","LagranYue:BaseDefendCard","LagranYue:SkillChiharaHoundCard","LagranYue:AttackDegenerateCard","LagranYue:AttackPurpleCard+1","LagranYue:FantasyCard"],"relics":["LagranYue:ArmsProficiencyRelics","LagranYue:RandomDrawCardRelic","NeowsBlessing","Orichalcum","Odd Mushroom","ReplayTheSpireMod:Shallot"],"acts_visited":["Exordium"],"potions_floor_usage":[8,10,10],"damage_taken":[{"damage":0,"enemies":"Small Slimes","floor":1,"turns":1},{"damage":0,"enemies":"Jaw Worm","floor":3,"turns":1},{"damage":0,"enemies":"2 Louse","floor":4,"turns":1},{"damage":0,"enemies":"Large Slime","floor":7,"turns":5},{"damage":18,"enemies":"The Mushroom Lair","floor":8,"turns":5},{"damage":56,"enemies":"Lagavulin","floor":10,"turns":10}],"seed_played":"6555417128825235167","potions_obtained":[{"floor":1,"key":"PowerPotion"},{"floor":7,"key":"PowerPotion"},{"floor":8,"key":"SteroidPotion"}],"is_trial":false,"path_per_floor":["M","?","M","M","?","R","M","?","T","E"],"character_chosen":"LagranYueCharacter","items_purchased":[],"campfire_rested":0,"item_purchase_floors":[],"current_hp_per_floor":[75,75,75,75,72,72,73,55,55,0,0],"gold":306,"neow_bonus":"THREE_ENEMY_KILL","is_daily":false,"chose_seed":false,"campfire_upgraded":1,"win_rate":0.0,"timestamp":1610436863,"path_taken":["M","?","M","M","?","R","M","?","T","E"],"items_purchased_type":[],"build_version":"2020-12-22","purchased_purges":0,"victory":false,"max_hp_per_floor":[75,75,75,75,75,75,76,76,76,76,76],"card_choices":[{"not_picked":["LagranYue:SkillWoodSpearCard","LagranYue:MultipleThornsCard"],"picked":"LagranYue:SkillChiharaHoundCard","floor":1},{"not_picked":["LagranYue:SkillDevilKissCard","LagranYue:AttackPurpleCard"],"picked":"LagranYue:AttackDegenerateCard","floor":3},{"not_picked":["LagranYue:AttackDivineGuidanceCard","LagranYue:SkillBrokenShieldCard"],"picked":"LagranYue:AttackPurpleCard","floor":4},{"not_picked":["LagranYue:RubyDefendCard","LagranYue:AttackTopazCard","LagranYue:SkillBrokenSwordCard"],"picked":"SKIP","floor":7},{"not_picked":["LagranYue:SkillBrokenShieldCard","LagranYue:DefendBetterCard"],"picked":"LagranYue:FantasyCard","floor":8}],"player_experience":156389,"relics_obtained":[{"floor":8,"key":"Odd Mushroom"},{"floor":9,"key":"ReplayTheSpireMod:Shallot"}],"event_choices":[{"damage_healed":0,"gold_gain":51,"player_choice":"Gained Gold","damage_taken":0,"max_hp_gain":0,"max_hp_loss":0,"event_name":"Golden Wing","floor":2,"gold_loss":0},{"damage_healed":0,"gold_gain":0,"player_choice":"Success","damage_taken":3,"relics_obtained":["Orichalcum"],"max_hp_gain":0,"max_hp_loss":0,"event_name":"Scrap Ooze","floor":5,"gold_loss":0},{"damage_healed":0,"gold_gain":0,"player_choice":"Fought Mushrooms","damage_taken":0,"max_hp_gain":0,"max_hp_loss":0,"event_name":"Mushrooms","floor":8,"gold_loss":0}],"is_beta":false,"boss_relics":[],"items_purged_floors":[],"is_endless":false,"potions_floor_spawned":[1,7,8],"killed_by":"Lagavulin","ascension_level":0}}