{"host":"f0gpob8hq9vgebej","time":1610432909,"event":{"mods":["AchievementEnabler","BaseMod","Minty Spire (QoL Compilation)","Quick Restart","SuperFastMode"],"gold_per_floor":[112,130,140,151,151,151,168,185,185,217,232,247,247,266,266,266,266],"floor_reached":16,"playtime":333,"items_purged":[],"score":119,"play_id":"c7b7cf76-9ff4-4bf2-9e19-39185ff8b64b","local_time":"20210112152829","is_ascension_mode":true,"campfire_choices":[{"data":"Zap","floor":6,"key":"SMITH"},{"floor":13,"key":"REST"},{"data":"White Noise","floor":15,"key":"SMITH"}],"circlet_count":0,"master_deck":["Strike_B","Strike_B","Strike_B+1","Strike_B","Defend_B","Defend_B+1","Defend_B","Defend_B","Zap+1","Dualcast","Chill","BootSequence","White Noise+1","Force Field","Double Energy","Genetic Algorithm","Steam Power"],"relics":["Cracked Core","Gambling Chip","Matryoshka"],"acts_visited":["Exordium"],"potions_floor_usage":[10],"damage_taken":[{"damage":3,"enemies":"Small Slimes","floor":1,"turns":2},{"damage":5,"enemies":"2 Louse","floor":2,"turns":3},{"damage":0,"enemies":"Jaw Worm","floor":3,"turns":4},{"damage":3,"enemies":"Exordium Wildlife","floor":4,"turns":7},{"damage":4,"enemies":"Looter","floor":7,"turns":3},{"damage":11,"enemies":"3 Louse","floor":8,"turns":5},{"damage":28,"enemies":"Gremlin Nob","floor":10,"turns":4},{"damage":6,"enemies":"Large Slime","floor":11,"turns":5},{"damage":5,"enemies":"Blue Slaver","floor":12,"turns":4},{"damage":0,"enemies":"Lots of Slimes","floor":14,"turns":4},{"damage":0,"enemies":"Slime Boss","floor":16,"turns":3}],"seed_played":"7615743910775459428","potions_obtained":[{"floor":1,"key":"EssenceOfSteel"},{"floor":8,"key":"Energy Potion"},{"floor":12,"key":"PotionOfCapacity"}],"is_trial":false,"path_per_floor":["M","M","M","M","?","R","M","M","T","E","M","M","R","M","R","B"],"character_chosen":"DEFECT","items_purchased":[],"campfire_rested":1,"item_purchase_floors":[],"current_hp_per_floor":[79,74,74,71,55,55,51,40,40,12,6,1,25,25,25,25,25],"gold":266,"neow_bonus":"TEN_PERCENT_HP_BONUS","is_daily":false,"chose_seed":false,"campfire_upgraded":2,"win_rate":0.0,"timestamp":1610432909,"path_taken":["M","M","M","M","?","R","M","M","T","E","M","M","R","M","R","BOSS"],"items_purchased_type":[],"build_version":"2020-12-22","purchased_purges":0,"victory":false,"max_hp_per_floor":[82,82,82,82,82,82,82,82,82,82,82,82,82,82,82,82,82],"card_choices":[{"not_picked":["Undo","Beam Cell","Gash"],"picked":"SKIP","floor":1},{"not_picked":["Turbo","Hologram"],"picked":"Chill","floor":2},{"not_picked":["Cold Snap","Rip and Tear","Rebound"],"picked":"SKIP","floor":3},{"not_picked":["Cold Snap","Sweeping Beam"],"picked":"BootSequence","floor":4},{"not_picked":["Lockon","Sweeping Beam","Go for the Eyes"],"picked":"SKIP","floor":7},{"not_picked":["Stack","Darkness"],"picked":"White Noise","floor":8},{"not_picked":["Rainbow","Beam Cell"],"picked":"Force Field","floor":10},{"not_picked":["Coolheaded","Reinforced Body"],"picked":"Double Energy","floor":11},{"not_picked":["Redo","Rebound"],"picked":"Genetic Algorithm","floor":12},{"not_picked":["Glacier","Compile Driver"],"picked":"Steam Power","floor":14}],"player_experience":142182,"relics_obtained":[{"floor":9,"key":"Gambling Chip"},{"floor":10,"key":"Matryoshka"}],"event_choices":[{"damage_healed":0,"gold_gain":0,"player_choice":"Entered Light","damage_taken":16,"max_hp_gain":0,"max_hp_loss":0,"event_name":"Shining Light","floor":5,"gold_loss":0,"cards_upgraded":["Strike_B","Defend_B"]}],"is_beta":false,"boss_relics":[],"items_purged_floors":[],"is_endless":false,"potions_floor_spawned":[1,8,12],"killed_by":"Slime Boss","ascension_level":2}}