{"host":"dn6kke80v5f7isus","time":1610473190,"event":{"mods":["AchievementEnabler","Act Like it!","BaseMod","Colored Powertips","Custom Start","Defuse TimeMaze Blight","Downfall","Duelist Mod","Gremlin Skip","Highlight Path","Hubris","Infinite Spire","Minty Spire (QoL Compilation)","Rare Cards Sparkle","Replay The Spire","StSLib","Uncapped"],"gold_per_floor":[138,6598,6611,6611,6626,6659,6673,6705,6705,6705,6716,6734,6734,6760,6760,6834,6834,6845,6152,6152,6163,6163,6163,6178,6178,6178,6189,6189,6236,6250,6270,6270,6757,6807,7266,7123,7597,7597,6777,7244,7244,7745,7792,8311,8867,8867,8334,8385,8385,9006,9006,9006],"floor_reached":51,"playtime":2562,"items_purged":["theDuelist:Sparks","theDuelist:CastleWalls","theDuelist:CastleWalls+1"],"score":1185,"play_id":"60d50369-acc1-4e05-b1b8-436741826f24","local_time":"20210112123950","is_ascension_mode":true,"campfire_choices":[{"floor":10.0,"key":"REST"},{"floor":13.0,"key":"RECALL"},{"data":"theDuelist:InjectionFairy","floor":15.0,"key":"SMITH"},{"data":"theDuelist:BadReaction","floor":23.0,"key":"SMITH"},{"data":"theDuelist:InjectionFairy","floor":25.0,"key":"SMITH"},{"floor":28.0,"key":"REST"},{"data":"theDuelist:InjectionFairy","floor":28.0,"key":"SMITH"},{"floor":32.0,"key":"REST"},{"data":"J.A.X.","floor":32.0,"key":"SMITH"},{"floor":41.0,"key":"REST"},{"data":"theDuelist:InvitationDarkSleep","floor":41.0,"key":"SMITH"},{"floor":46.0,"key":"REST"},{"data":"theDuelist:CastleWalls","floor":46.0,"key":"SMITH"},{"floor":49.0,"key":"REST"},{"data":"Secret Technique","floor":49.0,"key":"SMITH"}],"circlet_count":0,"master_deck":["theDuelist:DarkMagician+1","theDuelist:MysticalElf+1","theDuelist:MysticalElf+1","theDuelist:NeoMagic+1","theDuelist:NeoMagic+1","theDuelist:VoidVanishment+1","theDuelist:InjectionFairy+1","theDuelist:InjectionFairy+1","theDuelist:InjectionFairy+1","theDuelist:BadReaction+1","J.A.X.+1","theDuelist:InvitationDarkSleep+1","theDuelist:GoblinSecret+1","Secret Technique+1"],"relics":["theDuelist:MillenniumPuzzle","theDuelist:CardPoolRelic","theDuelist:CardPoolBasicRelic","theDuelist:BoosterPackPoolRelic","theDuelist:CardPoolAddRelic","theDuelist:CardPoolMinusRelic","theDuelist:CardPoolSaveRelic","theDuelist:CardPoolOptionsRelic","hubris:TinFlute","theDuelist:DuelistOrichalcum","Guide Book","Replay:Mystery Machine","theDuelist:InversionEvokeRelic","Bird Faced Urn","infinitespire:Magic Flask","Pen Nib","OrangePellets","infinitespire:ShieldingShard","Ancient Tea Set","infinitespire:EvilPickle","Tiny House","Bird Faced Urn","theDuelist:DuelistUrn","Art of War","theDuelist:CardRewardRelicH","infinitespire:Lucky Rock","hubris:Reverence","infinitespire:Beetle Shell","Tiny Chest","theDuelist:BoosterPackSpellEgg","theDuelist:WhiteBowlRelic","Tingsha","Thread and Needle"],"acts_visited":["Exordium","TheCity","TheBeyond","Exordium"],"potions_floor_usage":[50],"damage_taken":[{"damage":11.0,"enemies":"Small Slimes","floor":1.0,"turns":4.0},{"damage":0.0,"enemies":"Cultist","floor":3.0,"turns":4.0},{"damage":0.0,"enemies":"2 Louse","floor":5.0,"turns":2.0},{"damage":49.0,"enemies":"Gremlin Nob","floor":6.0,"turns":6.0},{"damage":15.0,"enemies":"Exordium Wildlife","floor":7.0,"turns":5.0},{"damage":23.0,"enemies":"Replay:BlueRogue","floor":8.0,"turns":7.0},{"damage":6.0,"enemies":"3 Louse","floor":11.0,"turns":4.0},{"damage":1.0,"enemies":"2 Fungi Beasts","floor":12.0,"turns":3.0},{"damage":0.0,"enemies":"Lagavulin","floor":14.0,"turns":7.0},{"damage":214.0,"enemies":"Hexaghost","floor":16.0,"turns":20.0},{"damage":8.0,"enemies":"Chosen","floor":18.0,"turns":5.0},{"damage":26.0,"enemies":"Shell Parasite","floor":21.0,"turns":11.0},{"damage":26.0,"enemies":"Shelled Parasite and Fungi","floor":24.0,"turns":7.0},{"damage":46.0,"enemies":"Snake Plant","floor":27.0,"turns":5.0},{"damage":23.0,"enemies":"Chosen and Byrds","floor":30.0,"turns":6.0},{"damage":23.0,"enemies":"Snecko","floor":31.0,"turns":7.0},{"damage":49.0,"enemies":"Pondfish","floor":33.0,"turns":8.0},{"damage":24.0,"enemies":"Orb Walker","floor":35.0,"turns":4.0},{"damage":7.0,"enemies":"3 Shapes","floor":37.0,"turns":8.0},{"damage":79.0,"enemies":"Nightmare","floor":40.0,"turns":8.0},{"damage":94.0,"enemies":"R_Hoarder","floor":42.0,"turns":13.0},{"damage":97.0,"enemies":"Writhing Mass","floor":44.0,"turns":7.0},{"damage":40.0,"enemies":"Sphere and 2 Shapes","floor":45.0,"turns":6.0},{"damage":183.0,"enemies":"Sphere and 2 Shapes","floor":48.0,"turns":12.0},{"damage":77,"enemies":"Replay:Hell Engine","floor":50,"turns":15}],"seed_played":"6382027981278272427","potions_obtained":[{"floor":3.0,"key":"theDuelist:SteelBrew"},{"floor":6.0,"key":"GamblersBrew"},{"floor":8.0,"key":"theDuelist:WhiteBottle"},{"floor":11.0,"key":"theDuelist:StunPotion"},{"floor":21.0,"key":"theDuelist:WaterBottle"},{"floor":24.0,"key":"theDuelist:BarricadePotion"},{"floor":29.0,"key":"SkillPotion"},{"floor":29.0,"key":"theDuelist:IcePotion"},{"floor":34.0,"key":"Elixir"},{"floor":40.0,"key":"BlessingOfTheForge"}],"is_trial":false,"path_per_floor":["M","$","M","?","M","E","M","E","T","R","M","M","R","E","R","B",null,"M","$","?","M","?","R","M","R","T","M","R","?","M","M","R","B",null,"M","?","M","?","$","NM","R","E","T","M","M","R","$","?","R","B",null],"character_chosen":"THE_DUELIST","items_purchased":["hubris:TinFlute","theDuelist:DuelistOrichalcum","Guide Book","infinitespire:Magic Flask","Pen Nib","OrangePellets","theDuelist:DuelistUrn","Art of War","theDuelist:CardRewardRelicH","Tiny Chest","theDuelist:BoosterPackSpellEgg"],"campfire_rested":6,"item_purchase_floors":[2,2,2,19,19,19,39,39,39,47,47],"current_hp_per_floor":[52,152,152,152,155,106,91,68,68,119,129,128,128,168,168,20,135,146,146,146,173,173,173,173,173,173,129,173,173,167,157,173,166,176,160,160,178,178,178,133,178,96,96,87,79,132,132,15,68,157,173,173],"gold":9006,"neow_bonus":"TRANSFORM_CARD","is_daily":false,"chose_seed":false,"campfire_upgraded":8,"win_rate":0.0,"timestamp":1610473190,"path_taken":["M","$","M","?","?","E","M","E","T","R","M","M","R","E","R","BOSS","M","$","?","M","?","R","M","R","T","M","R","?","M","M","R","BOSS","M","?","M","?","?","NM","R","E","T","?","M","R","$","?","R","BOSS"],"items_purchased_type":["Relic","Relic","Relic","Relic","Relic","Relic","Relic","Relic","Relic","Relic","Relic"],"build_version":"2020-12-22","purchased_purges":3,"victory":false,"max_hp_per_floor":[70,170,170,170,173,173,173,173,173,173,173,173,173,173,173,173,173,173,173,173,173,173,173,173,173,173,173,173,173,173,173,173,173,178,178,178,178,178,178,178,178,178,178,178,178,178,178,178,178,178,178,178],"card_choices":[{"not_picked":["theDuelist:NeoMagic","theDuelist:OnslaughtFireKings","theDuelist:SpiritHarp","theDuelist:AncientElf","theDuelist:Graverobber"],"picked":"SKIP","floor":1.0},{"not_picked":["theDuelist:SpellShatteringArrow","theDuelist:WhiteMagicalHat","theDuelist:ThousandEyesIdol","theDuelist:PowerKaishin","theDuelist:SpiritHarp"],"picked":"SKIP","floor":3.0},{"not_picked":["theDuelist:ExodiaNecross","theDuelist:ContractExodia","theDuelist:ExodiaRL","theDuelist:ExodiaRA","theDuelist:ExodiaHead"],"picked":"SKIP","floor":5.0},{"not_picked":["theDuelist:SpellShatteringArrow","theDuelist:FlyingSaucer","theDuelist:MysticalElf","theDuelist:MagicalBlast"],"picked":"theDuelist:InjectionFairy","floor":6.0},{"not_picked":["theDuelist:Illusionist","theDuelist:FlyingSaucer","theDuelist:OnslaughtFireKings","theDuelist:SangaThunder"],"picked":"theDuelist:InjectionFairy","floor":7.0},{"not_picked":["theDuelist:SpellShatteringArrow","theDuelist:BlizzardWarrior","theDuelist:DarkMagician","theDuelist:SangaEarth"],"picked":"theDuelist:InjectionFairy","floor":8.0},{"not_picked":["theDuelist:ExodiaNecross","theDuelist:Wildfire","theDuelist:VoidVanishment","theDuelist:SwordsRevealing","theDuelist:SangaWater"],"picked":"SKIP","floor":11.0},{"not_picked":["theDuelist:BattleOx","theDuelist:EarthquakeGiant","theDuelist:FuryFire","theDuelist:Hinotama","theDuelist:Sangan"],"picked":"SKIP","floor":12.0},{"not_picked":["theDuelist:DarklordSuperbia","theDuelist:FlameTiger","theDuelist:MagicHoleGolem","theDuelist:MagicalStone","theDuelist:GoldenApples"],"picked":"SKIP","floor":14.0},{"not_picked":["theDuelist:WhiteHowling","theDuelist:IcyCrevasse","theDuelist:Graverobber","theDuelist:StatueAnguishPattern"],"picked":"theDuelist:BadReaction","floor":18.0},{"not_picked":["theDuelist:BlizzardWarrior","theDuelist:AncientElf","theDuelist:NeoMagic","theDuelist:ThousandEyesIdol","theDuelist:CharcoalInpachi"],"picked":"SKIP","floor":21.0},{"not_picked":["theDuelist:NeoMagic","theDuelist:LordD+1","theDuelist:BlizzardWarrior+1","theDuelist:OnslaughtFireKings","theDuelist:FlyingSaucer"],"picked":"SKIP","floor":24.0},{"not_picked":["theDuelist:BlizzardPrincess","theDuelist:WhiteMagicalHat","theDuelist:TimeWizard","theDuelist:VoidExpansion","theDuelist:LegendaryExodia"],"picked":"SKIP","floor":27.0},{"not_picked":["theDuelist:VoidExpansion","theDuelist:MindAir","theDuelist:TimeWizard","theDuelist:WonderWand"],"picked":"SKIP","floor":30.0},{"not_picked":["theDuelist:StatueAnguishPattern","theDuelist:MindAir+1","theDuelist:TimeWizard","theDuelist:BadReaction"],"picked":"SKIP","floor":31.0},{"not_picked":["theDuelist:Fissure+1","theDuelist:GauntletWarrior","theDuelist:LightningDarts+2","theDuelist:LightningRodLord+1","theDuelist:BattleOx"],"picked":"SKIP","floor":35.0},{"not_picked":["theDuelist:BlizzardWarrior","theDuelist:InjectionFairy","theDuelist:Mudballman","theDuelist:BlueDragonSummoner+1","theDuelist:GoblinSecret"],"picked":"SKIP","floor":37.0},{"not_picked":["theDuelist:BlizzardWarrior","theDuelist:DarkMagician+1","theDuelist:ExodiaRL","theDuelist:FairyBox"],"picked":"theDuelist:GoblinSecret","floor":40.0},{"not_picked":["theDuelist:SangaThunder","theDuelist:NeoMagic","theDuelist:ExodiaRA","theDuelist:CosmicHorrorGangiel","theDuelist:MagicalBlast"],"picked":"SKIP","floor":42.0},{"not_picked":["theDuelist:SpellShatteringArrow+1","theDuelist:BlizzardWarrior","theDuelist:InfernoFireBlast+1","theDuelist:GuardianAngel+1","theDuelist:DarkMagician"],"picked":"SKIP","floor":44.0},{"not_picked":["theDuelist:BattleOx+1","theDuelist:GreyGreedOni+1","theDuelist:Kuribohrn","theDuelist:MagicalStone","theDuelist:Mudora"],"picked":"SKIP","floor":45.0},{"not_picked":["Good Instincts","Sadistic Nature","Secret Weapon"],"picked":"Secret Technique","floor":48.0}],"player_experience":616865,"relics_obtained":[{"floor":6.0,"key":"Replay:Mystery Machine"},{"floor":8.0,"key":"theDuelist:InversionEvokeRelic"},{"floor":14.0,"key":"Bird Faced Urn"},{"floor":26.0,"key":"infinitespire:ShieldingShard"},{"floor":29.0,"key":"Ancient Tea Set"},{"floor":40.0,"key":"infinitespire:Lucky Rock"},{"floor":42.0,"key":"hubris:Reverence"},{"floor":43.0,"key":"infinitespire:Beetle Shell"},{"floor":48.0,"key":"theDuelist:WhiteBowlRelic"},{"floor":48.0,"key":"Tingsha"},{"floor":48.0,"key":"Thread and Needle"}],"event_choices":[{"damage_healed":0.0,"max_hp_gain":0.0,"max_hp_loss":0.0,"gold_gain":0.0,"cards_transformed":["theDuelist:Sparks"],"event_name":"Transmorgrifier","player_choice":"Transformed","floor":4.0,"gold_loss":0.0,"damage_taken":0.0,"cards_obtained":["theDuelist:MagiciansRobe"]},{"damage_healed":0.0,"max_hp_gain":0.0,"max_hp_loss":0.0,"gold_gain":0.0,"event_name":"Drug Dealer","player_choice":"Obtain J.A.X.","floor":22.0,"gold_loss":0.0,"damage_taken":0.0,"cards_obtained":["J.A.X."]},{"damage_healed":0.0,"max_hp_gain":0.0,"max_hp_loss":0.0,"gold_gain":0.0,"event_name":"Relic Duplicator","player_choice":"Duplicated Relic - Bird-Faced Urn","duelist":true,"floor":36.0,"gold_loss":0.0,"damage_taken":0.0},{"damage_healed":0.0,"max_hp_gain":0.0,"max_hp_loss":0.0,"gold_gain":0.0,"event_name":"Battle City","player_choice":"Fight","duelist":true,"floor":48.0,"gold_loss":0.0,"damage_taken":0.0}],"is_beta":false,"boss_relics":[{"not_picked":["Cursed Key","Abe\u0027s Treasure","Calling Bell"]},{"not_picked":["Painkiller Herb","Sozu"],"picked":"Tiny House"},{"not_picked":["hubris:CrackedHourglass","theDuelist:MillenniumKey","Runic Dome"]}],"items_purged_floors":[19,39,47],"is_endless":true,"potions_floor_spawned":[3,6,8,11,14,21,24,30,40,45,48],"ascension_level":15}}