{"host":"6pgtslebjnyv5xmi","time":1610443584,"event":{"mods":["AchievementEnabler","BaseMod","Colored Map","Minty Spire (QoL Compilation)","Rare Cards Sparkle","StSLib","SuperFastMode","The Cursed","everything is the same but u backflip on backflip"],"gold_per_floor":[110,124,140,140,140,154,254,266,266,266,298,11,31,42,42,144,144,157,11,23,122,203,203,203,214,267,279,309,321,333,361,373,480,492,523,546,558,570,632,644,673,685,697,709,721,733,482,528,528,528,528],"floor_reached":50,"playtime":2410,"items_purged":["Normality","Strike_P"],"score":489,"play_id":"39fb8321-d547-465f-8e82-568456898a91","local_time":"20210112182624","is_ascension_mode":true,"campfire_choices":[{"data":"MasterReality","floor":10.0,"key":"SMITH"},{"data":"The Bomb","floor":15.0,"key":"SMITH"},{"data":"Omniscience","floor":23.0,"key":"SMITH"},{"data":"EmptyBody","floor":27.0,"key":"SMITH"},{"data":"ReachHeaven","floor":29.0,"key":"SMITH"},{"data":"EmptyBody","floor":32.0,"key":"SMITH"},{"data":"DeusExMachina","floor":40.0,"key":"SMITH"},{"data":"Evaluate","floor":42.0,"key":"SMITH"},{"data":"Pray","floor":44.0,"key":"SMITH"},{"data":"Vigilance","floor":46.0,"key":"SMITH"},{"floor":49.0,"key":"REST"}],"circlet_count":0,"master_deck":["Strike_P","Strike_P","Defend_P","Defend_P","Defend_P","Defend_P","Vigilance+1","The Bomb+1","MasterReality+1","ReachHeaven+1","Evaluate+1","Good Instincts","The Bomb+1","Omniscience+1","Collect+1","EmptyBody+1","Pray+1","CarveReality","EmptyBody+1","DeusExMachina+1","Good Instincts","Apotheosis","SandsOfTime+1"],"relics":["PureWater","Smiling Mask","Art of War","DollysMirror","VioletLotus","Membership Card","Bottled Flame","MawBank","Black Star","Bird Faced Urn","Molten Egg 2","TheAbacus","Torii"],"acts_visited":["Exordium","TheCity","TheBeyond"],"potions_floor_usage":[50],"damage_taken":[{"damage":2.0,"enemies":"Cultist","floor":1.0,"turns":4.0},{"damage":0.0,"enemies":"2 Louse","floor":2.0,"turns":3.0},{"damage":0.0,"enemies":"Small Slimes","floor":3.0,"turns":3.0},{"damage":11.0,"enemies":"Exordium Wildlife","floor":6.0,"turns":4.0},{"damage":12.0,"enemies":"2 Fungi Beasts","floor":8.0,"turns":4.0},{"damage":23.0,"enemies":"Gremlin Nob","floor":11.0,"turns":4.0},{"damage":0.0,"enemies":"Exordium Thugs","floor":13.0,"turns":3.0},{"damage":5.0,"enemies":"Looter","floor":14.0,"turns":3.0},{"damage":9.0,"enemies":"Hexaghost","floor":16.0,"turns":8.0},{"damage":7.0,"enemies":"Shell Parasite","floor":18.0,"turns":6.0},{"damage":5.0,"enemies":"Spheric Guardian","floor":20.0,"turns":4.0},{"damage":8.0,"enemies":"Centurion and Healer","floor":25.0,"turns":6.0},{"damage":6.0,"enemies":"Snecko","floor":28.0,"turns":5.0},{"damage":0.0,"enemies":"Cultist and Chosen","floor":31.0,"turns":4.0},{"damage":11.0,"enemies":"Collector","floor":33.0,"turns":9.0},{"damage":23.0,"enemies":"3 Shapes","floor":35.0,"turns":3.0},{"damage":8.0,"enemies":"Orb Walker","floor":36.0,"turns":4.0},{"damage":15.0,"enemies":"Mind Bloom Boss Battle","floor":39.0,"turns":7.0},{"damage":4.0,"enemies":"3 Darklings","floor":41.0,"turns":3.0},{"damage":0.0,"enemies":"Transient","floor":45.0,"turns":1.0},{"damage":19.0,"enemies":"2 Orb Walkers","floor":48.0,"turns":3.0},{"damage":39,"enemies":"Time Eater","floor":50,"turns":6}],"seed_played":"1235177030493866566","potions_obtained":[{"floor":2.0,"key":"LiquidBronze"},{"floor":6.0,"key":"Fruit Juice"},{"floor":11.0,"key":"Dexterity Potion"},{"floor":25.0,"key":"SmokeBomb"},{"floor":28.0,"key":"DuplicationPotion"},{"floor":36.0,"key":"SneckoOil"},{"floor":39.0,"key":"Ambrosia"},{"floor":48.0,"key":"Dexterity Potion"}],"is_trial":false,"path_per_floor":["M","M","M","$","?","M","?","M","T","R","E","$","M","M","R","B",null,"M","$","M","?","T","R","?","M","T","R","M","R","?","M","R","B",null,"M","M","?","?","?","R","M","R","T","R","M","R","$","?","R","B"],"character_chosen":"WATCHER","items_purchased":["Good Instincts","DollysMirror","Membership Card","TheAbacus","Apotheosis","Block Potion","FearPotion"],"campfire_rested":1,"item_purchase_floors":[12,12,19,47,47,47,47],"current_hp_per_floor":[70,70,70,70,75,64,64,57,57,57,34,34,34,29,29,20,82,75,75,70,70,70,70,70,62,62,62,56,56,56,56,56,45,82,59,51,51,51,36,36,34,34,34,34,34,34,34,15,38,0,0],"gold":528,"neow_bonus":"RANDOM_COLORLESS_2","is_daily":false,"chose_seed":false,"campfire_upgraded":10,"win_rate":0.0,"timestamp":1610443584,"path_taken":["M","M","?","$","?","M","?","?","T","R","E","$","?","M","R","BOSS","M","$","M","?","?","R","?","M","T","R","?","R","?","M","R","BOSS","M","M","?","?","?","R","M","R","T","R","M","R","$","?","R","BOSS"],"items_purchased_type":["Card","Relic","Relic","Relic","Card","Potion","Potion"],"build_version":"2020-12-22","purchased_purges":2,"victory":false,"max_hp_per_floor":[72,72,72,72,77,77,77,82,82,82,82,82,82,82,82,82,82,82,82,82,82,82,82,82,82,82,82,82,82,82,82,82,82,82,82,82,78,78,78,78,78,78,78,78,78,78,78,78,78,78,78],"card_choices":[{"not_picked":["Panache","Chrysalis"],"picked":"The Bomb","floor":0.0},{"not_picked":["Consecrate","JustLucky","FlurryOfBlows"],"picked":"SKIP","floor":1.0},{"not_picked":["Meditate","Nirvana","Pray"],"picked":"SKIP","floor":2.0},{"not_picked":["Protect","JustLucky","ThirdEye"],"picked":"SKIP","floor":3.0},{"not_picked":["FlurryOfBlows","EmptyFist"],"picked":"MasterReality","floor":6.0},{"not_picked":["LikeWater","BowlingBash"],"picked":"ReachHeaven","floor":8.0},{"not_picked":["Consecrate","Prostrate"],"picked":"Evaluate","floor":11.0},{"not_picked":["EmptyBody","FlurryOfBlows","Protect"],"picked":"SKIP","floor":13.0},{"not_picked":["FlurryOfBlows","FollowUp","Prostrate"],"picked":"SKIP","floor":14.0},{"not_picked":["Vault","SpiritShield"],"picked":"Omniscience","floor":16.0},{"not_picked":["FollowUp","BowlingBash","Protect+1"],"picked":"SKIP","floor":18.0},{"not_picked":["Conclude+1","Meditate"],"picked":"Collect+1","floor":20.0},{"not_picked":["EmptyFist+1","BowlingBash"],"picked":"EmptyBody","floor":25.0},{"not_picked":["Consecrate","EmptyBody","FlurryOfBlows"],"picked":"SKIP","floor":28.0},{"not_picked":["Sanctity","ForeignInfluence"],"picked":"EmptyBody","floor":31.0},{"not_picked":["Blasphemy","Devotion"],"picked":"DeusExMachina","floor":33.0},{"not_picked":["CrushJoints+1","DeceiveReality","BowlingBash+1"],"picked":"SKIP","floor":35.0},{"not_picked":["Consecrate+1","ThirdEye+1","Swivel"],"picked":"SKIP","floor":36.0},{"not_picked":["Flash of Steel","Discovery"],"picked":"Good Instincts","floor":38.0},{"not_picked":["FlyingSleeves+1","Evaluate","SashWhip"],"picked":"SKIP","floor":41.0},{"not_picked":["Evaluate","Meditate"],"picked":"SandsOfTime+1","floor":48.0}],"player_experience":942693,"relics_obtained":[{"floor":9.0,"key":"Smiling Mask"},{"floor":11.0,"key":"Art of War"},{"floor":22.0,"key":"Bottled Flame"},{"floor":26.0,"key":"MawBank"},{"floor":39.0,"key":"Bird Faced Urn"},{"floor":43.0,"key":"Molten Egg 2"},{"floor":48.0,"key":"Torii"}],"event_choices":[{"damage_healed":0.0,"max_hp_gain":5.0,"max_hp_loss":0.0,"gold_gain":0.0,"event_name":"Big Fish","player_choice":"Donut","floor":5.0,"gold_loss":0.0,"damage_taken":0.0},{"damage_healed":0.0,"max_hp_gain":0.0,"max_hp_loss":0.0,"gold_gain":100.0,"event_name":"Golden Shrine","player_choice":"Pray","floor":7.0,"gold_loss":0.0,"damage_taken":0.0},{"damage_healed":0.0,"max_hp_gain":0.0,"max_hp_loss":0.0,"gold_gain":99.0,"event_name":"Nest","player_choice":"Stole From Cult","floor":21.0,"gold_loss":0.0,"damage_taken":0.0},{"damage_healed":0.0,"max_hp_gain":0.0,"max_hp_loss":0.0,"gold_gain":0.0,"event_name":"Upgrade Shrine","player_choice":"Upgraded","floor":24.0,"gold_loss":0.0,"damage_taken":0.0,"cards_upgraded":["The Bomb"]},{"damage_healed":0.0,"max_hp_gain":0.0,"max_hp_loss":0.0,"gold_gain":0.0,"cards_transformed":["Eruption","Strike_P"],"event_name":"Drug Dealer","player_choice":"Became Test Subject","floor":30.0,"gold_loss":0.0,"damage_taken":0.0,"cards_obtained":["Pray","CarveReality"]},{"damage_healed":0.0,"max_hp_gain":0.0,"max_hp_loss":4.0,"gold_gain":0.0,"event_name":"Winding Halls","player_choice":"Max HP","floor":37.0,"gold_loss":0.0,"damage_taken":0.0},{"damage_healed":0.0,"max_hp_gain":0.0,"max_hp_loss":0.0,"gold_gain":0.0,"event_name":"SensoryStone","player_choice":"Memory 1","floor":38.0,"gold_loss":0.0,"damage_taken":0.0},{"damage_healed":0.0,"max_hp_gain":0.0,"max_hp_loss":0.0,"gold_gain":0.0,"event_name":"MindBloom","player_choice":"Fight","floor":39.0,"gold_loss":0.0,"damage_taken":0.0},{"damage_healed":0.0,"max_hp_gain":0.0,"max_hp_loss":0.0,"gold_gain":0.0,"event_name":"Mysterious Sphere","player_choice":"Fight","floor":48.0,"gold_loss":0.0,"damage_taken":0.0}],"is_beta":false,"boss_relics":[{"not_picked":["Runic Pyramid","Calling Bell"],"picked":"VioletLotus"},{"not_picked":["Sozu","Velvet Choker"],"picked":"Black Star"}],"items_purged_floors":[12,47],"is_endless":false,"potions_floor_spawned":[2,6,11,25,28,36,39,48],"killed_by":"Time Eater","ascension_level":1}}