{"host":"dztixnx9b0gu6w9i","time":1610474825,"event":{"mods":["BaseMod","Bestiary","Minty Spire (QoL Compilation)","Relic Stats","Slay the Relics Exporter","SpireBot","ojb\u0027s Better Paths Mod","ojb\u0027s Info Mod"],"gold_per_floor":[113,132,132,132,150,176,176,204,204,204,37,37,52,1,1,1,1],"floor_reached":16,"playtime":1235,"items_purged":[],"score":216,"play_id":"e95acab8-befc-4311-91e5-9193c69dd466","local_time":"20210112130705","is_ascension_mode":true,"campfire_choices":[{"data":"Eruption","floor":7,"key":"SMITH"},{"data":"Vigilance","floor":10,"key":"SMITH"},{"data":"Consecrate","floor":15,"key":"SMITH"}],"circlet_count":0,"master_deck":["AscendersBane","Strike_P","Strike_P","Strike_P","Strike_P","Defend_P","Defend_P","Defend_P","Eruption+1","Vigilance+1","Prostrate","Consecrate+1","Consecrate","EmptyBody","TalkToTheHand","Consecrate","Crescendo"],"relics":["SacredBark","WingedGreaves","Bottled Lightning","Matryoshka","PreservedInsect"],"acts_visited":["Exordium"],"potions_floor_usage":[6,8],"damage_taken":[{"damage":7,"enemies":"2 Louse","floor":1,"turns":3},{"damage":0,"enemies":"Small Slimes","floor":2,"turns":2},{"damage":2,"enemies":"Jaw Worm","floor":5,"turns":6},{"damage":10,"enemies":"3 Sentries","floor":6,"turns":5},{"damage":20,"enemies":"Gremlin Nob","floor":8,"turns":5},{"damage":13,"enemies":"Exordium Thugs","floor":13,"turns":4},{"damage":21,"enemies":"Slime Boss","floor":16,"turns":7}],"seed_played":"6023516908082337561","potions_obtained":[{"floor":1,"key":"BlessingOfTheForge"},{"floor":6,"key":"Block Potion"}],"is_trial":false,"path_per_floor":["M","M","?","?","M","E","R","E","T","R","$","?","M","$","R","B"],"character_chosen":"WATCHER","items_purchased":["PreservedInsect","Crescendo"],"campfire_rested":0,"item_purchase_floors":[11,14],"current_hp_per_floor":[54,54,54,59,57,47,47,27,27,27,27,27,14,14,14,0,0],"gold":1,"neow_bonus":"BOSS_RELIC","is_daily":false,"chose_seed":false,"campfire_upgraded":3,"win_rate":0.0,"timestamp":1610474825,"path_taken":["M","M","?","?","M","E","R","E","T","R","$","?","?","?","R","BOSS"],"items_purchased_type":["Relic","Card"],"build_version":"2020-12-22","purchased_purges":0,"victory":false,"max_hp_per_floor":[68,68,68,73,73,73,73,73,73,73,73,73,73,73,73,73,73],"relic_stats":{"counters":[7,32],"PreservedInsect":0,"obtain_stats":[{"Matryoshka":9,"SacredBark":0,"WingedGreaves":6,"PreservedInsect":11,"Bottled Lightning":8,"PureWater":0},{"Matryoshka":5,"SacredBark":0,"WingedGreaves":4,"PreservedInsect":5,"Bottled Lightning":5,"PureWater":0},{"Matryoshka":21,"SacredBark":0,"WingedGreaves":16,"PreservedInsect":21,"Bottled Lightning":21,"PureWater":0}]},"card_choices":[{"not_picked":["Fasting2","Pray"],"picked":"Prostrate","floor":1},{"not_picked":["ThirdEye","EmptyBody"],"picked":"Consecrate","floor":2},{"not_picked":["Evaluate","WindmillStrike"],"picked":"EmptyBody","floor":5},{"not_picked":["Nirvana","ThirdEye"],"picked":"TalkToTheHand","floor":6},{"not_picked":["Weave","Study","EmptyBody"],"picked":"SKIP","floor":8},{"not_picked":["Weave","Study","EmptyBody"],"picked":"SKIP","floor":8},{"not_picked":["Weave","Study","EmptyBody"],"picked":"SKIP","floor":8},{"not_picked":["Weave","Study","EmptyBody"],"picked":"SKIP","floor":8},{"not_picked":["ClearTheMind","Halt"],"picked":"Consecrate","floor":13}],"player_experience":8095260,"relics_obtained":[{"floor":6,"key":"WingedGreaves"},{"floor":8,"key":"Bottled Lightning"},{"floor":9,"key":"Matryoshka"}],"event_choices":[{"damage_healed":0,"gold_gain":0,"cards_transformed":["Defend_P"],"player_choice":"Change","damage_taken":0,"max_hp_gain":0,"max_hp_loss":0,"event_name":"Living Wall","floor":3,"gold_loss":0,"cards_obtained":["Consecrate"]},{"damage_healed":0,"gold_gain":0,"player_choice":"Donut","damage_taken":0,"max_hp_gain":5,"max_hp_loss":0,"event_name":"Big Fish","floor":4,"gold_loss":0},{"damage_healed":0,"gold_gain":0,"player_choice":"Searched \u00270\u0027 times","damage_taken":0,"max_hp_gain":0,"max_hp_loss":0,"event_name":"Dead Adventurer","floor":12,"gold_loss":0}],"is_beta":false,"boss_relics":[],"items_purged_floors":[],"is_endless":false,"potions_floor_spawned":[1,6],"killed_by":"Slime Boss","ascension_level":20}}