{"host":"6p0attdrtjqaih7v","time":1610479182,"event":{"mods":["2.2 Compatiblity","AchievementEnabler","Bard","BaseMod","Better Skull","Better Third Choice","Colored Powertips","Hermit","Highlight Path","Jorbs\u0027s Wanderer Trilogy","Key Reminder","Minty Spire (QoL Compilation)","Permanent Neow","Quick Restart","Random Character Button","Relic Stats","Replay The Spire","Robot Space Explorer","StSLib"],"gold_per_floor":[116,116,136,136,15,15,15,56,56,97,97,115,115,130,130,130,130],"floor_reached":16,"playtime":650,"items_purged":[],"score":146,"play_id":"56648099-4b4f-433b-8381-1b246bc83d91","local_time":"20210112141942","is_ascension_mode":true,"campfire_choices":[{"data":"RobotSpaceExplorer:Blaster","floor":6,"key":"SMITH"},{"data":"RobotSpaceExplorer:ToxicBomb","floor":11,"key":"SMITH"},{"data":"RobotSpaceExplorer:ExhaustFan","floor":15,"key":"SMITH"}],"circlet_count":0,"master_deck":["RobotSpaceExplorer:Strike+1","RobotSpaceExplorer:Strike","RobotSpaceExplorer:Strike","RobotSpaceExplorer:Strike","RobotSpaceExplorer:Defend","RobotSpaceExplorer:Defend","RobotSpaceExplorer:Defend","RobotSpaceExplorer:Scan","RobotSpaceExplorer:MiniLasers+1","RobotSpaceExplorer:Blaster+1","RobotSpaceExplorer:FrostMissile","RobotSpaceExplorer:ExhaustFan+1","RobotSpaceExplorer:ToxicBomb+1","RobotSpaceExplorer:GlueSpray"],"relics":["RobotSpaceExplorer:RoboCore","Replay:Bottled Snecko","Golden Idol","Replay:Multitool","Ornamental Fan","PreservedInsect"],"acts_visited":["Exordium"],"potions_floor_usage":[10,16,16],"damage_taken":[{"damage":0,"enemies":"2 Louse","floor":1,"turns":2},{"damage":0,"enemies":"Jaw Worm","floor":3,"turns":4},{"damage":10,"enemies":"3 Sentries","floor":8,"turns":8},{"damage":0,"enemies":"Gremlin Nob","floor":10,"turns":3},{"damage":0,"enemies":"Cultist","floor":12,"turns":2},{"damage":1,"enemies":"2 Fungi Beasts","floor":14,"turns":4},{"damage":32,"enemies":"Slime Boss","floor":16,"turns":5}],"seed_played":"4396027549951811383","potions_obtained":[{"floor":1,"key":"Swift Potion"},{"floor":12,"key":"Fire Potion"}],"is_trial":false,"path_per_floor":["M","?","M","?","$","R","?","E","T","E","R","M","?","M","R","B"],"character_chosen":"RobotSpaceExplorer","items_purchased":["RobotSpaceExplorer:ExhaustFan","Strength Potion"],"campfire_rested":0,"item_purchase_floors":[5,5],"current_hp_per_floor":[75,57,57,57,57,57,50,40,40,40,40,40,26,25,25,0,0],"gold":130,"neow_bonus":"ONE_RANDOM_RARE_CARD","is_daily":false,"chose_seed":false,"campfire_upgraded":3,"win_rate":0.0,"timestamp":1610479182,"path_taken":["M","?","M","?","$","R","?","E","T","E","R","M","?","M","R","BOSS"],"items_purchased_type":["Card","Potion"],"build_version":"2020-12-22","purchased_purges":0,"victory":false,"max_hp_per_floor":[75,75,75,69,69,69,69,69,69,69,69,69,69,69,69,69,69],"relic_stats":{"counters":[7,28],"Golden Idol":23,"Ornamental Fan":[24],"PreservedInsect":0,"obtain_stats":[{"Golden Idol":4,"Ornamental Fan":9,"RobotSpaceExplorer:RoboCore":0,"PreservedInsect":10,"Replay:Multitool":8,"Replay:Bottled Snecko":2},{"Golden Idol":2,"Ornamental Fan":3,"RobotSpaceExplorer:RoboCore":0,"PreservedInsect":4,"Replay:Multitool":3,"Replay:Bottled Snecko":1},{"Golden Idol":6,"Ornamental Fan":14,"RobotSpaceExplorer:RoboCore":0,"PreservedInsect":17,"Replay:Multitool":14,"Replay:Bottled Snecko":2}]},"card_choices":[{"not_picked":["RobotSpaceExplorer:TurboDodge","RobotSpaceExplorer:MiniDrones"],"picked":"RobotSpaceExplorer:FrostMissile","floor":1},{"not_picked":["RobotSpaceExplorer:PowerGlove","RobotSpaceExplorer:SwiftStep","RobotSpaceExplorer:Ammunition"],"picked":"SKIP","floor":3},{"not_picked":["RobotSpaceExplorer:PowerGlove","RobotSpaceExplorer:SwiftStep","RobotSpaceExplorer:Ammunition"],"picked":"SKIP","floor":3},{"not_picked":["RobotSpaceExplorer:Ammunition","RobotSpaceExplorer:Blitz","RobotSpaceExplorer:GlueShot"],"picked":"SKIP","floor":8},{"not_picked":["RobotSpaceExplorer:ExhaustFan","RobotSpaceExplorer:FreezeRay"],"picked":"RobotSpaceExplorer:ToxicBomb","floor":10},{"not_picked":["RobotSpaceExplorer:ScrapShield","RobotSpaceExplorer:SlimeMissile"],"picked":"RobotSpaceExplorer:GlueSpray","floor":12},{"not_picked":["RobotSpaceExplorer:Comet","RobotSpaceExplorer:SurgingStrike","RobotSpaceExplorer:FrostMissile"],"picked":"SKIP","floor":14}],"player_experience":814125,"relics_obtained":[{"floor":8,"key":"Replay:Multitool"},{"floor":9,"key":"Ornamental Fan"},{"floor":10,"key":"PreservedInsect"}],"event_choices":[{"damage_healed":0,"gold_gain":0,"player_choice":"Relic ","damage_taken":18,"max_hp_gain":0,"max_hp_loss":0,"event_name":"betterThird:BetterScrap","floor":2,"gold_loss":0,"cards_obtained":["Lockon"]},{"damage_healed":0,"gold_gain":0,"player_choice":"Lose Max HP","damage_taken":0,"relics_obtained":["Golden Idol"],"max_hp_gain":0,"max_hp_loss":6,"event_name":"Golden Idol","floor":4,"gold_loss":0},{"cards_removed":["RobotSpaceExplorer:Defend"],"damage_healed":0,"gold_gain":0,"player_choice":"Card Removal","damage_taken":7,"max_hp_gain":0,"max_hp_loss":0,"event_name":"Golden Wing","floor":7,"gold_loss":0},{"damage_healed":0,"gold_gain":0,"player_choice":"Entered Light","damage_taken":14,"max_hp_gain":0,"max_hp_loss":0,"event_name":"Shining Light","floor":13,"gold_loss":0,"cards_upgraded":["RobotSpaceExplorer:Strike","RobotSpaceExplorer:MiniLasers"]}],"is_beta":false,"boss_relics":[],"items_purged_floors":[],"is_endless":false,"potions_floor_spawned":[1,12],"killed_by":"Slime Boss","ascension_level":2}}