{"host":"4a0aa7b2d8dxohwr","time":1610462475,"event":{"mods":["ATMod(∞¢Ë™Mod)","Act Like it!","BaseMod","Dota2Spire","Gensokyo","GifTheSpireLib","Marisa£®ÏF”Í°°ƒß¿Ì…≥£©","Minty Spire (QoL Compilation)","Reimu£®≤©¿ˆ¡È√Œ£©","Remilia£®¿Ÿ√◊¿Ú—«£©","Shop Mod","StSLib","The Servant 0.9.4","Youmu£®ªÍ∆«—˝√Œ£©","[IsaacMod]“‘»ˆº‚À˛"],"gold_per_floor":[110,122,122,132,139,171,171,178,205,205,225,46,57,57,57,173,173,275,319,319,319,6,87,141,207,277,277,385,62,312,159,159,252,252,274,286,76,393,20,67,80,122,122,134,134,134,149,181,181,209,209,209,300,330,372],"floor_reached":56,"playtime":1961,"items_purged":["Strike_RM","Strike_RM","Defend_RM","Defend_RM","Gensokyo:CrescentMoonSlash"],"score":2235,"play_id":"c28d7096-508a-4b41-ab74-a95f8a894f54","local_time":"20210112224115","is_ascension_mode":true,"campfire_choices":[{"data":"AT_FamilyPortrait","floor":7.0,"key":"SMITH"},{"data":"ScarletImprint","floor":10.0,"key":"SMITH"},{"data":"Stigmanizer","floor":15.0,"key":"SMITH"},{"data":"QueenOfMidnight","floor":27.0,"key":"SMITH"},{"data":"MastersStateliness","floor":32,"key":"SMITH"},{"data":"HeartBreak","floor":46,"key":"SMITH"},{"floor":49,"key":"RECALL"},{"data":"ChaoticDestiny","floor":52,"key":"SMITH"}],"circlet_count":0,"master_deck":["AscendersBane","Strike_RM","Defend_RM","Defend_RM","RedMoon","ScarletShoot","AT_FamilyPortrait+1","NightDance","ScarletImprint+1","Ultimatum","DiffusionOfMisfortune","StarOfDavid","ChainGang","MillenniumVampire","Stigmanizer+1","QueenOfMidnight+1","ScarletNetherworld+1","BombardNight","LeisurelyOfLord","HeartBreak+1","UnstableMagic","MastersStateliness+1","BloodyHallows","AT_EmpoweredMortalDraw","MillenniumVampire","EquivalentExchange","ScarletCoffin","ChaoticDestiny+1"],"relics":["ScarletHat","AT_ATBox","HushsDoor","SalivaCoin","NeowsBlessing","Gensokyo:CelestialsFlawlessClothing","Anchor","Dota2Spire:Bloodstone","SteamSale","Dota2Spire:Desolator","MoneyPower","AT_ChloranthyRing","GnawedLeaf","Ice Cream","Dota2Spire:Dagon","PureWhite:ReiMu","MerchantsRug","AT_MortalBlade","Dota2Spire:OctarineCore","AT_RedTearstoneRing","Membership Card","Dota2Spire:AssaultCuirass","Prayer Wheel","Kunai","Dota2Spire:MonkeyKingBar","PokeGo","White Beast Statue","Sling","PillsDrop","Bottled Flame","Ornamental Fan"],"acts_visited":["Gensokyo:Gensokyo","Gensokyo:Gensokyoer","TheBeyond","TheEnding"],"potions_floor_usage":[33,42,55,55],"damage_taken":[{"damage":0.0,"enemies":"Gensokyo:Python","floor":1.0,"turns":1.0},{"damage":0.0,"enemies":"Gensokyo:Gryphon","floor":2.0,"turns":1.0},{"damage":0.0,"enemies":"Gensokyo:2_Kodama","floor":4.0,"turns":1.0},{"damage":0.0,"enemies":"Gensokyo:Mamizou","floor":6.0,"turns":5.0},{"damage":4.0,"enemies":"Gensokyo:CorruptedTreant","floor":11.0,"turns":3.0},{"damage":0.0,"enemies":"Gensokyo:2_Rabbits","floor":13.0,"turns":2.0},{"damage":7.0,"enemies":"Gensokyo:Kokoro","floor":16.0,"turns":8.0},{"damage":8.0,"enemies":"Gensokyo:3_Dogs","floor":18.0,"turns":3.0},{"damage":0.0,"enemies":"Gensokyo:AngelMirror","floor":19.0,"turns":3.0},{"damage":29.0,"enemies":"Gensokyo:Tenshi","floor":23.0,"turns":4.0},{"damage":11.0,"enemies":"Gensokyo:Wraith","floor":24.0,"turns":3.0},{"damage":9.0,"enemies":"Gensokyo:Koishi","floor":25.0,"turns":4.0},{"damage":0.0,"enemies":"Gensokyo:Reisen","floor":28.0,"turns":2.0},{"damage":24,"enemies":"Gensokyo:Eiki","floor":33,"turns":8},{"damage":8,"enemies":"3 Darklings","floor":35,"turns":2},{"damage":0,"enemies":"3 Shapes","floor":36,"turns":1},{"damage":0,"enemies":"Maw","floor":38,"turns":4},{"damage":48,"enemies":"Giant Head","floor":40,"turns":2},{"damage":0,"enemies":"3 Darklings","floor":41,"turns":1},{"damage":30,"enemies":"Nemesis","floor":42,"turns":3},{"damage":0,"enemies":"Writhing Mass","floor":44,"turns":2},{"damage":0,"enemies":"4 Shapes","floor":47,"turns":1},{"damage":2,"enemies":"Giant Head","floor":48,"turns":2},{"damage":41,"enemies":"Time Eater","floor":50,"turns":3},{"damage":0,"enemies":"Shield and Spear","floor":54,"turns":1},{"damage":51,"enemies":"The Heart","floor":55,"turns":4}],"seed_played":"-3350761537865882760","potions_obtained":[{"floor":2.0,"key":"Swift Potion"},{"floor":4.0,"key":"CultistPotion"},{"floor":6.0,"key":"Fire Potion"},{"floor":19.0,"key":"Strength Potion"},{"floor":25.0,"key":"LiquidMemories"},{"floor":33,"key":"DistilledChaos"},{"floor":35,"key":"PowerPotion"},{"floor":44,"key":"ZuzhouPotion:ReiMu"}],"is_trial":false,"path_per_floor":["M","M","?","M","?","E","R","?","T","R","M","COS","M","?","R","B",null,"M","M","?","?","$","E","M","E","T","R","E","$","?","COS","R","B",null,"M","M","$","M","$","E","M","E","T","M","?","R","M","E","R","B",null,"R","$","E","B",null],"character_chosen":"REMILIA","items_purchased":["SteamSale","Dota2Spire:Desolator","Lee\u0027s Waffle","Pear","MastersStateliness","MerchantsRug","Dota2Spire:OctarineCore","Membership Card","Dota2Spire:DivineRapier","Dota2Spire:AssaultCuirass","EquivalentExchange","Sling","PillsDrop","Bottled Flame","DistilledChaos"],"campfire_rested":0,"item_purchase_floors":[22,22,29,29,29,29,37,39,39,39,39,53,53,53,53],"current_hp_per_floor":[63,63,63,63,42,42,42,28,28,28,24,24,24,24,24,20,58,56,57,57,57,57,43,36,29,29,29,33,87,87,87,87,86,87,87,87,87,87,87,87,87,63,63,63,63,63,63,67,67,50,78,78,78,78,84],"gold":372,"neow_bonus":"THREE_ENEMY_KILL","is_daily":false,"chose_seed":false,"campfire_upgraded":7,"win_rate":0.0,"timestamp":1610462475,"path_taken":["M","M","?","M","?","E","R","?","T","R","M","COS","M","?","R","BOSS","M","M","?","?","?","E","?","E","T","R","E","$","?","COS","R","BOSS","M","M","$","M","$","E","M","E","T","M","?","R","M","E","R","BOSS","R","$","E","BOSS"],"items_purchased_type":["Relic","Relic","Relic","Relic","Card","Relic","Relic","Relic","Relic","Relic","Card","Relic","Relic","Relic","Potion"],"build_version":"2020-12-22","purchased_purges":5,"victory":true,"max_hp_per_floor":[70,70,70,70,70,70,70,70,70,70,70,70,70,70,70,70,70,70,70,70,70,70,70,70,70,70,70,70,87,87,87,87,87,87,87,87,87,87,87,87,87,87,87,87,87,87,87,87,87,87,87,87,87,87,87],"card_choices":[{"not_picked":[],"picked":"ChaosCard","floor":0.0},{"not_picked":["MastersStateliness","BloodyTrap"],"picked":"NightDance","floor":1.0},{"not_picked":["BloodyTrap","TwelveNightmare"],"picked":"ScarletImprint","floor":2.0},{"not_picked":["UnderTheZenith","ScarletSymphony"],"picked":"Ultimatum","floor":3.0},{"not_picked":["BlasphemousPunishment","LeisurelyOfLord"],"picked":"DiffusionOfMisfortune","floor":3.0},{"not_picked":["UnderTheZenith","BloodHunter"],"picked":"StarOfDavid","floor":4.0},{"not_picked":["TricksterDevil","BloodHunter"],"picked":"ChainGang","floor":6.0},{"not_picked":["DiffusionOfMisfortune","UnderTheZenith"],"picked":"MillenniumVampire","floor":11.0},{"not_picked":["RedRainbow","BadLadyScramble"],"picked":"Stigmanizer","floor":13.0},{"not_picked":["EquivalentExchange","HellCatastrophe"],"picked":"QueenOfMidnight","floor":16.0},{"not_picked":["RedRainbow","UnstableMagic"],"picked":"ScarletNetherworld+1","floor":18.0},{"not_picked":["Septette","Ultimatum","EndlessAdversity"],"picked":"SKIP","floor":19.0},{"not_picked":["NightDance","ScarletDevil","DiffusionOfMisfortune"],"picked":"SKIP","floor":23.0},{"not_picked":["ReincarnationDial","DevilSight"],"picked":"LeisurelyOfLord","floor":24.0},{"not_picked":["VampirishNight","AfternoonTea","ScarletMeister"],"picked":"SKIP","floor":25.0},{"not_picked":["VampireKiss","Ultimatum"],"picked":"HeartBreak","floor":28.0},{"not_picked":["CharismaGuard","ReincarnationDial"],"picked":"UnstableMagic","floor":28.0},{"not_picked":["HellCatastrophe","ForecastOfChange"],"picked":"BloodyHallows","floor":33},{"not_picked":["VampireSweep","RedRainbow","CharismaGuard"],"picked":"SKIP","floor":35},{"not_picked":["Stigmanizer","StarOfDavid+1","RedRainbow"],"picked":"SKIP","floor":36},{"not_picked":["BombardNight","ScarletSymphony+1","MillenniumVampire"],"picked":"SKIP","floor":38},{"not_picked":["BombardNight","ScarletSymphony+1"],"picked":"MillenniumVampire","floor":38},{"not_picked":["BlasphemousPunishment","NightDance+1","KillingBlow"],"picked":"SKIP","floor":40},{"not_picked":["EndlessAdversity","ScarletNetherworld","RedRainbow"],"picked":"SKIP","floor":41},{"not_picked":["MiserableFate","StarOfDavid","RedMagic+1"],"picked":"SKIP","floor":41},{"not_picked":["Septette","BloodHunter+1"],"picked":"ScarletDevilSign","floor":42},{"not_picked":["DiffusionOfMisfortune","ChainGang","ScarletImprint"],"picked":"SKIP","floor":44},{"not_picked":["VampireSweep","UnderTheZenith","HunterOfTheNight+1"],"picked":"SKIP","floor":44},{"not_picked":["VampireKiss","StarOfDavid"],"picked":"ScarletCoffin","floor":47},{"not_picked":["UnstableMagic","StarOfDavid+1","UnderTheZenith"],"picked":"SKIP","floor":47},{"not_picked":["CharismaGuard","GlobalNightmare"],"picked":"ChaoticDestiny","floor":48},{"not_picked":["Ultimatum","EndlessAdversity","RedRainbow"],"picked":"SKIP","floor":48},{"not_picked":["BloodyMagicSquare","BloodHunter","Maim+1"],"picked":"SKIP","floor":54}],"player_experience":441827,"relics_obtained":[{"floor":6.0,"key":"Anchor"},{"floor":23.0,"key":"AT_ChloranthyRing"},{"floor":25.0,"key":"Ice Cream"},{"floor":26.0,"key":"Dota2Spire:Dagon"},{"floor":28.0,"key":"PureWhite:ReiMu"},{"floor":40,"key":"Prayer Wheel"},{"floor":42,"key":"Kunai"},{"floor":43,"key":"Dota2Spire:MonkeyKingBar"},{"floor":48,"key":"White Beast Statue"},{"floor":54,"key":"Ornamental Fan"}],"event_choices":[{"cards_removed":["ScarletDevilSign"],"damage_healed":0,"gold_gain":0,"player_choice":"Removed Attack","damage_taken":0,"max_hp_gain":0,"max_hp_loss":0,"event_name":"Falling","floor":45,"gold_loss":0}],"is_beta":false,"boss_relics":[{"not_picked":["Cursed Key","Dota2Spire:RefresherOrb"],"picked":"Dota2Spire:Bloodstone"},{"not_picked":[]},{"not_picked":["Philosopher\u0027s Stone","Pandora\u0027s Box"],"picked":"AT_MortalBlade"},{"not_picked":[]}],"items_purged_floors":[22,29,37,39,53],"is_endless":false,"potions_floor_spawned":[2,4,6,19,25,33,35,36,40,44,48,54],"ascension_level":15}}