{"host":"gx7yyrn1gkym3qpb","time":1610416664,"event":{"mods":["AchievementEnabler","BaseMod","Better Altar","Better Match","Better Note","Better Sensory Stone","Better Skull","Better Third Choice","Highlight Path","Minty Spire (QoL Compilation)","Permanent Neow","Quick Restart","StSLib","Unceasing Turn Reminder"],"gold_per_floor":[111,36,51,68,78,78,104,120,120,150,25,57,57,67,67,139,139,158,158,177,177,177,177,177],"floor_reached":23,"playtime":920,"items_purged":["Strike_R"],"score":401,"play_id":"91cd531b-50ea-4b60-bb92-67914dc877b0","local_time":"20210111205744","is_ascension_mode":true,"campfire_choices":[{"data":"Bludgeon","floor":6.0,"key":"SMITH"},{"data":"Bash","floor":13.0,"key":"SMITH"},{"data":"Disarm","floor":15.0,"key":"SMITH"}],"circlet_count":0,"master_deck":["AscendersBane","Strike_R","Strike_R","Strike_R","Defend_R","Defend_R","Defend_R","Defend_R","Bash+1","Bludgeon+1","Disarm+1","Headbutt","Reaper","Shrug It Off","Battle Trance","Offering"],"relics":["Burning Blood","Bag of Preparation","Orichalcum","Pantograph","Sozu"],"acts_visited":["Exordium","TheCity"],"potions_floor_usage":[],"damage_taken":[{"damage":8.0,"enemies":"2 Louse","floor":1.0,"turns":4.0},{"damage":2.0,"enemies":"Jaw Worm","floor":3.0,"turns":3.0},{"damage":4.0,"enemies":"Cultist","floor":4.0,"turns":3.0},{"damage":4.0,"enemies":"Exordium Wildlife","floor":5.0,"turns":3.0},{"damage":3.0,"enemies":"Lagavulin","floor":7.0,"turns":6.0},{"damage":7.0,"enemies":"2 Fungi Beasts","floor":8.0,"turns":4.0},{"damage":35.0,"enemies":"3 Sentries","floor":10.0,"turns":7.0},{"damage":36.0,"enemies":"Gremlin Nob","floor":12.0,"turns":5.0},{"damage":2.0,"enemies":"Blue Slaver","floor":14.0,"turns":4.0},{"damage":17.0,"enemies":"The Guardian","floor":16.0,"turns":10.0},{"damage":11,"enemies":"Shell Parasite","floor":18,"turns":5},{"damage":22,"enemies":"Spheric Guardian","floor":20,"turns":4},{"damage":6,"enemies":"Gremlin Leader","floor":23,"turns":4}],"seed_played":"-1126602347022094273","potions_obtained":[{"floor":4.0,"key":"SkillPotion"},{"floor":5.0,"key":"SkillPotion"},{"floor":10.0,"key":"Weak Potion"}],"is_trial":false,"path_per_floor":["M","?","M","M","M","R","E","M","T","E","$","E","R","M","R","B",null,"M","?","M","?","?","E"],"character_chosen":"IRONCLAD","items_purchased":["Shrug It Off"],"campfire_rested":0,"item_purchase_floors":[11],"current_hp_per_floor":[66,66,70,72,74,74,75,74,74,53,53,27,27,31,31,49,69,70,70,54,54,54,58,58],"gold":177,"neow_bonus":"ONE_RANDOM_RARE_CARD","is_daily":false,"chose_seed":false,"campfire_upgraded":3,"win_rate":0.0,"timestamp":1610416664,"path_taken":["M","?","M","M","M","R","E","M","T","E","$","E","R","M","R","BOSS","M","?","?","?","?","E"],"items_purchased_type":["Card"],"build_version":"2020-12-22","purchased_purges":1,"victory":false,"max_hp_per_floor":[75,75,75,75,75,75,75,75,75,75,75,75,75,75,75,75,75,75,75,75,75,75,75,75],"card_choices":[{"not_picked":["Armaments","Thunderclap"],"picked":"Disarm","floor":1.0},{"not_picked":["Intimidate","Headbutt","Iron Wave"],"picked":"SKIP","floor":3.0},{"not_picked":["Intimidate","Iron Wave"],"picked":"Headbutt","floor":3.0},{"not_picked":["Heavy Blade","Intimidate","Iron Wave"],"picked":"SKIP","floor":4.0},{"not_picked":["Body Slam","True Grit"],"picked":"Reaper","floor":5.0},{"not_picked":["Juggernaut","Rage","Searing Blow"],"picked":"SKIP","floor":7.0},{"not_picked":["Headbutt","Sword Boomerang","Intimidate"],"picked":"SKIP","floor":8.0},{"not_picked":["Sever Soul","Brutality","Flex"],"picked":"SKIP","floor":10.0},{"not_picked":["Wild Strike","Blood for Blood","Combust"],"picked":"SKIP","floor":12.0},{"not_picked":["Body Slam","Warcry"],"picked":"Battle Trance","floor":14.0},{"not_picked":["Limit Break","Berserk"],"picked":"Offering","floor":16.0},{"not_picked":["Iron Wave","Body Slam","Dual Wield"],"picked":"SKIP","floor":18},{"not_picked":["Body Slam","Twin Strike","Clash"],"picked":"SKIP","floor":20}],"player_experience":404054,"relics_obtained":[{"floor":7.0,"key":"Bag of Preparation"},{"floor":10.0,"key":"Orichalcum"},{"floor":12.0,"key":"Pantograph"}],"event_choices":[{"cards_removed":["Strike_R"],"damage_healed":0.0,"max_hp_gain":0.0,"max_hp_loss":0.0,"gold_gain":0.0,"event_name":"The Cleric","player_choice":"Card Removal","floor":2.0,"gold_loss":75.0,"damage_taken":0.0},{"cards_removed":["Bludgeon"],"damage_healed":0,"gold_gain":0,"player_choice":"Give","damage_taken":0,"max_hp_gain":0,"max_hp_loss":0,"event_name":"betterNote:BetterNote","floor":19,"gold_loss":0,"cards_obtained":["None"]},{"damage_healed":0,"gold_gain":0,"player_choice":"Ignored","damage_taken":0,"max_hp_gain":0,"max_hp_loss":0,"event_name":"Vampires","floor":21,"gold_loss":0},{"damage_healed":0,"gold_gain":0,"player_choice":"Ignored","damage_taken":0,"max_hp_gain":0,"max_hp_loss":0,"event_name":"Ghosts","floor":22,"gold_loss":0}],"is_beta":false,"boss_relics":[{"not_picked":["Fusion Hammer","Mark of Pain"],"picked":"Sozu"}],"items_purged_floors":[11],"is_endless":false,"potions_floor_spawned":[4,5,10,18],"killed_by":"Gremlin Leader","ascension_level":18}}