{"host":"8i4doyxqctgl5qb0","time":1610430976,"event":{"mods":["AchievementEnabler","BaseMod","Block Reminder","Colored Powertips","Downfall","Hermit","Minty Spire (QoL Compilation)","Permanent Neow","Potion Indicator Mod","Rare Cards Sparkle","StSLib","SuperFastMode","The Jungle"],"gold_per_floor":[216,232,232,307,323,323,248,248,299,331,130,130,305,323,323,323,323],"floor_reached":16,"playtime":378,"items_purged":["Strike_R"],"score":132,"play_id":"73899c31-81cd-4c50-aa68-5300d90953df","local_time":"20210112135616","is_ascension_mode":true,"campfire_choices":[{"data":"Armaments","floor":6,"key":"SMITH"},{"data":"Whirlwind","floor":8,"key":"SMITH"},{"data":"Shrug It Off","floor":12,"key":"SMITH"},{"floor":15,"key":"REST"}],"circlet_count":0,"master_deck":["Strike_R","Strike_R","Strike_R","Defend_R","Defend_R","Defend_R","Defend_R","Bash","Armaments+1","Cleave","Intimidate","Whirlwind+1","Feed","Shrug It Off+1","Doubt","Armaments","Armaments"],"relics":["Burning Blood","Centennial Puzzle","Strawberry","Dream Catcher"],"acts_visited":["Exordium"],"potions_floor_usage":[16],"damage_taken":[{"damage":8,"enemies":"Jaw Worm","floor":1,"turns":5},{"damage":7,"enemies":"2 Louse","floor":2,"turns":3},{"damage":3,"enemies":"Small Slimes","floor":5,"turns":3},{"damage":30,"enemies":"3 Sentries","floor":10,"turns":4},{"damage":8,"enemies":"Red Slaver","floor":14,"turns":4},{"damage":93,"enemies":"The Guardian","floor":16,"turns":19}],"seed_played":"6986113740911363706","potions_obtained":[{"floor":2,"key":"Regen Potion"}],"is_trial":false,"path_per_floor":["M","M","?","?","M","R","$","R","T","E","$","R","?","M","R","B"],"character_chosen":"IRONCLAD","items_purchased":["Dream Catcher","Shrug It Off"],"campfire_rested":1,"item_purchase_floors":[11,11],"current_hp_per_floor":[70,69,69,58,61,61,61,61,61,44,44,44,44,42,68,0,0],"gold":323,"neow_bonus":"HUNDRED_GOLD","is_daily":false,"chose_seed":false,"campfire_upgraded":3,"win_rate":0.0,"timestamp":1610430976,"path_taken":["M","M","?","?","M","R","$","R","T","E","$","R","?","M","R","BOSS"],"items_purchased_type":["Relic","Card"],"build_version":"2020-12-22","purchased_purges":1,"victory":false,"max_hp_per_floor":[80,80,80,80,80,80,80,80,80,87,87,87,87,87,87,87,87],"card_choices":[{"not_picked":["Anger","Intimidate"],"picked":"Armaments","floor":1},{"not_picked":["Warcry","Carnage"],"picked":"Cleave","floor":2},{"not_picked":["Havoc","Sever Soul"],"picked":"Whirlwind","floor":5},{"not_picked":["Intimidate","Flex"],"picked":"Feed","floor":10},{"not_picked":["Havoc","Sword Boomerang"],"picked":"Armaments","floor":14},{"not_picked":["Havoc","Wild Strike"],"picked":"Armaments","floor":15}],"player_experience":163640,"relics_obtained":[{"floor":9,"key":"Centennial Puzzle"},{"floor":10,"key":"Strawberry"}],"event_choices":[{"damage_healed":0,"gold_gain":0,"cards_transformed":["Strike_R"],"player_choice":"Change","damage_taken":0,"max_hp_gain":0,"max_hp_loss":0,"event_name":"Living Wall","floor":3,"gold_loss":0,"cards_obtained":["Intimidate"]},{"damage_healed":0,"gold_gain":75,"player_choice":"Gather Gold","damage_taken":11,"max_hp_gain":0,"max_hp_loss":0,"event_name":"World of Goop","floor":4,"gold_loss":0},{"damage_healed":0,"gold_gain":175,"player_choice":"AGREE","damage_taken":0,"max_hp_gain":0,"max_hp_loss":0,"event_name":"Liars Game","floor":13,"gold_loss":0,"cards_obtained":["Doubt"]}],"is_beta":false,"boss_relics":[],"items_purged_floors":[7],"is_endless":false,"potions_floor_spawned":[2],"killed_by":"The Guardian","ascension_level":7}}