{"host":"kdt6w7ix8lwe69i9","time":1610467648,"event":{"mods":["100% Spire Juice","Bartender","BaseMod","ChefMod","Downfall","Evolution","Fiend Mod","Jorbs\u0027s Wanderer Trilogy","Minty Spire (QoL Compilation)","Reimu（博丽灵梦）","Robot Space Explorer","Shade Mod","StSLib","The Caster","The Cursed","The Disciple","The Dragon Tamer","The Druid","The Fake Hero","The Forsaken","The Gatherer","The Marked","TheBandit","TheSwordswoman"],"gold_per_floor":[110,110,110,125,49,49,49,69,94,94,94,139,164,178,178,276,276,289,305,8,8,8,8,35,35,35,35,54,88,106,141,141,237,237,253,265,278,328,344,344,372,384,384,384,404,435,455,468,468,468,468,468,20,20,20],"floor_reached":54,"playtime":4669,"items_purged":[],"score":907,"play_id":"80952a35-9601-4096-bbbb-075bae17d64a","local_time":"20210112110728","is_ascension_mode":false,"campfire_choices":[{"data":"Shade:FleshToFlesh","floor":6,"key":"SMITH"},{"data":"Shade:AuraOfUnlife","floor":11,"key":"SMITH"},{"floor":15,"key":"REST"},{"data":"Shade:Bonestorm","floor":23,"key":"SMITH"},{"data":"Shade:AnimateDead","floor":25,"key":"SMITH"},{"data":"Shade:ExtraLimbs","floor":27,"key":"SMITH"},{"floor":32,"key":"RECALL"},{"data":"Shade:Putrefaction","floor":40,"key":"SMITH"},{"data":"Shade:CoffinDance","floor":49,"key":"SMITH"},{"data":"Shade:WallOfFlesh","floor":52,"key":"SMITH"}],"circlet_count":0,"master_deck":["Shade:ClawBack","Shade:ClawBack","Shade:ClawBack","Shade:ClawBack","Shade:GraveStillness","Shade:GraveStillness","Shade:GraveStillness","Shade:GraveStillness","Shade:AnimateDead+1","Shade:CarefulCut","Shade:Frenzy","Pain","Shade:FleshToFlesh+1","Shade:StitchTogether","Shade:AuraOfUnlife+1","Regret","Shade:FeralStrike","Shade:ExtraLimbs+1","Shade:SkeletonHug","Shade:Bonestorm+1","Shade:OpenGraves","Shade:ClawBack","Shade:GreyBargain","Shade:CommandSoldier","Shade:ExtraLimbs+1","Shade:FuneraryJewels+1","Shade:Putrefaction+1","Shade:AuraOfUnlife+1","Shade:CoffinDance+1","Shade:FeralStrike+1","Shade:WallOfFlesh+1","Shade:FingerOfDeath+1","Shade:FleshLikeOak","Shade:Carnophage+1","Shade:CommandSoldier+1","Shade:CommandSoldier","Shade:Brains+1","Shade:SkeletonHug+1","expansioncontent:CaCaw","Shade:Frenzy"],"relics":["Shade:YorickSkull","EVO:Axolotl","Regal Pillow","WarpedTongs","Toy Ornithopter","Oddly Smooth Stone","Dream Catcher","StrikeDummy","Philosopher\u0027s Stone","ClockworkSouvenir","Anchor","Bag of Preparation","Eternal Feather","theForsaken:ScaryMask","Darkstone Periapt","PreservedInsect","SacredBark","Ginger","White Beast Statue","MealTicket","Membership Card","Vajra","Du-Vu Doll"],"acts_visited":["Exordium","TheCity","TheBeyond","TheEnding"],"potions_floor_usage":[13,13,18,30,30,31,39,45,46,48,50],"damage_taken":[{"damage":0,"enemies":"Jaw Worm","floor":1,"turns":4},{"damage":1,"enemies":"Small Slimes","floor":4,"turns":2},{"damage":0,"enemies":"Cultist","floor":8,"turns":3},{"damage":14,"enemies":"Gremlin Nob","floor":13,"turns":4},{"damage":13,"enemies":"Large Slime","floor":14,"turns":5},{"damage":42,"enemies":"Hexaghost","floor":16,"turns":10},{"damage":4,"enemies":"2 Thieves","floor":18,"turns":4},{"damage":3,"enemies":"Shell Parasite","floor":19,"turns":4},{"damage":10,"enemies":"Book of Stabbing","floor":24,"turns":5},{"damage":0,"enemies":"Centurion and Healer","floor":28,"turns":4},{"damage":0,"enemies":"Slavers","floor":29,"turns":4},{"damage":7,"enemies":"Shelled Parasite and Fungi","floor":30,"turns":4},{"damage":4,"enemies":"Gremlin Leader","floor":31,"turns":3},{"damage":54,"enemies":"Collector","floor":33,"turns":9},{"damage":30,"enemies":"3 Darklings","floor":35,"turns":4},{"damage":1,"enemies":"Orb Walker","floor":36,"turns":3},{"damage":0,"enemies":"Jaw Worm Horde","floor":37,"turns":4},{"damage":2,"enemies":"Mind Bloom Boss Battle","floor":38,"turns":6},{"damage":10,"enemies":"4 Shapes","floor":39,"turns":4},{"damage":5,"enemies":"Nemesis","floor":41,"turns":5},{"damage":1,"enemies":"Spire Growth","floor":42,"turns":6},{"damage":10,"enemies":"3 Darklings","floor":45,"turns":4},{"damage":0,"enemies":"Reptomancer","floor":46,"turns":5},{"damage":0,"enemies":"4 Shapes","floor":47,"turns":3},{"damage":2,"enemies":"Jaw Worm Horde","floor":48,"turns":4},{"damage":57,"enemies":"Donu and Deca","floor":50,"turns":8},{"damage":69,"enemies":"Shield and Spear","floor":54,"turns":3}],"seed_played":"-4736456532959560240","potions_obtained":[{"floor":1,"key":"Explosive Potion"},{"floor":4,"key":"FearPotion"},{"floor":16,"key":"ColorlessPotion"},{"floor":18,"key":"DistilledChaos"},{"floor":24,"key":"Energy Potion"},{"floor":28,"key":"Swift Potion"},{"floor":35,"key":"Swift Potion"},{"floor":36,"key":"Guardian:BlockOnCardUsePotion"},{"floor":38,"key":"Swift Potion"},{"floor":42,"key":"SkillPotion"},{"floor":45,"key":"LiquidMemories"},{"floor":46,"key":"Explosive Potion"},{"floor":48,"key":"Explosive Potion"}],"is_trial":false,"path_per_floor":["M","?","?","M","$","R","?","M","T","?","R","T","E","M","R","B",null,"M","M","$","?","?","R","E","R","T","R","M","E","M","E","R","B",null,"M","M","M","?","M","R","E","M","T","?","M","E","M","M","R","B",null,"R","$","E"],"character_chosen":"SHADE","items_purchased":["Shade:StitchTogether","ClockworkSouvenir","Anchor","Membership Card","Vajra","Du-Vu Doll","expansioncontent:CaCaw","Shade:Frenzy"],"campfire_rested":1,"item_purchase_floors":[5,20,20,53,53,53,53,53],"current_hp_per_floor":[66,66,66,65,65,65,65,66,66,66,66,66,52,49,66,34,66,66,63,63,63,63,63,60,66,66,66,66,66,59,66,66,12,66,36,42,49,57,59,66,61,65,65,65,60,65,65,64,66,9,66,66,66,0,0],"gold":20,"neow_bonus":"RANDOM_COMMON_RELIC","is_daily":false,"chose_seed":false,"campfire_upgraded":8,"win_rate":0.0,"timestamp":1610467648,"path_taken":["M","?","?","?","$","R","?","M","T","?","R","?","E","M","R","BOSS","M","M","$","?","?","R","E","R","T","R","M","E","M","E","R","BOSS","M","M","?","?","M","R","E","M","T","?","M","E","?","M","R","BOSS","R","$","E"],"items_purchased_type":["Card","Relic","Relic","Relic","Relic","Relic","Card","Card"],"build_version":"2020-12-22","purchased_purges":0,"victory":false,"max_hp_per_floor":[66,66,66,66,66,66,66,66,66,66,66,66,66,66,66,66,66,66,66,66,66,66,66,66,66,66,66,66,66,66,66,66,66,66,66,66,66,66,66,66,66,66,66,66,66,66,66,66,66,66,66,66,66,66,66],"card_choices":[{"not_picked":["Shade:DangerousRitual","Shade:SpontaneousRitual"],"picked":"Shade:Frenzy","floor":1},{"not_picked":["Shade:Doomsay","Shade:LyeBath"],"picked":"Shade:FleshToFlesh","floor":4},{"not_picked":["Shade:AncientSpear","Shade:FleshOffering"],"picked":"Shade:AuraOfUnlife","floor":8},{"not_picked":["Shade:LyeBath","Shade:RavenousHorde"],"picked":"Shade:FeralStrike","floor":13},{"not_picked":["Shade:Patience","Shade:ScuttlingHand"],"picked":"Shade:ExtraLimbs","floor":14},{"not_picked":["Shade:RavenousHorde","Shade:CoffinDance"],"picked":"Shade:SkeletonHug","floor":15},{"not_picked":["Shade:OminousRitual","Shade:SoulPierce"],"picked":"Shade:OneIsEnough","floor":16},{"not_picked":["Shade:GraveStillness","Shade:Haruspicy"],"picked":"Shade:Bonestorm","floor":18},{"not_picked":["Shade:SpectralStrikes+1","Shade:ClawBack+1"],"picked":"Shade:OpenGraves","floor":19},{"not_picked":["Shade:SoulPierce","Shade:FeralStrike"],"picked":"Shade:ClawBack","floor":24},{"not_picked":["Shade:ClawBack+1","Shade:Awaken"],"picked":"Shade:GreyBargain","floor":28},{"not_picked":["Shade:Awaken","Shade:LoseControl"],"picked":"Shade:CommandSoldier","floor":29},{"not_picked":["Shade:SpontaneousRitual","Shade:Patience"],"picked":"Shade:ExtraLimbs+1","floor":30},{"not_picked":["Shade:Asphyxiate","Shade:CloudOfShrapnel+1"],"picked":"Shade:FuneraryJewels+1","floor":31},{"not_picked":["Shade:Tombstone","Shade:OminousRitual"],"picked":"Shade:Putrefaction","floor":33},{"not_picked":["Shade:FingerOfDeath+1","Shade:AncientSpear"],"picked":"Shade:AuraOfUnlife+1","floor":35},{"not_picked":["Shade:PotionOfRestlessness+1","Shade:LyeBath"],"picked":"Shade:CoffinDance","floor":36},{"not_picked":["Shade:CallWraith","Shade:SkeletonHug"],"picked":"Shade:FeralStrike+1","floor":37},{"not_picked":["Shade:SpectralStrikes","Shade:SelfBurial"],"picked":"Shade:WallOfFlesh","floor":38},{"not_picked":["Shade:FuneraryArmor","Shade:PoundOfFlesh+1"],"picked":"Shade:FingerOfDeath+1","floor":39},{"not_picked":["Shade:FeralStrike","Shade:Awaken+1"],"picked":"Shade:FleshLikeOak","floor":41},{"not_picked":["Shade:AuraOfUnlife","Shade:Bite_Shade"],"picked":"Shade:Carnophage+1","floor":42},{"not_picked":["Shade:FeralStrike+1","Shade:Doomsay"],"picked":"Shade:CommandSoldier+1","floor":45},{"not_picked":["Shade:DarkOfNight","Shade:GreyBargain+1"],"picked":"Shade:CommandSoldier","floor":46},{"not_picked":["Shade:AncientSpear+1","Shade:CoffinDance+1"],"picked":"Shade:Brains+1","floor":47},{"not_picked":["Shade:Asphyxiate","Shade:BoneShards+1"],"picked":"Shade:SkeletonHug+1","floor":48}],"player_experience":1767774,"relics_obtained":[{"floor":9,"key":"Toy Ornithopter"},{"floor":12,"key":"Dream Catcher"},{"floor":13,"key":"StrikeDummy"},{"floor":24,"key":"Eternal Feather"},{"floor":26,"key":"theForsaken:ScaryMask"},{"floor":29,"key":"Darkstone Periapt"},{"floor":31,"key":"PreservedInsect"},{"floor":38,"key":"Ginger"},{"floor":41,"key":"White Beast Statue"},{"floor":46,"key":"MealTicket"}],"event_choices":[{"damage_healed":0,"gold_gain":0,"player_choice":"Rummage","damage_taken":0,"relics_obtained":["WarpedTongs"],"max_hp_gain":0,"max_hp_loss":0,"event_name":"Accursed Blacksmith","floor":3,"gold_loss":0,"cards_obtained":["Pain"]},{"damage_healed":0,"gold_gain":0,"player_choice":"Leave","damage_taken":0,"max_hp_gain":0,"max_hp_loss":0,"event_name":"The Cleric","floor":7,"gold_loss":0},{"damage_healed":0,"gold_gain":0,"player_choice":"Box","damage_taken":0,"relics_obtained":["Oddly Smooth Stone"],"max_hp_gain":0,"max_hp_loss":0,"event_name":"Big Fish","floor":10,"gold_loss":0,"cards_obtained":["Regret"]},{"cards_removed":["Shade:OneIsEnough"],"damage_healed":0,"gold_gain":0,"player_choice":"Gave Card","damage_taken":0,"relics_obtained":["Bag of Preparation"],"max_hp_gain":0,"max_hp_loss":0,"event_name":"WeMeetAgain","floor":22,"gold_loss":0},{"damage_healed":0,"gold_gain":0,"player_choice":"Fight","damage_taken":0,"max_hp_gain":0,"max_hp_loss":0,"event_name":"MindBloom","floor":38,"gold_loss":0},{"damage_healed":0,"gold_gain":0,"player_choice":"Ignored","damage_taken":0,"max_hp_gain":0,"max_hp_loss":0,"event_name":"SecretPortal","floor":44,"gold_loss":0}],"is_beta":false,"boss_relics":[{"not_picked":["theForsaken:PaleLantern","Fiend:Scarf"],"picked":"Philosopher\u0027s Stone"},{"not_picked":["Runic Dome","Tiny House"],"picked":"SacredBark"}],"items_purged_floors":[],"is_endless":false,"potions_floor_spawned":[1,4,16,18,24,28,29,35,36,38,42,45,46,47,48],"killed_by":"Shield and Spear","ascension_level":0}}