{"host":"480qzmvu0s2e3e6w","time":1610453457,"event":{"mods":["BaseMod","Colored Map","DeckTracker","Lobotomy","Minty Spire (QoL Compilation)","StSLib","SuperFastMode"],"gold_per_floor":[111,36,47,57,57,57,84,96,123,123,123,152,152,179,179,280,280,297,14,25,36,49,67,67,67,117,136,136,167,187,205,205,205,205],"floor_reached":33,"playtime":1745,"items_purged":["Decay"],"score":496,"play_id":"3a6a5373-f886-4987-b48d-20e9178b2c21","local_time":"20210112211057","is_ascension_mode":true,"campfire_choices":[{"data":"Hyperbeam","floor":6.0,"key":"SMITH"},{"data":"Streamline","floor":10.0,"key":"SMITH"},{"data":"Beam Cell","floor":15.0,"key":"SMITH"},{"data":"Buffer","floor":25.0,"key":"SMITH"},{"floor":28.0,"key":"REST"},{"floor":32,"key":"REST"}],"circlet_count":0,"master_deck":["AscendersBane","Defend_B","Defend_B","Defend_B","Defend_B","Zap","Dualcast","Hyperbeam+1","Gash","Ball Lightning","Conserve Battery","Gash","Streamline+1","Sunder","Beam Cell+1","Buffer+1","Seek+1","Melter+1","Loop+1","BootSequence","Turbo","Genetic Algorithm","Beam Cell+1","Turbo","Genetic Algorithm+1","Coolheaded","Glacier+1","Compile Driver+1","Recycle"],"relics":["Cracked Core","Orichalcum","Lantern","Omamori","FaceOfCleric","StrikeDummy","Astrolabe","Medical Kit","Regal Pillow","Blue Candle"],"acts_visited":["Exordium","TheCity"],"potions_floor_usage":[30,31,31,33],"damage_taken":[{"damage":0.0,"enemies":"2 Louse","floor":1.0,"turns":1.0},{"damage":0.0,"enemies":"Small Slimes","floor":3.0,"turns":1.0},{"damage":0.0,"enemies":"Cultist","floor":4.0,"turns":2.0},{"damage":18.0,"enemies":"Lagavulin","floor":7.0,"turns":7.0},{"damage":0.0,"enemies":"Gremlin Gang","floor":8.0,"turns":2.0},{"damage":4.0,"enemies":"3 Sentries","floor":12.0,"turns":4.0},{"damage":30.0,"enemies":"Lagavulin","floor":14.0,"turns":6.0},{"damage":32.0,"enemies":"The Guardian","floor":16.0,"turns":8.0},{"damage":9.0,"enemies":"Shell Parasite","floor":18.0,"turns":2.0},{"damage":0.0,"enemies":"Chosen","floor":20.0,"turns":3.0},{"damage":5.0,"enemies":"Centurion and Healer","floor":21.0,"turns":5.0},{"damage":0.0,"enemies":"Sentry and Sphere","floor":22.0,"turns":2.0},{"damage":44.0,"enemies":"Shelled Parasite and Fungi","floor":23.0,"turns":6.0},{"damage":9.0,"enemies":"Snake Plant","floor":27.0,"turns":3.0},{"damage":25.0,"enemies":"Gremlin Leader","floor":29.0,"turns":6.0},{"damage":0,"enemies":"Snecko","floor":30,"turns":5},{"damage":0,"enemies":"3 Cultists","floor":31,"turns":3},{"damage":80,"enemies":"Champ","floor":33,"turns":13}],"seed_played":"-4908318933378183126","potions_obtained":[{"floor":1.0,"key":"LiquidMemories"},{"floor":3.0,"key":"LiquidBronze"},{"floor":7.0,"key":"Explosive Potion"},{"floor":12.0,"key":"SteroidPotion"},{"floor":21.0,"key":"Ancient Potion"},{"floor":22.0,"key":"SteroidPotion"},{"floor":27.0,"key":"SpeedPotion"},{"floor":30,"key":"PowerPotion"}],"is_trial":false,"path_per_floor":["M","$","M","M","?","R","E","M","T","R","?","E","?","E","R","B",null,"M","$","M","M","M","M","?","R","T","M","R","E","M","M","R","B"],"character_chosen":"DEFECT","items_purchased":["Turbo","Genetic Algorithm","Medical Kit"],"campfire_rested":2,"item_purchase_floors":[19,19,19],"current_hp_per_floor":[68,68,68,68,68,68,50,50,50,50,55,51,51,22,22,11,64,56,56,57,53,54,11,11,11,11,3,44,20,21,22,64,0,0],"gold":205,"neow_bonus":"THREE_RARE_CARDS","is_daily":false,"chose_seed":false,"campfire_upgraded":4,"win_rate":0.0,"timestamp":1610453457,"path_taken":["M","$","M","M","?","R","E","M","T","R","?","E","?","E","R","BOSS","M","$","M","M","M","M","?","R","T","M","R","E","?","M","R","BOSS"],"items_purchased_type":["Card","Card","Relic"],"build_version":"2020-12-22","purchased_purges":1,"victory":false,"max_hp_per_floor":[75,75,75,75,75,75,75,75,75,75,80,80,80,81,81,82,82,83,83,84,85,86,87,87,87,87,88,88,89,90,91,91,91,91],"card_choices":[{"not_picked":["All For One","Meteor Strike"],"picked":"Hyperbeam","floor":0.0},{"not_picked":["Cold Snap","Conserve Battery"],"picked":"Gash","floor":1.0},{"not_picked":["Heatsinks","Tempest"],"picked":"Ball Lightning","floor":3.0},{"not_picked":["Doom and Gloom","Lockon"],"picked":"Conserve Battery","floor":4.0},{"not_picked":["Doom and Gloom","Leap","Stack"],"picked":"SKIP","floor":7.0},{"not_picked":["Sweeping Beam","Go for the Eyes"],"picked":"Streamline","floor":8.0},{"not_picked":["Rebound","Force Field"],"picked":"Sunder","floor":12.0},{"not_picked":["Gash","Streamline"],"picked":"Beam Cell","floor":14.0},{"not_picked":["Thunder Strike","Creative AI"],"picked":"Buffer","floor":16.0},{"not_picked":["Beam Cell","Self Repair"],"picked":"BootSequence","floor":18.0},{"not_picked":["Sweeping Beam","Barrage"],"picked":"Beam Cell+1","floor":20.0},{"not_picked":["Coolheaded","Capacitor"],"picked":"Turbo","floor":21.0},{"not_picked":["Streamline","Coolheaded+1"],"picked":"Genetic Algorithm+1","floor":22.0},{"not_picked":["Amplify","Static Discharge","Sweeping Beam+1"],"picked":"SKIP","floor":23.0},{"not_picked":["Turbo","Redo"],"picked":"Coolheaded","floor":27.0},{"not_picked":["Rainbow","Steam Power"],"picked":"Glacier+1","floor":29.0},{"not_picked":["Barrage","Lockon+1"],"picked":"Compile Driver+1","floor":30},{"not_picked":["Coolheaded","Lockon"],"picked":"Recycle","floor":31}],"player_experience":697599,"relics_obtained":[{"floor":7.0,"key":"Orichalcum"},{"floor":9.0,"key":"Lantern"},{"floor":12.0,"key":"Omamori"},{"floor":14.0,"key":"StrikeDummy"},{"floor":26.0,"key":"Regal Pillow"},{"floor":29.0,"key":"Blue Candle"}],"event_choices":[{"damage_healed":0.0,"max_hp_gain":0.0,"max_hp_loss":0.0,"gold_gain":0.0,"cards_transformed":["Strike_B"],"event_name":"Living Wall","player_choice":"Change","floor":5.0,"gold_loss":0.0,"damage_taken":0.0,"cards_obtained":["Gash"]},{"damage_healed":0.0,"max_hp_gain":5.0,"max_hp_loss":0.0,"gold_gain":0.0,"event_name":"Big Fish","player_choice":"Donut","floor":11.0,"gold_loss":0.0,"damage_taken":0.0},{"damage_healed":0.0,"max_hp_gain":0.0,"max_hp_loss":0.0,"gold_gain":0.0,"event_name":"FaceTrader","player_choice":"Trade","floor":13.0,"gold_loss":0.0,"damage_taken":0.0,"relics_obtained":["FaceOfCleric"]},{"damage_healed":0.0,"max_hp_gain":0.0,"max_hp_loss":0.0,"gold_gain":0.0,"event_name":"The Woman in Blue","player_choice":"Bought 0 Potions","floor":24.0,"gold_loss":0.0,"damage_taken":0.0}],"is_beta":false,"boss_relics":[{"not_picked":["Fusion Hammer","Nuclear Battery"],"picked":"Astrolabe"}],"items_purged_floors":[2],"is_endless":false,"potions_floor_spawned":[1,3,7,12,21,22,27,30],"killed_by":"Champ","ascension_level":10}}