{"host":"qekv59dthhdg54sz","time":1610443238,"event":{"mods":["AchievementEnabler","BaseMod","Colored Map","DeckTracker","KOR Keyword Fix","Minty Spire (QoL Compilation)","Rare Cards Sparkle","StSLib","SuperFastMode"],"gold_per_floor":[109,68,118,131,145,145,157,157,212,212,232,232,232,244,244,321,321,333,153,68,88,105,105,140,140,193,213,213,213,29,59,59,131,131,143,143,18,18,36,36,36,62,116,129,129,161,161,189,189,189,189],"floor_reached":52,"playtime":1389,"items_purged":["Defend_G","Strike_G","Defend_G"],"score":2082,"play_id":"062599d2-c806-42cc-8dfa-7b33a43644c5","local_time":"20210112182038","is_ascension_mode":true,"campfire_choices":[{"data":"Noxious Fumes","floor":6.0,"key":"SMITH"},{"data":"Deadly Poison","floor":8.0,"key":"SMITH"},{"data":"Tactician","floor":10.0,"key":"SMITH"},{"data":"Neutralize","floor":13.0,"key":"SMITH"},{"data":"Poisoned Stab","floor":15.0,"key":"SMITH"},{"floor":23.0,"key":"REST"},{"floor":25.0,"key":"REST"},{"data":"Bouncing Flask","floor":29.0,"key":"SMITH"},{"floor":32.0,"key":"REST"},{"data":"Acrobatics","floor":40.0,"key":"SMITH"},{"data":"Burst","floor":45.0,"key":"SMITH"},{"data":"Backflip","floor":47.0,"key":"SMITH"},{"floor":49.0,"key":"REST"}],"circlet_count":0,"master_deck":["AscendersBane","Defend_G","Defend_G","Defend_G","Survivor","Neutralize+1","Poisoned Stab+1","Noxious Fumes+1","Deadly Poison+1","Tactician+1","Prepared+1","Adrenaline","Catalyst+1","Backflip+1","Bouncing Flask+1","Bane+1","Reflex","Choke+1","Burst+1","Acrobatics+1","Well Laid Plans"],"relics":["Ring of the Snake","Snake Skull","Empty Cage","Pen Nib","Paper Crane","Vajra","Du-Vu Doll","Tingsha","Lantern","Akabeko","Bronze Scales"],"acts_visited":["Exordium","TheCity","TheBeyond"],"potions_floor_usage":[51],"damage_taken":[{"damage":4.0,"enemies":"Cultist","floor":1.0,"turns":5.0},{"damage":3.0,"enemies":"Jaw Worm","floor":4.0,"turns":5.0},{"damage":0.0,"enemies":"Small Slimes","floor":5.0,"turns":4.0},{"damage":19.0,"enemies":"Exordium Wildlife","floor":7.0,"turns":6.0},{"damage":0.0,"enemies":"3 Louse","floor":11.0,"turns":4.0},{"damage":4.0,"enemies":"2 Fungi Beasts","floor":14.0,"turns":3.0},{"damage":27.0,"enemies":"Slime Boss","floor":16.0,"turns":9.0},{"damage":6.0,"enemies":"Shell Parasite","floor":18.0,"turns":5.0},{"damage":4.0,"enemies":"Chosen","floor":21.0,"turns":3.0},{"damage":14.0,"enemies":"Snake Plant","floor":22.0,"turns":3.0},{"damage":18.0,"enemies":"Slavers","floor":24.0,"turns":5.0},{"damage":20.0,"enemies":"Shelled Parasite and Fungi","floor":27.0,"turns":4.0},{"damage":7.0,"enemies":"Book of Stabbing","floor":31.0,"turns":3.0},{"damage":34.0,"enemies":"Collector","floor":33.0,"turns":6.0},{"damage":7.0,"enemies":"3 Shapes","floor":35.0,"turns":5.0},{"damage":0.0,"enemies":"Orb Walker","floor":39.0,"turns":3.0},{"damage":2.0,"enemies":"Nemesis","floor":42.0,"turns":3.0},{"damage":0.0,"enemies":"Maw","floor":44.0,"turns":2.0},{"damage":7.0,"enemies":"Giant Head","floor":46.0,"turns":4.0},{"damage":0.0,"enemies":"Reptomancer","floor":48.0,"turns":3.0},{"damage":16.0,"enemies":"Time Eater","floor":50.0,"turns":4.0},{"damage":8,"enemies":"Donu and Deca","floor":51,"turns":7}],"seed_played":"-6530473035904003739","potions_obtained":[{"floor":4.0,"key":"PowerPotion"},{"floor":14.0,"key":"DistilledChaos"},{"floor":16.0,"key":"Swift Potion"},{"floor":22.0,"key":"PowerPotion"},{"floor":31.0,"key":"ColorlessPotion"},{"floor":33.0,"key":"Dexterity Potion"},{"floor":39.0,"key":"SpeedPotion"}],"is_trial":false,"path_per_floor":["M","$","?","M","M","R","M","R","T","R","M","?","R","M","R","B",null,"M","$","?","M","M","R","E","R","T","M","?","R","$","E","R","B",null,"M","?","$","?","M","R","?","E","T","M","R","E","R","E","R","B","B",null],"character_chosen":"THE_SILENT","items_purchased":["Noxious Fumes","Backflip","Bouncing Flask","Reflex"],"campfire_rested":4,"item_purchase_floors":[2,19,19,30],"current_hp_per_floor":[55,55,55,52,52,52,33,33,33,33,33,33,33,29,29,2,50,44,44,44,40,26,45,27,46,46,26,26,26,26,19,38,4,51,44,44,44,44,44,44,44,42,42,42,42,35,35,35,53,37,29],"gold":189,"neow_bonus":"REMOVE_CARD","is_daily":false,"chose_seed":true,"campfire_upgraded":9,"win_rate":0.0,"timestamp":1610443238,"path_taken":["M","$","?","M","M","R","?","R","T","R","M","?","R","M","R","BOSS","M","$","?","M","M","R","E","R","T","M","?","R","$","E","R","BOSS","M","?","$","?","?","R","?","E","T","M","R","E","R","E","R","BOSS","BOSS"],"items_purchased_type":["Card","Card","Card","Card"],"build_version":"2020-12-22","purchased_purges":3,"victory":true,"max_hp_per_floor":[66,66,66,66,66,66,66,66,66,66,66,66,66,66,66,66,66,66,66,66,66,66,66,66,66,66,66,66,66,66,66,66,66,66,66,66,66,66,66,66,63,63,63,63,63,63,63,63,63,63,63],"card_choices":[{"not_picked":["Quick Slash","Dodge and Roll"],"picked":"Poisoned Stab","floor":1.0},{"not_picked":["Finisher","Concentrate"],"picked":"Deadly Poison","floor":4.0},{"not_picked":["Underhanded Strike","Endless Agony","Outmaneuver"],"picked":"SKIP","floor":5.0},{"not_picked":["Deflect","Slice"],"picked":"Tactician","floor":7.0},{"not_picked":["Dagger Spray","Deadly Poison"],"picked":"Prepared","floor":11.0},{"not_picked":["Blade Dance","Slice","Skewer"],"picked":"SKIP","floor":14.0},{"not_picked":["Venomology","Wraith Form v2"],"picked":"Adrenaline","floor":16.0},{"not_picked":["Tactician","Dagger Spray"],"picked":"Catalyst+1","floor":18.0},{"not_picked":["Outmaneuver","Poisoned Stab"],"picked":"Bane+1","floor":21.0},{"not_picked":["Prepared","Dagger Throw","Slice"],"picked":"SKIP","floor":22.0},{"not_picked":["Bane","Slice","Bullet Time"],"picked":"SKIP","floor":24.0},{"not_picked":["Dash","Prepared+1","Eviscerate"],"picked":"SKIP","floor":27.0},{"not_picked":["Predator","Malaise"],"picked":"Choke+1","floor":31.0},{"not_picked":["A Thousand Cuts","Bullet Time"],"picked":"Burst","floor":33.0},{"not_picked":["Sucker Punch","Distraction"],"picked":"Acrobatics","floor":35.0},{"not_picked":["Riddle With Holes","Bane","Flying Knee"],"picked":"SKIP","floor":39.0},{"not_picked":["Caltrops+1","Deadly Poison+1","Concentrate"],"picked":"SKIP","floor":42.0},{"not_picked":["Acrobatics+1","Outmaneuver","Slice"],"picked":"SKIP","floor":44.0},{"not_picked":["Backflip","Riddle With Holes","Underhanded Strike"],"picked":"SKIP","floor":46.0},{"not_picked":["Sucker Punch+1","Flying Knee"],"picked":"Well Laid Plans","floor":48.0}],"player_experience":765821,"relics_obtained":[{"floor":9.0,"key":"Snake Skull"},{"floor":24.0,"key":"Paper Crane"},{"floor":26.0,"key":"Vajra"},{"floor":31.0,"key":"Du-Vu Doll"},{"floor":42.0,"key":"Tingsha"},{"floor":43.0,"key":"Lantern"},{"floor":46.0,"key":"Akabeko"},{"floor":48.0,"key":"Bronze Scales"}],"event_choices":[{"damage_healed":0.0,"max_hp_gain":0.0,"max_hp_loss":0.0,"gold_gain":50.0,"event_name":"Golden Shrine","player_choice":"Pray","floor":3.0,"gold_loss":0.0,"damage_taken":0.0},{"damage_healed":0.0,"max_hp_gain":0.0,"max_hp_loss":0.0,"gold_gain":0.0,"event_name":"Upgrade Shrine","player_choice":"Upgraded","floor":12.0,"gold_loss":0.0,"damage_taken":0.0,"cards_upgraded":["Prepared"]},{"damage_healed":0.0,"max_hp_gain":0.0,"max_hp_loss":0.0,"gold_gain":0.0,"event_name":"Addict","player_choice":"Obtained Relic","floor":20.0,"gold_loss":85.0,"damage_taken":0.0,"relics_obtained":["Pen Nib"]},{"cards_removed":["Strike_G"],"damage_healed":0.0,"max_hp_gain":0.0,"max_hp_loss":0.0,"gold_gain":0.0,"event_name":"Back to Basics","player_choice":"Elegance","floor":28.0,"gold_loss":0.0,"damage_taken":0.0},{"damage_healed":0.0,"max_hp_gain":0.0,"max_hp_loss":0.0,"gold_gain":0.0,"event_name":"Tomb of Lord Red Mask","player_choice":"Ignored","floor":36.0,"gold_loss":0.0,"damage_taken":0.0},{"damage_healed":0.0,"max_hp_gain":0.0,"max_hp_loss":0.0,"gold_gain":0.0,"event_name":"SecretPortal","player_choice":"Ignored","floor":38.0,"gold_loss":0.0,"damage_taken":0.0},{"damage_healed":0.0,"max_hp_gain":0.0,"max_hp_loss":3.0,"gold_gain":0.0,"event_name":"Winding Halls","player_choice":"Max HP","floor":41.0,"gold_loss":0.0,"damage_taken":0.0}],"is_beta":false,"boss_relics":[{"not_picked":["WristBlade","SacredBark"],"picked":"Empty Cage"},{"not_picked":["Runic Dome","Snecko Eye","Calling Bell"]}],"items_purged_floors":[19,30,37],"is_endless":false,"potions_floor_spawned":[4,14,16,22,31,33,39,42,48],"ascension_level":20}}