{"host":"pno9h1fupbyz205f","time":1610494829,"event":{"mods":["Aspiration","BaseMod","Better Altar","Better Match","Better Note","Better Sensory Stone","Better Skull","Better Third Choice","Colored Map","Colored Powertips","Downfall","Hubris","Infinite Spire","Jedi Mod","Mad Scientist","Marisa????????","Minty Spire (QoL Compilation)","Permanent Neow","Potionbrewer","Replay The Spire","Shop Mod","Spicy Shops","StSLib","Td1madao Mod","The Blackbeard","The Gatherer","The Hierophant","The Poker Player","The Runesmith","The Servant 0.9.4","The Vixen","thorton","vexMod"],"gold_per_floor":[116,116,116,136,150,182,1,12,12,36,36,63,86,86,86,200,200,200],"floor_reached":17,"language":"ENG","playtime":927,"items_purged":["TheVixenMod:Defend_TheVixen"],"score":163,"play_id":"88fa5527-2c00-4fa3-b047-087463f14bfb","local_time":"20210112154029","is_ascension_mode":false,"campfire_choices":[{"floor":11,"key":"REST"},{"floor":15,"key":"REST"}],"circlet_count":0,"master_deck":["TheVixenMod:Strike_TheVixen","TheVixenMod:Strike_TheVixen","TheVixenMod:Strike_TheVixen","TheVixenMod:Strike_TheVixen","TheVixenMod:Defend_TheVixen","TheVixenMod:Defend_TheVixen","TheVixenMod:Defend_TheVixen","TheVixenMod:SunnyDay+1","TheVixenMod:Ember","Flash of Steel","TheVixenMod:CADC","TheVixenMod:Extrasensory","TheVixenMod:Dazzling","TheVixenMod:Blaze","TheVixenMod:TailWhip","TheVixenMod:Flamethrower","TheVixenMod:FlameBurst","TheVixenMod:MysticalFire"],"relics":["TheVixenMod:BurningStick","jedi:arcanewood","infinitespire:Midas Blood","Odd Mushroom","TheVixenMod:Synchronize","potionbrewer:ToyAutogyro","hubris:RunicObelisk"],"acts_visited":["Exordium","TheCity"],"potions_floor_usage":[5,16,16],"damage_taken":[{"damage":0,"enemies":"Jaw Worm","floor":1,"turns":4},{"damage":0,"enemies":"2 Louse","floor":4,"turns":3},{"damage":0,"enemies":"Small Slimes","floor":5,"turns":2},{"damage":39,"enemies":"Gremlin Nob","floor":6,"turns":5},{"damage":0,"enemies":"3 Louse","floor":8,"turns":4},{"damage":13,"enemies":"The Mushroom Lair","floor":10,"turns":5},{"damage":6,"enemies":"Lagavulin","floor":12,"turns":6},{"damage":24,"enemies":"Fading Forest","floor":16,"turns":11}],"seed_played":"-558005777069277949","potions_obtained":[{"floor":4,"key":"potionbrewer:FireTonic"},{"floor":8,"key":"potionbrewer:FireTonic"},{"floor":12,"key":"SkillPotion"}],"is_trial":false,"path_per_floor":["M","?","?","M","M","E","$","M","T","?","R","E","T","?","R","B",null],"character_chosen":"THE_VIXEN","items_purchased":["TheVixenMod:Blaze"],"campfire_rested":2,"item_purchase_floors":[7],"current_hp_per_floor":[70,70,70,70,70,31,31,31,31,18,39,33,33,33,54,40,70,70],"gold":200,"neow_bonus":"UPGRADE_CARD","is_daily":false,"chose_seed":false,"campfire_upgraded":0,"win_rate":0.0,"timestamp":1610494829,"path_taken":["M","?","?","M","M","E","$","?","T","?","R","E","?","?","R","BOSS"],"items_purchased_type":["Card"],"build_version":"2020-12-22","purchased_purges":1,"victory":false,"max_hp_per_floor":[70,70,70,70,70,70,70,70,70,70,70,70,70,70,70,70,70,70],"card_choices":[{"not_picked":["TheVixenMod:Psybeam","TheVixenMod:FlameBody","TheVixenMod:TrumpCard"],"picked":"SKIP","floor":1},{"not_picked":["Secret Technique","Replay:SS_forest_5"],"picked":"Flash of Steel","floor":3},{"not_picked":["TheVixenMod:FlameBurst","TheVixenMod:Protect"],"picked":"TheVixenMod:CADC","floor":4},{"not_picked":["TheVixenMod:Facade","TheVixenMod:ShadowBall"],"picked":"TheVixenMod:Extrasensory","floor":5},{"not_picked":["TheVixenMod:Telepathy","TheVixenMod:MindReader"],"picked":"TheVixenMod:Dazzling","floor":6},{"not_picked":["TheVixenMod:HeatWave","TheVixenMod:Telepathy"],"picked":"TheVixenMod:TailWhip","floor":8},{"not_picked":["TheVixenMod:ShadowBall","TheVixenMod:FlareBlitz"],"picked":"TheVixenMod:Flamethrower","floor":10},{"not_picked":["TheVixenMod:HeatWave","TheVixenMod:CADC"],"picked":"TheVixenMod:FlameBurst","floor":12},{"not_picked":["TheVixenMod:BlastBurn","TheVixenMod:ClearSky"],"picked":"TheVixenMod:MysticalFire","floor":16}],"player_experience":161962,"relics_obtained":[{"floor":6,"key":"jedi:arcanewood"},{"floor":9,"key":"infinitespire:Midas Blood"},{"floor":10,"key":"Odd Mushroom"},{"floor":12,"key":"TheVixenMod:Synchronize"},{"floor":13,"key":"potionbrewer:ToyAutogyro"}],"event_choices":[{"damage_healed":0,"gold_gain":1,"player_choice":"1","damage_taken":0,"max_hp_gain":0,"max_hp_loss":0,"event_name":"betterStone:BetterStone","floor":3,"gold_loss":0},{"damage_healed":0,"gold_gain":0,"player_choice":"Fought Mushrooms","damage_taken":0,"max_hp_gain":0,"max_hp_loss":0,"event_name":"Mushrooms","floor":10,"gold_loss":0}],"is_beta":false,"boss_relics":[{"not_picked":["vexMod:EndlessSickness","hubris:TerracottaHorce"],"picked":"hubris:RunicObelisk"}],"items_purged_floors":[7],"is_endless":false,"potions_floor_spawned":[4,8,12],"ascension_level":0}}