{"host":"cnq91ghfhf6lz0gv","time":1610418315,"event":{"mods":["BaseMod","Clockwork Mod","Colored Map","Colored Powertips","Conspire","Downfall","Googly Eyes","Highlight Path","Minty Spire (QoL Compilation)","Replay The Spire","StSLib","SuperFastMode","The IronCluck","The Showman","slay the spire mod where everything is the same but ironclad has a cowboy hat"],"gold_per_floor":[99,116,116,134,152,152,152,166,166,8,8,33,44,44,29,48,65,166,166,166,178,196,81,94,94,94,114,128,142,142,142],"floor_reached":30,"playtime":2678,"items_purged":["Pain","sneckomod:Strike"],"score":236,"play_id":"da397111-7bdb-432c-9cd7-08d498c196ad","local_time":"20210111212515","is_ascension_mode":false,"campfire_choices":[{"data":"sneckomod:WideSting","floor":11,"key":"SMITH"},{"data":"sneckomod:Restock","floor":20,"key":"SMITH"}],"circlet_count":0,"master_deck":["sneckomod:Strike","sneckomod:Defend+1","sneckomod:Defend","sneckomod:TailWhip","sneckomod:SnekBite","sneckomod:Unknown","sneckomod:Unknown","sneckomod:SerpentMind+1","sneckomod:UnknownUncommonAttack","sneckomod:QuickBite+1","sneckomod:WideSting+1","sneckomod:ImprovisedGuard","sneckomod:CheapStock","sneckomod:Restock","sneckomod:SerpentIdol","sneckomod:Restock+1","sneckomod:UnknownRarePower","sneckomod:QuickMove+1","sneckomod:ImprovisedAttack","sneckomod:SoulExchange","sneckomod:UnknownX"],"relics":["sneckomod:SneckoSoul","WarpedTongs","Kunai","conspire:Boomerang","ReplayTheSpireMod:DimensionalGlitch"],"acts_visited":["Exordium","TheCity"],"potions_floor_usage":[15,18,18,18,22,28,29,29],"damage_taken":[{"damage":7.0,"enemies":"Small Slimes","floor":2.0,"turns":3.0},{"damage":4.0,"enemies":"Cultist","floor":4.0,"turns":3.0},{"damage":9.0,"enemies":"2 Louse","floor":5.0,"turns":2.0},{"damage":13.0,"enemies":"Lots of Slimes","floor":8.0,"turns":3.0},{"damage":3,"enemies":"downfall:FleeingMerchant","floor":10,"turns":4},{"damage":13,"enemies":"Replay:BlueRogue","floor":12,"turns":5},{"damage":13,"enemies":"Exordium Thugs","floor":13,"turns":4},{"damage":0,"enemies":"downfall:FleeingMerchant","floor":15,"turns":4},{"damage":0,"enemies":"2 Fungi Beasts","floor":16,"turns":2},{"damage":3,"enemies":"Large Slime","floor":17,"turns":4},{"damage":33,"enemies":"downfall:Defect","floor":18,"turns":6},{"damage":39,"enemies":"conspire:FuzzyDice","floor":21,"turns":8},{"damage":1,"enemies":"Centurion and Healer","floor":22,"turns":2},{"damage":0,"enemies":"downfall:FleeingMerchant","floor":23,"turns":4},{"damage":27,"enemies":"Sentry and Sphere","floor":24,"turns":6},{"damage":1,"enemies":"Snecko","floor":27,"turns":6},{"damage":8,"enemies":"Snake Plant","floor":28,"turns":4},{"damage":19,"enemies":"Sentry and Sphere","floor":29,"turns":6},{"damage":7,"enemies":"conspire:HollyBat","floor":30,"turns":4}],"seed_played":"8795611765755926179","potions_obtained":[{"floor":5.0,"key":"SmokeBomb"},{"floor":13,"key":"AttackPotion"},{"floor":14,"key":"SmokeBomb"},{"floor":14,"key":"SkillPotion"},{"floor":14,"key":"LifebloodPotion"},{"floor":16,"key":"Reflective Coating"},{"floor":17,"key":"sneckomod:DiceRollPotion"},{"floor":18,"key":"SteroidPotion"},{"floor":21,"key":"sneckomod:MuddlingPotion"},{"floor":24,"key":"EntropicBrew"}],"is_trial":false,"path_per_floor":["R_BF","M","?","M","M","PTL","PTL","M","T","$","R","E","M","?","$","M","M","B",null,"R_BF","M","M","$","M","?","T","M","M","M","M"],"character_chosen":"THE_SNECKO","items_purchased":["sneckomod:CheapStock"],"campfire_rested":0,"item_purchase_floors":[10],"current_hp_per_floor":[99,93,93,89,80,80,80,67,67,64,64,51,38,38,38,38,35,2,100,100,61,60,61,34,34,34,33,25,7,0,0],"gold":142,"neow_bonus":"TEN_PERCENT_HP_BONUS","is_daily":false,"chose_seed":false,"campfire_upgraded":2,"win_rate":0.0,"timestamp":1610418315,"path_taken":["R_BF","M","?","M","?","PTL","PTL","M","T","$","R","E","M","?","$","M","M","BOSS","R_BF","M","M","?","?","?","T","M","M","M","M"],"items_purchased_type":["Card"],"build_version":"2020-12-22","purchased_purges":2,"victory":false,"max_hp_per_floor":[99,100,100,100,100,100,100,100,100,100,100,100,100,100,100,100,100,100,100,100,100,100,101,101,101,101,101,101,102,102,102],"card_choices":[{"not_picked":["sneckomod:Unknown1Cost","sneckomod:UnknownWeak"],"picked":"sneckomod:UnknownUncommonAttack","floor":2.0},{"not_picked":["sneckomod:Unknown1Cost","sneckomod:ImprovisedAttack"],"picked":"sneckomod:QuickBite","floor":4.0},{"not_picked":["sneckomod:Nope","sneckomod:UnknownBlock"],"picked":"sneckomod:WideSting","floor":5.0},{"not_picked":["sneckomod:Unknown2Cost","sneckomod:UnknownBlock","sneckomod:SoulRoll"],"picked":"SKIP","floor":8.0},{"not_picked":["sneckomod:Unknown0Cost","sneckomod:UnknownClassBLUE"],"picked":"sneckomod:ImprovisedGuard","floor":10},{"not_picked":["sneckomod:UnknownX","sneckomod:TrashToTreasure"],"picked":"sneckomod:Restock","floor":12},{"not_picked":["sneckomod:RainOfDice","sneckomod:DiceBlock","sneckomod:DiceCrush"],"picked":"SKIP","floor":13},{"not_picked":["sneckomod:UnknownClassSHOWMAN_PURPLE_COLOR","sneckomod:WideSting","sneckomod:MasterEye"],"picked":"SKIP","floor":15},{"not_picked":["sneckomod:SoulRoll","sneckomod:Unknown1Cost","sneckomod:UnknownVulnerable"],"picked":"SKIP","floor":16},{"not_picked":["sneckomod:Unknown1Cost","sneckomod:SoulDraw"],"picked":"sneckomod:SerpentIdol","floor":17},{"not_picked":["sneckomod:Unknown3Cost","sneckomod:MorePower"],"picked":"sneckomod:Restock","floor":18},{"not_picked":["sneckomod:UnknownStrike","sneckomod:SoulRoll+1","sneckomod:Unknown1Cost"],"picked":"SKIP","floor":21},{"not_picked":["sneckomod:IronFang+1","sneckomod:UnknownCommonAttack","sneckomod:DiceBlock+1"],"picked":"SKIP","floor":22},{"not_picked":["sneckomod:QuickMove","sneckomod:QuickBite"],"picked":"sneckomod:UnknownRarePower","floor":23},{"not_picked":["sneckomod:UnknownClassBLUE","sneckomod:QuickBite"],"picked":"sneckomod:QuickMove+1","floor":24},{"not_picked":["sneckomod:DiceBlock+1","sneckomod:ImprovisedGuard"],"picked":"sneckomod:ImprovisedAttack","floor":27},{"not_picked":["sneckomod:UnknownCommonSkill","sneckomod:WideSting"],"picked":"sneckomod:SoulExchange","floor":28},{"not_picked":["sneckomod:UnknownVulnerable+1","sneckomod:Unknown1Cost"],"picked":"sneckomod:UnknownX","floor":29}],"player_experience":169896,"relics_obtained":[{"floor":9.0,"key":"Kunai"},{"floor":12,"key":"conspire:Boomerang"}],"event_choices":[{"damage_healed":0.0,"max_hp_gain":0.0,"max_hp_loss":0.0,"gold_gain":0.0,"event_name":"Accursed Blacksmith","player_choice":"Rummage","floor":3.0,"gold_loss":0.0,"damage_taken":0.0,"relics_obtained":["WarpedTongs"],"cards_obtained":["Pain"]},{"damage_healed":0,"gold_gain":0,"player_choice":"Got Potions","damage_taken":0,"max_hp_gain":0,"max_hp_loss":0,"event_name":"Lab","floor":14,"gold_loss":0}],"is_beta":false,"boss_relics":[{"not_picked":["Tiny House","Abe\u0027s Treasure"],"picked":"ReplayTheSpireMod:DimensionalGlitch"}],"items_purged_floors":[10,23],"is_endless":false,"potions_floor_spawned":[5,13,16,17,18,21,24],"killed_by":"conspire:HollyBat","ascension_level":0}}