{"host":"dwyzfvnzfcqffr30","time":1610443120,"event":{"mods":["2.2 Compatiblity","Act Like it!","BaseMod","Beaked The Cultist","Better Altar","Better Match","Better Note","Better Sensory Stone","Better Skull","Better Third Choice","Clockwork Mod","Colored Map","Colored Powertips","Conspire","Downfall","Elementarium","GifTheSpireLib","Halation","Hermit","Hubris","Infinite Spire","Ironclad Rager","Jedi Mod","Menagerie","Mimic Mod","Minty Spire (QoL Compilation)","Permanent Neow","Random Character Button","Replay The Spire","Spicy Shops","Spikes Relics","StSLib","Stuff the Spire","The Construct","The Disciple","The Druid","The Marked","TheFirefly","Trackpad","vexMod"],"gold_per_floor":[118,145,192,192,208,208,236,249,249,259,277,297,332,351,351,453,453,468,484,494,494,511,537,537,564,591,625,651,10,10,30,30,133,133,154,182,205,236,236,236,252,252,298,352,390,390,390,431,431,431,431],"floor_reached":50,"playtime":30602,"items_purged":["construct:Versatility+2"],"score":902,"play_id":"9286b272-e55e-490d-86d5-14a4d0c66d95","local_time":"20210112011840","is_ascension_mode":true,"campfire_choices":[{"floor":6.0,"key":"REST"},{"floor":15.0,"key":"REST"},{"floor":24.0,"key":"REST"},{"floor":32.0,"key":"REST"},{"floor":40.0,"key":"REST"},{"floor":42.0,"key":"REST"},{"floor":49,"key":"REST"}],"circlet_count":0,"master_deck":["construct:Strike_Gold+2","construct:Strike_Gold+2","construct:Strike_Gold+2","construct:Strike_Gold+2","construct:Strike_Gold+2","construct:Defend_Gold+2","construct:Defend_Gold+2","construct:Defend_Gold+2","construct:Defend_Gold+2","construct:AttackMode+2","construct:DefenseMode+2","construct:Synchronize+2","Apotheosis+1","MasterReality+1","construct:SweepLaser+2","construct:ShiftGuard+2","construct:Zapper+2","construct:MetalShell+3","construct:Autoturret+2","construct:Autoturret+2","construct:ShiftStrike+2","construct:LongRangeLance+2","construct:HammerDown+2"],"relics":["construct:ClockworkPhoenix","Molten Egg 2","Toxic Egg 2","Frozen Egg 2","Quantum Egg","conspire:InfiniteJournal","Bottled Tornado","SpikesRelics:DaevaFist","construct:MegaBattery","WizardHat","Thread and Needle","ReplayTheSpireMod:TigerMarble","Dream Catcher","vexMod:MemoryStick","PreservedInsect","trackpad:FieryHotPepper","Anchor","Gremlin Horn","StuffTheSpire:EmeraldSignet","infinitespire:EvilPickle","trackpad:Compendium","vexMod:BigBerry","Bronze Scales","infinitespire:Bottled Soul"],"acts_visited":["Menagerie:Menagerie","TheCity","TheBeyond"],"potions_floor_usage":[48,50,50,50],"damage_taken":[{"damage":0.0,"enemies":"Menagerie:MonstrousExperiment","floor":1.0,"turns":2.0},{"damage":10.0,"enemies":"Menagerie:WhisperingWraith","floor":5.0,"turns":3.0},{"damage":14.0,"enemies":"Menagerie:Hydra","floor":7.0,"turns":3.0},{"damage":5.0,"enemies":"Menagerie:2_RABBITS","floor":8.0,"turns":3.0},{"damage":1.0,"enemies":"Menagerie:DREAD_MOTH_AND_GRAFTED_WORMS","floor":10.0,"turns":2.0},{"damage":2.0,"enemies":"Menagerie:DREAD_MOTH_AND_GRAFTED_WORMS","floor":11.0,"turns":3.0},{"damage":0.0,"enemies":"Menagerie:STYGIAN_BOAR_AND_RABBIT","floor":12.0,"turns":3.0},{"damage":8.0,"enemies":"Menagerie:MaskedSummoner","floor":13.0,"turns":5.0},{"damage":0.0,"enemies":"Menagerie:STYGIAN_BOAR_AND_RABBIT","floor":14.0,"turns":3.0},{"damage":10.0,"enemies":"Menagerie:AVATARS","floor":16.0,"turns":2.0},{"damage":0.0,"enemies":"3 Byrds","floor":18.0,"turns":4.0},{"damage":0.0,"enemies":"3 Byrds","floor":19.0,"turns":5.0},{"damage":14.0,"enemies":"2 Thieves","floor":20.0,"turns":4.0},{"damage":16.0,"enemies":"Centurion and Healer","floor":22.0,"turns":5.0},{"damage":6.0,"enemies":"Slavers","floor":23.0,"turns":3.0},{"damage":20.0,"enemies":"Book of Stabbing","floor":25.0,"turns":7.0},{"damage":3.0,"enemies":"Slavers","floor":27.0,"turns":4.0},{"damage":17.0,"enemies":"Book of Stabbing","floor":28.0,"turns":4.0},{"damage":8.0,"enemies":"Shelled Parasite and Fungi","floor":31.0,"turns":4.0},{"damage":0.0,"enemies":"Pondfish","floor":33.0,"turns":4.0},{"damage":1.0,"enemies":"Orb Walker","floor":35.0,"turns":5.0},{"damage":22.0,"enemies":"3 Darklings","floor":36.0,"turns":5.0},{"damage":7.0,"enemies":"Jaw Worm Horde","floor":37.0,"turns":4.0},{"damage":36.0,"enemies":"Transient","floor":38.0,"turns":5.0},{"damage":0.0,"enemies":"4 Shapes","floor":41.0,"turns":4.0},{"damage":67.0,"enemies":"Giant Head","floor":44.0,"turns":7.0},{"damage":35,"enemies":"Maw","floor":45,"turns":7},{"damage":9,"enemies":"Writhing Mass","floor":48,"turns":5},{"damage":53,"enemies":"Awakened One","floor":50,"turns":3}],"seed_played":"7015111542673024345","potions_obtained":[{"floor":10.0,"key":"jedi:holywater"},{"floor":14.0,"key":"SpeedPotion"},{"floor":19.0,"key":"Explosive Potion"},{"floor":20.0,"key":"Toxic Potion"},{"floor":27.0,"key":"jedi:wingpotion"},{"floor":28.0,"key":"AttackPotion"},{"floor":37.0,"key":"SpeedPotion"},{"floor":44.0,"key":"champ:CounterPotion"},{"floor":45,"key":"Reflective Coating"},{"floor":48,"key":"AttackPotion"}],"is_trial":false,"path_per_floor":["M","T","?","?","M","R","E","M","T","M","M","M","E","M","R","B",null,"M","M","M","?","M","E","R","E","T","E","E","$","?","M","R","B",null,"M","M","M","M","AVR","R","M","R","T","E","M","?","?","M","R","B"],"character_chosen":"THE_CONSTRUCT_MOD","items_purchased":["Anchor","Gremlin Horn","StuffTheSpire:EmeraldSignet"],"campfire_rested":7,"item_purchase_floors":[29,29,29],"current_hp_per_floor":[77,77,43,43,33,58,44,39,39,38,36,36,28,28,53,43,75,75,75,61,61,47,41,67,47,47,44,27,27,27,19,45,45,77,76,54,47,11,41,76,76,111,111,46,13,13,13,8,43,0,0],"gold":431,"neow_bonus":"THREE_CARDS","is_daily":false,"chose_seed":false,"campfire_upgraded":0,"win_rate":0.0,"timestamp":1610443120,"path_taken":["M","?","?","?","M","R","E","M","T","M","M","M","E","M","R","BOSS","M","M","M","?","M","E","R","E","T","E","E","$","?","M","R","BOSS","M","M","M","M","AVR","R","M","R","T","E","?","?","?","M","R","BOSS"],"items_purchased_type":["Relic","Relic","Relic"],"build_version":"2020-12-22","purchased_purges":1,"victory":false,"max_hp_per_floor":[85,85,85,85,85,85,85,85,85,85,85,85,85,85,85,85,85,85,85,85,85,87,87,87,87,87,87,87,87,87,87,87,87,87,87,87,87,87,117,117,117,117,117,117,117,117,117,117,117,117,117],"card_choices":[{"not_picked":["construct:Boost","construct:UnbalancingBlast"],"picked":"construct:Synchronize","floor":0.0},{"not_picked":["construct:Tumble+1","construct:CriticalHit+1"],"picked":"construct:SweepLaser+1","floor":1.0},{"not_picked":["construct:Analyze+1","construct:ModeShift+1"],"picked":"construct:ShiftGuard+1","floor":3.0},{"not_picked":["construct:Boost+1","construct:SyphonStrike+1"],"picked":"construct:Zapper+1","floor":5.0},{"not_picked":["construct:FlakBarrage+1","construct:PanicFire+1","construct:CriticalHit+1"],"picked":"SKIP","floor":7.0},{"not_picked":["construct:Analyze+1","construct:ModeShift+1","construct:ScrapCannon+1"],"picked":"SKIP","floor":8.0},{"not_picked":["construct:SyphonStrike+1","construct:PointDefense+1"],"picked":"construct:MetalShell+1","floor":10.0},{"not_picked":["construct:Isolate+1","construct:SweepLaser+1"],"picked":"construct:Autoturret+1","floor":11.0},{"not_picked":["construct:HeavyBolt+1","construct:Backfire+1","construct:SuppressiveFire+1"],"picked":"SKIP","floor":12.0},{"not_picked":["construct:HeavyBolt+1","construct:Backfire+1","construct:SuppressiveFire+1"],"picked":"SKIP","floor":12.0},{"not_picked":["construct:ShieldGenerator+1","construct:ShiftGuard+1"],"picked":"construct:Autoturret+1","floor":13.0},{"not_picked":["construct:MetalShell+1","construct:PointDefense+1"],"picked":"construct:ShiftStrike+1","floor":14.0},{"not_picked":["construct:PanicFire+1","construct:HyperBeam+1"],"picked":"construct:LongRangeLance+1","floor":16.0},{"not_picked":["construct:ScrapCannon+1","construct:FierceBash+1","construct:SyphonStrike+1"],"picked":"SKIP","floor":18.0},{"not_picked":["construct:ScrapCannon+1","construct:FierceBash+1","construct:SyphonStrike+1"],"picked":"SKIP","floor":18.0},{"not_picked":["construct:CriticalHit+1","construct:Backfire+1","construct:Construct_Overclock+1"],"picked":"SKIP","floor":19.0},{"not_picked":["construct:ShiftStrike+1","construct:ForceCore+1","construct:Accumulate+1"],"picked":"SKIP","floor":20.0},{"not_picked":["construct:Failsafe+1","construct:Accumulate+1"],"picked":"construct:Versatility+1","floor":22.0},{"not_picked":["construct:MemoryTap+1","construct:QuickAttack+1","construct:Forcefield+1"],"picked":"SKIP","floor":23.0},{"not_picked":["construct:Bunker+1","construct:FierceBash+1","construct:Enhance+1"],"picked":"SKIP","floor":25.0},{"not_picked":["construct:Electrocute+1","construct:MetalShell+1","construct:ShieldBurst+1"],"picked":"SKIP","floor":27.0},{"not_picked":["construct:FocusedBeam+1","construct:Backfire+1","construct:Antimatter+1"],"picked":"SKIP","floor":28.0},{"not_picked":["construct:ShiftStrike+1","construct:Electrocute+1","construct:Hazardproof+1"],"picked":"SKIP","floor":31.0},{"not_picked":["construct:Reinforce+1","construct:SaveState+1","construct:LaserCore+1"],"picked":"SKIP","floor":35.0},{"not_picked":["construct:Forcefield+1","construct:Reinforce+1","construct:Zapper+1"],"picked":"SKIP","floor":36.0},{"not_picked":["construct:Forcefield+1","construct:Analyze+1","construct:CripplingShot+1"],"picked":"SKIP","floor":37.0},{"not_picked":["construct:Analyze+1","construct:SaveState+1","construct:Accumulate+1"],"picked":"SKIP","floor":38.0},{"not_picked":["construct:OneWayMirror+1","construct:SuppressiveFire+1"],"picked":"construct:HammerDown+1","floor":40.0},{"not_picked":["construct:Antimatter+1","construct:ClusterMines+1","construct:Boost+1"],"picked":"SKIP","floor":41.0},{"not_picked":["construct:FocusedBeam+1","construct:ModeShift+1","construct:ShiftStrike+1"],"picked":"SKIP","floor":44.0},{"not_picked":["construct:SaveState+1","construct:FocusedBeam+1","construct:Forcefield+1"],"picked":"SKIP","floor":45},{"not_picked":["construct:GoldenBullet+1","construct:ClusterMines+1","construct:CripplingShot+1"],"picked":"SKIP","floor":48}],"player_experience":2721055,"relics_obtained":[{"floor":2.0,"key":"SpikesRelics:DaevaFist"},{"floor":3.0,"key":"construct:MegaBattery"},{"floor":7.0,"key":"WizardHat"},{"floor":9.0,"key":"Thread and Needle"},{"floor":13.0,"key":"ReplayTheSpireMod:TigerMarble"},{"floor":23.0,"key":"Dream Catcher"},{"floor":25.0,"key":"vexMod:MemoryStick"},{"floor":27.0,"key":"PreservedInsect"},{"floor":28.0,"key":"trackpad:FieryHotPepper"},{"floor":43.0,"key":"Bronze Scales"},{"floor":44.0,"key":"infinitespire:Bottled Soul"}],"event_choices":[{"damage_healed":0.0,"max_hp_gain":0.0,"max_hp_loss":10.0,"gold_gain":0.0,"event_name":"betterThird:BetterWriting","player_choice":"Simplicity","floor":0.0,"gold_loss":0.0,"damage_taken":0.0},{"damage_healed":0.0,"max_hp_gain":0.0,"max_hp_loss":10.0,"gold_gain":0.0,"event_name":"betterThird:BetterWriting","player_choice":"Simplicity","floor":0.0,"gold_loss":0.0,"damage_taken":0.0},{"damage_healed":0.0,"max_hp_gain":0.0,"max_hp_loss":0.0,"gold_gain":0.0,"event_name":"betterMatch:BetterMatch","player_choice":"2","floor":4.0,"gold_loss":0.0,"damage_taken":0.0,"cards_obtained":[]},{"damage_healed":0.0,"max_hp_gain":0.0,"max_hp_loss":0.0,"gold_gain":0.0,"event_name":"Ghosts","player_choice":"Ignored","floor":21.0,"gold_loss":0.0,"damage_taken":0.0},{"damage_healed":0.0,"max_hp_gain":0.0,"max_hp_loss":0.0,"gold_gain":0.0,"event_name":"Upgrade Shrine","player_choice":"Upgraded","floor":30.0,"gold_loss":0.0,"damage_taken":0.0,"cards_upgraded":["construct:MetalShell"]},{"damage_healed":0,"gold_gain":0,"player_choice":"Leave","damage_taken":0,"max_hp_gain":0,"max_hp_loss":0,"event_name":"conspire:Investor","floor":46,"gold_loss":0},{"cards_removed":["construct:Defend_Gold"],"damage_healed":0,"gold_gain":0,"player_choice":"Removed Skill","damage_taken":0,"max_hp_gain":0,"max_hp_loss":0,"event_name":"Falling","floor":47,"gold_loss":0}],"is_beta":false,"boss_relics":[{"not_picked":["vexMod:MegatonBomb","Sozu","conspire:RoyalGoblet"]},{"not_picked":["halation:Yufonium","conspire:SlowCooker","Replay:Wanted Poster"]}],"items_purged_floors":[39],"is_endless":false,"potions_floor_spawned":[5,10,11,14,16,19,20,27,28,37,38,44,45,48],"killed_by":"Awakened One","ascension_level":7}}