{"host":"2pluridizrp50jef","time":1610433466,"event":{"mods":["ATMod(阿瑾Mod)","BaseMod","Better Altar","Better Match","Better Note","Better Sensory Stone","Better Skull","Better Third Choice","Colored Powertips","Custom Start","Decade(王小明)","Hermit","Lobotomy","LobotomyExtend","Marisa（F雨　魔理沙）","Minty Spire (QoL Compilation)","Rare Cards Sparkle","Replay The Spire","StSLib","The Animator","The Bug Knight","The Cursed","The Hierophant","The Servant 0.9.4","Waifu the Spire","WarShipGirlsR/战舰少女R mod"],"gold_per_floor":[117,117,82,97,117,117,117,117,144,170,95,110,110,121,121,199,199,211,211,111,111,111,146,21,46,46,46,46,65,93,105,117,204,216,228,90,108,108,122,122,122,122,122,122,122,122,152,27,27,27,27],"floor_reached":52,"playtime":2786,"items_purged":["Yin","MHz","Funeral","NakedNest"],"score":2777,"play_id":"5da1de0b-bd14-4ab4-ad94-940ca2bc09ef","local_time":"20210111223746","is_ascension_mode":true,"campfire_choices":[{"floor":15,"key":"REST"},{"data":"HollowMod:NewJinnsSoul","floor":27,"key":"SMITH"},{"floor":32,"key":"REST"},{"floor":46,"key":"REST"},{"floor":49,"key":"DIG"}],"circlet_count":0,"master_deck":["BigBird","WhiteNight","Mercenary","HereticApostle","PowerUp+1","PowerUp+1","Skim+1","Skim+1","All For One+1","All For One+1","Scrape+1","Scrape+1","Gash+1","Gash+1","Gash+1","AT_DarkMatter","BeautyBeast","HollowMod:NewLittleFool","SpiderBud","Madness+1","HollowMod:NewJinnsSoul+1","Necronomicurse","BlackArmy","HollowMod:SlysStrikes","HollowMod:Weaversong","Wellcheers","HollowMod:NewLittleFool+1","HollowMod:DescendingDark"],"relics":["HollowMod:VesselMask","AT_ATBox","AT_LudenTempest","AT_ImmortalShieldbow","AT_TrinityForce","Medical Kit","Ice Cream","TheCursedMod:FourLeafCloverCharm","Sizzling Blood","AT_SeraphEmbrace","Letter Opener","AT_Manta","Pan","Mummified Hand","AT_SunfireAegis","Pear","AT_RabadonDeathcap","Bottled Flame","Replay:Bottled Steam","StoneMask","ReplayTheSpireMod:Lightbulb","WristBlade","MagicBroom","Black Star","AT_SpeedBoots","Replay:Baseball","Lee\u0027s Waffle","ReplayTheSpireMod:Ninjato","LetterFromLob","CogitoBucket","Yang_Lob","Bronze Scales","Dream Catcher","Pantograph","Replay:PocketPolymizer","Kunai","HellTrain","Black Star","White Beast Statue","Iron Hammer","Toy Ornithopter","Pen Nib","Counterbalance","Necronomicon","SkinProphecy","Onion Ring","MawBank","WantedRequest","Fusion Hammer","AtMidnight","ResearcherNote","DeathAngel","Mercury Hourglass","Replay:Arrowhead","Replay:Towering Pillar of Hats","Darkstone Periapt","Lamp_r","Juzu Bracelet","Boot","Turnip"],"acts_visited":["Exordium","TheCity","TheBeyond"],"potions_floor_usage":[],"damage_taken":[{"damage":0.0,"enemies":"Jaw Worm","floor":1.0,"turns":1.0},{"damage":0.0,"enemies":"Small Slimes","floor":4.0,"turns":1.0},{"damage":0.0,"enemies":"Cultist","floor":5.0,"turns":1.0},{"damage":0.0,"enemies":"Exordium Wildlife","floor":8.0,"turns":1.0},{"damage":0.0,"enemies":"3 Sentries","floor":10.0,"turns":1.0},{"damage":0,"enemies":"Looter","floor":12,"turns":1},{"damage":0,"enemies":"Gremlin Nob","floor":13,"turns":1},{"damage":20,"enemies":"3 Louse","floor":14,"turns":1},{"damage":0,"enemies":"Slime Boss","floor":16,"turns":1},{"damage":0,"enemies":"Spheric Guardian","floor":18,"turns":1},{"damage":0,"enemies":"Shell Parasite","floor":21,"turns":1},{"damage":0,"enemies":"Slavers","floor":23,"turns":1},{"damage":0,"enemies":"Book of Stabbing","floor":25,"turns":1},{"damage":42,"enemies":"Snake Plant","floor":29,"turns":2},{"damage":0,"enemies":"Gremlin Leader","floor":30,"turns":1},{"damage":0,"enemies":"Snecko","floor":31,"turns":1},{"damage":0,"enemies":"Pondfish","floor":33,"turns":2},{"damage":0,"enemies":"Orb Walker","floor":35,"turns":1},{"damage":0,"enemies":"3 Shapes","floor":37,"turns":1},{"damage":0,"enemies":"Spire Growth","floor":39,"turns":1},{"damage":25,"enemies":"Maw","floor":42,"turns":1},{"damage":0,"enemies":"Reptomancer","floor":45,"turns":1},{"damage":25,"enemies":"Giant Head","floor":47,"turns":1},{"damage":36,"enemies":"HollowMod:Radiance","floor":50,"turns":2},{"damage":0,"enemies":"Donu and Deca","floor":51,"turns":1}],"seed_played":"-3054461374576648408","potions_obtained":[{"floor":16,"key":"Regen Potion"},{"floor":30,"key":"Swift Potion"}],"is_trial":true,"path_per_floor":["M","WH","WH","M","M","$","?","M","T","E","$","M","E","M","R","B",null,"M","?","$","M","?","E","$","E","T","R","?","M","E","M","R","B",null,"M","$","M","?","M","$","?","M","T","T","E","R","E","?","R","B","B",null],"character_chosen":"THE_BUGKNIGHT","items_purchased":[],"campfire_rested":3,"item_purchase_floors":[],"current_hp_per_floor":[97,97,97,99,100,100,105,107,107,110,110,111,112,103,115,116,116,117,117,117,118,89,102,102,109,109,109,88,53,123,126,129,134,134,137,137,141,141,145,145,145,127,127,127,142,142,123,123,123,125,162],"gold":27,"neow_bonus":"RANDOM_EVENT","is_daily":false,"chose_seed":false,"campfire_upgraded":1,"win_rate":0.0,"timestamp":1610433466,"path_taken":["M","WH","WH","M","M","$","?","M","T","E","$","M","E","M","R","BOSS","M","?","$","M","?","E","$","E","T","R","?","M","E","?","R","BOSS","M","$","M","?","M","$","?","M","T","?","E","R","E","?","R","BOSS","BOSS"],"items_purchased_type":[],"build_version":"2020-12-22","purchased_purges":4,"victory":true,"max_hp_per_floor":[97,97,97,99,100,100,105,107,107,110,110,111,112,115,115,116,116,117,117,117,118,118,121,121,122,122,122,122,123,126,129,129,134,134,137,137,142,142,145,145,145,150,150,150,153,153,157,157,157,163,167],"card_choices":[{"not_picked":["HollowMod:MonarchWings","HollowMod:GoodIntentions","HollowMod:BaldurShell"],"picked":"SKIP","floor":1.0},{"not_picked":["NakedNest","MHz"],"picked":"Yin","floor":4.0},{"not_picked":["HollowMod:CloakDash","HollowMod:CycloneSlash","HollowMod:SiblingsSouls"],"picked":"SKIP","floor":4.0},{"not_picked":["HollowMod:CloakDash","HollowMod:CycloneSlash","HollowMod:SiblingsSouls"],"picked":"SKIP","floor":4.0},{"not_picked":["HollowMod:InfectedAttack","HollowMod:LifebloodCocoon","HollowMod:VengefulVoid"],"picked":"SKIP","floor":5.0},{"not_picked":["RedShoes","CherryBlossoms","OSAHOGD"],"picked":"Singing Bowl","floor":8.0},{"not_picked":["HollowMod:CrystalDash","HollowMod:FastStrike","HollowMod:DoubleDash"],"picked":"SKIP","floor":8.0},{"not_picked":["OldLady","DespairKnight","MeatLantern"],"picked":"Singing Bowl","floor":10.0},{"not_picked":["HollowMod:CornifersMapStart","HollowMod:WraithStrike","HollowMod:AwokenDreamNail"],"picked":"SKIP","floor":10.0},{"not_picked":["SpiderBud","CrumblingArmor"],"picked":"BeautyBeast","floor":12},{"not_picked":["HollowMod:PureNailStrike","HollowMod:GoodIntentions","HollowMod:CornifersMapStart"],"picked":"SKIP","floor":12},{"not_picked":["HollowMod:PureNailStrike","HollowMod:GoodIntentions","HollowMod:CornifersMapStart"],"picked":"SKIP","floor":12},{"not_picked":["DespairKnight","CherryBlossoms"],"picked":"PunishingBird","floor":13},{"not_picked":["HollowMod:InfectedAttack","HollowMod:NewLittleFool","HollowMod:MawleksShell"],"picked":"SKIP","floor":13},{"not_picked":["HollowMod:InfectedAttack","HollowMod:NewLittleFool","HollowMod:MawleksShell"],"picked":"SKIP","floor":13},{"not_picked":["CrumblingArmor","SpiderBud"],"picked":"MHz","floor":14},{"not_picked":["HollowMod:NewLittleFool","HollowMod:TaintedHusks","HollowMod:SoulSplash"],"picked":"SKIP","floor":14},{"not_picked":["GreedKing","WallGazer"],"picked":"FairyFestival","floor":16},{"not_picked":["Variant","WallGazer"],"picked":"SpiderBud","floor":18},{"not_picked":["HollowMod:InfectedAttack","HollowMod:SiblingsSouls","HollowMod:FallenFury"],"picked":"SKIP","floor":18},{"not_picked":["HollowMod:InfectedAttack","HollowMod:SiblingsSouls","HollowMod:FallenFury"],"picked":"SKIP","floor":18},{"not_picked":["Wellcheers","GreedKing"],"picked":"NakedNest","floor":21},{"not_picked":["HollowMod:SoulEater","HollowMod:VengefulSpirit","HollowMod:SlysStrikes"],"picked":"SKIP","floor":21},{"not_picked":["CENSORED","Wellcheers"],"picked":"Funeral","floor":23},{"not_picked":["HollowMod:ShadowDash","HollowMod:AwokenDreamNail","HollowMod:NewJinnsSoul"],"picked":"SKIP","floor":23},{"not_picked":["HollowMod:ShadowDash","HollowMod:AwokenDreamNail","HollowMod:NewJinnsSoul"],"picked":"SKIP","floor":23},{"not_picked":["CrumblingArmor","VoidDream"],"picked":"BodiesMountain","floor":25},{"not_picked":["HollowMod:DescendingDark","HollowMod:LifebloodCocoon","HollowMod:PerfectDash"],"picked":"SKIP","floor":25},{"not_picked":["HollowMod:DescendingDark","HollowMod:LifebloodCocoon","HollowMod:PerfectDash"],"picked":"SKIP","floor":25},{"not_picked":["OSAHOGD","Funeral"],"picked":"Mercenary","floor":29},{"not_picked":["HollowMod:FastStrike","HollowMod:WraithStrike","HollowMod:InfectedCysts"],"picked":"SKIP","floor":29},{"not_picked":["HollowMod:FastStrike","HollowMod:WraithStrike","HollowMod:InfectedCysts"],"picked":"SKIP","floor":29},{"not_picked":["VoidDream","OldLady"],"picked":"BlackArmy","floor":30},{"not_picked":["HollowMod:SoulMaster","HollowMod:DungDefenderAura","HollowMod:HowlingWraiths"],"picked":"SKIP","floor":30},{"not_picked":["HollowMod:SoulMaster","HollowMod:DungDefenderAura","HollowMod:HowlingWraiths"],"picked":"SKIP","floor":30},{"not_picked":["GalaxyChild","LittlePrince"],"picked":"Freischutz","floor":31},{"not_picked":["HollowMod:GoodIntentions","HollowMod:HowlingWraiths+1","HollowMod:QuirrelsAssistance"],"picked":"SKIP","floor":31},{"not_picked":["HollowMod:GoodIntentions","HollowMod:HowlingWraiths+1","HollowMod:QuirrelsAssistance"],"picked":"SKIP","floor":31},{"not_picked":["LaLuna","Porccubus"],"picked":"ShyLook","floor":33},{"not_picked":["Variant","MHz","MeltingLove"],"picked":"Singing Bowl","floor":35},{"not_picked":["Rudolta","HeroicMonk"],"picked":"PlagueDoctor","floor":35},{"not_picked":["HollowMod:InfectionAssault","HollowMod:SoulStrike","HollowMod:SoulShaman"],"picked":"SKIP","floor":35},{"not_picked":["HollowMod:InfectionAssault","HollowMod:SoulStrike","HollowMod:SoulShaman"],"picked":"SKIP","floor":35},{"not_picked":["LittleHelper","CENSORED"],"picked":"Woodsman","floor":37},{"not_picked":["HollowMod:CycloneSlash","HollowMod:MantisMark","HollowMod:GoodIntentions"],"picked":"SKIP","floor":37},{"not_picked":["HollowMod:CycloneSlash","HollowMod:MantisMark","HollowMod:GoodIntentions"],"picked":"SKIP","floor":37},{"not_picked":["DespairKnight","BlackSwan"],"picked":"HeroicMonk","floor":39},{"not_picked":["HollowMod:DreamGate","HollowMod:HowlingWraiths","HollowMod:NewGlowingWomb+1"],"picked":"SKIP","floor":39},{"not_picked":["HollowMod:DreamGate","HollowMod:HowlingWraiths","HollowMod:NewGlowingWomb+1"],"picked":"SKIP","floor":39},{"not_picked":["GreedKing","Rudolta","Funeral"],"picked":"Singing Bowl","floor":42},{"not_picked":["RedShoes","Porccubus","CrumblingArmor"],"picked":"Singing Bowl","floor":45},{"not_picked":["BodiesMountain","Scorched"],"picked":"BigBird","floor":45},{"not_picked":["HollowMod:SiblingsShadow+1","HollowMod:BlackTendrils","HollowMod:SoulSplash"],"picked":"SKIP","floor":45},{"not_picked":["HollowMod:SiblingsShadow+1","HollowMod:BlackTendrils","HollowMod:SoulSplash"],"picked":"SKIP","floor":45},{"not_picked":["GreedKing","LaLuna"],"picked":"Wellcheers","floor":47},{"not_picked":["HollowMod:VengefulVoid","HollowMod:TaintedHusks","HollowMod:InfectedAttack+1"],"picked":"SKIP","floor":47},{"not_picked":["HollowMod:VengefulVoid","HollowMod:TaintedHusks","HollowMod:InfectedAttack+1"],"picked":"SKIP","floor":47},{"not_picked":["HollowMod:SiblingsSouls+1","HollowMod:CloakDash+1"],"picked":"HollowMod:NewLittleFool+1","floor":48}],"player_experience":122616,"relics_obtained":[{"floor":1.0,"key":"LetterFromLob"},{"floor":9.0,"key":"Bronze Scales"},{"floor":10.0,"key":"Dream Catcher"},{"floor":10.0,"key":"Pantograph"},{"floor":13,"key":"Replay:PocketPolymizer"},{"floor":13,"key":"Kunai"},{"floor":23,"key":"White Beast Statue"},{"floor":23,"key":"Iron Hammer"},{"floor":25,"key":"Toy Ornithopter"},{"floor":25,"key":"Pen Nib"},{"floor":26,"key":"Counterbalance"},{"floor":28,"key":"Necronomicon"},{"floor":30,"key":"Onion Ring"},{"floor":30,"key":"MawBank"},{"floor":37,"key":"AtMidnight"},{"floor":42,"key":"DeathAngel"},{"floor":43,"key":"Mercury Hourglass"},{"floor":44,"key":"Replay:Arrowhead"},{"floor":45,"key":"Replay:Towering Pillar of Hats"},{"floor":45,"key":"Darkstone Periapt"},{"floor":47,"key":"Juzu Bracelet"},{"floor":47,"key":"Boot"},{"floor":49,"key":"Turnip"}],"event_choices":[{"damage_healed":24.0,"max_hp_gain":0.0,"max_hp_loss":0.0,"gold_gain":0.0,"event_name":"The Cleric","player_choice":"Healed","floor":3.0,"gold_loss":35.0,"damage_taken":0.0},{"damage_healed":0.0,"max_hp_gain":5.0,"max_hp_loss":0.0,"gold_gain":0.0,"event_name":"Big Fish","player_choice":"Donut","floor":7.0,"gold_loss":0.0,"damage_taken":0.0},{"cards_removed":["FairyFestival"],"damage_healed":0,"gold_gain":0,"player_choice":"Elegance","damage_taken":0,"max_hp_gain":0,"max_hp_loss":0,"event_name":"betterThird:BetterWriting","floor":19,"gold_loss":0},{"damage_healed":0,"gold_gain":2,"player_choice":"2","damage_taken":0,"max_hp_gain":0,"max_hp_loss":29,"event_name":"betterStone:BetterStone","floor":22,"gold_loss":0},{"damage_healed":0,"gold_gain":0,"player_choice":"Obtained Book","damage_taken":21,"max_hp_gain":0,"max_hp_loss":0,"event_name":"Cursed Tome","floor":28,"gold_loss":0},{"damage_healed":0,"gold_gain":0,"player_choice":"3","damage_taken":0,"max_hp_gain":0,"max_hp_loss":0,"event_name":"betterMatch:BetterMatch","floor":48,"gold_loss":0,"cards_obtained":["betterMatch:CommonCard"]}],"is_beta":false,"boss_relics":[{"not_picked":["Coffee Dripper","SacredBark"],"picked":"Black Star"},{"not_picked":["ReplayTheSpireMod:DimensionalGlitch","AT_MortalBlade"],"picked":"Fusion Hammer"}],"items_purged_floors":[11,20,24,36],"is_endless":false,"potions_floor_spawned":[1,4,12,16,25,29,30,31,33,35,37,39,42,45,47],"ascension_level":20}}