{"host":"dr5t8qsew5rvjx1s","time":1610459676,"event":{"mods":["BaseMod","Better Third Choice","Colored Powertips","Minty Spire (QoL Compilation)","Replay The Spire","StSLib","TheHeartMod","Wandering Minibosses"],"gold_per_floor":[111,111,111,111,130,161,16,36,36,68,87,87,87,104,104,203,203,214,214,233,248,248,248,248],"floor_reached":23,"playtime":1423,"items_purged":[],"score":201,"play_id":"b88c6757-97fd-4e2c-96c5-62ced376d0db","local_time":"20210112145436","is_ascension_mode":false,"campfire_choices":[{"floor":13.0,"key":"REST"},{"data":"theHeart:Invincibility","floor":15.0,"key":"SMITH"}],"circlet_count":0,"master_deck":["theHeart:BloodDrop","theHeart:Scab","theHeart:theHeartDefend","theHeart:theHeartDefend","theHeart:theHeartDefend","theHeart:theHeartCommonAttack","theHeart:theHeartCommonAttack","theHeart:SpireGrowth+1","theHeart:Virus","theHeart:Invincibility+1","theHeart:Echo","theHeart:TentacleWhip","theHeart:Devour","theHeart:Cleanse","theHeart:Buff","theHeart:BloodShots","theHeart:FiberOpticCatheter+1","theHeart:HeartyVessels+1","theHeart:Cholesterol+1","theHeart:QuickBite","theHeart:TentacleWhip","theHeart:Cleanse"],"relics":["theHeart:BeatOfDeath","InkBottle","StoneCalendar","theHeart:CarvedVein","Astrolabe","Ancient Tea Set"],"acts_visited":["Exordium","TheCity"],"potions_floor_usage":[18,23,23,23],"damage_taken":[{"damage":2.0,"enemies":"2 Louse","floor":1.0,"turns":2.0},{"damage":0.0,"enemies":"Cultist","floor":5.0,"turns":5.0},{"damage":8.0,"enemies":"Replay:BlueRogue","floor":6.0,"turns":10.0},{"damage":0.0,"enemies":"Jaw Worm","floor":8.0,"turns":5.0},{"damage":13.0,"enemies":"Gremlin Nob","floor":10.0,"turns":4.0},{"damage":5.0,"enemies":"2 Fungi Beasts","floor":11.0,"turns":4.0},{"damage":0.0,"enemies":"Large Slime","floor":14.0,"turns":4.0},{"damage":47.0,"enemies":"The Guardian","floor":16.0,"turns":16.0},{"damage":18,"enemies":"2 Thieves","floor":18,"turns":3},{"damage":8,"enemies":"Spheric Guardian","floor":20,"turns":4},{"damage":31,"enemies":"Snake Plant","floor":21,"turns":7},{"damage":62,"enemies":"Gremlin Leader","floor":23,"turns":7}],"seed_played":"3883135377436266591","potions_obtained":[{"floor":1.0,"key":"Ancient Potion"},{"floor":5.0,"key":"Block Potion"},{"floor":11.0,"key":"Toxic Potion"},{"floor":18,"key":"Adrenaline Potion"},{"floor":20,"key":"EntropicBrew"}],"is_trial":false,"path_per_floor":["M","$","?","?","M","E","$","M","T","E","M","?","R","M","R","B",null,"M","?","M","M","?","E"],"character_chosen":"THE_HEART","items_purchased":["theHeart:Echo"],"campfire_rested":1,"item_purchase_floors":[7],"current_hp_per_floor":[80,80,80,80,80,72,72,72,72,59,54,54,78,78,78,31,82,64,64,56,25,52,0,0],"gold":248,"neow_bonus":"TEN_PERCENT_HP_BONUS","is_daily":false,"chose_seed":false,"campfire_upgraded":1,"win_rate":0.0,"timestamp":1610459676,"path_taken":["M","$","?","?","?","E","?","M","T","E","M","?","R","M","R","BOSS","M","?","M","?","?","E"],"items_purchased_type":["Card"],"build_version":"2020-12-22","purchased_purges":0,"victory":false,"max_hp_per_floor":[82,82,82,82,82,82,82,82,82,82,82,82,82,82,82,82,82,82,82,82,82,82,82,82],"card_choices":[{"not_picked":["theHeart:Antibiotics","theHeart:Embolism"],"picked":"theHeart:SpireGrowth","floor":1.0},{"not_picked":["theHeart:Crush","theHeart:Cleanse"],"picked":"theHeart:Virus","floor":5.0},{"not_picked":["theHeart:ArterialFlow","theHeart:Constrict"],"picked":"theHeart:Invincibility","floor":6.0},{"not_picked":["theHeart:ArterialFlow","theHeart:Crush"],"picked":"theHeart:TentacleWhip","floor":8.0},{"not_picked":["theHeart:Embolism","theHeart:Cleanse"],"picked":"theHeart:Devour","floor":10.0},{"not_picked":["theHeart:Tachycardia","theHeart:PainfulStabs"],"picked":"theHeart:Cleanse","floor":11.0},{"not_picked":["theHeart:PainfulStabs","theHeart:Virus"],"picked":"theHeart:Buff","floor":14.0},{"not_picked":["theHeart:HyperCoagulation","theHeart:Terrify"],"picked":"theHeart:BloodShots","floor":16.0},{"not_picked":["theHeart:CapillaryExchange+1","theHeart:Arrhythmia"],"picked":"theHeart:QuickBite","floor":18},{"not_picked":["theHeart:Hypertension","theHeart:Arrhythmia"],"picked":"theHeart:TentacleWhip","floor":20},{"not_picked":["theHeart:Embolism","theHeart:OxygenRichBlood"],"picked":"theHeart:Cleanse","floor":21}],"player_experience":557682,"relics_obtained":[{"floor":6.0,"key":"InkBottle"},{"floor":9.0,"key":"StoneCalendar"},{"floor":10.0,"key":"theHeart:CarvedVein"}],"event_choices":[{"damage_healed":0.0,"max_hp_gain":0.0,"max_hp_loss":0.0,"gold_gain":1.0,"event_name":"betterThird:BetterScrap","player_choice":"LEAVE","floor":3.0,"gold_loss":0.0,"damage_taken":0.0,"cards_obtained":["Wraith Form v2"]},{"cards_removed":["theHeart:theHeartCommonAttack"],"damage_healed":0.0,"max_hp_gain":0.0,"max_hp_loss":0.0,"gold_gain":0.0,"event_name":"Bonfire Elementals","player_choice":"Offered Basic","floor":4.0,"gold_loss":0.0,"damage_taken":0.0},{"damage_healed":0,"gold_gain":0,"player_choice":"Opened","damage_taken":0,"relics_obtained":["Ancient Tea Set"],"max_hp_gain":0,"max_hp_loss":0,"event_name":"The Mausoleum","floor":19,"gold_loss":0},{"damage_healed":27,"gold_gain":0,"player_choice":"Heal","damage_taken":0,"max_hp_gain":0,"max_hp_loss":0,"event_name":"The Library","floor":22,"gold_loss":0}],"is_beta":false,"boss_relics":[{"not_picked":["theHeart:MarkOfTheSpire","Replay:Grab Bag"],"picked":"Astrolabe"}],"items_purged_floors":[],"is_endless":false,"potions_floor_spawned":[1,5,11,14,18,20],"killed_by":"Gremlin Leader","ascension_level":0}}