{"host":"hve1dyh1ly81yl9f","time":1610468709,"event":{"mods":["BaseMod","Colored Map","DeckTracker","Highlight Path","Keyboard Shortcuts","Minty Spire (QoL Compilation)","Permanent Neow","Quick Restart","StSLib","SuperFastMode"],"gold_per_floor":[117,130,9,9,26,52,63,63,88,88,88],"floor_reached":10,"playtime":259,"items_purged":["Corruption"],"score":95,"play_id":"252f41a0-064f-41a5-9c51-302cc1cb8dec","local_time":"20210113012509","is_ascension_mode":true,"campfire_choices":[{"floor":8,"key":"REST"}],"circlet_count":0,"master_deck":["Strike_R","Strike_R","Strike_R","Strike_R","Defend_R","Defend_R","Defend_R","Defend_R","Bash","Sever Soul","Evolve","Wild Strike"],"relics":["Burning Blood","Happy Flower","Dream Catcher"],"acts_visited":["Exordium"],"potions_floor_usage":[7,10],"damage_taken":[{"damage":12,"enemies":"Jaw Worm","floor":1,"turns":3},{"damage":6,"enemies":"Cultist","floor":2,"turns":3},{"damage":15,"enemies":"Small Slimes","floor":5,"turns":3},{"damage":40,"enemies":"Lagavulin","floor":6,"turns":6},{"damage":22,"enemies":"Exordium Wildlife","floor":7,"turns":4},{"damage":20,"enemies":"3 Sentries","floor":10,"turns":4}],"seed_played":"1637787068836828891","potions_obtained":[{"floor":5,"key":"Fire Potion"},{"floor":6,"key":"GamblersBrew"},{"floor":7,"key":"Weak Potion"}],"is_trial":false,"path_per_floor":["M","M","$","?","M","E","M","R","T","E"],"character_chosen":"IRONCLAD","items_purchased":["Wild Strike"],"campfire_rested":1,"item_purchase_floors":[3],"current_hp_per_floor":[66,66,66,66,57,23,7,28,28,8,8],"gold":88,"neow_bonus":"THREE_RARE_CARDS","is_daily":false,"chose_seed":false,"campfire_upgraded":0,"win_rate":0.0,"timestamp":1610468709,"path_taken":["M","M","$","?","?","E","?","R","T","E"],"items_purchased_type":["Card"],"build_version":"2020-12-22","purchased_purges":1,"victory":false,"max_hp_per_floor":[72,72,72,72,72,72,72,72,72,72,72],"card_choices":[{"not_picked":["Impervious","Double Tap"],"picked":"Corruption","floor":0},{"not_picked":["Sword Boomerang","Anger"],"picked":"Sever Soul","floor":1},{"not_picked":["Shrug It Off","Headbutt"],"picked":"Evolve","floor":2},{"not_picked":["Spot Weakness","Pommel Strike","Anger"],"picked":"SKIP","floor":5},{"not_picked":["Headbutt","Rage","True Grit"],"picked":"SKIP","floor":6},{"not_picked":["Clothesline","Shrug It Off","Pommel Strike"],"picked":"SKIP","floor":7}],"player_experience":317838,"relics_obtained":[{"floor":6,"key":"Happy Flower"},{"floor":9,"key":"Dream Catcher"}],"event_choices":[{"cards_removed":["Strike_R"],"damage_healed":0,"gold_gain":0,"player_choice":"Offered Basic","damage_taken":0,"max_hp_gain":0,"max_hp_loss":0,"event_name":"Bonfire Elementals","floor":4,"gold_loss":0}],"is_beta":false,"boss_relics":[],"items_purged_floors":[3],"is_endless":false,"potions_floor_spawned":[5,6,7],"killed_by":"3 Sentries","ascension_level":8}}