{"host":"fm9e0lfunjlbhzxv","time":1610492380,"event":{"mods":["100% Spire Juice","2.2 Compatiblity","Abigail Mod","Astrologer","Bartender","BaseMod","Bestiary","Better Match","Better Skull","Better Third Choice","Colored Map","Colored Powertips","Energized Spire","Key Reminder","Koishi","Minty Spire (QoL Compilation)","Permanent Neow","Rare Cards Sparkle","Relic Stats","Spicy Shops","StSLib","The Administrix","The Bug Knight","The Servant 0.9.4","The Vixen","slay the spire mod where everything is the same but ironclad has a cowboy hat"],"gold_per_floor":[115,126,144,144,114,148,166,91,145,189,211,236,264,304,304,436,436,464,473,507,50,78,78,111,160,186,229,256,308,348,49,49,189,189,213,213,241,271,296,296,317,317,343,58,58,125,125,125,125,125,125,125,125,178,178,178],"floor_reached":55,"language":"ENG","playtime":5855,"items_purged":["AbbyMod:Ab_Strike","AbbyMod:Ab_Strike","AbbyMod:Ab_Strike"],"score":826,"play_id":"ec323837-3bcc-4160-9f4f-8bddfd18537e","local_time":"20210112145940","is_ascension_mode":false,"campfire_choices":[{"data":"AbbyMod:ConsumeFlesh","floor":15,"key":"SMITH"},{"data":"AbbyMod:ConsumeFlesh","floor":23,"key":"SMITH"},{"floor":32,"key":"REST"},{"data":"AbbyMod:PrayerOfFaith","floor":40,"key":"SMITH"},{"floor":42,"key":"RECALL"},{"data":"AbbyMod:FleetingSanity","floor":45,"key":"SMITH"},{"data":"AbbyMod:WormHole","floor":49,"key":"SMITH"},{"data":"AbbyMod:ForeheadBeam","floor":52,"key":"SMITH"}],"circlet_count":0,"master_deck":["AbbyMod:Ab_Strike","AbbyMod:Ab_Defend","AbbyMod:Ab_Defend","AbbyMod:Ab_Defend","AbbyMod:FleetingSanity+1","AbbyMod:ForeheadBeam+1","Sadistic Nature","AbbyMod:TeddyBear","AbbyMod:AdultWords","AbbyMod:LiftSkirt","AbbyMod:LossOfSanity","AbbyMod:ConsumeFlesh+1","AbbyMod:EyesOfMadness","AbbyMod:ConsumeFlesh+1","AbbyMod:MeltBrain","AbbyMod:PapaProtection","AbbyMod:AttoSecond","AbbyMod:PantyShot","AbbyMod:Ab_PuppyEyes","AbbyMod:Thflth","RitualDagger","AbbyMod:PrayerOfFaith+1","AbbyMod:WormHole+1","AbbyMod:LifeSentence+1","AbbyMod:SuperMuscular","AbbyMod:CosmicSpark","AbbyMod:SuperMuscular","AbbyMod:CosmicSpark","AbbyMod:PrayerOfFaith+1","AbbyMod:PowerGamer+1","AbbyMod:PreciousMemories+1","AbbyMod:DemonPancake+1","Panache","AbbyMod:TentacleSwarm+1","AbbyMod:TeddyBear"],"relics":["AbbyMod:Salem_Diary","Golden Idol","Darkstone Periapt","CeramicFish","Protect_Vest","Girya","Sozu","OrangePellets","Lantern","Shuriken","Blood Vial","Boot","HollowMod:PaleOreRelic","Red Mask","Ice Cream","AbbyMod:YogBlessing","Bird Faced Urn","Happy Flower"],"acts_visited":["Exordium","TheCity","TheBeyond","TheEnding"],"potions_floor_usage":[16,30,48,55],"damage_taken":[{"damage":0,"enemies":"Cultist","floor":1,"turns":4},{"damage":2,"enemies":"Small Slimes","floor":2,"turns":5},{"damage":1,"enemies":"Jaw Worm","floor":3,"turns":5},{"damage":0,"enemies":"Looter","floor":5,"turns":4},{"damage":29,"enemies":"HollowMod:MossKnight","floor":6,"turns":8},{"damage":16,"enemies":"Exordium Wildlife","floor":7,"turns":4},{"damage":39,"enemies":"3 Sentries","floor":10,"turns":8},{"damage":1,"enemies":"Blue Slaver","floor":11,"turns":6},{"damage":4,"enemies":"Looter","floor":12,"turns":4},{"damage":1,"enemies":"2 Fungi Beasts","floor":13,"turns":5},{"damage":0,"enemies":"HollowMod:MossKnight","floor":14,"turns":7},{"damage":24,"enemies":"Hexaghost","floor":16,"turns":12},{"damage":22,"enemies":"Spheric Guardian","floor":18,"turns":6},{"damage":2,"enemies":"3 Byrds","floor":20,"turns":6},{"damage":0,"enemies":"Snecko","floor":22,"turns":6},{"damage":0,"enemies":"Centurion and Healer","floor":24,"turns":7},{"damage":35,"enemies":"Gremlin Leader","floor":25,"turns":9},{"damage":17,"enemies":"Book of Stabbing","floor":27,"turns":6},{"damage":20,"enemies":"Cultist and Chosen","floor":28,"turns":8},{"damage":21,"enemies":"HollowMod:Nosk","floor":29,"turns":7},{"damage":38,"enemies":"Masked Bandits","floor":30,"turns":4},{"damage":56,"enemies":"Champ","floor":33,"turns":11},{"damage":3,"enemies":"3 Darklings","floor":35,"turns":8},{"damage":10,"enemies":"Orb Walker","floor":37,"turns":7},{"damage":5,"enemies":"4 Shapes","floor":38,"turns":13},{"damage":0,"enemies":"Maw","floor":39,"turns":11},{"damage":15,"enemies":"3 Darklings","floor":41,"turns":8},{"damage":53,"enemies":"2 Orb Walkers","floor":46,"turns":10},{"damage":0,"enemies":"Writhing Mass","floor":48,"turns":2},{"damage":79,"enemies":"Donu and Deca","floor":50,"turns":13},{"damage":55,"enemies":"Shield and Spear","floor":54,"turns":6},{"damage":115,"enemies":"The Heart","floor":55,"turns":6}],"seed_played":"-3393859781892911408","potions_obtained":[{"floor":2,"key":"Energy Potion"},{"floor":3,"key":"Ancient Potion"},{"floor":7,"key":"SteroidPotion"},{"floor":11,"key":"Weak Potion"},{"floor":12,"key":"DuplicationPotion"},{"floor":16,"key":"SmokeBomb"}],"is_trial":false,"path_per_floor":["M","M","M","?","M","E","M","$","T","E","M","M","M","E","R","B",null,"M","?","M","$","M","R","M","E","T","E","M","E","?","$","R","B",null,"M","?","M","M","M","R","M","R","T","$","R","?","$","M","R","B",null,"R","$","E","B"],"character_chosen":"Ab_Foreigner","items_purchased":["OrangePellets","Lantern","AbbyMod:HolidayWishes","Ice Cream","Panache"],"campfire_rested":1,"item_purchase_floors":[21,21,21,31,44],"current_hp_per_floor":[42,50,59,44,54,45,40,40,40,22,33,49,60,68,68,47,71,59,53,64,64,77,77,82,71,71,60,56,51,29,29,59,19,106,105,105,101,111,120,120,119,119,119,119,119,82,82,86,86,53,132,132,132,83,0,0],"gold":178,"neow_bonus":"RANDOM_COLORLESS_2","is_daily":false,"chose_seed":false,"campfire_upgraded":6,"win_rate":0.0,"timestamp":1610492380,"path_taken":["M","M","?","?","M","E","M","$","T","E","M","M","M","E","R","BOSS","M","?","M","$","M","R","M","E","T","E","M","E","?","?","R","BOSS","M","?","M","M","M","R","M","R","T","$","R","?","$","M","R","BOSS","R","$","E","BOSS"],"items_purchased_type":["Relic","Relic","Card","Relic","Card"],"build_version":"2020-12-22","purchased_purges":3,"victory":false,"max_hp_per_floor":[60,60,60,60,60,60,61,61,61,62,64,64,66,68,68,71,71,72,72,75,75,78,78,82,86,86,90,94,98,102,102,102,106,106,108,108,112,116,120,120,124,124,124,124,124,128,128,128,128,132,132,132,132,132,132,132],"relic_stats":{"Darkstone Periapt":0,"Sozu":6,"Blood Vial":24,"OrangePellets":[40],"Happy Flower":[2],"counters":[32,226],"Golden Idol":207,"Shuriken":[37],"CeramicFish":216,"Bird Faced Urn":[36],"Boot":[26],"obtain_stats":[{"Darkstone Periapt":6,"Ice Cream":31,"Girya":14,"Lantern":21,"Happy Flower":54,"Golden Idol":4,"CeramicFish":9,"AbbyMod:YogBlessing":34,"Protect_Vest":10,"Boot":27,"Sozu":17,"Blood Vial":26,"keyreminder:keyreminder":29,"OrangePellets":21,"AbbyMod:Salem_Diary":0,"Shuriken":25,"Bird Faced Urn":46,"Red Mask":30,"HollowMod:PaleOreRelic":29},{"Darkstone Periapt":5,"Ice Cream":21,"Girya":11,"Lantern":14,"Happy Flower":31,"Golden Idol":3,"CeramicFish":6,"AbbyMod:YogBlessing":22,"Protect_Vest":7,"Boot":18,"Sozu":12,"Blood Vial":17,"keyreminder:keyreminder":20,"OrangePellets":14,"AbbyMod:Salem_Diary":0,"Shuriken":17,"Bird Faced Urn":28,"Red Mask":21,"HollowMod:PaleOreRelic":20},{"Darkstone Periapt":26,"Ice Cream":131,"Girya":60,"Lantern":84,"Happy Flower":220,"Golden Idol":14,"CeramicFish":30,"AbbyMod:YogBlessing":142,"Protect_Vest":38,"Boot":112,"Sozu":72,"Blood Vial":106,"keyreminder:keyreminder":127,"OrangePellets":84,"AbbyMod:Salem_Diary":0,"Shuriken":106,"Bird Faced Urn":199,"Red Mask":131,"HollowMod:PaleOreRelic":127}]},"card_choices":[{"not_picked":["Secret Technique","Magnetism"],"picked":"Sadistic Nature","floor":0},{"not_picked":["AbbyMod:PrayerOfFaith","AbbyMod:Dabigail"],"picked":"AbbyMod:TeddyBear","floor":1},{"not_picked":["AbbyMod:Takeuchi","AbbyMod:FatalEntropy"],"picked":"AbbyMod:AdultWords","floor":2},{"not_picked":["AbbyMod:WorldStrongest","AbbyMod:ImpossibleGeometry"],"picked":"AbbyMod:LiftSkirt","floor":3},{"not_picked":["AbbyMod:SavingThrow","AbbyMod:WitchTrial"],"picked":"AbbyMod:LossOfSanity","floor":5},{"not_picked":["AbbyMod:AdultWords","AbbyMod:Memocide"],"picked":"AbbyMod:ConsumeFlesh","floor":6},{"not_picked":["AbbyMod:Kuroboshi","AbbyMod:ExposedCore"],"picked":"AbbyMod:EyesOfMadness","floor":7},{"not_picked":["AbbyMod:TentacleSwarm","AbbyMod:PapaProtection"],"picked":"AbbyMod:ConsumeFlesh","floor":10},{"not_picked":["AbbyMod:LifeSentence","AbbyMod:TeddyBear"],"picked":"AbbyMod:MeltBrain","floor":11},{"not_picked":["AbbyMod:TeddyBear","AbbyMod:SavingThrow"],"picked":"AbbyMod:PapaProtection","floor":12},{"not_picked":["AbbyMod:SilverKey","AbbyMod:TentacleSwarm"],"picked":"AbbyMod:AttoSecond","floor":13},{"not_picked":["AbbyMod:FatalEntropy","AbbyMod:TeddyBear"],"picked":"AbbyMod:PantyShot","floor":14},{"not_picked":["AbbyMod:BlackKey","AbbyMod:MindCleanse"],"picked":"AbbyMod:Ab_PuppyEyes","floor":16},{"not_picked":["AbbyMod:TentacleSwarm","AbbyMod:PowerGamer"],"picked":"AbbyMod:Thflth","floor":18},{"not_picked":["AbbyMod:WitchTrial","AbbyMod:EyesOfMadness"],"picked":"AbbyMod:PrayerOfFaith","floor":20},{"not_picked":["AbbyMod:WitchTrial","AbbyMod:Takeuchi+1"],"picked":"AbbyMod:WormHole","floor":22},{"not_picked":["AbbyMod:Memocide","AbbyMod:AdultWords"],"picked":"AbbyMod:LifeSentence+1","floor":24},{"not_picked":["AbbyMod:LossOfSanity","AbbyMod:WitchTrial"],"picked":"AbbyMod:WorldStrongest+1","floor":25},{"not_picked":["AbbyMod:HeroCreationA","AbbyMod:Memocide","AbbyMod:ChocoKey"],"picked":"SKIP","floor":27},{"not_picked":["AbbyMod:SanityCheck","AbbyMod:Memocide"],"picked":"AbbyMod:SuperMuscular","floor":28},{"not_picked":["AbbyMod:TeddyBear","AbbyMod:SilverKey"],"picked":"AbbyMod:CosmicSpark","floor":29},{"not_picked":["AbbyMod:Ab_SwirlOfMadness","AbbyMod:MeltBrain"],"picked":"AbbyMod:SuperMuscular","floor":30},{"not_picked":["AbbyMod:BadGirl","AbbyMod:BlackKey"],"picked":"AbbyMod:CosmicSpark","floor":33},{"not_picked":["AbbyMod:FamiliarShield+1","AbbyMod:CloneArmy"],"picked":"AbbyMod:PrayerOfFaith+1","floor":35},{"not_picked":["AbbyMod:StarRadiance","AbbyMod:LargeTentacle"],"picked":"AbbyMod:PowerGamer+1","floor":37},{"not_picked":["AbbyMod:EyesOfMadness","AbbyMod:ImpossibleGeometry"],"picked":"AbbyMod:PreciousMemories+1","floor":38},{"not_picked":["AbbyMod:WormHole","AbbyMod:ChocoKey+1"],"picked":"AbbyMod:DemonPancake+1","floor":39},{"not_picked":["AbbyMod:LargeTentacle","AbbyMod:CommandSpell+1","AbbyMod:Ab_FiveStars+1"],"picked":"SKIP","floor":41},{"not_picked":["AbbyMod:SanityCheck","AbbyMod:Memocide"],"picked":"AbbyMod:TentacleSwarm+1","floor":46},{"not_picked":["AbbyMod:CosmicSpark","AbbyMod:Hitomi"],"picked":"AbbyMod:TeddyBear","floor":54}],"player_experience":660185,"relics_obtained":[{"floor":6,"key":"Darkstone Periapt"},{"floor":9,"key":"CeramicFish"},{"floor":10,"key":"Protect_Vest"},{"floor":14,"key":"Girya"},{"floor":25,"key":"Shuriken"},{"floor":26,"key":"Blood Vial"},{"floor":27,"key":"Boot"},{"floor":29,"key":"HollowMod:PaleOreRelic"},{"floor":30,"key":"Red Mask"},{"floor":46,"key":"Bird Faced Urn"},{"floor":54,"key":"Happy Flower"}],"event_choices":[{"damage_healed":0,"gold_gain":0,"player_choice":"Take Damage","damage_taken":15,"relics_obtained":["Golden Idol"],"max_hp_gain":0,"max_hp_loss":0,"event_name":"Golden Idol","floor":4,"gold_loss":0},{"damage_healed":0,"gold_gain":0,"player_choice":"Dagger","damage_taken":6,"max_hp_gain":0,"max_hp_loss":0,"event_name":"betterThird:BetterNest","floor":19,"gold_loss":0,"cards_obtained":["RitualDagger"]},{"damage_healed":0,"gold_gain":0,"player_choice":"Fought Bandits","damage_taken":0,"max_hp_gain":0,"max_hp_loss":0,"event_name":"Masked Bandits","floor":30,"gold_loss":0},{"cards_removed":["AbbyMod:HolidayWishes"],"damage_healed":0,"gold_gain":0,"player_choice":"Removed Power","damage_taken":0,"max_hp_gain":0,"max_hp_loss":0,"event_name":"Falling","floor":36,"gold_loss":0},{"damage_healed":0,"gold_gain":0,"player_choice":"Fight","damage_taken":0,"max_hp_gain":0,"max_hp_loss":0,"event_name":"Mysterious Sphere","floor":46,"gold_loss":0}],"is_beta":false,"boss_relics":[{"not_picked":["Busted Crown","Tiny House"],"picked":"Sozu"},{"not_picked":["Philosopher\u0027s Stone","Velvet Choker"],"picked":"AbbyMod:YogBlessing"}],"items_purged_floors":[8,21,44],"is_endless":false,"potions_floor_spawned":[2,3,7,11,12,16,20,22,28,33,39,46,48],"killed_by":"The Heart","ascension_level":0}}