{"host":"hgppx942rrnelsya","time":1610458905,"event":{"mods":["Act Like it!","BaseMod","Friendly Minions","Gensokyo","GifTheSpireLib","Hallownest","KinomotoSakuraMod(????)","Koishi","Marisa????????","Minty Spire (QoL Compilation)","Prisma Mod","Remilia??????","StSLib","The Alterego","The Animator","The Forsaken","The Hierophant","The Mystic","The Runesmith","The Servant 0.9.4"],"gold_per_floor":[115,115,41,57,75,75,90,109,109,124,124,149,166,183,183,183,183],"floor_reached":16,"playtime":688,"items_purged":[],"score":131,"play_id":"c0865c4c-a4a5-4612-a2b9-7d1377406382","local_time":"20210112134145","is_ascension_mode":false,"campfire_choices":[{"data":"PrismaMod:IllyaUncommonDefend","floor":6,"key":"SMITH"},{"floor":15,"key":"REST"}],"circlet_count":0,"master_deck":["PrismaMod:IllyaCommonAttack","PrismaMod:IllyaCommonDefend","PrismaMod:IllyaCommonAttack","PrismaMod:IllyaCommonDefend","PrismaMod:IllyaCommonAttack","PrismaMod:IllyaCommonDefend","PrismaMod:IllyaCommonAttack","PrismaMod:IllyaCommonDefend","PrismaMod:IllyaUncommonAttack","PrismaMod:IllyaUncommonDefend+1","PrismaMod:IllyaInstallCaster","PrismaMod:IllyaPoisonBomb","PrismaMod:IllyaCheapChannelPoison","PrismaMod:IllyaSaphire","PrismaMod:IllyaGrail","PrismaMod:IllyaUberChannel","PrismaMod:IllyaUncommonEvoke","PrismaMod:IllyaBoysLove","PrismaMod:IllyaHassanGift+1","PrismaMod:IllyaCheapDefend+1","PrismaMod:IllyaCheapChannelPoison+1","PrismaMod:IllyaUncommonDefend+1"],"relics":["PrismaMod:PrismaRuby","Toxic Egg 2","NlothsMask","Ancient Tea Set"],"acts_visited":["Exordium"],"potions_floor_usage":[12,12,14],"damage_taken":[{"damage":2,"enemies":"Jaw Worm","floor":1,"turns":5},{"damage":1,"enemies":"Cultist","floor":4,"turns":4},{"damage":6,"enemies":"2 Louse","floor":5,"turns":2},{"damage":36,"enemies":"Gremlin Gang","floor":7,"turns":5},{"damage":14,"enemies":"Exordium Thugs","floor":8,"turns":4},{"damage":12,"enemies":"3 Louse","floor":10,"turns":2},{"damage":0,"enemies":"Lagavulin","floor":12,"turns":4},{"damage":3,"enemies":"Looter","floor":13,"turns":3},{"damage":4,"enemies":"Exordium Thugs","floor":14,"turns":4},{"damage":26,"enemies":"The Guardian","floor":16,"turns":5}],"seed_played":"-8017531250643060850","potions_obtained":[{"floor":1,"key":"Weak Potion"},{"floor":5,"key":"AttackPotion"},{"floor":8,"key":"ColorlessPotion"},{"floor":10,"key":"PowerPotion"}],"is_trial":false,"path_per_floor":["M","?","$","M","M","R","M","M","T","M","?","E","M","M","R","B"],"character_chosen":"ILLYA","items_purchased":["PrismaMod:IllyaCheapChannelPoison","PrismaMod:IllyaSaphire"],"campfire_rested":1,"item_purchase_floors":[3,3],"current_hp_per_floor":[73,73,73,72,66,66,30,16,16,4,4,4,1,2,24,0,0],"gold":183,"neow_bonus":"TRANSFORM_CARD","is_daily":false,"chose_seed":false,"campfire_upgraded":1,"win_rate":0.0,"timestamp":1610458905,"path_taken":["M","?","?","M","M","R","M","?","T","M","?","E","M","M","R","BOSS"],"items_purchased_type":["Card","Card"],"build_version":"2020-12-22","purchased_purges":0,"victory":false,"max_hp_per_floor":[75,75,75,75,75,75,75,75,75,75,75,75,75,75,75,75,75],"card_choices":[{"not_picked":["PrismaMod:IllyaBerserCAR","PrismaMod:IllyaBride"],"picked":"PrismaMod:IllyaPoisonBomb","floor":1},{"not_picked":["PrismaMod:IllyaGun","PrismaMod:IllyaCheapAttack"],"picked":"PrismaMod:IllyaGrail","floor":4},{"not_picked":["PrismaMod:IllyaGun","PrismaMod:IllyaGrail"],"picked":"PrismaMod:IllyaUberChannel","floor":5},{"not_picked":["PrismaMod:IllyaBoysLove","PrismaMod:IllyaReinForce"],"picked":"PrismaMod:IllyaUncommonEvoke","floor":7},{"not_picked":["PrismaMod:IllyaCheapChannelAttack","PrismaMod:IllyaAOECommonAttack"],"picked":"PrismaMod:IllyaBoysLove","floor":8},{"not_picked":["PrismaMod:IllyaGrailKun+1","PrismaMod:IllyaGun"],"picked":"PrismaMod:IllyaHassanGift+1","floor":10},{"not_picked":["PrismaMod:IllyaStunPoison","PrismaMod:IllyaUberPoisonBlock+1"],"picked":"PrismaMod:IllyaCheapDefend+1","floor":12},{"not_picked":["PrismaMod:IllyaUncommonAOEAttack","PrismaMod:IllyaCheapAttack"],"picked":"PrismaMod:IllyaCheapChannelPoison+1","floor":13},{"not_picked":["PrismaMod:IllyaBlindPoisonToss+1","PrismaMod:IllyaCarnivalPrismaAstolfo+1"],"picked":"PrismaMod:IllyaUncommonDefend+1","floor":14}],"player_experience":41055,"relics_obtained":[{"floor":9,"key":"Toxic Egg 2"},{"floor":12,"key":"Ancient Tea Set"}],"event_choices":[{"cards_removed":["PrismaMod:IllyaCommonDefend"],"damage_healed":0,"gold_gain":0,"player_choice":"Purged","damage_taken":0,"max_hp_gain":0,"max_hp_loss":0,"event_name":"Purifier","floor":2,"gold_loss":0},{"damage_healed":0,"gold_gain":0,"player_choice":"Trade","damage_taken":0,"relics_obtained":["NlothsMask"],"max_hp_gain":0,"max_hp_loss":0,"event_name":"FaceTrader","floor":11,"gold_loss":0}],"is_beta":false,"boss_relics":[],"items_purged_floors":[],"is_endless":false,"potions_floor_spawned":[1,5,8,10],"killed_by":"The Guardian","ascension_level":0}}