{"host":"lzzv50t0ea3gz1kk","time":1610458274,"event":{"mods":["Act Like it!","BaseMod","Downfall","Gensokyo","Hallownest","Hermit","Marisa£®ÏF”Í°°ƒß¿Ì…≥£©","Minty Spire (QoL Compilation)","Replay The Spire","StSLib","The Animator","The Bug Knight","The Marked"],"gold_per_floor":[119,119,138,152,152,152,12,12,12,24,46,58,85,110,122,229,241,271,283,295,307,329,341,353,365,377,93,123,135,135],"floor_reached":29,"playtime":11583,"items_purged":[],"score":213,"play_id":"c3b2f66d-f1a8-4857-b497-885e60cad3fc","local_time":"20210112213114","is_ascension_mode":false,"campfire_choices":[{"floor":6.0,"key":"REST"},{"data":"HollowMod:DesolateDive","floor":10.0,"key":"SMITH"},{"data":"HollowMod:SoulEater","floor":15,"key":"SMITH"},{"floor":23,"key":"REST"},{"floor":25,"key":"REST"}],"circlet_count":0,"master_deck":["HollowMod:NailStrikeStart","HollowMod:NailStrikeStart","HollowMod:NailStrikeStart","HollowMod:NailStrikeStart","HollowMod:QuickDashStart","HollowMod:QuickDashStart","HollowMod:QuickDashStart","HollowMod:QuickDashStart","HollowMod:FocusHealStart","HollowMod:PogoStrike","Panacea","HollowMod:VengefulSpirit","HollowMod:DesolateDive+1","HollowMod:CrystalDash","HollowMod:SoulEater+1","HollowMod:VengefulSpirit","HollowMod:AwokenDreamNail","Gensokyo:AllTheWorldsEvil","HollowMod:ChannelNail+1","Gensokyo:EightFeetTall","Gensokyo:LockedMedkit"],"relics":["HollowMod:VesselMask","Gensokyo:CelestialsFlawlessClothing","Bird Faced Urn","MawBank","Philosopher\u0027s Stone","Orichalcum"],"acts_visited":["Gensokyo:Gensokyo","Gensokyo:Gensokyoer"],"potions_floor_usage":[16,16,18,28],"damage_taken":[{"damage":0.0,"enemies":"Gensokyo:Python","floor":1.0,"turns":3.0},{"damage":6.0,"enemies":"Gensokyo:2_Kodama","floor":3.0,"turns":3.0},{"damage":0.0,"enemies":"Gensokyo:3_Fairies","floor":4.0,"turns":3.0},{"damage":3,"enemies":"Gensokyo:Python_and_Kodama","floor":11,"turns":5},{"damage":0,"enemies":"Gensokyo:3_Kodama","floor":13,"turns":3},{"damage":0,"enemies":"Gensokyo:LivingMonolith","floor":14,"turns":3},{"damage":74,"enemies":"Gensokyo:Kokoro","floor":16,"turns":12},{"damage":55,"enemies":"Gensokyo:3_Dogs","floor":18,"turns":6},{"damage":1,"enemies":"Gensokyo:2_Gloops","floor":22,"turns":4},{"damage":67,"enemies":"Gensokyo:Slime_Group","floor":28,"turns":7},{"damage":118,"enemies":"Gensokyo:Wraith","floor":29,"turns":9}],"seed_played":"4752949320029436448","potions_obtained":[{"floor":4.0,"key":"champ:CounterPotion"},{"floor":14,"key":"Dexterity Potion"},{"floor":16,"key":"PowerPotion"},{"floor":22,"key":"SkillPotion"}],"is_trial":false,"path_per_floor":["M","$","M","M","?","R","?","COS","T","R","M","?","M","M","R","B",null,"M","?","?","$","M","R","$","R","T","COS","M","M"],"character_chosen":"THE_BUGKNIGHT","items_purchased":[],"campfire_rested":3,"item_purchase_floors":[],"current_hp_per_floor":[75,75,69,69,51,73,73,73,73,73,70,70,70,72,72,6,75,24,24,29,29,30,54,54,78,78,78,19,0,0],"gold":135,"neow_bonus":"RANDOM_COLORLESS","is_daily":false,"chose_seed":false,"campfire_upgraded":2,"win_rate":0.0,"timestamp":1610458274,"path_taken":["M","$","M","M","?","R","?","COS","T","R","M","?","?","M","R","BOSS","M","?","?","$","M","R","$","R","T","COS","M","?"],"items_purchased_type":[],"build_version":"2020-12-22","purchased_purges":0,"victory":false,"max_hp_per_floor":[75,75,75,75,75,75,75,75,75,75,75,75,75,75,75,75,75,75,75,80,80,80,80,80,80,80,80,80,80,80],"card_choices":[{"not_picked":["expansioncontent:YouAreMine","Forethought"],"picked":"Panacea","floor":0.0},{"not_picked":["HollowMod:DescendingDark","HollowMod:GoodIntentions"],"picked":"HollowMod:VengefulSpirit","floor":1.0},{"not_picked":["HollowMod:HowlingWraiths","HollowMod:DreamGate"],"picked":"HollowMod:DesolateDive","floor":3.0},{"not_picked":["HollowMod:InfectedCysts","HollowMod:SoulVessel"],"picked":"HollowMod:CrystalDash","floor":4.0},{"not_picked":["HollowMod:DashSlash","HollowMod:NewLittleFool","HollowMod:SiblingsSouls"],"picked":"SKIP","floor":11},{"not_picked":["HollowMod:MothsMistake","HollowMod:MawleksShell"],"picked":"HollowMod:SoulEater","floor":13},{"not_picked":["HollowMod:DashSlash","HollowMod:MawleksShell"],"picked":"HollowMod:VengefulSpirit","floor":14},{"not_picked":["HollowMod:NewInfectedGuardian","HollowMod:MidwifesHunger"],"picked":"HollowMod:AwokenDreamNail","floor":16},{"not_picked":["HollowMod:TaintedHusks+1","HollowMod:VengefulVoid","HollowMod:CornifersMapStart"],"picked":"SKIP","floor":18},{"not_picked":["HollowMod:DescendingDark","HollowMod:LifebloodCocoon"],"picked":"HollowMod:ChannelNail+1","floor":22},{"not_picked":["HollowMod:MothsMistake","HollowMod:FallenFury","HollowMod:NewLittleFool+1"],"picked":"SKIP","floor":28}],"player_experience":388278,"relics_obtained":[{"floor":9.0,"key":"MawBank"},{"floor":26,"key":"Orichalcum"}],"event_choices":[],"is_beta":false,"boss_relics":[{"not_picked":["Busted Crown","Ectoplasm"],"picked":"Philosopher\u0027s Stone"}],"items_purged_floors":[],"is_endless":false,"potions_floor_spawned":[4,14,16,22],"killed_by":"Gensokyo:Wraith","ascension_level":0}}