{"host":"a0jvtjlr4867li78","time":1610474923,"event":{"mods":["BaseMod","Colored Powertips","Minty Spire (QoL Compilation)"],"gold_per_floor":[114,129,144,159,159,159,159,189,189,88,103,133,148,163,163,263,263,278,278,303,53,83,83,98,113,113,113,143,170,212,239,251,363,375,402,414,441,453,495,537,549,576,588,600,612,49,64,79,79,79],"floor_reached":51,"playtime":2760,"items_purged":[],"score":1129,"play_id":"73b234aa-7127-45e0-8132-f0cd19449500","local_time":"20210112120843","daily_mods":["Cursed Run","Hoarder","DeadlyEvents"],"is_ascension_mode":false,"campfire_choices":[{"data":"Eruption","floor":6.0,"key":"SMITH"},{"data":"Vigilance","floor":15.0,"key":"SMITH"},{"data":"ConjureBlade","floor":23.0,"key":"SMITH"},{"data":"Omniscience","floor":32,"key":"SMITH"},{"floor":41,"key":"REST"},{"floor":44,"key":"REST"},{"floor":49,"key":"DIG"}],"circlet_count":0,"master_deck":["Strike_P+1","Strike_P+1","Strike_P+1","Strike_P+1","Defend_P+1","Defend_P+1","Defend_P+1","Defend_P+1","Eruption+1","Vigilance+1","DeceiveReality+1","DeceiveReality+1","DeceiveReality+1","ReachHeaven+1","ReachHeaven+1","ReachHeaven+1","FollowUp+1","FollowUp+1","FollowUp+1","Injury","Injury","Injury","PathToVictory+1","PathToVictory+1","PathToVictory+1","FlurryOfBlows+1","FlurryOfBlows+1","FlurryOfBlows+1","MasterReality+1","MasterReality+1","PathToVictory+1","PathToVictory+1","PathToVictory+1","PathToVictory+1","PathToVictory+1","PathToVictory+1","Clumsy","Clumsy","Clumsy","ConjureBlade+1","ConjureBlade+1","ConjureBlade+1","Shame","Shame","Shame","Injury","Injury","Injury","PathToVictory+1","PathToVictory+1","PathToVictory+1","Doubt","Doubt","Doubt","Omniscience+1","Omniscience+1","Omniscience+1","Doubt","Doubt","Doubt","DevaForm+1","DevaForm+1","DevaForm+1","CurseOfTheBell","CurseOfTheBell","CurseOfTheBell","Doubt","Doubt","Doubt","Pain","Pain","Pain"],"relics":["Cursed Key","Darkstone Periapt","Du-Vu Doll","Frozen Egg 2","GoldenEye","Orichalcum","Calipers","Black Star","Pen Nib","Akabeko","Eternal Feather","Ornamental Fan","War Paint","Vajra","Centennial Puzzle","MawBank","Strawberry","Pear","Calling Bell","Damaru","Question Card","Lizard Tail","Mark of the Bloom","MealTicket","Torii","Mummified Hand","Ginger","Shovel","Frozen Eye","Blood Vial"],"acts_visited":["Exordium","TheCity","TheBeyond"],"potions_floor_usage":[28,31,33,33,35,37,50,50,50],"damage_taken":[{"damage":0.0,"enemies":"Cultist","floor":1.0,"turns":2.0},{"damage":0.0,"enemies":"2 Louse","floor":2.0,"turns":2.0},{"damage":11.0,"enemies":"Jaw Worm","floor":3.0,"turns":2.0},{"damage":1.0,"enemies":"Looter","floor":4.0,"turns":3.0},{"damage":12.0,"enemies":"Lagavulin","floor":8.0,"turns":4.0},{"damage":5.0,"enemies":"Gremlin Gang","floor":11.0,"turns":4.0},{"damage":8.0,"enemies":"Gremlin Nob","floor":12.0,"turns":3.0},{"damage":0.0,"enemies":"Large Slime","floor":13.0,"turns":4.0},{"damage":0.0,"enemies":"Red Slaver","floor":14.0,"turns":1.0},{"damage":6.0,"enemies":"Hexaghost","floor":16.0,"turns":5.0},{"damage":14.0,"enemies":"2 Thieves","floor":18.0,"turns":2.0},{"damage":21.0,"enemies":"Gremlin Leader","floor":22.0,"turns":5.0},{"damage":4.0,"enemies":"Chosen","floor":24.0,"turns":3.0},{"damage":6.0,"enemies":"3 Cultists","floor":25.0,"turns":3.0},{"damage":20,"enemies":"Book of Stabbing","floor":28,"turns":4},{"damage":4,"enemies":"Cultist and Chosen","floor":29,"turns":3},{"damage":22,"enemies":"Slavers","floor":30,"turns":4},{"damage":0,"enemies":"Sentry and Sphere","floor":31,"turns":2},{"damage":8,"enemies":"Champ","floor":33,"turns":3},{"damage":11,"enemies":"3 Darklings","floor":35,"turns":6},{"damage":0,"enemies":"3 Shapes","floor":37,"turns":1},{"damage":19,"enemies":"Giant Head","floor":39,"turns":6},{"damage":34,"enemies":"Reptomancer","floor":40,"turns":3},{"damage":0,"enemies":"Jaw Worm Horde","floor":42,"turns":1},{"damage":7,"enemies":"4 Shapes","floor":47,"turns":4},{"damage":9,"enemies":"3 Darklings","floor":48,"turns":5},{"damage":63,"enemies":"Time Eater","floor":50,"turns":7}],"seed_played":"-5514344210177769252","potions_obtained":[{"floor":1.0,"key":"GamblersBrew"},{"floor":3.0,"key":"Block Potion"},{"floor":8.0,"key":"GamblersBrew"},{"floor":12.0,"key":"EssenceOfSteel"},{"floor":14.0,"key":"SkillPotion"},{"floor":24.0,"key":"Fire Potion"},{"floor":29,"key":"SteroidPotion"},{"floor":30,"key":"ColorlessPotion"},{"floor":31,"key":"BlessingOfTheForge"},{"floor":37,"key":"Fruit Juice"},{"floor":39,"key":"Dexterity Potion"}],"is_trial":false,"path_per_floor":["M","M","M","M","$","R","?","E","T","$","M","E","M","M","R","B",null,"M","?","T","$","E","R","M","M","T","?","E","M","E","M","R","B",null,"M","?","M","?","E","E","R","M","T","R","?","$","M","M","R","B",null],"character_chosen":"WATCHER","items_purchased":["PathToVictory","FlurryOfBlows","Eternal Feather","Shovel","LiquidBronze","SkillPotion","Frozen Eye"],"campfire_rested":2,"item_purchase_floors":[10,10,21,46,46,46,46],"current_hp_per_floor":[72,72,61,60,60,60,57,45,63,63,58,50,50,50,50,62,108,94,112,130,130,109,136,132,126,144,162,142,138,133,133,166,176,215,204,204,204,204,185,151,151,151,151,151,151,151,144,135,135,72],"gold":79,"neow_bonus":"","is_daily":true,"chose_seed":false,"campfire_upgraded":4,"win_rate":0.0,"timestamp":1610474923,"path_taken":["M","M","?","M","$","R","?","?","T","?","M","?","?","M","R","BOSS","M","?","?","$","?","R","?","M","T","?","?","M","E","M","R","BOSS","M","?","M","?","?","E","R","?","T","R","?","$","?","M","R","BOSS"],"items_purchased_type":["Card","Card","Relic","Relic","Potion","Potion","Relic"],"build_version":"2020-12-22","purchased_purges":0,"victory":true,"max_hp_per_floor":[72,72,72,72,72,72,72,72,90,90,90,90,90,90,90,108,108,108,126,144,144,144,144,144,144,162,162,162,162,179,179,179,197,215,215,215,220,220,220,220,220,220,238,238,238,238,238,238,238,256],"card_choices":[{"not_picked":["Evaluate","TalkToTheHand"],"picked":"DeceiveReality","floor":1.0},{"not_picked":["FlyingSleeves","Fasting2"],"picked":"ReachHeaven","floor":2.0},{"not_picked":["Consecrate","Study","Protect"],"picked":"SKIP","floor":3.0},{"not_picked":["BowlingBash","CutThroughFate","Adaptation"],"picked":"SKIP","floor":4.0},{"not_picked":["Wireheading+1","SignatureMove"],"picked":"FollowUp","floor":8.0},{"not_picked":["Prostrate","FollowUp"],"picked":"MasterReality+1","floor":11.0},{"not_picked":["FearNoEvil","ClearTheMind"],"picked":"PathToVictory","floor":12.0},{"not_picked":["Study+1","Wallop"],"picked":"PathToVictory","floor":13.0},{"not_picked":["Fasting2+1","PathToVictory","Halt"],"picked":"SKIP","floor":14.0},{"not_picked":["Devotion+1","Alpha"],"picked":"ConjureBlade","floor":16.0},{"not_picked":["Consecrate+1","CutThroughFate","Prostrate"],"picked":"SKIP","floor":18.0},{"not_picked":["Meditate","BowlingBash","Prostrate"],"picked":"SKIP","floor":22.0},{"not_picked":["Halt","Evaluate"],"picked":"PathToVictory+1","floor":24.0},{"not_picked":["ClearTheMind","EmptyMind","BowlingBash"],"picked":"SKIP","floor":25.0},{"not_picked":["LikeWater+1","Nirvana+1","ForeignInfluence"],"picked":"SKIP","floor":28},{"not_picked":["ForeignInfluence","JustLucky","Nirvana+1"],"picked":"SKIP","floor":29},{"not_picked":["Vengeance","Sanctity"],"picked":"Omniscience","floor":30},{"not_picked":["Consecrate","Protect","EmptyFist"],"picked":"SKIP","floor":31},{"not_picked":["Wish","DeusExMachina"],"picked":"DevaForm+1","floor":33},{"not_picked":["ClearTheMind+1","WheelKick+1","BattleHymn+1","FlurryOfBlows+1"],"picked":"SKIP","floor":35},{"not_picked":["Halt","Protect","FlyingSleeves+1","FlurryOfBlows+1"],"picked":"SKIP","floor":37},{"not_picked":["ThirdEye","FlyingSleeves+1","FollowUp+1","CutThroughFate"],"picked":"SKIP","floor":39},{"not_picked":["Consecrate+1","Sanctity+1","BowlingBash","PathToVictory+1"],"picked":"SKIP","floor":40},{"not_picked":["Brilliance","Protect","Indignation","Prostrate+1"],"picked":"SKIP","floor":42},{"not_picked":["BowlingBash","EmptyFist+1","Perseverance+1","CutThroughFate"],"picked":"SKIP","floor":47},{"not_picked":["SashWhip+1","Wireheading+1","DeceiveReality+1","FearNoEvil+1"],"picked":"SKIP","floor":48}],"player_experience":1212300,"relics_obtained":[{"floor":8.0,"key":"GoldenEye"},{"floor":9.0,"key":"Orichalcum"},{"floor":12.0,"key":"Calipers"},{"floor":20.0,"key":"Akabeko"},{"floor":22.0,"key":"Ornamental Fan"},{"floor":22.0,"key":"War Paint"},{"floor":26.0,"key":"Vajra"},{"floor":28,"key":"Centennial Puzzle"},{"floor":28,"key":"MawBank"},{"floor":30,"key":"Strawberry"},{"floor":30,"key":"Pear"},{"floor":34,"key":"Damaru"},{"floor":34,"key":"Question Card"},{"floor":34,"key":"Lizard Tail"},{"floor":39,"key":"MealTicket"},{"floor":39,"key":"Torii"},{"floor":40,"key":"Mummified Hand"},{"floor":40,"key":"Ginger"},{"floor":49,"key":"Blood Vial"}],"event_choices":[{"damage_healed":0.0,"max_hp_gain":0.0,"max_hp_loss":0.0,"gold_gain":0.0,"event_name":"Scrap Ooze","player_choice":"Success","floor":7.0,"gold_loss":0.0,"damage_taken":3.0,"relics_obtained":["Frozen Egg 2"]},{"damage_healed":0.0,"max_hp_gain":0.0,"max_hp_loss":0.0,"gold_gain":0.0,"event_name":"Addict","player_choice":"Stole Relic","floor":19.0,"gold_loss":0.0,"damage_taken":0.0,"relics_obtained":["Pen Nib"],"cards_obtained":["Shame"]},{"damage_healed":53,"gold_gain":0,"player_choice":"Heal","damage_taken":0,"max_hp_gain":0,"max_hp_loss":0,"event_name":"The Library","floor":27,"gold_loss":0},{"damage_healed":0,"gold_gain":0,"player_choice":"Upgrade","damage_taken":0,"relics_obtained":["Mark of the Bloom"],"max_hp_gain":0,"max_hp_loss":0,"event_name":"MindBloom","floor":36,"gold_loss":0,"cards_upgraded":["Strike_P","Strike_P","Strike_P","Strike_P","Defend_P","Defend_P","Defend_P","Defend_P","DeceiveReality","DeceiveReality","DeceiveReality","ReachHeaven","ReachHeaven","ReachHeaven","FollowUp","FollowUp","FollowUp","PathToVictory","PathToVictory","PathToVictory","FlurryOfBlows","FlurryOfBlows","FlurryOfBlows","PathToVictory","PathToVictory","PathToVictory","PathToVictory","PathToVictory","PathToVictory","Omniscience","Omniscience"]},{"damage_healed":0,"gold_gain":0,"player_choice":"Memory 1","damage_taken":0,"max_hp_gain":0,"max_hp_loss":0,"event_name":"SensoryStone","floor":38,"gold_loss":0},{"cards_removed":["MasterReality"],"damage_healed":0,"gold_gain":0,"player_choice":"Removed Power","damage_taken":0,"max_hp_gain":0,"max_hp_loss":0,"event_name":"Falling","floor":45,"gold_loss":0}],"is_beta":false,"boss_relics":[{"not_picked":["Sozu","Tiny House"],"picked":"Black Star"},{"not_picked":["SacredBark","Pandora\u0027s Box"],"picked":"Calling Bell"}],"items_purged_floors":[],"is_endless":false,"potions_floor_spawned":[1,3,8,12,14,24,29,30,31,37,39,47,48],"ascension_level":0}}