{"host":"ygfasg9u7olr7skw","time":1610413227,"event":{"mods":["AchievementEnabler","BaseMod","Better Note","Better Vampires","Colored Powertips","Minty Spire (QoL Compilation)","Replay The Spire","Spicy Shops","StSLib","The IronCluck"],"gold_per_floor":[111,123,48,77,77,108,108,108,108,11,25,49,80,80,80,205,205,230,230,255,48,48,48,83,83,83,97,117,133,133,151,151,275,275,294,294,319,67,91,91,127,152,204,224,224,224],"floor_reached":45,"playtime":3282,"items_purged":["Strike_G","Injury","Strike_G","Strike_G"],"score":814,"play_id":"4793b2ab-1efb-4b9f-8229-5ccf8697a64c","local_time":"20210111200027","is_ascension_mode":true,"campfire_choices":[{"floor":7,"key":"REST"},{"floor":15,"key":"REST"},{"floor":23,"key":"REST"},{"floor":25,"key":"REST"},{"floor":30,"key":"RECALL"},{"floor":32,"key":"REST"},{"floor":40,"key":"REST"}],"circlet_count":0,"master_deck":["Strike_G","Defend_G","Defend_G","Defend_G","Defend_G","Defend_G","Survivor","Neutralize","Dash","Poisoned Stab","Catalyst","Distraction+1","Poison Darts+1","Noxious Fumes","Noxious Fumes","Noxious Fumes","Draining Mist+1","Crippling Poison+1","Poisoned Stab","CurseOfTheBell","Deadly Poison+1"],"relics":["Ring of the Snake","NeowsBlessing","Pocketwatch","Garlic","Golden Idol","PreservedInsect","ReplayTheSpireMod:CursedCoin","Pen Nib","Toxic Egg 2","SlaversCollar","DollysMirror","Divine Protection","Snake Skull","Calling Bell","Tiny Chest","The Courier","Tingsha","Replay:Wax Seal","Juzu Bracelet","Lantern"],"acts_visited":["Exordium","TheCity","TheBeyond"],"potions_floor_usage":[16,42,44,45],"damage_taken":[{"damage":0,"enemies":"Small Slimes","floor":1,"turns":1},{"damage":0,"enemies":"2 Louse","floor":2,"turns":1},{"damage":0,"enemies":"Lagavulin","floor":6,"turns":1},{"damage":0,"enemies":"Jaw Worm","floor":11,"turns":3},{"damage":0,"enemies":"Red Slaver","floor":12,"turns":3},{"damage":3,"enemies":"Gremlin Nob","floor":13,"turns":4},{"damage":26,"enemies":"The Guardian","floor":16,"turns":15},{"damage":22,"enemies":"2 Thieves","floor":18,"turns":4},{"damage":7,"enemies":"Shell Parasite","floor":20,"turns":3},{"damage":23,"enemies":"Slavers","floor":24,"turns":6},{"damage":6,"enemies":"Centurion and Healer","floor":27,"turns":4},{"damage":0,"enemies":"Snake Plant","floor":28,"turns":3},{"damage":0,"enemies":"Snecko","floor":29,"turns":3},{"damage":4,"enemies":"Shelled Parasite and Fungi","floor":31,"turns":4},{"damage":6,"enemies":"Pondfish","floor":33,"turns":7},{"damage":8,"enemies":"3 Darklings","floor":35,"turns":6},{"damage":2,"enemies":"3 Shapes","floor":37,"turns":4},{"damage":22,"enemies":"Maw","floor":39,"turns":7},{"damage":12,"enemies":"Nemesis","floor":41,"turns":5},{"damage":44,"enemies":"Spire Growth","floor":42,"turns":6},{"damage":0,"enemies":"Sphere and 2 Shapes","floor":44,"turns":4},{"damage":19,"enemies":"Maw","floor":45,"turns":6}],"seed_played":"2125344215491410182","potions_obtained":[{"floor":2,"key":"Languid Potion"},{"floor":6,"key":"Milkshake"},{"floor":12,"key":"LiquidBronze"},{"floor":27,"key":"Block Potion"},{"floor":35,"key":"AttackPotion"},{"floor":44,"key":"AttackPotion"}],"is_trial":false,"path_per_floor":["M","M","$","?","?","E","R","?","T","$","M","M","E","$","R","B",null,"M","?","M","$","?","R","E","R","T","M","M","M","R","M","R","B",null,"M","?","M","$","M","R","E","M","T","M","M"],"character_chosen":"THE_SILENT","items_purchased":["ReplayTheSpireMod:CursedCoin","Pen Nib","Noxious Fumes","DollysMirror","Replay:Wax Seal"],"campfire_rested":6,"item_purchase_floors":[10,10,21,21,38],"current_hp_per_floor":[70,70,70,42,42,42,63,46,46,46,46,46,43,43,64,38,70,48,48,41,41,41,62,39,60,60,54,54,54,54,50,70,64,70,62,62,60,60,38,59,47,3,3,3,0,0],"gold":224,"neow_bonus":"THREE_ENEMY_KILL","is_daily":false,"chose_seed":false,"campfire_upgraded":0,"win_rate":0.0,"timestamp":1610413227,"path_taken":["M","M","$","?","?","E","R","?","T","$","M","M","E","?","R","BOSS","M","?","M","$","?","R","E","R","T","M","?","?","R","M","R","BOSS","M","?","M","$","M","R","E","M","T","M","M"],"items_purchased_type":["Relic","Relic","Card","Relic","Relic"],"build_version":"2020-12-22","purchased_purges":4,"victory":false,"max_hp_per_floor":[70,70,70,70,70,70,70,70,70,70,70,70,70,70,70,70,70,70,70,70,70,70,70,70,70,70,70,70,70,70,70,70,70,70,70,70,70,70,70,70,70,70,70,70,70,70],"card_choices":[{"not_picked":["Acrobatics","PiercingWail","Flying Knee"],"picked":"SKIP","floor":1},{"not_picked":["Expertise","All Out Attack","Dagger Throw"],"picked":"SKIP","floor":2},{"not_picked":["Reflex","Sucker Punch"],"picked":"Dash","floor":4},{"not_picked":["Phantasmal Killer","Hidden Blade"],"picked":"Poisoned Stab","floor":6},{"not_picked":["Sneak Up","Deflect","Slice"],"picked":"SKIP","floor":11},{"not_picked":["Slice","Quick Slash"],"picked":"Catalyst","floor":12},{"not_picked":["Endless Agony","Dagger Spray"],"picked":"Distraction+1","floor":13},{"not_picked":["ReplayTheSpireMod:From All Sides","Wraith Form v2"],"picked":"Poison Darts+1","floor":16},{"not_picked":["Quick Slash","Choke","Hidden Blade+1"],"picked":"SKIP","floor":18},{"not_picked":["Deflect+1","Predator+1","Fluid Movement+1"],"picked":"SKIP","floor":20},{"not_picked":["Hidden Blade+1","Concentrate+1","ReplayTheSpireMod:From All Sides"],"picked":"SKIP","floor":24},{"not_picked":["Prepared+1","ReplayTheSpireMod:Scrap Shanks"],"picked":"Draining Mist+1","floor":27},{"not_picked":["Flechettes","Quick Slash+1"],"picked":"Crippling Poison+1","floor":28},{"not_picked":["Sucker Punch","Cloak And Dagger+1","Blur+1"],"picked":"SKIP","floor":29},{"not_picked":["Prepared+1","Flechettes"],"picked":"Poisoned Stab","floor":31},{"not_picked":["Hidden Blade+1","Cloak And Dagger+1","Terror+1"],"picked":"SKIP","floor":35},{"not_picked":["Quick Slash+1","Heel Hook+1","Dagger Throw+1"],"picked":"SKIP","floor":37},{"not_picked":["Masterful Stab+1","PiercingWail+1","Riddle With Holes"],"picked":"SKIP","floor":39},{"not_picked":["Dodge and Roll+1","Cloak And Dagger+1","Infinite Blades"],"picked":"SKIP","floor":41},{"not_picked":["PiercingWail+1","Tactician+1","Dodge and Roll+1"],"picked":"SKIP","floor":42},{"not_picked":["Dagger Spray+1","Prepared+1"],"picked":"Deadly Poison+1","floor":44}],"player_experience":251045,"relics_obtained":[{"floor":4,"key":"Pocketwatch"},{"floor":6,"key":"Garlic"},{"floor":9,"key":"PreservedInsect"},{"floor":13,"key":"Toxic Egg 2"},{"floor":24,"key":"Snake Skull"},{"floor":34,"key":"Tiny Chest"},{"floor":34,"key":"The Courier"},{"floor":34,"key":"Tingsha"},{"floor":41,"key":"Juzu Bracelet"},{"floor":43,"key":"Lantern"}],"event_choices":[{"damage_healed":0,"gold_gain":0,"player_choice":"Take Damage","damage_taken":17,"relics_obtained":["Golden Idol"],"max_hp_gain":0,"max_hp_loss":0,"event_name":"Golden Idol","floor":8,"gold_loss":0},{"damage_healed":0,"gold_gain":0,"player_choice":"Ignored","damage_taken":0,"max_hp_gain":0,"max_hp_loss":0,"event_name":"Cursed Tome","floor":19,"gold_loss":0},{"damage_healed":0,"gold_gain":0,"player_choice":"Opened","damage_taken":0,"relics_obtained":["Divine Protection"],"max_hp_gain":0,"max_hp_loss":0,"event_name":"The Mausoleum","floor":22,"gold_loss":0},{"damage_healed":0,"gold_gain":0,"player_choice":"Ignored","damage_taken":0,"max_hp_gain":0,"max_hp_loss":0,"event_name":"Tomb of Lord Red Mask","floor":36,"gold_loss":0}],"is_beta":false,"boss_relics":[{"not_picked":["WristBlade","Replay:Wanted Poster"],"picked":"SlaversCollar"},{"not_picked":["Cursed Key","Replay:Drink Me"],"picked":"Calling Bell"}],"items_purged_floors":[3,10,38,38],"is_endless":false,"potions_floor_spawned":[2,6,12,27,29,33,35,44],"killed_by":"Maw","ascension_level":1}}