{"host":"u21q392b5xaj11fl","time":1610410967,"event":{"mods":["2.2 Compatiblity","Bard","BaseMod","Better Note","Colored Map","Colored Powertips","Conspire","Custom Start","Downfall","Faster Ascension Climbing","GifTheSpireLib","Gremlin Skip","Highlight Path","Hubris","Infinite Spire","Mad Scientist","Marisa????????","Mimic Mod","Minty Spire (QoL Compilation)","Permanent Neow","Potionbrewer","Quick Restart","READ ME - Guardian Mod","Relic Sorter","Replay The Spire","Shop Mod","Somnambulant","StSLib","Stuff the Spire","SuperFastMode","The Construct","The Disciple","The Mystic","The Servant 0.9.4","vexMod"],"gold_per_floor":[118,118,130,32,46,46,60,93,93,93,110,125,138,170,170,244,244,257,18,29,29,29,29,60,78,78,78,98,98,71,71,71],"floor_reached":31,"playtime":4380,"items_purged":["mysticmod:Strike_Mystic","mysticmod:Strike_Mystic"],"score":441,"play_id":"d9415d73-c2c2-4c4c-91b3-e15f0e396ebf","local_time":"20210111182247","is_ascension_mode":true,"campfire_choices":[{"data":"mysticmod:CorrosiveTouch","floor":6.0,"key":"SMITH"},{"data":"mysticmod:LightningBolt","floor":10.0,"key":"SMITH"},{"floor":15.0,"key":"REST"},{"data":"mysticmod:Discipline","floor":23.0,"key":"SMITH"},{"floor":27.0,"key":"REST"}],"circlet_count":0,"master_deck":["AscendersBane","mysticmod:Defend_Mystic","mysticmod:Defend_Mystic","mysticmod:Defend_Mystic","mysticmod:Defend_Mystic","mysticmod:ArcaneDodge","mysticmod:ShockingGrasp","mysticmod:CorrosiveTouch+1","mysticmod:PowerSlash","mysticmod:LightningBolt+1","mysticmod:EarthenWall+1","mysticmod:DiviningBlow","mysticmod:MagicWeapon","mysticmod:Discipline+1","mysticmod:VorpalThrust+1","mysticmod:Probe+1","hexamod:SixthSeal","mysticmod:FloatingDisk","Pot Of Greed","Pot Of Greed","mysticmod:Daze","mysticmod:Shield"],"relics":["mysticmod:SpellBook","hubris:GlazedTorus","ReplayTheSpireMod:DimensionalGlitch","MerchantsRug","Grinning Jar","potionbrewer:SlideRule"],"acts_visited":["Exordium","TheCity"],"potions_floor_usage":[28,31],"damage_taken":[{"damage":1.0,"enemies":"conspire:RoseBush","floor":1.0,"turns":4.0},{"damage":0.0,"enemies":"Jaw Worm","floor":3.0,"turns":5.0},{"damage":1.0,"enemies":"Cultist","floor":5.0,"turns":3.0},{"damage":1.0,"enemies":"2 Fungi Beasts","floor":7.0,"turns":2.0},{"damage":12.0,"enemies":"Replay:BlueRogue","floor":8.0,"turns":10.0},{"damage":10.0,"enemies":"Lots of Slimes","floor":11.0,"turns":3.0},{"damage":3.0,"enemies":"Blue Slaver","floor":12.0,"turns":3.0},{"damage":0.0,"enemies":"2 Fungi Beasts","floor":13.0,"turns":2.0},{"damage":18.0,"enemies":"Lagavulin","floor":14.0,"turns":5.0},{"damage":51.0,"enemies":"Fading Forest","floor":16.0,"turns":11.0},{"damage":9.0,"enemies":"Shell Parasite","floor":18.0,"turns":7.0},{"damage":0.0,"enemies":"Chosen","floor":20.0,"turns":3.0},{"damage":37.0,"enemies":"conspire:SneckoGhost","floor":24.0,"turns":7.0},{"damage":6.0,"enemies":"Snecko","floor":25.0,"turns":3.0},{"damage":3,"enemies":"Snake Plant","floor":28,"turns":3},{"damage":19,"enemies":"Book of Stabbing","floor":31,"turns":5}],"seed_played":"-3776440117842132927","potions_obtained":[{"floor":5.0,"key":"sneckomod:MuddlingPotion"},{"floor":7.0,"key":"Doom Potion"},{"floor":12.0,"key":"AttackPotion"},{"floor":25.0,"key":"Fire Potion"},{"floor":28,"key":"Block Potion"}],"is_trial":false,"path_per_floor":["M","?","M","$","M","R","M","E","T","R","M","M","M","E","R","B",null,"M","$","M","?","?","R","E","M","T","R","M","?","$","E"],"character_chosen":"MYSTIC_CLASS","items_purchased":["mysticmod:PowerSlash","MerchantsRug","mysticmod:VorpalThrust+1","mysticmod:Shield"],"campfire_rested":2,"item_purchase_floors":[4,19,19,30],"current_hp_per_floor":[68,68,68,68,67,67,66,54,54,54,44,41,41,23,46,15,62,53,53,53,53,53,53,16,10,10,33,30,30,30,11,11],"gold":71,"neow_bonus":"REMOVE_CARD","is_daily":false,"chose_seed":false,"campfire_upgraded":3,"win_rate":0.0,"timestamp":1610410967,"path_taken":["M","?","M","$","M","R","M","E","T","R","M","M","M","E","R","BOSS","M","$","M","?","?","R","E","?","T","R","M","?","$","E"],"items_purchased_type":["Card","Relic","Card","Card"],"build_version":"2020-12-22","purchased_purges":2,"victory":false,"max_hp_per_floor":[77,77,77,77,77,77,77,77,77,77,77,77,77,77,77,77,77,77,77,77,77,77,77,77,77,77,77,77,77,77,77,77],"card_choices":[{"not_picked":["mysticmod:Flourish","mysticmod:Sideswipe"],"picked":"mysticmod:CorrosiveTouch","floor":1.0},{"not_picked":["mysticmod:BulkUp","mysticmod:Flourish","mysticmod:RapidCaster"],"picked":"SKIP","floor":3.0},{"not_picked":["mysticmod:PowerSlash","mysticmod:Fly"],"picked":"mysticmod:LightningBolt","floor":5.0},{"not_picked":["mysticmod:Flurry","mysticmod:BladedDash"],"picked":"mysticmod:EarthenWall","floor":7.0},{"not_picked":["mysticmod:BulkUp","mysticmod:Stoneskin"],"picked":"mysticmod:DiviningBlow","floor":8.0},{"not_picked":["mysticmod:Flourish","mysticmod:BulkUp","mysticmod:RapidCaster"],"picked":"SKIP","floor":11.0},{"not_picked":["mysticmod:ComboCaster","mysticmod:Grapple"],"picked":"mysticmod:MagicWeapon","floor":12.0},{"not_picked":["mysticmod:CorrosiveTouch","mysticmod:Disengage"],"picked":"mysticmod:Discipline","floor":13.0},{"not_picked":["mysticmod:EnchantedMoulinet","mysticmod:KeenEdge","mysticmod:GeminiForm"],"picked":"SKIP","floor":14.0},{"not_picked":["mysticmod:TomeOfSpells","mysticmod:BulkUp","mysticmod:CorrosiveTouch"],"picked":"SKIP","floor":18.0},{"not_picked":["mysticmod:TomeOfSpells","mysticmod:Dedication"],"picked":"mysticmod:Probe+1","floor":20.0},{"not_picked":["mysticmod:ComponentsPouch+1","mysticmod:Disengage"],"picked":"mysticmod:FloatingDisk","floor":24.0},{"not_picked":["mysticmod:EbbAndFlow","mysticmod:Grease"],"picked":"mysticmod:Daze","floor":25.0},{"not_picked":["mysticmod:KeenEdge","mysticmod:Dedication","mysticmod:Flurry"],"picked":"SKIP","floor":28}],"player_experience":173572,"relics_obtained":[{"floor":8.0,"key":"hubris:GlazedTorus"},{"floor":14.0,"key":"Boot"},{"floor":24.0,"key":"Grinning Jar"},{"floor":26.0,"key":"potionbrewer:SlideRule"}],"event_choices":[{"cards_removed":["mysticmod:EarthenWall"],"damage_healed":0.0,"max_hp_gain":0.0,"max_hp_loss":0.0,"gold_gain":0.0,"event_name":"betterNote:BetterNote","player_choice":"Take \u0026 Give","floor":21.0,"gold_loss":0.0,"damage_taken":0.0,"cards_obtained":["hexamod:SixthSeal"]},{"cards_removed":["mysticmod:Strike_Mystic"],"damage_healed":0.0,"max_hp_gain":0.0,"max_hp_loss":0.0,"gold_gain":0.0,"event_name":"Bonfire Elementals","player_choice":"Offered Basic","floor":22.0,"gold_loss":0.0,"damage_taken":0.0}],"is_beta":false,"boss_relics":[{"not_picked":["Philosopher\u0027s Stone","vexMod:BigBerry"],"picked":"ReplayTheSpireMod:DimensionalGlitch"}],"items_purged_floors":[4,19],"is_endless":false,"potions_floor_spawned":[5,7,12,25,28],"killed_by":"Book of Stabbing","ascension_level":13}}