{"host":"g9y2ptialarrkhtq","time":1610464048,"event":{"mods":["Arknights The Spire","BaseMod","Conspire","Dark Map","Minty Spire (QoL Compilation)","Replay The Spire","StSLib"],"gold_per_floor":[117,134,52,52,127,157,157,175,175,175,234,253,253,253,253,358,358,373,373,392,307,166,166,59,59,59,59,90,90,118,133,133,230,230,245,295,311,4,4,4,38,38,107,329,341,353,387,404,404,404],"floor_reached":51,"playtime":5040,"items_purged":["ats:Strike V","ats:Defend"],"score":869,"play_id":"434608b0-9e01-4f6d-8520-af7b9cb5b1cd","local_time":"20210112230728","is_ascension_mode":false,"campfire_choices":[{"data":"ats:Healing Drone","floor":7.0,"key":"SMITH"},{"data":"ats:Encircling Forest","floor":10.0,"key":"SMITH"},{"data":"ats:Part Time Job","floor":15.0,"key":"SMITH"},{"floor":23.0,"key":"REST"},{"floor":25.0,"key":"REST"},{"floor":32.0,"key":"DIG"},{"data":"Alpha","floor":40.0,"key":"SMITH"},{"data":"Discovery","floor":49,"key":"SMITH"}],"circlet_count":0,"master_deck":["ats:Strike C","ats:Strike G","ats:Strike S","ats:Armor Crushing Shot","ats:Defend","ats:Defend","ats:Defend","ats:Emotion Absorption","ats:Closed Bolt Burst Fire","ats:Beaten Up","ats:Healing Drone+1","ats:Encircling Forest+1","ats:Assault Order","ats:Overload","ats:Part Time Job+1","Replay:Sssssssssshield","ats:Apocalypse","ats:Thermite Blade","ats:Healing Strengthening","ats:Shell Defense+1","Alpha+1","ats:Revitalization+1","PanicButton","Amnesia","Discovery+1","ats:Wolf Pack","Consecrate"],"relics":["ats:Sanity","NeowsBlessing","ats:Originium","Sundial","The Courier","White Beast Statue","PrismaticShard","Black Star","Juzu Bracelet","Ornamental Fan","Red Mask","Divine Protection","Bag of Preparation","Snack Pack","Replay:Bronze Core","Replay:Towering Pillar of Hats","Durian","Ring of Fangs","Ring of Fury","ats:Industrial Water Cannon","MealTicket","Mercury Hourglass","conspire:GiftBox","Vajra"],"acts_visited":["Exordium","TheCity","TheBeyond"],"potions_floor_usage":[47,47,47,47,50,50],"damage_taken":[{"damage":0.0,"enemies":"2 Louse","floor":1.0,"turns":1.0},{"damage":0.0,"enemies":"Small Slimes","floor":2.0,"turns":1.0},{"damage":0.0,"enemies":"Gremlin Nob","floor":6.0,"turns":1.0},{"damage":10.0,"enemies":"conspire:RoseBush","floor":8.0,"turns":5.0},{"damage":5.0,"enemies":"conspire:2 RoseBushes","floor":12.0,"turns":6.0},{"damage":76.0,"enemies":"Hexaghost","floor":16.0,"turns":13.0},{"damage":55.0,"enemies":"Chosen","floor":18.0,"turns":7.0},{"damage":60.0,"enemies":"Spheric Guardian","floor":20.0,"turns":8.0},{"damage":131.0,"enemies":"Masked Bandits","floor":28.0,"turns":12.0},{"damage":37.0,"enemies":"conspire:Head Lice","floor":30.0,"turns":17.0},{"damage":14.0,"enemies":"Snecko","floor":31.0,"turns":6.0},{"damage":62.0,"enemies":"Champ","floor":33.0,"turns":13.0},{"damage":39.0,"enemies":"Orb Walker","floor":35.0,"turns":5.0},{"damage":31.0,"enemies":"Mind Bloom Boss Battle","floor":36.0,"turns":12.0},{"damage":21.0,"enemies":"3 Darklings","floor":37.0,"turns":5.0},{"damage":111.0,"enemies":"Nemesis","floor":41.0,"turns":9.0},{"damage":20.0,"enemies":"Jaw Worm Horde","floor":45.0,"turns":4.0},{"damage":5.0,"enemies":"Spire Growth","floor":46.0,"turns":6.0},{"damage":33,"enemies":"Giant Head","floor":47,"turns":9},{"damage":0,"enemies":"Sphere and 2 Shapes","floor":48,"turns":5},{"damage":304,"enemies":"Awakened One","floor":50,"turns":16}],"seed_played":"7175941282368727144","potions_obtained":[{"floor":1.0,"key":"Strength Potion"},{"floor":11.0,"key":"ColorlessPotion"},{"floor":12.0,"key":"Swift Potion"},{"floor":16.0,"key":"Energy Potion"},{"floor":18.0,"key":"Adrenaline Potion"},{"floor":20.0,"key":"Ancient Potion"},{"floor":28.0,"key":"LiquidMemories"},{"floor":30.0,"key":"Reflective Coating"},{"floor":31.0,"key":"PowerPotion"},{"floor":33.0,"key":"Ancient Potion"},{"floor":35.0,"key":"SpeedPotion"},{"floor":36.0,"key":"ColorlessPotion"},{"floor":37.0,"key":"EntropicBrew"},{"floor":41.0,"key":"Block Potion"},{"floor":45.0,"key":"SteroidPotion"},{"floor":46.0,"key":"Weak Potion"},{"floor":47,"key":"Regen Potion"},{"floor":48,"key":"ColorlessPotion"}],"is_trial":false,"path_per_floor":["M","M","$","?","?","E","R","M","T","R","?","M","?","?","R","B",null,"M","?","M","?","$","R","$","R","T","?","?","$","E","M","R","B",null,"M","?","M","$","?","R","E","?","T","?","M","M","E","M","R","B",null],"character_chosen":"DOCTOR_CLASS","items_purchased":["ats:Healing Drone","ats:Thermite Blade","ats:Healing Strengthening","ats:Shell Defense+1","Durian","PanicButton"],"campfire_rested":2,"item_purchase_floors":[3,22,22,24,38,38],"current_hp_per_floor":[72,72,72,72,61,61,61,67,67,67,49,52,52,52,52,43,72,40,40,12,12,12,33,33,54,54,82,59,59,82,81,81,56,82,43,80,71,76,76,76,58,58,58,58,56,87,80,87,87,70],"gold":404,"neow_bonus":"THREE_ENEMY_KILL","is_daily":false,"chose_seed":false,"campfire_upgraded":5,"win_rate":0.0,"timestamp":1610464048,"path_taken":["M","M","$","?","?","E","R","M","T","R","?","M","?","?","R","BOSS","M","?","?","?","$","R","?","R","T","?","?","$","E","M","R","BOSS","M","?","M","$","?","R","E","?","T","?","M","M","E","M","R","BOSS"],"items_purchased_type":["Card","Card","Card","Card","Relic","Card"],"build_version":"2020-12-22","purchased_purges":2,"victory":true,"max_hp_per_floor":[72,72,72,72,72,72,72,72,72,72,72,72,72,72,72,72,72,72,72,72,72,72,72,72,72,72,82,82,82,82,82,82,82,82,82,82,82,87,87,87,87,87,87,87,87,87,87,87,87,87],"card_choices":[{"not_picked":["ats:LN2 Cannon","ats:Leaping Hammer"],"picked":"ats:Closed Bolt Burst Fire","floor":1.0},{"not_picked":["ats:Curse Doll","ats:Revitalization"],"picked":"ats:Beaten Up","floor":2.0},{"not_picked":["ats:Explosion Area Strengthen","ats:Flexible Camouflage"],"picked":"ats:Encircling Forest","floor":6.0},{"not_picked":["ats:Explosion Area Strengthen","ats:Revitalization"],"picked":"ats:Assault Order","floor":8.0},{"not_picked":["ats:Hammer On","ats:Poison Spread"],"picked":"ats:Overload","floor":11.0},{"not_picked":["ats:Explosion Area Strengthen","ats:Childhood Dance"],"picked":"ats:Part Time Job","floor":12.0},{"not_picked":["Replay:LoomingThreat","Malaise"],"picked":"Reaper","floor":16.0},{"not_picked":["Reflex","ats:Curse Doll","Streamline"],"picked":"SKIP","floor":18.0},{"not_picked":["Halt","Replay:BasicMightCard","ReplayTheSpireMod:System Scan+1"],"picked":"SKIP","floor":20.0},{"not_picked":["ats:Steam Pump","PanicButton"],"picked":"Alpha","floor":30.0},{"not_picked":["Fusion","ReplayTheSpireMod:LeadingStrike","Flying Knee+1"],"picked":"SKIP","floor":31.0},{"not_picked":["Rage","Streamline+1","Twin Strike+1"],"picked":"SKIP","floor":35.0},{"not_picked":["Run Through","ats:Flexible Camouflage"],"picked":"ats:Revitalization+1","floor":36.0},{"not_picked":["Heavy Blade","Replay:BluntJabs","ats:Leaping Hammer"],"picked":"SKIP","floor":37.0},{"not_picked":["LessonLearned","Flying Knee","Heavy Blade+1"],"picked":"SKIP","floor":41.0},{"not_picked":["Sucker Punch+1","ReplayTheSpireMod:Exploit Weakness+1"],"picked":"Discovery","floor":45.0},{"not_picked":["Armaments+1","Flying Knee","Dodge and Roll+1"],"picked":"SKIP","floor":46.0},{"not_picked":["ats:Fractured Body","ats:Soul Rend"],"picked":"ats:Wolf Pack","floor":47},{"not_picked":["Deflect+1","ats:True Silver Slash"],"picked":"Consecrate","floor":47},{"not_picked":["Concentrate","ReplayTheSpireMod:Uncanny Aura","CrushJoints"],"picked":"SKIP","floor":48}],"player_experience":105283,"relics_obtained":[{"floor":6.0,"key":"ats:Originium"},{"floor":6.0,"key":"Sundial"},{"floor":9.0,"key":"The Courier"},{"floor":11.0,"key":"White Beast Statue"},{"floor":26.0,"key":"Ornamental Fan"},{"floor":28.0,"key":"Red Mask"},{"floor":30.0,"key":"ats:Originium"},{"floor":30.0,"key":"Divine Protection"},{"floor":30.0,"key":"Bag of Preparation"},{"floor":32.0,"key":"Snack Pack"},{"floor":36.0,"key":"Replay:Towering Pillar of Hats"},{"floor":39.0,"key":"Ring of Fangs"},{"floor":39.0,"key":"Ring of Fury"},{"floor":41.0,"key":"ats:Originium"},{"floor":41.0,"key":"ats:Industrial Water Cannon"},{"floor":41.0,"key":"MealTicket"},{"floor":43.0,"key":"Mercury Hourglass"},{"floor":47,"key":"conspire:GiftBox"},{"floor":47,"key":"Vajra"}],"event_choices":[{"damage_healed":0.0,"max_hp_gain":0.0,"max_hp_loss":0.0,"gold_gain":0.0,"event_name":"conspire:Investor","player_choice":"Leave","floor":4.0,"gold_loss":0.0,"damage_taken":0.0},{"damage_healed":0.0,"max_hp_gain":0.0,"max_hp_loss":0.0,"gold_gain":75.0,"event_name":"World of Goop","player_choice":"Gather Gold","floor":5.0,"gold_loss":0.0,"damage_taken":11.0},{"damage_healed":0.0,"max_hp_gain":0.0,"max_hp_loss":0.0,"gold_gain":0.0,"event_name":"Match and Keep!","player_choice":"2 cards matched","floor":14.0,"gold_loss":0.0,"damage_taken":0.0,"cards_obtained":["Replay:Sssssssssshield","ats:Apocalypse"]},{"cards_removed":["Shame"],"damage_healed":0.0,"max_hp_gain":0.0,"max_hp_loss":0.0,"gold_gain":0.0,"event_name":"Purifier","player_choice":"Purged","floor":19.0,"gold_loss":0.0,"damage_taken":0.0},{"damage_healed":0.0,"max_hp_gain":0.0,"max_hp_loss":0.0,"gold_gain":0.0,"event_name":"Addict","player_choice":"Obtained Relic","floor":21.0,"gold_loss":85.0,"damage_taken":0.0,"relics_obtained":["Juzu Bracelet"]},{"cards_removed":["Reaper"],"damage_healed":18.0,"max_hp_gain":10.0,"max_hp_loss":0.0,"gold_gain":0.0,"event_name":"Bonfire Elementals","player_choice":"Offered Rare","floor":27.0,"gold_loss":0.0,"damage_taken":0.0},{"damage_healed":0.0,"max_hp_gain":0.0,"max_hp_loss":0.0,"gold_gain":0.0,"event_name":"Masked Bandits","player_choice":"Fought Bandits","floor":28.0,"gold_loss":0.0,"damage_taken":0.0},{"damage_healed":0.0,"max_hp_gain":0.0,"max_hp_loss":0.0,"gold_gain":0.0,"event_name":"MindBloom","player_choice":"Fight","floor":36.0,"gold_loss":0.0,"damage_taken":0.0},{"damage_healed":0.0,"max_hp_gain":0.0,"max_hp_loss":0.0,"gold_gain":0.0,"event_name":"Mysterious Sphere","player_choice":"Ignored","floor":42.0,"gold_loss":0.0,"damage_taken":0.0},{"damage_healed":0.0,"max_hp_gain":0.0,"max_hp_loss":0.0,"gold_gain":222.0,"event_name":"Tomb of Lord Red Mask","player_choice":"Wore Mask","floor":44.0,"gold_loss":0.0,"damage_taken":0.0}],"is_beta":false,"boss_relics":[{"not_picked":["Kintsugi","conspire:SeveredTorchhead"],"picked":"Black Star"},{"not_picked":["ReplayTheSpireMod:Onyx Gauntlets","Runic Pyramid"],"picked":"Replay:Bronze Core"}],"items_purged_floors":[22,24],"is_endless":false,"potions_floor_spawned":[1,12,16,18,20,28,30,31,33,35,36,37,41,45,46,47,48],"ascension_level":0}}