{"host":"2pluridizrp50jef","time":1610481535,"event":{"mods":["ATMod(阿瑾Mod)","BaseMod","Better Altar","Better Match","Better Note","Better Sensory Stone","Better Skull","Better Third Choice","Colored Powertips","Custom Start","Decade(王小明)","Hermit","Lobotomy","LobotomyExtend","Marisa（F雨　魔理沙）","Minty Spire (QoL Compilation)","Rare Cards Sparkle","Relic Stats","Replay The Spire","StSLib","The Animator","The Bug Knight","The Cursed","The Hierophant","The Servant 0.9.4","Waifu the Spire","WarShipGirlsR/战舰少女R mod"],"gold_per_floor":[162,181,201,214,214,214,214],"floor_reached":6,"language":"ZHS","playtime":385,"items_purged":[],"score":42,"play_id":"4b27f420-13a5-4035-ae37-02e3caa9d153","local_time":"20210112115855","daily_mods":["Draft"],"is_ascension_mode":true,"campfire_choices":[],"circlet_count":0,"master_deck":[],"relics":["HollowMod:VesselMask","AT_ATBox","Membership Card","Juzu Bracelet","Medical Kit","Chemical X","Bag of Preparation","Ice Cream","Frozen Egg 2","HollowMod:KingsSoulRelic","TheCursedMod:FourLeafCloverCharm","ReplayTheSpireMod:ShopPack","Tiny House","LetterFromLob"],"acts_visited":["Exordium"],"potions_floor_usage":[],"damage_taken":[{"damage":0,"enemies":"Cultist","floor":1,"turns":2},{"damage":0,"enemies":"Small Slimes","floor":2,"turns":1},{"damage":0,"enemies":"2 Louse","floor":3,"turns":1},{"damage":0,"enemies":"Looter","floor":4,"turns":1},{"damage":0,"enemies":"Gremlin Nob","floor":6,"turns":1}],"seed_played":"-1965408589931300229","potions_obtained":[{"floor":3,"key":"SteroidPotion"},{"floor":4,"key":"Block Potion"}],"is_trial":true,"path_per_floor":["M","M","M","M","?","E"],"character_chosen":"THE_BUGKNIGHT","items_purchased":[],"campfire_rested":0,"item_purchase_floors":[],"current_hp_per_floor":[80,80,80,80,80,80,80],"gold":214,"neow_bonus":"","is_daily":false,"chose_seed":false,"campfire_upgraded":0,"win_rate":0.0,"timestamp":1610481535,"path_taken":["M","M","M","M","?","E"],"items_purchased_type":[],"build_version":"2020-12-22","purchased_purges":0,"victory":false,"max_hp_per_floor":[80,80,80,80,80,80,80],"relic_stats":{"counters":[5,6],"Juzu Bracelet":0,"Bag of Preparation":[0],"Chemical X":[0],"Medical Kit":[0],"obtain_stats":[{"Ice Cream":0,"TheCursedMod:FourLeafCloverCharm":0,"AT_ATBox":0,"Tiny House":0,"HollowMod:VesselMask":0,"Juzu Bracelet":0,"Bag of Preparation":0,"Frozen Egg 2":0,"Medical Kit":0,"LetterFromLob":1,"Membership Card":0,"Chemical X":0,"HollowMod:KingsSoulRelic":0,"ReplayTheSpireMod:ShopPack":0},{"Ice Cream":0,"TheCursedMod:FourLeafCloverCharm":0,"AT_ATBox":0,"Tiny House":0,"HollowMod:VesselMask":0,"Juzu Bracelet":0,"Bag of Preparation":0,"Frozen Egg 2":0,"Medical Kit":0,"LetterFromLob":1,"Membership Card":0,"Chemical X":0,"HollowMod:KingsSoulRelic":0,"ReplayTheSpireMod:ShopPack":0},{"Ice Cream":0,"TheCursedMod:FourLeafCloverCharm":0,"AT_ATBox":0,"Tiny House":0,"HollowMod:VesselMask":0,"Juzu Bracelet":0,"Bag of Preparation":0,"Frozen Egg 2":0,"Medical Kit":0,"LetterFromLob":2,"Membership Card":0,"Chemical X":0,"HollowMod:KingsSoulRelic":0,"ReplayTheSpireMod:ShopPack":0}]},"card_choices":[{"not_picked":["HollowMod:Grubsong+1","HollowMod:SharpenedShadows+1"],"picked":"HollowMod:CycloneSlash","floor":0},{"not_picked":["ReplayTheSpireMod:Brewmster","Thinking Ahead"],"picked":"Metamorphosis","floor":0},{"not_picked":["AT_Homeward","Specialist"],"picked":"Violence","floor":0},{"not_picked":["AT_PowerWithin","Midas Touch"],"picked":"AT_FamilyPortrait","floor":0},{"not_picked":["HollowMod:theNailsmith","HollowMod:InfectedAttack"],"picked":"HollowMod:SharpenedNail","floor":1},{"not_picked":["HollowMod:NewJinnsSoul","HollowMod:NewLittleFool","HollowMod:SoulSplash"],"picked":"SKIP","floor":2},{"not_picked":["HollowMod:SoulSplash","HollowMod:CloakDash"],"picked":"HollowMod:BrokenVessel+1","floor":3},{"not_picked":["HollowMod:DesolateDive","HollowMod:SiblingsShadow"],"picked":"HollowMod:ShapeofUnn+1","floor":4}],"player_experience":126616,"relics_obtained":[{"floor":1,"key":"LetterFromLob"}],"event_choices":[],"is_beta":false,"boss_relics":[],"items_purged_floors":[],"is_endless":false,"potions_floor_spawned":[3,4],"killed_by":"Gremlin Nob","ascension_level":2}}