{"host":"tj57avznel0uzvp6","time":1610468916,"event":{"mods":["BaseMod","Downfall","Glutton Mod","Minty Spire (QoL Compilation)","Remove Card Discount Mod","Replay The Spire","StSLib"],"gold_per_floor":[109,109,109,109,126,126,126,144,144,169,169,169,169,192,192,192,192],"floor_reached":16,"playtime":593,"items_purged":[],"score":138,"play_id":"606d9a27-7b3d-43c4-8b64-a448883ab9bb","local_time":"20210112092836","daily_mods":["Blue Cards","Time Dilation","Flight","downfall:Jewelcrafting"],"is_ascension_mode":false,"campfire_choices":[{"data":"Echo Form","floor":6,"key":"SMITH"},{"data":"Zap","floor":12,"key":"SMITH"},{"floor":15,"key":"REST"}],"circlet_count":0,"master_deck":["Demon Form","Wraith Form v2","Echo Form+1","Glutton:StarvationMode","Guardian:ConstructionForm","hexamod:ParanormalForm","Slimebound:DuplicatedForm","sneckomod:SerpentMind","Strike_B+1","Strike_B","Strike_B","Strike_B","Defend_B","Defend_B","Defend_B","Defend_B","Zap+1","Dualcast","Guardian:ExploitGems","Guardian:ExploitGems","Sweeping Beam","ReplaySolidLightProjector","Hologram","ReplaySolidLightProjector","ReplayTheSpireMod:Splinters","Conserve Battery","Parasite","Injury","Time Bomb"],"relics":["Cracked Core","Guardian:PickAxe","replay:Trail_Library","ReplayTheSpireMod:Shallot","Shovel","Golden Idol"],"acts_visited":["Exordium"],"potions_floor_usage":[16,16],"damage_taken":[{"damage":0,"enemies":"Small Slimes","floor":1,"turns":6},{"damage":8,"enemies":"Cultist","floor":5,"turns":7},{"damage":22,"enemies":"2 Louse","floor":8,"turns":4},{"damage":23,"enemies":"Exordium Wildlife","floor":14,"turns":7},{"damage":82,"enemies":"Fading Forest","floor":16,"turns":8}],"seed_played":"7545503992393938488","potions_obtained":[{"floor":5,"key":"Milkshake"},{"floor":8,"key":"Weak Potion"}],"is_trial":true,"path_per_floor":["M","?","$","?","M","R","$","M","T","?","?","R","?","M","R","B"],"character_chosen":"DEFECT","items_purchased":[],"campfire_rested":1,"item_purchase_floors":[],"current_hp_per_floor":[75,85,85,85,83,83,83,76,76,76,85,85,85,77,85,0,0],"gold":192,"neow_bonus":"","is_daily":false,"chose_seed":false,"campfire_upgraded":2,"win_rate":0.0,"timestamp":1610468916,"path_taken":["M","?","?","?","?","R","$","M","T","?","?","R","?","M","R","BOSS"],"items_purchased_type":[],"build_version":"2020-12-22","purchased_purges":0,"victory":false,"max_hp_per_floor":[75,85,85,85,85,85,85,85,85,85,85,85,85,85,85,85,85],"card_choices":[{"not_picked":["Streamline","Fusion"],"picked":"Sweeping Beam","floor":1},{"not_picked":["Sunder","Lockon"],"picked":"ReplaySolidLightProjector","floor":5},{"not_picked":["Conserve Battery","Barrage"],"picked":"Hologram","floor":8},{"not_picked":["Streamline","Cold Snap"],"picked":"Conserve Battery","floor":10},{"not_picked":["Heatsinks","Barrage"],"picked":"Time Bomb","floor":14}],"player_experience":591239,"relics_obtained":[{"floor":9,"key":"ReplayTheSpireMod:Shallot"},{"floor":10,"key":"Shovel"}],"event_choices":[{"cards_removed":["DevaForm"],"damage_healed":0,"gold_gain":0,"player_choice":"Offered Rare","damage_taken":0,"max_hp_gain":10,"max_hp_loss":0,"event_name":"Bonfire Elementals","floor":2,"gold_loss":0},{"damage_healed":21,"gold_gain":0,"player_choice":"Healed and dodged fight","damage_taken":0,"max_hp_gain":0,"max_hp_loss":0,"event_name":"Mushrooms","floor":11,"gold_loss":0,"cards_obtained":["Parasite"]},{"damage_healed":0,"gold_gain":0,"player_choice":"Take Wound","damage_taken":0,"relics_obtained":["Golden Idol"],"max_hp_gain":0,"max_hp_loss":0,"event_name":"Golden Idol","floor":13,"gold_loss":0,"cards_obtained":["Injury"]}],"is_beta":false,"boss_relics":[],"items_purged_floors":[],"is_endless":true,"potions_floor_spawned":[5,8],"killed_by":"Fading Forest","ascension_level":0}}