{"host":"msa0wxqjs3jv1k3j","time":1610466010,"event":{"mods":["AchievementEnabler","BaseMod","BetterRewards","Colored Map","Highlight Path","KOR Keyword Fix","Keyboard Shortcuts","Minty Spire (QoL Compilation)","Quick Restart","SuperFastMode","everything is the same but u backflip on backflip"],"gold_per_floor":[114,114,114,64,64,64,76,96,120,134,154,201,201,221,221,324,324,339,254,270,295,325,325,344,344,393,16,16,35,54,64,64,164,164,176,176,176,176],"floor_reached":37,"playtime":1856,"items_purged":["Defend_P","Strike_P"],"score":361,"play_id":"53d3f5ff-8b5f-4cee-8b89-916c519b1fdc","local_time":"20210113004010","is_ascension_mode":false,"campfire_choices":[{"data":"Eruption","floor":6.0,"key":"SMITH"},{"floor":13.0,"key":"REST"},{"data":"ForeignInfluence","floor":15.0,"key":"SMITH"},{"floor":23.0,"key":"REST"},{"floor":25,"key":"REST"},{"data":"The Bomb","floor":28,"key":"SMITH"},{"data":"EmptyFist","floor":32,"key":"SMITH"}],"circlet_count":0,"master_deck":["Strike_P","Defend_P","Defend_P","Eruption+1","Vigilance","LikeWater+1","Worship","JustLucky","Impatience","CutThroughFate","The Bomb+1","ForeignInfluence+1","EmptyMind","EmptyFist+1","LikeWater+1","Crescendo","Prostrate","DevaForm+1","EmptyBody","Adaptation+1","Devotion+1","ClearTheMind+1"],"relics":["HolyWater","Membership Card","Sundial","Frozen Egg 2","GoldenEye","Mummified Hand","MealTicket","Boot","Philosopher\u0027s Stone","Nunchaku","Strawberry","Red Mask","Pen Nib","Ice Cream","Blue Candle"],"acts_visited":["Exordium","TheCity","TheBeyond"],"potions_floor_usage":[24,33,37],"damage_taken":[{"damage":8.0,"enemies":"Jaw Worm","floor":1.0,"turns":4.0},{"damage":21.0,"enemies":"2 Louse","floor":7.0,"turns":4.0},{"damage":12.0,"enemies":"Small Slimes","floor":8.0,"turns":3.0},{"damage":7.0,"enemies":"3 Louse","floor":10.0,"turns":3.0},{"damage":2.0,"enemies":"Blue Slaver","floor":11.0,"turns":4.0},{"damage":6.0,"enemies":"Exordium Wildlife","floor":14.0,"turns":3.0},{"damage":10.0,"enemies":"Slime Boss","floor":16.0,"turns":6.0},{"damage":24.0,"enemies":"3 Byrds","floor":18.0,"turns":4.0},{"damage":40.0,"enemies":"2 Thieves","floor":20.0,"turns":3.0},{"damage":7.0,"enemies":"Masked Bandits","floor":22.0,"turns":3.0},{"damage":1,"enemies":"Cultist and Chosen","floor":24,"turns":4},{"damage":7,"enemies":"Snake Plant","floor":29,"turns":4},{"damage":0,"enemies":"3 Cultists","floor":30,"turns":3},{"damage":9,"enemies":"Centurion and Healer","floor":31,"turns":4},{"damage":57,"enemies":"Automaton","floor":33,"turns":7},{"damage":29,"enemies":"3 Shapes","floor":35,"turns":6},{"damage":62,"enemies":"2 Orb Walkers","floor":37,"turns":4}],"seed_played":"-2451955021326624133","potions_obtained":[{"floor":10.0,"key":"Fire Potion"},{"floor":11.0,"key":"Swift Potion"},{"floor":22.0,"key":"Fruit Juice"},{"floor":24,"key":"SteroidPotion"},{"floor":30,"key":"Block Potion"},{"floor":35,"key":"Fire Potion"}],"is_trial":false,"path_per_floor":["M","?","?","?","?","R","M","M","T","M","M","T","R","M","R","B",null,"M","?","M","T","?","R","M","R","T","$","R","M","M","M","R","B",null,"M","?","?"],"character_chosen":"WATCHER","items_purchased":["Membership Card","Sundial","Frozen Egg 2","LikeWater+1","Worship","JustLucky","Impatience","CutThroughFate","The Bomb","Dexterity Potion","Dexterity Potion","DuplicationPotion","ForeignInfluence","Ice Cream","SmokeBomb","Blue Candle"],"campfire_rested":3,"item_purchase_floors":[0,0,0,0,0,0,0,0,0,0,0,0,0,27,27,27],"current_hp_per_floor":[64,52,45,45,69,69,48,36,36,29,27,27,48,42,42,32,72,48,48,8,15,13,38,37,62,62,77,77,70,70,61,61,4,84,55,55,0,0],"gold":176,"neow_bonus":"","is_daily":false,"chose_seed":false,"campfire_upgraded":4,"win_rate":0.0,"timestamp":1610466010,"path_taken":["M","?","?","?","?","R","M","M","T","M","?","?","R","M","R","BOSS","M","?","M","?","?","R","M","R","T","?","R","M","?","M","R","BOSS","M","?","?"],"items_purchased_type":["Relic","Relic","Relic","Card","Card","Card","Card","Card","Card","Potion","Potion","Potion","Card","Relic","Potion","Relic"],"build_version":"2020-12-22","purchased_purges":2,"victory":false,"max_hp_per_floor":[72,72,72,72,72,72,72,72,72,72,72,72,72,72,72,72,72,72,72,72,79,84,84,84,84,84,84,84,84,84,84,84,84,84,84,84,84,84],"card_choices":[{"not_picked":["SashWhip","FlyingSleeves"],"picked":"EmptyMind","floor":1.0},{"not_picked":["FollowUp","SashWhip"],"picked":"EmptyFist","floor":7.0},{"not_picked":["Worship","SashWhip"],"picked":"LikeWater+1","floor":8.0},{"not_picked":["CrushJoints","Halt"],"picked":"Crescendo","floor":10.0},{"not_picked":["Crescendo","EmptyMind","FlurryOfBlows"],"picked":"SKIP","floor":11.0},{"not_picked":["FlurryOfBlows","ConjureBlade"],"picked":"Prostrate","floor":14.0},{"not_picked":["Scrawl","Vault"],"picked":"DevaForm+1","floor":16.0},{"not_picked":["SashWhip","BowlingBash","Protect"],"picked":"SKIP","floor":18.0},{"not_picked":["SignatureMove","Crescendo","Halt+1"],"picked":"SKIP","floor":20.0},{"not_picked":["JustLucky","Weave"],"picked":"EmptyBody","floor":22.0},{"not_picked":["Pray+1","Study+1"],"picked":"Adaptation+1","floor":24},{"not_picked":["ThirdEye","Collect","Crescendo"],"picked":"SKIP","floor":29},{"not_picked":["JustLucky+1","SashWhip","Protect"],"picked":"SKIP","floor":30},{"not_picked":["Conclude","Wallop","MasterReality+1"],"picked":"SKIP","floor":31},{"not_picked":["Blasphemy","Brilliance"],"picked":"Devotion+1","floor":33},{"not_picked":["Crescendo","WreathOfFlame"],"picked":"ClearTheMind+1","floor":35}],"player_experience":97377,"relics_obtained":[{"floor":9.0,"key":"MealTicket"},{"floor":12.0,"key":"Boot"},{"floor":21.0,"key":"Strawberry"},{"floor":22.0,"key":"Red Mask"},{"floor":26,"key":"Pen Nib"}],"event_choices":[{"damage_healed":0.0,"max_hp_gain":0.0,"max_hp_loss":0.0,"gold_gain":0.0,"event_name":"Scrap Ooze","player_choice":"Success","floor":2.0,"gold_loss":0.0,"damage_taken":12.0,"relics_obtained":["Mummified Hand"]},{"cards_removed":["Strike_P"],"damage_healed":0.0,"max_hp_gain":0.0,"max_hp_loss":0.0,"gold_gain":0.0,"event_name":"Golden Wing","player_choice":"Card Removal","floor":3.0,"gold_loss":0.0,"damage_taken":7.0},{"cards_removed":["Defend_P"],"damage_healed":0.0,"max_hp_gain":0.0,"max_hp_loss":0.0,"gold_gain":0.0,"event_name":"The Cleric","player_choice":"Card Removal","floor":4.0,"gold_loss":50.0,"damage_taken":0.0},{"damage_healed":24.0,"max_hp_gain":0.0,"max_hp_loss":0.0,"gold_gain":0.0,"event_name":"Big Fish","player_choice":"Banana","floor":5.0,"gold_loss":0.0,"damage_taken":0.0},{"damage_healed":0.0,"max_hp_gain":0.0,"max_hp_loss":0.0,"gold_gain":0.0,"event_name":"Addict","player_choice":"Obtained Relic","floor":19.0,"gold_loss":85.0,"damage_taken":0.0,"relics_obtained":["Nunchaku"]},{"damage_healed":0.0,"max_hp_gain":0.0,"max_hp_loss":0.0,"gold_gain":0.0,"event_name":"Masked Bandits","player_choice":"Fought Bandits","floor":22.0,"gold_loss":0.0,"damage_taken":0.0},{"cards_removed":["Strike_P"],"damage_healed":0,"gold_gain":0,"player_choice":"Removed Attack","damage_taken":0,"max_hp_gain":0,"max_hp_loss":0,"event_name":"Falling","floor":36,"gold_loss":0},{"damage_healed":0,"gold_gain":0,"player_choice":"Fight","damage_taken":0,"max_hp_gain":0,"max_hp_loss":0,"event_name":"Mysterious Sphere","floor":37,"gold_loss":0}],"is_beta":false,"boss_relics":[{"not_picked":["Runic Dome","Snecko Eye"],"picked":"Philosopher\u0027s Stone"},{"not_picked":["Busted Crown","Calling Bell"],"picked":"HolyWater"}],"items_purged_floors":[0,27],"is_endless":false,"potions_floor_spawned":[8,10,11,16,22,24,30,31,35],"killed_by":"2 Orb Walkers","ascension_level":0}}