{"host":"vohenq18pmg6jboc","time":1610428362,"event":{"mods":["Arknights The Spire","Bard","BaseMod","CapriCore","Chen","Downfall","Gremlin Mod","GungeonMod","Hermit","Koishi","KomeijiMod","Marisa¡]Ãú«B¡@Å]²z¨F¡^","Minty Spire (QoL Compilation)","Reimu¡]³Õ???¡^","Relic Stats","Remilia¡]Á¢¦Ì²ú?¡^","StSLib","The Administrix","The Bug Knight","The Cursed","The Hierophant","The Immortal","The IronCluck","The Runesmith","The Servant 0.9.4","WarShipGirlsR/??¤Ö¤kR mod","Yakumo Yukari mod","Youmu¡]»î¾z§¯?¡^","Yuyuko","[¦aºë­º?ª¦¶ð]The Maniac"],"gold_per_floor":[99,99,99,99,114,128,174,185,110,560,577,502,516,23,23,23,23,23],"floor_reached":16,"playtime":1116,"items_purged":[],"score":90,"play_id":"21af6139-db80-4d47-a6c9-09e2d6278f79","local_time":"20210112131242","is_ascension_mode":false,"campfire_choices":[{"floor":9,"key":"RECALL"},{"floor":12,"key":"REST"},{"floor":15,"key":"REST"}],"circlet_count":0,"master_deck":["Guardian:Strike_Guardian","Guardian:Strike_Guardian","Guardian:Strike_Guardian","Guardian:Strike_Guardian","Guardian:Defend_Guardian","Guardian:Defend_Guardian","Guardian:Defend_Guardian","Guardian:Defend_Guardian","Guardian:CurlUp","Guardian:TwinSlam","Guardian:EvasiveProtocol","Guardian:PolyBeam","Guardian:Gem_Orange","Guardian:RollAttack","Guardian:Clone","Slimebound:Icky","Slimebound:Icky","Slimebound:Icky","Guardian:Gem_Cyan","Guardian:Gem_Lightblue","Guardian:Gem_Cyan","Guardian:PiercingHide","Guardian:StasisField","Guardian:ShieldSpikes","Guardian:DonusPower","Guardian:GuardianWhirl","expansioncontent:FaceSlap","Guardian:EvasiveProtocol","Guardian:CrystalBeam","Guardian:Gem_Blue","Guardian:RollAttack"],"relics":["Guardian:ModeShifter","downfall:HeartsMalice","downfall:HeartBlessingBlue","downfall:HeartBlessingRed","Orrery"],"acts_visited":["Exordium"],"potions_floor_usage":[16,16,16],"damage_taken":[{"damage":0,"enemies":"2 Louse","floor":1,"turns":1},{"damage":0,"enemies":"Cultist","floor":2,"turns":1},{"damage":0,"enemies":"Small Slimes","floor":4,"turns":1},{"damage":8,"enemies":"3 Louse","floor":5,"turns":3},{"damage":10,"enemies":"2 Fungi Beasts","floor":6,"turns":4},{"damage":11,"enemies":"Blue Slaver","floor":8,"turns":3},{"damage":17,"enemies":"3 Louse","floor":11,"turns":4},{"damage":11,"enemies":"Exordium Wildlife","floor":13,"turns":3},{"damage":10,"enemies":"downfall:FleeingMerchant","floor":14,"turns":4},{"damage":78,"enemies":"downfall:Defect","floor":16,"turns":13}],"seed_played":"5171493408198659529","potions_obtained":[{"floor":8,"key":"Block Potion"},{"floor":11,"key":"Explosive Potion"},{"floor":13,"key":"ZuzhouPotion:ReiMu"}],"is_trial":false,"path_per_floor":["M","M","?","M","M","M","T","M","R","?","M","R","M","$","R","B"],"character_chosen":"GUARDIAN","items_purchased":["Orrery","expansioncontent:FaceSlap","Guardian:EvasiveProtocol","Guardian:CrystalBeam","Guardian:Gem_Blue","Guardian:RollAttack"],"campfire_rested":2,"item_purchase_floors":[14,14,14,14,14,14],"current_hp_per_floor":[80,80,80,80,72,62,62,51,61,61,44,71,60,50,77,0,0,0],"gold":23,"neow_bonus":"THREE_ENEMY_KILL","is_daily":false,"chose_seed":false,"campfire_upgraded":0,"win_rate":0.0,"timestamp":1610428362,"path_taken":["M","M","?","?","M","M","T","M","R","?","M","R","M","$","R","BOSS"],"items_purchased_type":["Relic","Card","Card","Card","Card","Card"],"build_version":"2020-12-22","purchased_purges":0,"victory":false,"max_hp_per_floor":[80,80,80,80,80,80,80,80,90,90,90,90,90,90,90,90,90,90],"relic_stats":{"counters":[10,34],"obtain_stats":[{"downfall:HeartBlessingRed":12,"downfall:HeartBlessingBlue":9,"Guardian:ModeShifter":0,"Orrery":14,"downfall:HeartsMalice":0,"DemoMod:GlassGuonStoneRelic":1},{"downfall:HeartBlessingRed":7,"downfall:HeartBlessingBlue":6,"Guardian:ModeShifter":0,"Orrery":9,"downfall:HeartsMalice":0,"DemoMod:GlassGuonStoneRelic":1},{"downfall:HeartBlessingRed":14,"downfall:HeartBlessingBlue":10,"Guardian:ModeShifter":0,"Orrery":21,"downfall:HeartsMalice":0,"DemoMod:GlassGuonStoneRelic":0}]},"card_choices":[{"not_picked":["Guardian:PolyBeam","Guardian:Repulse"],"picked":"Guardian:EvasiveProtocol","floor":1},{"not_picked":["Guardian:ArmoredProtocol","Guardian:ChargeCore"],"picked":"Guardian:PolyBeam","floor":2},{"not_picked":["Guardian:Harden","Guardian:TemporalStrike"],"picked":"Guardian:RollAttack","floor":4},{"not_picked":["Guardian:WalkerClaw","Guardian:TemporalShield"],"picked":"Guardian:Gem_Red","floor":5},{"not_picked":["Guardian:EvasiveProtocol","Guardian:Planning"],"picked":"Guardian:Clone","floor":6},{"not_picked":["Guardian:PrimingBeam","Guardian:TimeSifter"],"picked":"Guardian:Gem_Crimson","floor":8},{"not_picked":["Guardian:ArmoredProtocol","Guardian:ShieldCharger"],"picked":"Guardian:Gem_Cyan","floor":11},{"not_picked":["Guardian:CrystalBeam","Guardian:Suspension"],"picked":"Guardian:Gem_Lightblue","floor":13},{"not_picked":["Guardian:VentSteam","Guardian:BronzeArmor"],"picked":"Guardian:Gem_Cyan","floor":14},{"not_picked":["Guardian:Gem_Green","Guardian:Incinerate"],"picked":"Guardian:PiercingHide","floor":14},{"not_picked":["Guardian:ShieldCharger","Guardian:Clone"],"picked":"Guardian:StasisField","floor":14},{"not_picked":["Guardian:Gem_Cyan","Guardian:Incinerate"],"picked":"Guardian:ShieldSpikes","floor":14},{"not_picked":["Guardian:FloatingOrbs","Guardian:DecasProtection"],"picked":"Guardian:DonusPower","floor":14},{"not_picked":["Guardian:ChargeCore","Guardian:Planning"],"picked":"Guardian:GuardianWhirl","floor":14}],"player_experience":64194,"relics_obtained":[],"event_choices":[],"is_beta":false,"boss_relics":[],"items_purged_floors":[],"is_endless":false,"potions_floor_spawned":[8,11,13],"killed_by":"downfall:Defect","ascension_level":0}}