{"host":"l4kdldlios54gl54","time":1610413087,"event":{"mods":["AchievementEnabler","BaseMod","Colored Map","Colored Powertips","Minty Spire (QoL Compilation)","Random Character Button"],"gold_per_floor":[10,25,36,49,25,25,42,42,42,53,18,30,30,30,30,102,102,122,140,65,65,65],"floor_reached":21,"playtime":808,"items_purged":["Strike_B"],"score":341,"play_id":"a83e4a2f-a85e-4ec0-b444-79325ca32e75","local_time":"20210112015807","is_ascension_mode":true,"campfire_choices":[{"data":"Defragment","floor":6,"key":"SMITH"},{"data":"Zap","floor":8,"key":"SMITH"},{"data":"Dualcast","floor":13,"key":"SMITH"},{"data":"Cold Snap","floor":15,"key":"SMITH"}],"circlet_count":0,"master_deck":["AscendersBane","Strike_B","Strike_B","Strike_B","Defend_B","Defend_B","Defend_B","Defend_B","Zap+1","Dualcast+1","Seek","Gash","FTL","Glacier","Defragment+1","Cold Snap+1","Gash","Core Surge"],"relics":["Cracked Core","Darkstone Periapt","Inserter"],"acts_visited":["Exordium","TheCity"],"potions_floor_usage":[5,16,16,16,19,21],"damage_taken":[{"damage":1,"enemies":"Cultist","floor":1,"turns":3},{"damage":0,"enemies":"2 Louse","floor":2,"turns":2},{"damage":7,"enemies":"Jaw Worm","floor":3,"turns":3},{"damage":12,"enemies":"Lots of Slimes","floor":4,"turns":5},{"damage":14,"enemies":"Exordium Thugs","floor":5,"turns":5},{"damage":0,"enemies":"Looter","floor":7,"turns":3},{"damage":0,"enemies":"Blue Slaver","floor":10,"turns":4},{"damage":7,"enemies":"Large Slime","floor":12,"turns":5},{"damage":19,"enemies":"Slime Boss","floor":16,"turns":13},{"damage":2,"enemies":"Spheric Guardian","floor":18,"turns":4},{"damage":20,"enemies":"Chosen","floor":19,"turns":6},{"damage":43,"enemies":"Snake Plant","floor":21,"turns":2}],"seed_played":"-2220780558744951766","potions_obtained":[{"floor":2,"key":"Block Potion"},{"floor":4,"key":"BlessingOfTheForge"},{"floor":5,"key":"Weak Potion"},{"floor":7,"key":"EntropicBrew"},{"floor":12,"key":"Block Potion"},{"floor":16,"key":"SkillPotion"}],"is_trial":false,"path_per_floor":["M","M","M","M","M","R","M","R","T","M","?","M","R","?","R","B",null,"M","M","$","M"],"character_chosen":"DEFECT","items_purchased":[],"campfire_rested":0,"item_purchase_floors":[],"current_hp_per_floor":[63,63,56,44,30,30,30,30,30,30,47,40,40,40,40,21,59,57,37,37,0,0],"gold":65,"neow_bonus":"THREE_RARE_CARDS","is_daily":false,"chose_seed":false,"campfire_upgraded":4,"win_rate":0.0,"timestamp":1610413087,"path_taken":["M","M","M","M","M","R","M","R","T","M","?","M","R","?","R","BOSS","M","M","$","M"],"items_purchased_type":[],"build_version":"2020-12-22","purchased_purges":1,"victory":false,"max_hp_per_floor":[71,71,71,71,71,71,71,71,71,71,71,71,71,71,71,71,71,71,71,71,71,71],"card_choices":[{"not_picked":["Thunder Strike","Meteor Strike"],"picked":"Seek","floor":0},{"not_picked":["Coolheaded","Compile Driver"],"picked":"Gash","floor":1},{"not_picked":["Stack","Compile Driver"],"picked":"FTL","floor":2},{"not_picked":["Sunder","Redo"],"picked":"Glacier","floor":3},{"not_picked":["Beam Cell","Capacitor"],"picked":"Defragment","floor":4},{"not_picked":["Amplify","Beam Cell","Steam Power"],"picked":"SKIP","floor":5},{"not_picked":["Steam","Sunder","Conserve Battery"],"picked":"SKIP","floor":7},{"not_picked":["Coolheaded","Steam"],"picked":"Cold Snap","floor":10},{"not_picked":["Multi-Cast","Skim"],"picked":"Gash","floor":12},{"not_picked":["Thunder Strike","Rainbow"],"picked":"Core Surge","floor":16},{"not_picked":["Sweeping Beam","Hologram","Compile Driver"],"picked":"SKIP","floor":18},{"not_picked":["Beam Cell","Steam","Rebound"],"picked":"SKIP","floor":19}],"player_experience":847760,"relics_obtained":[{"floor":9,"key":"Darkstone Periapt"}],"event_choices":[{"damage_healed":17,"gold_gain":0,"player_choice":"Healed","damage_taken":0,"max_hp_gain":0,"max_hp_loss":0,"event_name":"The Cleric","floor":11,"gold_loss":35},{"damage_healed":0,"gold_gain":0,"player_choice":"Ignored","damage_taken":0,"max_hp_gain":0,"max_hp_loss":0,"event_name":"Liars Game","floor":14,"gold_loss":0}],"is_beta":false,"boss_relics":[{"not_picked":["Pandora\u0027s Box","Runic Dome"],"picked":"Inserter"}],"items_purged_floors":[20],"is_endless":false,"potions_floor_spawned":[2,4,5,7,12,16],"killed_by":"Snake Plant","ascension_level":19}}