{"host":"w3q5ijqu8eoknil3","time":1610410021,"event":{"mods":["AchievementEnabler","BaseMod","Block Reminder","Colored Powertips","Curses Come First","Minty Spire (QoL Compilation)","Quick Restart","Relic Stats","StSLib","ojb\u0027s Better Paths Mod","ojb\u0027s Info Mod","slay the spire mod where everything is the same but ironclad has a cowboy hat"],"gold_per_floor":[115,115,130,150,168,180,192,212,212,212,239,239,239,239],"floor_reached":13,"playtime":443,"items_purged":[],"score":169,"play_id":"dda35596-f5e4-462c-bf5c-89d622f93812","local_time":"20210112000701","is_ascension_mode":true,"campfire_choices":[{"floor":10,"key":"REST"},{"floor":12,"key":"REST"}],"circlet_count":0,"master_deck":["AscendersBane","Strike_G","Strike_G","Strike_G","Strike_G","Strike_G","Defend_G","Defend_G","Defend_G","Defend_G","Defend_G","Survivor","Neutralize","Flying Knee","Blade Dance","Poisoned Stab","PiercingWail","Doppelganger","Flying Knee","Cloak And Dagger","Bullet Time"],"relics":["HoveringKite","Ornamental Fan","White Beast Statue"],"acts_visited":["Exordium"],"potions_floor_usage":[8,11,13],"damage_taken":[{"damage":1,"enemies":"Small Slimes","floor":1,"turns":4},{"damage":6,"enemies":"Cultist","floor":3,"turns":4},{"damage":1,"enemies":"Jaw Worm","floor":4,"turns":4},{"damage":9,"enemies":"Looter","floor":5,"turns":3},{"damage":0,"enemies":"2 Fungi Beasts","floor":6,"turns":3},{"damage":3,"enemies":"3 Louse","floor":7,"turns":4},{"damage":27,"enemies":"Exordium Thugs","floor":8,"turns":6},{"damage":20,"enemies":"Gremlin Nob","floor":11,"turns":4},{"damage":30,"enemies":"Lagavulin","floor":13,"turns":7}],"seed_played":"-5146142320743602867","potions_obtained":[{"floor":4,"key":"SkillPotion"},{"floor":6,"key":"DuplicationPotion"},{"floor":11,"key":"LiquidBronze"}],"is_trial":false,"path_per_floor":["M","?","M","M","M","M","M","M","T","R","E","R","E"],"character_chosen":"THE_SILENT","items_purchased":[],"campfire_rested":2,"item_purchase_floors":[],"current_hp_per_floor":[58,58,52,51,42,42,39,12,12,31,11,30,0,0],"gold":239,"neow_bonus":"BOSS_RELIC","is_daily":false,"chose_seed":false,"campfire_upgraded":0,"win_rate":0.0,"timestamp":1610410021,"path_taken":["M","?","M","M","?","M","M","M","T","R","E","R","E"],"items_purchased_type":[],"build_version":"2020-12-22","purchased_purges":0,"victory":false,"max_hp_per_floor":[66,66,66,66,66,66,66,66,66,66,66,66,66,66],"relic_stats":{"counters":[9,39],"Ornamental Fan":[80],"HoveringKite":[4],"obtain_stats":[{"Ornamental Fan":2,"HoveringKite":0,"White Beast Statue":9,"Ring of the Snake":0},{"Ornamental Fan":1,"HoveringKite":0,"White Beast Statue":7,"Ring of the Snake":0},{"Ornamental Fan":4,"HoveringKite":0,"White Beast Statue":28,"Ring of the Snake":0}]},"card_choices":[{"not_picked":["Slice","Prepared"],"picked":"Flying Knee","floor":1},{"not_picked":["Prepared","Deadly Poison"],"picked":"Blade Dance","floor":3},{"not_picked":["Dodge and Roll","Dagger Throw"],"picked":"Poisoned Stab","floor":4},{"not_picked":["Endless Agony","Deflect"],"picked":"PiercingWail","floor":5},{"not_picked":["Crippling Poison","Sucker Punch"],"picked":"Doppelganger","floor":6},{"not_picked":["PiercingWail","Bane"],"picked":"Flying Knee","floor":7},{"not_picked":["Flying Knee","Blade Dance"],"picked":"Cloak And Dagger","floor":8},{"not_picked":["Leg Sweep","Dagger Throw"],"picked":"Bullet Time","floor":11}],"player_experience":964109,"relics_obtained":[{"floor":2,"key":"Ornamental Fan"},{"floor":9,"key":"White Beast Statue"}],"event_choices":[{"damage_healed":0,"gold_gain":0,"player_choice":"Relic","damage_taken":0,"max_hp_gain":0,"max_hp_loss":0,"event_name":"Wheel of Change","floor":2,"gold_loss":0}],"is_beta":false,"boss_relics":[],"items_purged_floors":[],"is_endless":false,"potions_floor_spawned":[4,6,11],"killed_by":"Lagavulin","ascension_level":18}}