{"host":"i7jfea87xc8lz16p","time":1610488437,"event":{"mods":["AchievementEnabler","BaseMod","Colored Powertips","Minty Spire (QoL Compilation)","Relic Stats"],"gold_per_floor":[119,119,139,153,153,153,189,189,216,216,237,312,41,57,57,153,153,173,192,192,212,212,212],"floor_reached":22,"language":"ENG","playtime":997,"items_purged":["Strike_R"],"score":376,"play_id":"d0c170fd-3655-4cd3-88f2-31dc931aa0d8","local_time":"20210112225357","is_ascension_mode":true,"campfire_choices":[{"data":"Bash","floor":6,"key":"SMITH"},{"data":"Pommel Strike","floor":8,"key":"SMITH"},{"data":"Fire Breathing","floor":15,"key":"SMITH"}],"circlet_count":0,"master_deck":["AscendersBane","Strike_R","Strike_R","Defend_R","Defend_R","Defend_R","Defend_R","Bash+1","Cleave+1","Wild Strike","Pommel Strike+1","Fire Breathing+1","True Grit","Fiend Fire","True Grit+1","Flame Barrier","Evolve","Heavy Blade","Shrug It Off"],"relics":["Runic Cube","Golden Idol","Regal Pillow","MealTicket","Snecko Eye"],"acts_visited":["Exordium","TheCity"],"potions_floor_usage":[5,14,16,21,22],"damage_taken":[{"damage":9,"enemies":"Small Slimes","floor":1,"turns":4},{"damage":3,"enemies":"2 Louse","floor":3,"turns":2},{"damage":7,"enemies":"Jaw Worm","floor":4,"turns":3},{"damage":0,"enemies":"Looter","floor":5,"turns":1},{"damage":8,"enemies":"Gremlin Nob","floor":7,"turns":3},{"damage":9,"enemies":"Blue Slaver","floor":11,"turns":4},{"damage":0,"enemies":"2 Fungi Beasts","floor":14,"turns":2},{"damage":29,"enemies":"The Guardian","floor":16,"turns":15},{"damage":21,"enemies":"3 Byrds","floor":18,"turns":6},{"damage":19,"enemies":"Spheric Guardian","floor":19,"turns":5},{"damage":9,"enemies":"Centurion and Healer","floor":21,"turns":6},{"damage":6,"enemies":"Snake Plant","floor":22,"turns":2}],"seed_played":"7062806707282661050","potions_obtained":[{"floor":3,"key":"SmokeBomb"},{"floor":4,"key":"SneckoOil"},{"floor":7,"key":"DistilledChaos"},{"floor":14,"key":"Strength Potion"},{"floor":19,"key":"PowerPotion"}],"is_trial":false,"path_per_floor":["M","?","M","M","M","R","E","R","T","?","M","?","$","M","R","B",null,"M","M","?","M","M"],"character_chosen":"IRONCLAD","items_purchased":["Fire Breathing","True Grit","DuplicationPotion"],"campfire_rested":0,"item_purchase_floors":[13,13,13],"current_hp_per_floor":[59,59,56,49,49,49,41,41,41,41,32,21,36,36,36,7,53,32,13,13,4,0,0],"gold":212,"neow_bonus":"BOSS_RELIC","is_daily":false,"chose_seed":false,"campfire_upgraded":3,"win_rate":0.0,"timestamp":1610488437,"path_taken":["M","?","M","M","M","R","E","R","T","?","M","?","?","M","R","BOSS","M","M","?","M","M"],"items_purchased_type":["Card","Card","Potion"],"build_version":"2020-12-22","purchased_purges":1,"victory":false,"max_hp_per_floor":[75,68,68,68,68,68,68,68,68,68,68,68,68,68,68,68,68,68,68,68,68,68,68],"relic_stats":{"Regal Pillow":0,"counters":[12,53],"Golden Idol":55,"Snecko Eye":[33,35,42,37],"MealTicket":15,"obtain_stats":[{"Regal Pillow":7,"Golden Idol":2,"Snecko Eye":17,"MealTicket":9,"Burning Blood":0,"Runic Cube":0},{"Regal Pillow":5,"Golden Idol":1,"Snecko Eye":8,"MealTicket":5,"Burning Blood":0,"Runic Cube":0},{"Regal Pillow":13,"Golden Idol":4,"Snecko Eye":34,"MealTicket":13,"Burning Blood":0,"Runic Cube":0}],"Runic Cube":[37]},"card_choices":[{"not_picked":["Wild Strike","Headbutt"],"picked":"Cleave","floor":1},{"not_picked":["Sword Boomerang","Power Through"],"picked":"Wild Strike","floor":3},{"not_picked":["Searing Blow","Clash","Wild Strike"],"picked":"SKIP","floor":4},{"not_picked":["Limit Break","Seeing Red"],"picked":"Pommel Strike","floor":7},{"not_picked":["Anger","Pommel Strike","Warcry"],"picked":"SKIP","floor":11},{"not_picked":["Sword Boomerang","Clash","Anger"],"picked":"SKIP","floor":14},{"not_picked":["Berserk","Barricade"],"picked":"Fiend Fire","floor":16},{"not_picked":["Perfected Strike","Shrug It Off"],"picked":"True Grit+1","floor":18},{"not_picked":["Blood for Blood","Clothesline"],"picked":"Flame Barrier","floor":19},{"not_picked":["Wild Strike","Flex+1"],"picked":"Shrug It Off","floor":21}],"player_experience":1767159,"relics_obtained":[{"floor":7,"key":"Regal Pillow"},{"floor":9,"key":"MealTicket"}],"event_choices":[{"damage_healed":0,"gold_gain":0,"player_choice":"Lose Max HP","damage_taken":0,"relics_obtained":["Golden Idol"],"max_hp_gain":0,"max_hp_loss":7,"event_name":"Golden Idol","floor":2,"gold_loss":0},{"damage_healed":0,"gold_gain":0,"player_choice":"Grow","damage_taken":0,"max_hp_gain":0,"max_hp_loss":0,"event_name":"Living Wall","floor":10,"gold_loss":0,"cards_upgraded":["Cleave"]},{"damage_healed":0,"gold_gain":75,"player_choice":"Gather Gold","damage_taken":11,"max_hp_gain":0,"max_hp_loss":0,"event_name":"World of Goop","floor":12,"gold_loss":0},{"damage_healed":0,"gold_gain":0,"cards_transformed":["Strike_R","Strike_R"],"player_choice":"Became Test Subject","damage_taken":0,"max_hp_gain":0,"max_hp_loss":0,"event_name":"Drug Dealer","floor":20,"gold_loss":0,"cards_obtained":["Evolve","Heavy Blade"]}],"is_beta":false,"boss_relics":[{"not_picked":["Runic Pyramid","Ectoplasm"],"picked":"Snecko Eye"}],"items_purged_floors":[13],"is_endless":false,"potions_floor_spawned":[3,4,7,14,19],"killed_by":"Snake Plant","ascension_level":20}}