{"host":"qy1e0kd24tpj3i2m","time":1610486545,"event":{"mods":["Act Like it!","Alarm Clock","BaseMod","Better Skull","Better Vampires","Colored Map","Colored Powertips","Custom Start","Faster Ascension Climbing","Friendly Minions","GifTheSpireLib","Gremlin Skip","Highlight Path","Minty Spire (QoL Compilation)","Permanent Neow","Poor People Problems","Quick Restart","Red Circlet Mod","Relic Sorter","Reorder Act Four","SacredBarkPlus","Shop Mod","StSLib","SuperFastMode","Transform Curses","没有小屋子和绿帽子啦"],"gold_per_floor":[110,110,131,131,181,181,197,197,197,197,197,197],"floor_reached":11,"language":"ZHS","playtime":195,"items_purged":[],"score":122,"play_id":"4c390a4f-4f56-4bed-9e6d-c5795bc06dc7","local_time":"20210113062225","is_ascension_mode":true,"campfire_choices":[{"floor":6,"key":"DIG"},{"floor":10,"key":"DIG"}],"circlet_count":0,"master_deck":["AscendersBane","Strike_R","Strike_R","Strike_R","Strike_R","Strike_R","Defend_R","Defend_R","Defend_R","Defend_R","Bash","Body Slam","Evolve"],"relics":["Burning Blood","Shovel","Golden Idol","Nunchaku","Juzu Bracelet","Meat on the Bone","The Courier"],"acts_visited":["Exordium"],"potions_floor_usage":[11],"damage_taken":[{"damage":9.0,"enemies":"Jaw Worm","floor":1.0,"turns":6.0},{"damage":4.0,"enemies":"Small Slimes","floor":3.0,"turns":3.0},{"damage":2,"enemies":"2 Louse","floor":7,"turns":4},{"damage":43,"enemies":"Lagavulin","floor":11,"turns":7}],"seed_played":"-6241712559129620163","potions_obtained":[{"floor":3.0,"key":"LiquidMemories"}],"is_trial":false,"path_per_floor":["M","?","M","?","?","R","M","?","T","R","E"],"character_chosen":"IRONCLAD","items_purchased":[],"campfire_rested":0,"item_purchase_floors":[],"current_hp_per_floor":[65,42,44,49,42,42,46,41,41,41,0,0],"gold":197,"neow_bonus":"ONE_RARE_RELIC","is_daily":false,"chose_seed":false,"campfire_upgraded":0,"win_rate":0.0,"timestamp":1610486545,"path_taken":["M","?","M","?","?","R","?","?","T","R","E"],"items_purchased_type":[],"build_version":"2020-12-22","purchased_purges":0,"victory":false,"max_hp_per_floor":[68,68,68,73,73,73,73,73,73,73,73,73],"card_choices":[{"not_picked":["Anger","Iron Wave"],"picked":"Body Slam","floor":1.0},{"not_picked":["Sever Soul","Dark Embrace"],"picked":"Evolve","floor":3.0},{"not_picked":["Armaments","Warcry","Sword Boomerang"],"picked":"SKIP","floor":7}],"player_experience":907219,"relics_obtained":[{"floor":6,"key":"Nunchaku"},{"floor":9,"key":"Meat on the Bone"},{"floor":10,"key":"The Courier"}],"event_choices":[{"damage_healed":0.0,"max_hp_gain":0.0,"max_hp_loss":0.0,"gold_gain":0.0,"event_name":"Golden Idol","player_choice":"Take Damage","floor":2.0,"gold_loss":0.0,"damage_taken":23.0,"relics_obtained":["Golden Idol"]},{"damage_healed":0.0,"max_hp_gain":5.0,"max_hp_loss":0.0,"gold_gain":0.0,"event_name":"Big Fish","player_choice":"Donut","floor":4.0,"gold_loss":0.0,"damage_taken":0.0},{"damage_healed":0,"gold_gain":50,"player_choice":"Touch","damage_taken":7,"max_hp_gain":0,"max_hp_loss":0,"event_name":"FaceTrader","floor":5,"gold_loss":0},{"damage_healed":0,"gold_gain":0,"player_choice":"Success","damage_taken":5,"relics_obtained":["Juzu Bracelet"],"max_hp_gain":0,"max_hp_loss":0,"event_name":"Scrap Ooze","floor":8,"gold_loss":0}],"is_beta":false,"boss_relics":[],"items_purged_floors":[],"is_endless":false,"potions_floor_spawned":[3],"killed_by":"Lagavulin","ascension_level":20}}