{"host":"xt3o4iokwksypl90","time":1610483140,"event":{"mods":["AchievementEnabler","BaseMod","Googly Eyes","Highlight Path","Minty Spire (QoL Compilation)","Permanent Neow"],"gold_per_floor":[119,134,154,168,179,214,214,214,237,237,255,23,23,43,43,138,138,154,188,188,88,103,103,133,133,156,31,31,42,57,77,77,174,174,189,189,39,89,105,134,134,134,215,231,245,257,270,298,298,298,298],"floor_reached":50,"playtime":3000,"items_purged":["Strike_R","Strike_R","Strike_R","Perfected Strike"],"score":526,"play_id":"0626ec0b-3103-45d8-babe-8cf7e120714a","local_time":"20210112212540","is_ascension_mode":false,"campfire_choices":[{"floor":8.0,"key":"REST"},{"data":"Pommel Strike","floor":10.0,"key":"SMITH"},{"data":"Dropkick","floor":13.0,"key":"SMITH"},{"data":"Defend_R","floor":15.0,"key":"SMITH"},{"floor":23.0,"key":"REST"},{"floor":32.0,"key":"REST"},{"floor":42,"key":"REST"},{"floor":49,"key":"REST"}],"circlet_count":0,"master_deck":["Defend_R+1","Defend_R+1","Bash+1","Pommel Strike+1","Dropkick+1","Trip"],"relics":["Burning Blood","Mercury Hourglass","Potion Belt","Fusion Hammer","Red Mask","Bronze Scales","Ornamental Fan","Dream Catcher","Black Star","Magic Flower","Bag of Preparation","Toy Ornithopter","Darkstone Periapt","Strawberry","The Courier"],"acts_visited":["Exordium","TheCity","TheBeyond"],"potions_floor_usage":[40,40,47,48,48,48,50],"damage_taken":[{"damage":6.0,"enemies":"Jaw Worm","floor":1.0,"turns":3.0},{"damage":5.0,"enemies":"2 Louse","floor":2.0,"turns":3.0},{"damage":7.0,"enemies":"Small Slimes","floor":3.0,"turns":4.0},{"damage":22.0,"enemies":"Exordium Thugs","floor":4.0,"turns":5.0},{"damage":9.0,"enemies":"Exordium Wildlife","floor":5.0,"turns":5.0},{"damage":43.0,"enemies":"3 Sentries","floor":6.0,"turns":11.0},{"damage":0.0,"enemies":"Gremlin Gang","floor":11.0,"turns":3.0},{"damage":0.0,"enemies":"3 Louse","floor":14.0,"turns":2.0},{"damage":31.0,"enemies":"The Guardian","floor":16.0,"turns":10.0},{"damage":8.0,"enemies":"3 Byrds","floor":18.0,"turns":4.0},{"damage":0.0,"enemies":"Masked Bandits","floor":19.0,"turns":3.0},{"damage":0.0,"enemies":"Shell Parasite","floor":22.0,"turns":3.0},{"damage":12.0,"enemies":"Book of Stabbing","floor":24.0,"turns":6.0},{"damage":0.0,"enemies":"Cultist and Chosen","floor":29.0,"turns":3.0},{"damage":0.0,"enemies":"Chosen and Byrds","floor":30.0,"turns":3.0},{"damage":5.0,"enemies":"Snake Plant","floor":31.0,"turns":3.0},{"damage":41.0,"enemies":"Automaton","floor":33.0,"turns":10.0},{"damage":0,"enemies":"3 Darklings","floor":35,"turns":3},{"damage":0,"enemies":"Mind Bloom Boss Battle","floor":38,"turns":4},{"damage":0,"enemies":"3 Shapes","floor":39,"turns":3},{"damage":60,"enemies":"Nemesis","floor":40,"turns":5},{"damage":0,"enemies":"Jaw Worm Horde","floor":44,"turns":2},{"damage":0,"enemies":"Transient","floor":45,"turns":5},{"damage":4,"enemies":"Spire Growth","floor":46,"turns":2},{"damage":1,"enemies":"Writhing Mass","floor":47,"turns":3},{"damage":75,"enemies":"Reptomancer","floor":48,"turns":5},{"damage":84,"enemies":"Donu and Deca","floor":50,"turns":9}],"seed_played":"-5148076821784946668","potions_obtained":[{"floor":1.0,"key":"EssenceOfSteel"},{"floor":3.0,"key":"SteroidPotion"},{"floor":6.0,"key":"BloodPotion"},{"floor":22.0,"key":"HeartOfIron"},{"floor":24.0,"key":"Block Potion"},{"floor":31.0,"key":"LiquidBronze"},{"floor":33.0,"key":"Strength Potion"},{"floor":38,"key":"SneckoOil"},{"floor":39,"key":"SneckoOil"},{"floor":40,"key":"Block Potion"},{"floor":48,"key":"SkillPotion"}],"is_trial":false,"path_per_floor":["M","M","M","M","M","E","?","R","T","R","M","$","R","M","R","B",null,"M","?","?","$","M","R","E","T","T","$","?","M","M","M","R","B",null,"M","?","$","?","M","E","$","R","T","M","M","M","M","E","R","B"],"character_chosen":"IRONCLAD","items_purchased":["Dropkick","Trip"],"campfire_rested":5,"item_purchase_floors":[12,12],"current_hp_per_floor":[72,72,71,55,52,29,15,36,36,36,42,42,42,48,48,23,72,70,72,72,72,72,72,66,66,66,66,66,72,72,72,72,37,72,72,68,68,68,68,17,17,37,37,46,55,60,68,33,55,0,0],"gold":298,"neow_bonus":"REMOVE_TWO","is_daily":false,"chose_seed":false,"campfire_upgraded":3,"win_rate":0.0,"timestamp":1610483140,"path_taken":["M","M","M","M","M","E","?","R","T","R","M","$","R","M","R","BOSS","M","?","?","$","M","R","E","?","T","$","?","M","M","M","R","BOSS","M","?","$","?","M","E","?","R","T","M","M","M","?","E","R","BOSS"],"items_purchased_type":["Card","Card"],"build_version":"2020-12-22","purchased_purges":4,"victory":false,"max_hp_per_floor":[72,72,72,72,72,72,72,72,72,72,72,72,72,72,72,72,72,72,72,72,72,72,72,72,72,72,72,72,72,72,72,72,72,72,72,68,68,68,68,68,68,68,68,68,68,68,68,75,75,75,75],"card_choices":[{"not_picked":["Rupture","Headbutt","Twin Strike"],"picked":"SKIP","floor":1.0},{"not_picked":["Sever Soul","Clothesline","Combust"],"picked":"SKIP","floor":2.0},{"not_picked":["Inflame","Infernal Blade","Intimidate"],"picked":"SKIP","floor":3.0},{"not_picked":["Rupture","Sword Boomerang","Wild Strike"],"picked":"SKIP","floor":4.0},{"not_picked":["Corruption","Reckless Charge"],"picked":"Pommel Strike","floor":5.0},{"not_picked":["Hemokinesis","Heavy Blade","Carnage"],"picked":"SKIP","floor":6.0},{"not_picked":["Thunderclap","Anger","Dark Embrace"],"picked":"SKIP","floor":11.0},{"not_picked":["Iron Wave","Warcry","Infernal Blade"],"picked":"SKIP","floor":14.0},{"not_picked":["Twin Strike","Headbutt","Flex"],"picked":"SKIP","floor":18.0},{"not_picked":["Twin Strike","Headbutt","Flex"],"picked":"SKIP","floor":18.0},{"not_picked":["Carnage","Perfected Strike+1","Warcry"],"picked":"SKIP","floor":22.0},{"not_picked":["Perfected Strike","True Grit","Dual Wield"],"picked":"SKIP","floor":24.0},{"not_picked":["Limit Break","Feel No Pain+1","Spot Weakness"],"picked":"SKIP","floor":29.0},{"not_picked":["Heavy Blade+1","Havoc","Pommel Strike"],"picked":"SKIP","floor":30.0},{"not_picked":["Rage","Seeing Red","Sword Boomerang"],"picked":"SKIP","floor":31.0},{"not_picked":["Clash","Reckless Charge","Sword Boomerang+1"],"picked":"SKIP","floor":35},{"not_picked":["Intimidate","Evolve","Shrug It Off"],"picked":"SKIP","floor":39},{"not_picked":["Rampage","Brutality","Rage"],"picked":"SKIP","floor":40},{"not_picked":["Wild Strike+1","Dual Wield","Inflame+1"],"picked":"SKIP","floor":44},{"not_picked":["Clothesline+1","Heavy Blade","Anger"],"picked":"SKIP","floor":45},{"not_picked":["Sever Soul+1","Clothesline","Warcry"],"picked":"SKIP","floor":46},{"not_picked":["Pommel Strike+1","True Grit+1","Intimidate"],"picked":"SKIP","floor":47},{"not_picked":["Entrench+1","Anger","Dark Embrace+1"],"picked":"SKIP","floor":48}],"player_experience":296303,"relics_obtained":[{"floor":6.0,"key":"Mercury Hourglass"},{"floor":9.0,"key":"Potion Belt"},{"floor":19.0,"key":"Red Mask"},{"floor":24.0,"key":"Bronze Scales"},{"floor":25.0,"key":"Ornamental Fan"},{"floor":26.0,"key":"Dream Catcher"},{"floor":38,"key":"Magic Flower"},{"floor":40,"key":"Bag of Preparation"},{"floor":40,"key":"Toy Ornithopter"},{"floor":43,"key":"Darkstone Periapt"},{"floor":48,"key":"Strawberry"},{"floor":48,"key":"The Courier"}],"event_choices":[{"damage_healed":0.0,"max_hp_gain":0.0,"max_hp_loss":0.0,"gold_gain":0.0,"event_name":"Shining Light","player_choice":"Entered Light","floor":7.0,"gold_loss":0.0,"damage_taken":14.0,"cards_upgraded":["Defend_R","Bash"]},{"damage_healed":0.0,"max_hp_gain":0.0,"max_hp_loss":0.0,"gold_gain":0.0,"event_name":"Masked Bandits","player_choice":"Fought Bandits","floor":19.0,"gold_loss":0.0,"damage_taken":0.0},{"cards_removed":["Strike_R"],"damage_healed":0.0,"max_hp_gain":0.0,"max_hp_loss":0.0,"gold_gain":0.0,"event_name":"Back to Basics","player_choice":"Elegance","floor":20.0,"gold_loss":0.0,"damage_taken":0.0},{"damage_healed":0.0,"max_hp_gain":0.0,"max_hp_loss":0.0,"gold_gain":0.0,"cards_transformed":["Defend_R"],"event_name":"Transmorgrifier","player_choice":"Transformed","floor":28.0,"gold_loss":0.0,"damage_taken":0.0,"cards_obtained":["Perfected Strike"]},{"damage_healed":0,"gold_gain":0,"player_choice":"Max HP","damage_taken":0,"max_hp_gain":0,"max_hp_loss":4,"event_name":"Winding Halls","floor":36,"gold_loss":0},{"damage_healed":0,"gold_gain":0,"player_choice":"Fight","damage_taken":0,"max_hp_gain":0,"max_hp_loss":0,"event_name":"MindBloom","floor":38,"gold_loss":0}],"is_beta":false,"boss_relics":[{"not_picked":["Ectoplasm","Black Blood"],"picked":"Fusion Hammer"},{"not_picked":["Busted Crown","Astrolabe"],"picked":"Black Star"}],"items_purged_floors":[12,21,27,37],"is_endless":false,"potions_floor_spawned":[1,3,6,22,24,31,33,38,39,40,48],"killed_by":"Donu and Deca","ascension_level":0}}