{"host":"jscggscbx0p7706o","time":1610449748,"event":{"mods":["AchievementEnabler","BaseMod","Block Reminder","Colored Powertips","Minty Spire (QoL Compilation)","Permanent Neow","Quick Restart","StSLib"],"gold_per_floor":[115,115,115,127,127,127,160,160,160,174,27,27,127,147,147,271,271,286,256,36,49,49,83,108,126,204,204,223,223,11,34,34,163,163,182,182,196,216,91,129,193,232,257,230,230,230,253,278,278,278],"floor_reached":51,"playtime":4718,"items_purged":["Strike_G","Strike_G"],"score":837,"play_id":"159858d6-81a6-422c-b2f7-02633f139479","local_time":"20210112190907","is_ascension_mode":true,"campfire_choices":[{"data":"Bouncing Flask","floor":6.0,"key":"SMITH"},{"data":"Accuracy","floor":8.0,"key":"SMITH"},{"data":"Footwork","floor":12.0,"key":"SMITH"},{"data":"Outmaneuver","floor":15.0,"key":"SMITH"},{"floor":29.0,"key":"REST"},{"floor":32.0,"key":"REST"},{"floor":45.0,"key":"REST"},{"floor":49,"key":"REST"}],"circlet_count":0,"master_deck":["Defend_G","Defend_G","Defend_G","Defend_G","Survivor","Neutralize+1","Bouncing Flask+1","Outmaneuver+1","Accuracy+1","Deflect+1","Footwork+1","Storm of Steel+1","Quick Slash+1","Malaise+1","Outmaneuver+1","Noxious Fumes","Acrobatics+1","Burst+1","Terror+1","Cloak And Dagger+1","Reflex+1","Well Laid Plans","Escape Plan+1","Dodge and Roll+1","Bullet Time+1","Envenom+1","Heel Hook+1","Distraction+1","Leg Sweep+1","Calculated Gamble+1","Adrenaline+1","Dodge and Roll+1","Catalyst+1","Deadly Poison+1","Blade Dance+1","Deep Breath+1","Cloak And Dagger+1","Escape Plan+1"],"relics":["Ring of the Snake","Golden Idol","Toy Ornithopter","Toxic Egg 2","Fusion Hammer","Regal Pillow","Ninja Scroll","Singing Bowl","Astrolabe","Eternal Feather","Mango","Shuriken","Whetstone"],"acts_visited":["Exordium","TheCity","TheBeyond"],"potions_floor_usage":[50,50],"damage_taken":[{"damage":0.0,"enemies":"Cultist","floor":1.0,"turns":6.0},{"damage":0.0,"enemies":"2 Louse","floor":4.0,"turns":3.0},{"damage":1.0,"enemies":"Lagavulin","floor":7.0,"turns":5.0},{"damage":8.0,"enemies":"Small Slimes","floor":10.0,"turns":4.0},{"damage":0.0,"enemies":"3 Louse","floor":14.0,"turns":3.0},{"damage":25.0,"enemies":"Slime Boss","floor":16.0,"turns":12.0},{"damage":5.0,"enemies":"3 Byrds","floor":18.0,"turns":5.0},{"damage":13.0,"enemies":"2 Thieves","floor":19.0,"turns":5.0},{"damage":4.0,"enemies":"Snake Plant","floor":21.0,"turns":6.0},{"damage":24.0,"enemies":"Slavers","floor":23.0,"turns":6.0},{"damage":2.0,"enemies":"Shelled Parasite and Fungi","floor":24.0,"turns":7.0},{"damage":0.0,"enemies":"Snecko","floor":25.0,"turns":5.0},{"damage":4.0,"enemies":"Colosseum Slavers","floor":27.0,"turns":4.0},{"damage":5.0,"enemies":"Snake Plant","floor":28.0,"turns":4.0},{"damage":17.0,"enemies":"Shelled Parasite and Fungi","floor":31.0,"turns":4.0},{"damage":41.0,"enemies":"Automaton","floor":33.0,"turns":10.0},{"damage":1.0,"enemies":"Orb Walker","floor":35.0,"turns":3.0},{"damage":0.0,"enemies":"3 Shapes","floor":37.0,"turns":6.0},{"damage":3.0,"enemies":"3 Darklings","floor":38.0,"turns":4.0},{"damage":15.0,"enemies":"Reptomancer","floor":40.0,"turns":6.0},{"damage":5.0,"enemies":"2 Orb Walkers","floor":41.0,"turns":6.0},{"damage":9.0,"enemies":"Giant Head","floor":42.0,"turns":8.0},{"damage":6.0,"enemies":"4 Shapes","floor":47.0,"turns":7.0},{"damage":0,"enemies":"Maw","floor":48,"turns":7},{"damage":28,"enemies":"Time Eater","floor":50,"turns":13}],"seed_played":"3802840266957411406","potions_obtained":[{"floor":1.0,"key":"GhostInAJar"},{"floor":14.0,"key":"Fire Potion"},{"floor":19.0,"key":"Dexterity Potion"},{"floor":24.0,"key":"Swift Potion"},{"floor":25.0,"key":"LiquidMemories"},{"floor":33.0,"key":"AttackPotion"},{"floor":35.0,"key":"FearPotion"},{"floor":37.0,"key":"SkillPotion"},{"floor":40.0,"key":"ColorlessPotion"},{"floor":42.0,"key":"GhostInAJar"}],"is_trial":false,"path_per_floor":["M","?","?","M","?","R","E","R","T","M","$","R","?","M","R","B",null,"M","M","$","M","$","E","M","M","T","?","M","R","$","M","R","B",null,"M","?","M","M","$","E","?","E","T","$","R","?","M","M","R","B",null],"character_chosen":"THE_SILENT","items_purchased":["Footwork","Storm of Steel+1","Regal Pillow","Well Laid Plans","Escape Plan+1","Adrenaline+1","Dexterity Potion","Blade Dance+1"],"campfire_rested":4,"item_purchase_floors":[11,11,20,30,30,39,39,44],"current_hp_per_floor":[70,63,63,63,63,63,62,62,62,54,54,54,54,54,54,29,65,60,47,47,48,48,24,22,22,22,23,23,57,57,40,65,24,65,64,64,64,67,67,52,61,57,57,57,81,81,75,75,81,58],"gold":278,"neow_bonus":"UPGRADE_CARD","is_daily":false,"chose_seed":false,"campfire_upgraded":4,"win_rate":0.0,"timestamp":1610449747,"path_taken":["M","?","?","M","?","R","E","R","T","M","$","R","?","M","R","BOSS","M","M","$","M","?","E","M","M","T","?","M","R","$","M","R","BOSS","M","?","M","M","$","E","?","E","T","$","R","?","M","M","R","BOSS"],"items_purchased_type":["Card","Card","Relic","Card","Card","Card","Potion","Card"],"build_version":"2020-12-22","purchased_purges":2,"victory":true,"max_hp_per_floor":[70,70,70,70,65,65,65,65,65,65,65,65,65,65,65,65,65,65,65,65,65,65,65,65,65,65,65,65,65,65,65,65,65,65,65,65,65,67,67,67,81,81,81,81,81,81,81,81,81,81],"card_choices":[{"not_picked":["Backstab","PiercingWail"],"picked":"Bouncing Flask","floor":1.0},{"not_picked":["Dagger Throw","Finisher"],"picked":"Outmaneuver","floor":4.0},{"not_picked":["Setup","Venomology"],"picked":"Accuracy","floor":7.0},{"not_picked":["Caltrops","Slice"],"picked":"Deflect+1","floor":10.0},{"not_picked":["All Out Attack","Flying Knee"],"picked":"Quick Slash","floor":14.0},{"not_picked":["Night Terror+1","Grand Finale"],"picked":"Malaise+1","floor":16.0},{"not_picked":["Underhanded Strike","Prepared+1"],"picked":"Outmaneuver+1","floor":18.0},{"not_picked":["Outmaneuver+1","Slice"],"picked":"Noxious Fumes","floor":19.0},{"not_picked":["Sucker Punch","Reflex+1"],"picked":"Acrobatics+1","floor":21.0},{"not_picked":["Finisher","Dagger Spray"],"picked":"Burst+1","floor":23.0},{"not_picked":["Backstab","Sucker Punch"],"picked":"Terror+1","floor":24.0},{"not_picked":["Acrobatics+1","Deadly Poison+1"],"picked":"Cloak And Dagger+1","floor":25.0},{"not_picked":["Bouncing Flask+1","Noxious Fumes"],"picked":"Reflex+1","floor":28.0},{"not_picked":["Quick Slash","Flechettes"],"picked":"Dodge and Roll+1","floor":31.0},{"not_picked":["Grand Finale","Storm of Steel+1"],"picked":"Bullet Time+1","floor":33.0},{"not_picked":["Terror+1","All Out Attack+1"],"picked":"Leg Sweep+1","floor":35.0},{"not_picked":["Cloak And Dagger+1","Dagger Throw+1"],"picked":"Calculated Gamble+1","floor":37.0},{"not_picked":["Outmaneuver+1","Expertise+1","Quick Slash"],"picked":"Singing Bowl","floor":38.0},{"not_picked":["Poisoned Stab","PiercingWail+1"],"picked":"Dodge and Roll+1","floor":40.0},{"not_picked":["Caltrops","Crippling Poison+1"],"picked":"Catalyst+1","floor":41.0},{"not_picked":["PiercingWail+1","Flechettes+1"],"picked":"Deadly Poison+1","floor":42.0},{"not_picked":["Jack Of All Trades+1","Blind+1"],"picked":"Deep Breath+1","floor":46.0},{"not_picked":["Catalyst+1","Flying Knee+1"],"picked":"Cloak And Dagger+1","floor":47.0},{"not_picked":["Bullet Time+1","Choke"],"picked":"Escape Plan+1","floor":48}],"player_experience":210656,"relics_obtained":[{"floor":7.0,"key":"Toy Ornithopter"},{"floor":9.0,"key":"Toxic Egg 2"},{"floor":23.0,"key":"Ninja Scroll"},{"floor":26.0,"key":"Singing Bowl"},{"floor":40.0,"key":"Eternal Feather"},{"floor":41.0,"key":"Mango"},{"floor":42.0,"key":"Shuriken"},{"floor":43.0,"key":"Whetstone"}],"event_choices":[{"cards_removed":["Strike_G"],"damage_healed":0.0,"max_hp_gain":0.0,"max_hp_loss":0.0,"gold_gain":0.0,"event_name":"Golden Wing","player_choice":"Card Removal","floor":2.0,"gold_loss":0.0,"damage_taken":7.0},{"damage_healed":0.0,"max_hp_gain":0.0,"max_hp_loss":0.0,"gold_gain":0.0,"event_name":"Scrap Ooze","player_choice":"Fled","floor":3.0,"gold_loss":0.0,"damage_taken":0.0},{"damage_healed":0.0,"max_hp_gain":0.0,"max_hp_loss":5.0,"gold_gain":0.0,"event_name":"Golden Idol","player_choice":"Lose Max HP","floor":5.0,"gold_loss":0.0,"damage_taken":0.0,"relics_obtained":["Golden Idol"]},{"damage_healed":0.0,"max_hp_gain":0.0,"max_hp_loss":0.0,"gold_gain":100.0,"event_name":"Golden Shrine","player_choice":"Pray","floor":13.0,"gold_loss":0.0,"damage_taken":0.0},{"damage_healed":0.0,"max_hp_gain":0.0,"max_hp_loss":0.0,"gold_gain":0.0,"event_name":"Colosseum","player_choice":"Fight","floor":27.0,"gold_loss":0.0,"damage_taken":0.0},{"damage_healed":0.0,"max_hp_gain":0.0,"max_hp_loss":0.0,"gold_gain":0.0,"event_name":"Colosseum","player_choice":"Fled From Nobs","floor":27.0,"gold_loss":0.0,"damage_taken":0.0},{"damage_healed":0.0,"max_hp_gain":0.0,"max_hp_loss":0.0,"gold_gain":0.0,"event_name":"Tomb of Lord Red Mask","player_choice":"Ignored","floor":36.0,"gold_loss":0.0,"damage_taken":0.0},{"damage_healed":0.0,"max_hp_gain":0.0,"max_hp_loss":0.0,"gold_gain":0.0,"event_name":"Mysterious Sphere","player_choice":"Fight","floor":41.0,"gold_loss":0.0,"damage_taken":0.0},{"damage_healed":0.0,"max_hp_gain":0.0,"max_hp_loss":0.0,"gold_gain":0.0,"event_name":"SensoryStone","player_choice":"Memory 1","floor":46.0,"gold_loss":0.0,"damage_taken":0.0}],"is_beta":false,"boss_relics":[{"not_picked":["Runic Pyramid","Ectoplasm"],"picked":"Fusion Hammer"},{"not_picked":["Empty Cage","Cursed Key"],"picked":"Astrolabe"}],"items_purged_floors":[20,30],"is_endless":false,"potions_floor_spawned":[1,14,19,24,25,33,35,37,40,42],"ascension_level":4}}