{"host":"i0s8vbixp24k5aul","time":1610446675,"event":{"mods":["2.2 Compatiblity","Act Like it!","Aspiration","BaseMod","Better Note","Better Third Choice","Better Vampires","BetterUpgradePreview","Colorless Booster Pack","Displayed Cursed Tome","GifTheSpireLib","Halation","Hermit","Hubris","Jedi Mod","Minty Spire (QoL Compilation)","Optimize The Spire","Random Character Mod","Shade Mod","StSLib","Stuff the Spire","Swap Starting Deck Mod","The Bug Knight","The Construct","The Cursed","The Disciple","The Mystic","TheHero","TheWitcher","vexMod","??????REMEMod"],"gold_per_floor":[115,115,115,128,31,63,11,29,29,29,47,47,47],"floor_reached":12,"playtime":314,"items_purged":[],"score":175,"play_id":"6cd67bd1-09e3-4237-90d1-23a59cf19c1b","local_time":"20210112131755","is_ascension_mode":true,"campfire_choices":[{"data":"Panacea","floor":10,"key":"SMITH"}],"circlet_count":0,"master_deck":["AscendersBane","Strike_G","Strike_G","Strike_G","Strike_G","Strike_G","Defend_G","Defend_G","Defend_G","Defend_G","Defend_G","Survivor","Neutralize","construct:LongRangeLance","Concentrate","Noxious Fumes","Sucker Punch","Panacea+1","Deadly Poison","Predator"],"relics":["Ring of the Snake","REME_ComplimentaryCards","NeowsBlessing","hubris:Icosahedron","StuffTheSpire:CocoNut","Ancient Tea Set","HornCleat"],"acts_visited":["Exordium"],"potions_floor_usage":[],"damage_taken":[{"damage":0,"enemies":"Small Slimes","floor":1,"turns":1},{"damage":0,"enemies":"Jaw Worm","floor":4,"turns":1},{"damage":0,"enemies":"Gremlin Nob","floor":6,"turns":1},{"damage":0,"enemies":"2 Louse","floor":8,"turns":3},{"damage":7,"enemies":"Exordium Thugs","floor":11,"turns":4},{"damage":60,"enemies":"3 Sentries","floor":12,"turns":1}],"seed_played":"-3092959309929483868","potions_obtained":[{"floor":1,"key":"AttackPotion"}],"is_trial":false,"path_per_floor":["M","?","?","M","$","E","?","M","T","R","M","E"],"character_chosen":"THE_SILENT","items_purchased":["Panacea"],"campfire_rested":0,"item_purchase_floors":[5],"current_hp_per_floor":[59,59,59,59,59,66,66,66,66,66,59,0,0],"gold":47,"neow_bonus":"THREE_ENEMY_KILL","is_daily":false,"chose_seed":false,"campfire_upgraded":1,"win_rate":0.0,"timestamp":1610446675,"path_taken":["M","?","?","M","$","E","?","M","T","R","?","E"],"items_purchased_type":["Card"],"build_version":"2020-12-22","purchased_purges":0,"victory":false,"max_hp_per_floor":[66,66,66,66,66,73,73,73,73,73,73,73,73],"card_choices":[{"not_picked":["StuffTheSpire:Fury","StuffTheSpire:BumpUp"],"picked":"Concentrate","floor":1},{"not_picked":["Flying Knee","PiercingWail"],"picked":"Sucker Punch","floor":4},{"not_picked":["Well Laid Plans","Acrobatics"],"picked":"Deadly Poison","floor":6},{"not_picked":["StuffTheSpire:MirrorStance","Quick Slash","Setup"],"picked":"SKIP","floor":8},{"not_picked":["StuffTheSpire:Fury","StuffTheSpire:Injection"],"picked":"Predator","floor":11}],"player_experience":938705,"relics_obtained":[{"floor":6,"key":"StuffTheSpire:CocoNut"},{"floor":9,"key":"HornCleat"}],"event_choices":[{"damage_healed":0,"gold_gain":0,"player_choice":"Paid Gold","damage_taken":0,"relics_obtained":["Ancient Tea Set"],"max_hp_gain":0,"max_hp_loss":0,"event_name":"WeMeetAgain","floor":7,"gold_loss":52}],"is_beta":false,"boss_relics":[],"items_purged_floors":[],"is_endless":false,"potions_floor_spawned":[1,8,11],"killed_by":"3 Sentries","ascension_level":14}}