{"host":"sf9jac3ppl7h88gj","time":1610469294,"event":{"mods":["AchievementEnabler","Ascension Unlocker","BaseMod","Colored Map","Custom Start","Force Act Four","Minty Spire (QoL Compilation)","StSLib"],"gold_per_floor":[113,113,129,147,167,167,192,203,203,221,248,248,9,23,23,122,122,142,157,157,357,357,357],"floor_reached":22,"playtime":2799,"items_purged":[],"score":248,"play_id":"c2a56cda-e063-4821-92a5-f0bcab0441b5","local_time":"20210112113454","is_ascension_mode":false,"campfire_choices":[{"data":"Blasphemy","floor":6,"key":"SMITH"},{"data":"Judgement","floor":12,"key":"SMITH"},{"data":"Perseverance","floor":15,"key":"SMITH"}],"circlet_count":0,"master_deck":["Strike_P","Strike_P","Defend_P","Defend_P","Eruption","Vigilance","Blasphemy+1","InnerPeace","Protect","Consecrate","FlyingSleeves","Vengeance","Judgement+1","JustLucky","SashWhip","Perseverance+1","SpiritShield","EmptyBody+1","Conclude","Halt+1","LessonLearned","Tantrum"],"relics":["PureWater","Bag of Preparation","PreservedInsect","Prayer Wheel","Singing Bowl","Empty Cage"],"acts_visited":["Exordium","TheCity"],"potions_floor_usage":[19,22],"damage_taken":[{"damage":0,"enemies":"2 Louse","floor":1,"turns":3},{"damage":0,"enemies":"Cultist","floor":3,"turns":2},{"damage":0,"enemies":"Small Slimes","floor":4,"turns":3},{"damage":0,"enemies":"Looter","floor":5,"turns":2},{"damage":0,"enemies":"Gremlin Nob","floor":7,"turns":2},{"damage":0,"enemies":"Red Slaver","floor":8,"turns":1},{"damage":0,"enemies":"Exordium Wildlife","floor":10,"turns":3},{"damage":0,"enemies":"3 Sentries","floor":11,"turns":3},{"damage":0,"enemies":"3 Louse","floor":14,"turns":2},{"damage":54,"enemies":"The Guardian","floor":16,"turns":8},{"damage":0,"enemies":"Chosen","floor":18,"turns":3},{"damage":99999,"enemies":"Shell Parasite","floor":19,"turns":4},{"damage":100003,"enemies":"Centurion and Healer","floor":22,"turns":4}],"seed_played":"-5077364791739199462","potions_obtained":[{"floor":1,"key":"GamblersBrew"},{"floor":4,"key":"FairyPotion"},{"floor":8,"key":"BottledMiracle"},{"floor":11,"key":"Regen Potion"},{"floor":19,"key":"BottledMiracle"}],"is_trial":false,"path_per_floor":["M","?","M","M","M","R","E","M","T","M","E","R","$","M","R","B",null,"M","M","?","?","M"],"character_chosen":"WATCHER","items_purchased":["Singing Bowl"],"campfire_rested":0,"item_purchase_floors":[13],"current_hp_per_floor":[72,72,72,72,72,72,72,72,72,72,72,72,72,74,74,20,74,76,22,22,22,0,0],"gold":357,"neow_bonus":"ONE_RANDOM_RARE_CARD","is_daily":false,"chose_seed":false,"campfire_upgraded":3,"win_rate":0.0,"timestamp":1610469294,"path_taken":["M","?","?","M","M","R","E","M","T","M","E","R","$","M","R","BOSS","M","M","?","?","?"],"items_purchased_type":["Relic"],"build_version":"2020-12-22","purchased_purges":0,"victory":false,"max_hp_per_floor":[72,72,72,72,72,72,72,72,72,72,72,72,72,74,74,74,74,76,76,76,76,76,76],"card_choices":[{"not_picked":["WheelKick","Prostrate"],"picked":"InnerPeace","floor":1},{"not_picked":["Evaluate","FlyingSleeves"],"picked":"Protect","floor":3},{"not_picked":["TalkToTheHand","Protect"],"picked":"Consecrate","floor":4},{"not_picked":["Crescendo","TalkToTheHand"],"picked":"FlyingSleeves","floor":5},{"not_picked":["Tantrum","PathToVictory"],"picked":"Vengeance","floor":7},{"not_picked":["Indignation","Wireheading"],"picked":"Judgement","floor":8},{"not_picked":["Adaptation","Protect"],"picked":"JustLucky","floor":10},{"not_picked":["Wireheading","WaveOfTheHand"],"picked":"SashWhip","floor":11},{"not_picked":["Wallop","Sanctity"],"picked":"Perseverance","floor":14},{"not_picked":["Crescendo","Swivel","PathToVictory"],"picked":"Singing Bowl","floor":14},{"not_picked":["Judgement","Wish"],"picked":"SpiritShield","floor":16},{"not_picked":["BowlingBash","Vengeance"],"picked":"EmptyBody+1","floor":18},{"not_picked":["CrushJoints+1","MasterReality","PathToVictory+1"],"picked":"Singing Bowl","floor":18},{"not_picked":["Perseverance+1","Consecrate"],"picked":"Conclude","floor":19},{"not_picked":["LikeWater","CutThroughFate"],"picked":"Halt+1","floor":19}],"player_experience":1098054,"relics_obtained":[{"floor":2,"key":"Bag of Preparation"},{"floor":7,"key":"PreservedInsect"},{"floor":11,"key":"Prayer Wheel"}],"event_choices":[{"damage_healed":0,"gold_gain":0,"player_choice":"Relic","damage_taken":0,"max_hp_gain":0,"max_hp_loss":0,"event_name":"Wheel of Change","floor":2,"gold_loss":0},{"damage_healed":0,"gold_gain":0,"cards_transformed":["Strike_P","Defend_P"],"player_choice":"Became Test Subject","damage_taken":0,"max_hp_gain":0,"max_hp_loss":0,"event_name":"Drug Dealer","floor":20,"gold_loss":0,"cards_obtained":["LessonLearned","Tantrum"]},{"damage_healed":0,"gold_gain":200,"player_choice":"Gold","damage_taken":0,"max_hp_gain":0,"max_hp_loss":0,"event_name":"Wheel of Change","floor":21,"gold_loss":0}],"is_beta":false,"boss_relics":[{"not_picked":["Snecko Eye","Ectoplasm"],"picked":"Empty Cage"}],"items_purged_floors":[],"is_endless":false,"potions_floor_spawned":[1,4,8,11,14,19],"killed_by":"Centurion and Healer","ascension_level":0}}