{"host":"480qzmvu0s2e3e6w","time":1610433295,"event":{"mods":["BaseMod","Colored Map","DeckTracker","Lobotomy","Minty Spire (QoL Compilation)","StSLib","SuperFastMode"],"gold_per_floor":[217,232,212,224,80,80,91,104,182,27,27,44,72,72,72,177,227,240,251,251,261,161,161,161],"floor_reached":23,"playtime":1122,"items_purged":["Strike_B","Defend_B"],"score":465,"play_id":"1d5ff3a4-2561-4bdd-bc77-379ab0c94a23","local_time":"20210112153455","is_ascension_mode":true,"campfire_choices":[{"data":"Hyperbeam","floor":6,"key":"SMITH"},{"data":"Turbo","floor":11,"key":"SMITH"},{"data":"Coolheaded","floor":15,"key":"SMITH"}],"circlet_count":0,"master_deck":["AscendersBane","Strike_B","Defend_B+1","Defend_B","Defend_B","Zap","Dualcast","Coolheaded+1","Cold Snap","Gash","Hyperbeam+1","Ball Lightning","Turbo+1","Stack","Seek","Reboot","Capacitor","Sunder+1","Glacier","Reboot"],"relics":["Cracked Core","Pear","Medical Kit","TungstenRod","Tiny House"],"acts_visited":["TheCity"],"potions_floor_usage":[23],"damage_taken":[{"damage":4,"enemies":"Jaw Worm","floor":1,"turns":5},{"damage":4,"enemies":"Cultist","floor":2,"turns":4},{"damage":3,"enemies":"Small Slimes","floor":4,"turns":3},{"damage":10,"enemies":"Gremlin Gang","floor":7,"turns":3},{"damage":3,"enemies":"2 Fungi Beasts","floor":8,"turns":2},{"damage":18,"enemies":"Red Slaver","floor":12,"turns":4},{"damage":18,"enemies":"Lagavulin","floor":13,"turns":8},{"damage":28,"enemies":"Hexaghost","floor":16,"turns":13},{"damage":0,"enemies":"3 Byrds","floor":18,"turns":1},{"damage":13,"enemies":"Shell Parasite","floor":19,"turns":6},{"damage":5,"enemies":"Snake Plant","floor":21,"turns":4},{"damage":59,"enemies":"Book of Stabbing","floor":23,"turns":6}],"seed_played":"-1505595338218031412","potions_obtained":[{"floor":3,"key":"EssenceOfDarkness"},{"floor":7,"key":"FairyPotion"},{"floor":13,"key":"Ancient Potion"},{"floor":16,"key":"SkillPotion"}],"is_trial":false,"path_per_floor":["M","M","?","M","$","R","M","M","T","$","R","M","E","?","R","B",null,"M","M","?","M","$","E"],"character_chosen":"DEFECT","items_purchased":["Hyperbeam","Medical Kit"],"campfire_rested":0,"item_purchase_floors":[5,10],"current_hp_per_floor":[64,60,60,57,57,57,47,44,54,54,54,36,18,18,18,15,73,73,60,60,55,55,0,0],"gold":161,"neow_bonus":"HUNDRED_GOLD","is_daily":false,"chose_seed":false,"campfire_upgraded":3,"win_rate":0.0,"timestamp":1610433295,"path_taken":["M","M","?","?","$","R","M","M","T","$","R","M","E","?","R","BOSS","M","?","?","M","$","E"],"items_purchased_type":["Card","Relic"],"build_version":"2020-12-22","purchased_purges":2,"victory":false,"max_hp_per_floor":[75,75,75,75,75,75,75,75,85,85,85,85,85,85,85,85,90,90,90,90,90,90,90,90],"card_choices":[{"not_picked":["Leap","Cold Snap"],"picked":"Coolheaded","floor":1},{"not_picked":["Conserve Battery","Reinforced Body"],"picked":"Cold Snap","floor":2},{"not_picked":["Conserve Battery","Rebound"],"picked":"Gash","floor":4},{"not_picked":["Double Energy","Redo"],"picked":"Ball Lightning","floor":7},{"not_picked":["Cold Snap","Darkness"],"picked":"Turbo","floor":8},{"not_picked":["Redo","Chill"],"picked":"Stack","floor":12},{"not_picked":["Redo","Stack"],"picked":"Seek","floor":13},{"not_picked":["Electrodynamics","Multi-Cast"],"picked":"Reboot","floor":16},{"not_picked":["Turbo","Glacier"],"picked":"Capacitor","floor":17},{"not_picked":["Stack","Go for the Eyes"],"picked":"Sunder+1","floor":18},{"not_picked":["Cold Snap","Barrage"],"picked":"Glacier","floor":19},{"not_picked":["Scrape","Beam Cell","Sweeping Beam"],"picked":"SKIP","floor":21}],"player_experience":682745,"relics_obtained":[{"floor":9,"key":"Pear"},{"floor":13,"key":"TungstenRod"}],"event_choices":[{"damage_healed":0,"gold_gain":0,"player_choice":"Bought 1 Potion","damage_taken":0,"max_hp_gain":0,"max_hp_loss":0,"event_name":"The Woman in Blue","floor":3,"gold_loss":0},{"cards_removed":["Strike_B"],"damage_healed":0,"gold_gain":0,"player_choice":"Purged","damage_taken":0,"max_hp_gain":0,"max_hp_loss":0,"event_name":"Purifier","floor":14,"gold_loss":0},{"damage_healed":0,"gold_gain":0,"cards_transformed":["Strike_B"],"player_choice":"Transformed","damage_taken":0,"max_hp_gain":0,"max_hp_loss":0,"event_name":"Transmorgrifier","floor":20,"gold_loss":0,"cards_obtained":["Reboot"]}],"is_beta":false,"boss_relics":[{"not_picked":["Busted Crown","Ectoplasm"],"picked":"Tiny House"}],"items_purged_floors":[5,22],"is_endless":false,"potions_floor_spawned":[7,13,16],"killed_by":"Book of Stabbing","ascension_level":10}}