{"host":"ohuqxemsk44kggmp","time":1610441662,"event":{"mods":["BaseMod","Better Third Choice","Colored Powertips","Conspire","Highlight Path","Marked Mod","Minty Spire (QoL Compilation)","Replay The Spire","StSLib","Waifu the Spire"],"gold_per_floor":[112,112,131,146,159,191,205,205,205],"floor_reached":8,"playtime":579,"items_purged":[],"score":63,"play_id":"e8d91073-f8c8-43f3-8a9a-aeae5d698a0c","local_time":"20210112095422","is_ascension_mode":true,"campfire_choices":[],"circlet_count":0,"master_deck":["Strike_P","Strike_P","Strike_P","Strike_P","Defend_P","Defend_P","Defend_P","Defend_P","Eruption","Vigilance","Indignation","Alpha","Survey Options","Replay:BluntJabs","Indignation","ReachHeaven","MarkedMod:PinPointDefense","Replay:AtTheReady","Prostrate","MarkedMod:PinPointDefense"],"relics":["PureWater","Yang"],"acts_visited":["Exordium"],"potions_floor_usage":[],"damage_taken":[{"damage":0.0,"enemies":"Small Slimes","floor":1.0,"turns":2.0},{"damage":2.0,"enemies":"Cultist","floor":3.0,"turns":3.0},{"damage":8.0,"enemies":"Jaw Worm","floor":4.0,"turns":3.0},{"damage":24.0,"enemies":"Lots of Slimes","floor":5.0,"turns":5.0},{"damage":18.0,"enemies":"Lagavulin","floor":6.0,"turns":5.0},{"damage":10.0,"enemies":"Exordium Wildlife","floor":7.0,"turns":4.0},{"damage":24,"enemies":"Gremlin Nob","floor":8,"turns":3}],"seed_played":"-3224586792514709564","potions_obtained":[{"floor":3.0,"key":"FearPotion"},{"floor":4.0,"key":"BlessingOfTheForge"}],"is_trial":false,"path_per_floor":["M","?","M","M","M","E","M","E"],"character_chosen":"WATCHER","items_purchased":[],"campfire_rested":0,"item_purchase_floors":[],"current_hp_per_floor":[79,79,77,69,45,27,17,0,0],"gold":205,"neow_bonus":"TEN_PERCENT_HP_BONUS","is_daily":false,"chose_seed":false,"campfire_upgraded":0,"win_rate":0.0,"timestamp":1610441662,"path_taken":["M","?","M","M","?","E","M","E"],"items_purchased_type":[],"build_version":"2020-12-22","purchased_purges":0,"victory":false,"max_hp_per_floor":[79,79,79,79,79,79,79,79,79],"card_choices":[{"not_picked":["CutThroughFate","Swivel"],"picked":"Indignation","floor":1.0},{"not_picked":["Worship","Sanctity"],"picked":"ReachHeaven","floor":3.0},{"not_picked":["Replay:ManipulateFuture","Vengeance"],"picked":"MarkedMod:PinPointDefense","floor":4.0},{"not_picked":["FlyingSleeves","ThirdEye"],"picked":"Replay:AtTheReady","floor":5.0},{"not_picked":["ForeignInfluence","EmptyFist"],"picked":"Prostrate","floor":6.0},{"not_picked":["Replay:Vibes","ThirdEye"],"picked":"MarkedMod:PinPointDefense","floor":7.0}],"player_experience":483705,"relics_obtained":[{"floor":6.0,"key":"Yang"}],"event_choices":[{"damage_healed":0.0,"max_hp_gain":0.0,"max_hp_loss":0.0,"gold_gain":0.0,"event_name":"Match and Keep!","player_choice":"4 cards matched","floor":2.0,"gold_loss":0.0,"damage_taken":0.0,"cards_obtained":["Alpha","Survey Options","Replay:BluntJabs","Indignation"]}],"is_beta":false,"boss_relics":[],"items_purged_floors":[],"is_endless":false,"potions_floor_spawned":[3,4],"killed_by":"Gremlin Nob","ascension_level":1}}