{"host":"uflv0e3ja7hvnij7","time":1610473965,"event":{"mods":["BaseMod","Better Altar","Better Match","Better Note","Better Sensory Stone","Better Skull","Better Third Choice","Marisa????????","Minty Spire (QoL Compilation)","Permanent Neow","Replay The Spire","StSLib"],"gold_per_floor":[113,113,124,124,199,199,218,233,258,275,310,310,310,112,112,211,211,223,223,238,138,154,154,154,154,154,172,272,289,323,44,44,44,44],"floor_reached":33,"playtime":1681,"items_purged":["Strike_R","Strike_R","Defend_R"],"score":396,"play_id":"2ec8aecf-d108-416d-a767-882d95681ca3","local_time":"20210112125245","is_ascension_mode":true,"campfire_choices":[{"data":"Twin Strike","floor":6,"key":"SMITH"},{"data":"Strike_R+1","floor":13,"key":"SMITH"},{"data":"Strike_R+2","floor":15,"key":"SMITH"},{"data":"Defend_R+1","floor":23,"key":"SMITH"},{"data":"Strike_R+3","floor":25,"key":"SMITH"},{"data":"Defend_R+2","floor":32,"key":"SMITH"}],"circlet_count":0,"master_deck":["Strike_R+4","Defend_R","Defend_R+3","Bash","Twin Strike+1","Intimidate+1","Headbutt","Feed","Shrug It Off","Metallicize","Disarm","Berserk","Shockwave+1","Flame Barrier+1"],"relics":["Black Blood","Empty Cage","Simple Rune","Nloth\u0027s Gift","Prayer Wheel","Replay:Wax Seal"],"acts_visited":["Exordium","TheCity"],"potions_floor_usage":[7,11,16,29,30,33,33],"damage_taken":[{"damage":0,"enemies":"2 Louse","floor":1,"turns":3},{"damage":15,"enemies":"Jaw Worm","floor":3,"turns":4},{"damage":0,"enemies":"Small Slimes","floor":7,"turns":2},{"damage":5,"enemies":"Blue Slaver","floor":8,"turns":4},{"damage":8,"enemies":"Looter","floor":10,"turns":3},{"damage":30,"enemies":"Lagavulin","floor":11,"turns":4},{"damage":16,"enemies":"Slime Boss","floor":16,"turns":10},{"damage":3,"enemies":"Spheric Guardian","floor":18,"turns":3},{"damage":19,"enemies":"Shell Parasite","floor":20,"turns":6},{"damage":48,"enemies":"Snecko","floor":22,"turns":7},{"damage":12,"enemies":"Snake Plant","floor":27,"turns":3},{"damage":34,"enemies":"Centurion and Healer","floor":29,"turns":5},{"damage":19,"enemies":"Book of Stabbing","floor":30,"turns":5},{"damage":12,"enemies":"Champ","floor":33,"turns":11}],"seed_played":"-9003794555608825086","potions_obtained":[{"floor":3,"key":"Cursed Concoction"},{"floor":7,"key":"Strength Potion"},{"floor":11,"key":"SkillPotion"},{"floor":16,"key":"Fire Potion"},{"floor":27,"key":"SteroidPotion"}],"is_trial":false,"path_per_floor":["M","?","M","?","?","R","M","M","T","M","E","?","R","$","R","B",null,"M","?","M","$","M","R","?","R","T","M","?","M","E","$","R","B"],"character_chosen":"IRONCLAD","items_purchased":["Feed","Shrug It Off","DistilledChaos","DistilledChaos"],"campfire_rested":0,"item_purchase_floors":[14,14,31,31],"current_hp_per_floor":[78,78,69,69,58,58,64,65,65,63,39,39,39,39,39,32,70,82,82,78,78,42,42,42,42,42,45,45,26,19,19,19,7,7],"gold":44,"neow_bonus":"CURSED_BOSS_RELIC","is_daily":false,"chose_seed":false,"campfire_upgraded":6,"win_rate":0.0,"timestamp":1610473965,"path_taken":["M","?","M","?","?","R","?","M","T","M","E","?","R","$","R","BOSS","M","?","M","$","M","R","?","R","T","M","?","?","E","$","R","BOSS"],"items_purchased_type":["Card","Card","Potion","Potion"],"build_version":"2020-12-22","purchased_purges":3,"victory":false,"max_hp_per_floor":[80,80,80,80,80,80,80,80,80,80,80,80,80,80,80,83,83,86,86,89,89,89,89,89,89,89,92,92,95,95,95,95,95,95],"card_choices":[{"not_picked":["Dark Embrace","Perfected Strike"],"picked":"Twin Strike","floor":1},{"not_picked":["Warcry","Thunderclap","Body Slam"],"picked":"SKIP","floor":3},{"not_picked":["Life Link","ReplayTheSpireMod:Strike From Hell","Carnage"],"picked":"SKIP","floor":7},{"not_picked":["Carnage","Body Slam","Sentinel"],"picked":"SKIP","floor":8},{"not_picked":["Dark Embrace","Iron Wave"],"picked":"Headbutt","floor":10},{"not_picked":["Uppercut","Havoc","Headbutt"],"picked":"SKIP","floor":11},{"not_picked":["Clash","Evolve"],"picked":"Metallicize","floor":18},{"not_picked":["ReplayReversal+1","Body Slam","Uppercut"],"picked":"SKIP","floor":20},{"not_picked":["Iron Wave+1","Wild Strike+1"],"picked":"Disarm","floor":22},{"not_picked":["ReplayTheSpireMod:Strike From Hell","Headbutt"],"picked":"Berserk","floor":27},{"not_picked":["Twin Strike+1","Thunderclap","Inflame+1"],"picked":"SKIP","floor":27},{"not_picked":["Spot Weakness+1","ReplayTheSpireMod:Corrosion Curse"],"picked":"Shockwave+1","floor":29},{"not_picked":["Havoc","Flex","Clothesline"],"picked":"SKIP","floor":29},{"not_picked":["Burning Pact","Juggernaut"],"picked":"Flame Barrier+1","floor":30}],"player_experience":554936,"relics_obtained":[{"floor":9,"key":"Pet Ghost"},{"floor":11,"key":"Simple Rune"},{"floor":26,"key":"Prayer Wheel"},{"floor":30,"key":"Replay:Wax Seal"}],"event_choices":[{"damage_healed":0,"gold_gain":0,"player_choice":"Ignored","damage_taken":124,"max_hp_gain":0,"max_hp_loss":0,"event_name":"betterThird:BetterSerpent","floor":4,"gold_loss":0},{"damage_healed":0,"gold_gain":75,"player_choice":"Gold","damage_taken":11,"max_hp_gain":0,"max_hp_loss":0,"event_name":"betterThird:BetterGoop","floor":5,"gold_loss":0},{"cards_removed":["ReplayTheSpireMod:Restless Dread"],"damage_healed":0,"gold_gain":0,"player_choice":"Forget","damage_taken":0,"max_hp_gain":0,"max_hp_loss":0,"event_name":"Living Wall","floor":12,"gold_loss":0},{"damage_healed":0,"gold_gain":0,"player_choice":"Traded Relic","damage_taken":0,"relics_obtained":["Nloth\u0027s Gift"],"max_hp_gain":0,"max_hp_loss":0,"event_name":"N\u0027loth","floor":19,"relics_lost":["Pet Ghost"],"gold_loss":0},{"damage_healed":0,"gold_gain":0,"player_choice":"Ignored","damage_taken":0,"max_hp_gain":0,"max_hp_loss":0,"event_name":"betterNote:BetterNote","floor":24,"gold_loss":0,"cards_obtained":["ReplayTheSpireMod:Strike From Hell"]},{"damage_healed":0,"gold_gain":100,"player_choice":"Pray","damage_taken":0,"max_hp_gain":0,"max_hp_loss":0,"event_name":"Golden Shrine","floor":28,"gold_loss":0}],"is_beta":false,"boss_relics":[{"not_picked":["ChewingGum","Cursed Key"],"picked":"Black Blood"}],"items_purged_floors":[14,21,31],"is_endless":false,"potions_floor_spawned":[3,7,11,16,27],"killed_by":"Champ","ascension_level":8}}