{"host":"bf9sa99gaumonoeu","time":1610489125,"event":{"mods":["AchievementEnabler","Act Like it!","BaseMod","Better Sensory Stone","Colored Map","Colored Powertips","Fox Events","Friendly Minions","Gensokyo","GifTheSpireLib","Googly Eyes","Hallownest","Hermit","Jorbs\u0027s Wanderer Trilogy","KinomotoSakuraMod(????)","Koishi","Lobotomy","Marisa????????","Minty Spire (QoL Compilation)","Rare Cards Sparkle","Reimu??????","Relic Stats","Remilia??????","Replay The Spire","StSLib","The Administrix","The Animator","The Bug Knight","The Construct","The Cursed","The Disciple","The Hierophant","The Mystic","The Necromancer","The Poker Player","The Runesmith","The Senshi","The Servant 0.9.4","TheLocksmith","thorton"],"gold_per_floor":[127,143,143,169,192,192,211,211,211,246,262,262,262,262,262,360,360,388,11,30,30,30,30,89,109,109,109,109,156,156,232,232,303,303,321,291,88,106,106,106,120,120,143,172,185,213,213,0,0,0],"floor_reached":51,"language":"ENG","playtime":3109,"items_purged":["animator:Strike","animator:Defend"],"score":1169,"play_id":"c0c82ccd-0690-417f-850e-d8804bd479bb","local_time":"20210112200525","is_ascension_mode":true,"campfire_choices":[{"data":"animator:Mitsurugi","floor":6,"key":"SMITH"},{"floor":8,"key":"REST"},{"floor":15,"key":"REST"},{"floor":23,"key":"REST"},{"data":"animator:Eris","floor":27,"key":"SMITH"},{"data":"animator:Sebas","floor":30,"key":"SMITH"},{"data":"animator:Alexander","floor":32,"key":"SMITH"},{"data":"animator:Verdia","floor":40,"key":"SMITH"},{"floor":47,"key":"REST"},{"data":"animator:Chung","floor":49,"key":"SMITH"}],"circlet_count":0,"master_deck":["AscendersBane","animator:Strike_Overlord","animator:Defend_Overlord","animator:Strike","animator:Strike","animator:Defend","animator:Defend","animator:Cocytus","animator:Demiurge","animator:Entoma+6","animator:Chung+1","animator:Mitsurugi+1","animator:Cocytus","animator:Alexander+1","animator:Sebas+1","animator:Eris+1","animator:Megumin+11","animator:Verdia+1","animator:Darkness","Hallownest:curseDreamersLament","animator:NarberalGamma+1","animator:Aqua+1","animator:Mitsurugi+1","animator:Sebas+1","animator:Vesta+1"],"relics":["animator:LivingPicture","animator:TheMissingPiece","Bloody Idol","Gambling Chip","White Beast Statue","Mercury Hourglass","SlaversCollar","construct:FoamFinger","Molten Egg 2","Anchor","Incense Burner","RuthlessExorcism:ReiMu","Replay:WaspNest","Runic Dome","Omamori","Tea:ReiMu","War Paint"],"acts_visited":["Exordium","TheCity","TheBeyond"],"potions_floor_usage":[7,16,18,19,20,24,25,29,45,50],"damage_taken":[{"damage":9,"enemies":"Small Slimes","floor":1,"turns":3},{"damage":0,"enemies":"2 Louse","floor":2,"turns":3},{"damage":0,"enemies":"Jaw Worm","floor":4,"turns":3},{"damage":1,"enemies":"Looter","floor":5,"turns":3},{"damage":8,"enemies":"Gremlin Gang","floor":7,"turns":4},{"damage":30,"enemies":"3 Sentries","floor":10,"turns":7},{"damage":0,"enemies":"2 Fungi Beasts","floor":11,"turns":4},{"damage":34,"enemies":"The Guardian","floor":16,"turns":11},{"damage":34,"enemies":"Shell Parasite","floor":18,"turns":7},{"damage":14,"enemies":"2 Thieves","floor":20,"turns":5},{"damage":8,"enemies":"Slavers","floor":24,"turns":3},{"damage":2,"enemies":"Centurion and Healer","floor":25,"turns":8},{"damage":30,"enemies":"Book of Stabbing","floor":29,"turns":5},{"damage":59,"enemies":"Collector","floor":33,"turns":10},{"damage":1,"enemies":"Orb Walker","floor":35,"turns":3},{"damage":11,"enemies":"3 Darklings","floor":38,"turns":3},{"damage":32,"enemies":"Maw","floor":41,"turns":8},{"damage":27,"enemies":"Nemesis","floor":44,"turns":5},{"damage":34,"enemies":"Writhing Mass","floor":45,"turns":5},{"damage":0,"enemies":"4 Shapes","floor":46,"turns":2},{"damage":72,"enemies":"Awakened One","floor":50,"turns":10}],"seed_played":"6655605331988512042","potions_obtained":[{"floor":2,"key":"animator:FalseLifePotion"},{"floor":7,"key":"Ancient Potion"},{"floor":11,"key":"GamblersBrew"},{"floor":16,"key":"Fire Potion"},{"floor":18,"key":"Fruit Juice"},{"floor":20,"key":"Weak Potion"},{"floor":24,"key":"SpeedPotion"},{"floor":25,"key":"Regen Potion"},{"floor":29,"key":"GrandPatriotsElixir:ReiMu"},{"floor":36,"key":"Doom Potion"},{"floor":45,"key":"AttackPotion"},{"floor":46,"key":"PowerPotion"}],"is_trial":false,"path_per_floor":["M","M","?","M","M","R","M","R","T","E","M","?","?","T","R","B",null,"M","$","M","?","?","R","E","M","T","R","?","E","R","T","R","B",null,"M","?","$","M","?","R","M","?","T","E","M","M","R","$","R","B",null],"character_chosen":"THE_ANIMATOR","items_purchased":["construct:FoamFinger","Weak Potion","FairyPotion","animator:Eris","War Paint"],"campfire_rested":4,"item_purchase_floors":[19,19,37,48,48],"current_hp_per_floor":[50,52,35,35,34,34,28,49,49,19,22,22,22,22,43,10,58,27,32,24,24,24,48,55,63,63,63,63,63,63,68,68,20,70,82,82,82,85,85,85,61,81,86,73,53,69,98,98,98,29],"gold":0,"neow_bonus":"THREE_CARDS","is_daily":false,"chose_seed":true,"campfire_upgraded":6,"win_rate":0.0,"timestamp":1610489125,"path_taken":["M","M","?","M","M","R","M","R","T","E","M","?","?","?","R","BOSS","M","$","?","?","?","R","E","M","T","R","?","E","R","?","R","BOSS","M","?","?","?","?","R","M","?","T","E","M","M","R","$","R","BOSS"],"items_purchased_type":["Relic","Potion","Potion","Card","Relic"],"build_version":"2020-12-22","purchased_purges":2,"victory":true,"max_hp_per_floor":[66,68,68,68,68,68,70,70,70,70,73,73,73,73,73,74,74,74,79,82,82,82,82,84,86,86,86,86,86,86,86,86,86,86,88,88,88,88,88,88,88,98,98,98,98,98,98,98,98,98],"relic_stats":{"counters":[21,112],"Bloody Idol":75,"Gambling Chip":[51],"War Paint":["animator:NarberalGamma","animator:Sebas"],"obtain_stats":[{"construct:FoamFinger":19,"Golden Idol":3,"animator:TheMissingPiece":0,"Tea:ReiMu":44,"Replay:WaspNest":31,"Incense Burner":28,"Omamori":43,"War Paint":48,"White Beast Statue":10,"Mercury Hourglass":14,"SlaversCollar":17,"Runic Dome":34,"Anchor":26,"Gambling Chip":9,"Bloody Idol":21,"Molten Egg 2":24,"animator:LivingPicture":0,"RuthlessExorcism:ReiMu":29},{"construct:FoamFinger":9,"Golden Idol":2,"animator:TheMissingPiece":0,"Tea:ReiMu":18,"Replay:WaspNest":13,"Incense Burner":12,"Omamori":17,"War Paint":20,"White Beast Statue":6,"Mercury Hourglass":7,"SlaversCollar":8,"Runic Dome":14,"Anchor":12,"Gambling Chip":5,"Bloody Idol":10,"Molten Egg 2":11,"animator:LivingPicture":0,"RuthlessExorcism:ReiMu":13},{"construct:FoamFinger":45,"Golden Idol":6,"animator:TheMissingPiece":0,"Tea:ReiMu":95,"Replay:WaspNest":66,"Incense Burner":61,"Omamori":90,"War Paint":102,"White Beast Statue":23,"Mercury Hourglass":27,"SlaversCollar":38,"Runic Dome":76,"Anchor":61,"Gambling Chip":16,"Bloody Idol":50,"Molten Egg 2":53,"animator:LivingPicture":0,"RuthlessExorcism:ReiMu":66}],"Mercury Hourglass":[327]},"card_choices":[{"not_picked":["animator:Spearman","animator:Benimaru"],"picked":"animator:Entoma","floor":0},{"not_picked":["animator:ShinjiMatou","animator:Kazuma"],"picked":"animator:Chung","floor":1},{"not_picked":["animator:DwarfShaman","animator:Assassin","animator:ShizuruNakatsu"],"picked":"SKIP","floor":2},{"not_picked":["animator:Kazuma","animator:Spearman"],"picked":"animator:Mitsurugi","floor":4},{"not_picked":["animator:Entoma","animator:NarberalGamma"],"picked":"animator:Cocytus","floor":5},{"not_picked":["animator:Berserker","animator:ShinjiMatou"],"picked":"animator:Alexander","floor":7},{"not_picked":["animator:DwarfShaman","animator:Benimaru","animator:Demiurge"],"picked":"SKIP","floor":10},{"not_picked":["animator:Aisha","animator:LizardPriest"],"picked":"animator:Sebas","floor":11},{"not_picked":["animator:Rimuru","animator:SwordMaiden"],"picked":"animator:Eris","floor":16},{"not_picked":["animator:Chris","animator:Vanir"],"picked":"animator:Megumin","floor":18},{"not_picked":["animator:ShinjiMatou+1","animator:ToukaNishikujou+1"],"picked":"animator:Verdia","floor":20},{"not_picked":["animator:Shuna","animator:Kagari"],"picked":"animator:Darkness","floor":24},{"not_picked":["animator:Millim+1","animator:Shuna","animator:Benimaru+1"],"picked":"SKIP","floor":25},{"not_picked":["animator:Demiurge","animator:Entoma+1"],"picked":"animator:NarberalGamma","floor":29},{"not_picked":["animator:Add+1","animator:DwarfShaman+1"],"picked":"animator:Aqua+1","floor":35},{"not_picked":["animator:Chibimoth","animator:SakuyaOhtori","animator:Shuna"],"picked":"SKIP","floor":38},{"not_picked":["animator:LizardPriest+1","animator:Add"],"picked":"animator:Mitsurugi+1","floor":41},{"not_picked":["animator:Cocytus+1","animator:NarberalGamma"],"picked":"animator:Sebas","floor":44},{"not_picked":["animator:Shimako","animator:Spearman+1","animator:NarberalGamma+1"],"picked":"SKIP","floor":45},{"not_picked":["animator:ToukaNishikujou","animator:Ain+1"],"picked":"animator:Vesta+1","floor":46}],"player_experience":928561,"relics_obtained":[{"floor":9,"key":"Gambling Chip"},{"floor":10,"key":"White Beast Statue"},{"floor":14,"key":"Mercury Hourglass"},{"floor":24,"key":"Molten Egg 2"},{"floor":26,"key":"Anchor"},{"floor":29,"key":"RuthlessExorcism:ReiMu"},{"floor":31,"key":"Replay:WaspNest"},{"floor":43,"key":"Omamori"},{"floor":44,"key":"Tea:ReiMu"}],"event_choices":[{"damage_healed":0,"gold_gain":0,"player_choice":"Take Damage","damage_taken":17,"relics_obtained":["Golden Idol"],"max_hp_gain":0,"max_hp_loss":0,"event_name":"Golden Idol","floor":3,"gold_loss":0},{"damage_healed":0,"gold_gain":0,"player_choice":"Ignored","damage_taken":0,"max_hp_gain":0,"max_hp_loss":0,"event_name":"Shining Light","floor":12,"gold_loss":0},{"damage_healed":0,"gold_gain":0,"player_choice":"Searched \u00270\u0027 times","damage_taken":0,"max_hp_gain":0,"max_hp_loss":0,"event_name":"Dead Adventurer","floor":13,"gold_loss":0},{"damage_healed":0,"gold_gain":0,"player_choice":"Gave Idol","damage_taken":0,"relics_obtained":["Bloody Idol"],"max_hp_gain":0,"max_hp_loss":0,"event_name":"Forgotten Altar","floor":21,"relics_lost":["Golden Idol"],"gold_loss":0},{"damage_healed":0,"gold_gain":0,"player_choice":"Bought 2 Potions","damage_taken":0,"max_hp_gain":0,"max_hp_loss":0,"event_name":"The Woman in Blue","floor":36,"gold_loss":0}],"is_beta":false,"boss_relics":[{"not_picked":["Astrolabe","Black Star"],"picked":"SlaversCollar"},{"not_picked":["Abe\u0027s Treasure","Empty Cage"],"picked":"Runic Dome"}],"items_purged_floors":[19,37],"is_endless":false,"potions_floor_spawned":[2,7,11,16,18,20,24,25,29,33,35,38,41,44,45,46],"ascension_level":13}}