{"host":"wg33yb1rgt3nbe17","time":1610440764,"event":{"mods":["AchievementEnabler","BaseMod","Colored Map","Minty Spire (QoL Compilation)","Permanent Neow","Relic Stats","StSLib"],"gold_per_floor":[368,78,78,97,172,172,190,190,190,190,233,233,233,233,233,322,322,346,371,371,371,371,371,389,389,415,415,434,10,10,28,28,28,28],"floor_reached":33,"playtime":663,"items_purged":["Shame"],"score":592,"play_id":"7f92486c-11a0-4582-8870-0f727fd56c51","local_time":"20210112033924","is_ascension_mode":true,"campfire_choices":[{"floor":6.0,"key":"REST"},{"data":"Rage","floor":8.0,"key":"SMITH"},{"data":"Perfected Strike","floor":10.0,"key":"SMITH"},{"data":"Warcry","floor":15,"key":"SMITH"},{"data":"Whirlwind","floor":23,"key":"SMITH"},{"floor":25,"key":"REST"},{"data":"Bash","floor":27,"key":"SMITH"},{"data":"Headbutt","floor":30,"key":"SMITH"},{"data":"Dropkick","floor":32,"key":"SMITH"}],"circlet_count":0,"master_deck":["AscendersBane","Defend_R","Defend_R","Defend_R","Bash+1","Perfected Strike","Perfected Strike+1","Anger","Rage+1","Dropkick+1","Warcry+1","Reaper","Bite","Bite","Bite","Bite","Bite","Whirlwind+1","Headbutt+1"],"relics":["Burning Blood","Brimstone","Bloody Idol","The Courier","Bottled Lightning","Singing Bowl","Runic Pyramid","Art of War","Lee\u0027s Waffle","Pear"],"acts_visited":["Exordium","TheCity"],"potions_floor_usage":[24,28,33,33],"damage_taken":[{"damage":20.0,"enemies":"Small Slimes","floor":1.0,"turns":3.0},{"damage":7.0,"enemies":"2 Louse","floor":4.0,"turns":2.0},{"damage":0.0,"enemies":"Cultist","floor":7.0,"turns":2.0},{"damage":10.0,"enemies":"Gremlin Nob","floor":11.0,"turns":3.0},{"damage":0,"enemies":"Slime Boss","floor":16,"turns":6},{"damage":8,"enemies":"Spheric Guardian","floor":18,"turns":3},{"damage":49,"enemies":"Shell Parasite","floor":19,"turns":4},{"damage":41,"enemies":"Snecko","floor":24,"turns":4},{"damage":42,"enemies":"Snake Plant","floor":28,"turns":3},{"damage":16,"enemies":"Centurion and Healer","floor":31,"turns":3},{"damage":111,"enemies":"Automaton","floor":33,"turns":6}],"seed_played":"2989627317155366916","potions_obtained":[{"floor":1.0,"key":"LiquidMemories"},{"floor":4.0,"key":"Explosive Potion"},{"floor":16,"key":"Ancient Potion"},{"floor":19,"key":"Energy Potion"},{"floor":24,"key":"PowerPotion"}],"is_trial":false,"path_per_floor":["M","$","?","M","?","R","M","R","T","R","E","?","?","?","R","B",null,"M","M","?","?","?","R","M","R","T","R","M","$","R","M","R","B"],"character_chosen":"IRONCLAD","items_purchased":["Brimstone","Perfected Strike","Lee\u0027s Waffle","Pear","PowerPotion","Headbutt"],"campfire_rested":2,"item_purchase_floors":[2,2,29,29,29,29],"current_hp_per_floor":[54,54,54,53,42,62,68,68,68,68,64,64,57,57,57,63,67,67,27,27,27,27,27,19,34,39,39,28,71,71,72,72,0,0],"gold":28,"neow_bonus":"TWO_FIFTY_GOLD","is_daily":false,"chose_seed":false,"campfire_upgraded":7,"win_rate":0.0,"timestamp":1610440764,"path_taken":["M","$","?","M","?","R","M","R","T","R","E","?","?","?","R","BOSS","M","?","?","?","?","R","M","R","T","R","M","$","R","?","R","BOSS"],"items_purchased_type":["Relic","Card","Relic","Relic","Potion","Card"],"build_version":"2020-12-22","purchased_purges":1,"victory":false,"max_hp_per_floor":[75,75,68,68,68,68,68,68,68,68,68,68,68,68,68,68,68,70,72,50,50,50,50,52,52,52,52,54,71,71,73,73,73,73],"relic_stats":{"Lee\u0027s Waffle":33,"Singing Bowl":10,"counters":[11,39],"Bloody Idol":20,"Art of War":[0],"obtain_stats":[{"Lee\u0027s Waffle":29,"Pear":29,"Singing Bowl":12,"Brimstone":2,"Golden Idol":3,"Bloody Idol":22,"The Courier":9,"Art of War":26,"Bottled Lightning":11,"Burning Blood":0,"Runic Pyramid":17},{"Lee\u0027s Waffle":9,"Pear":9,"Singing Bowl":4,"Brimstone":1,"Golden Idol":1,"Bloody Idol":7,"The Courier":3,"Art of War":8,"Bottled Lightning":4,"Burning Blood":0,"Runic Pyramid":5},{"Lee\u0027s Waffle":30,"Pear":30,"Singing Bowl":10,"Brimstone":3,"Golden Idol":3,"Bloody Idol":23,"The Courier":7,"Art of War":27,"Bottled Lightning":10,"Burning Blood":0,"Runic Pyramid":16}],"Burning Blood":60},"card_choices":[{"not_picked":["Havoc","Wild Strike"],"picked":"Perfected Strike","floor":1.0},{"not_picked":["Uppercut","Power Through"],"picked":"Anger","floor":4.0},{"not_picked":["Clash","Iron Wave"],"picked":"Rage","floor":7.0},{"not_picked":["Rampage","Thunderclap"],"picked":"Dropkick","floor":11},{"not_picked":["Double Tap","Exhume"],"picked":"Reaper","floor":16},{"not_picked":["Feel No Pain","Heavy Blade","Inflame"],"picked":"Singing Bowl","floor":18},{"not_picked":["Shrug It Off","Power Through","Perfected Strike+1"],"picked":"Singing Bowl","floor":19},{"not_picked":["Sword Boomerang","Dropkick","Battle Trance"],"picked":"Singing Bowl","floor":24},{"not_picked":["Cleave","Sever Soul","Perfected Strike"],"picked":"Singing Bowl","floor":28},{"not_picked":["Twin Strike","Carnage","Clash"],"picked":"Singing Bowl","floor":31}],"player_experience":560528,"relics_obtained":[{"floor":9.0,"key":"The Courier"},{"floor":11,"key":"Bottled Lightning"},{"floor":26,"key":"Art of War"}],"event_choices":[{"damage_healed":0.0,"max_hp_gain":0.0,"max_hp_loss":7.0,"gold_gain":0.0,"event_name":"Golden Idol","player_choice":"Lose Max HP","floor":3.0,"gold_loss":0.0,"damage_taken":0.0,"relics_obtained":["Golden Idol"]},{"damage_healed":0.0,"max_hp_gain":0.0,"max_hp_loss":0.0,"gold_gain":75.0,"event_name":"World of Goop","player_choice":"Gather Gold","floor":5.0,"gold_loss":0.0,"damage_taken":11.0},{"damage_healed":0,"gold_gain":0,"player_choice":"Searched \u00271\u0027 times","damage_taken":0,"relics_obtained":["Singing Bowl"],"max_hp_gain":0,"max_hp_loss":0,"event_name":"Dead Adventurer","floor":12,"gold_loss":0},{"cards_removed":["Defend_R"],"damage_healed":0,"gold_gain":0,"player_choice":"Card Removal","damage_taken":7,"max_hp_gain":0,"max_hp_loss":0,"event_name":"Golden Wing","floor":13,"gold_loss":0},{"damage_healed":0,"gold_gain":0,"player_choice":"1 cards matched","damage_taken":0,"max_hp_gain":0,"max_hp_loss":0,"event_name":"Match and Keep!","floor":14,"gold_loss":0,"cards_obtained":["Warcry"]},{"damage_healed":0,"gold_gain":0,"player_choice":"Became a vampire","damage_taken":0,"max_hp_gain":0,"max_hp_loss":22,"event_name":"Vampires","floor":20,"gold_loss":0,"cards_obtained":["Bite","Bite","Bite","Bite","Bite"]},{"damage_healed":0,"gold_gain":0,"player_choice":"Read","damage_taken":0,"max_hp_gain":0,"max_hp_loss":0,"event_name":"The Library","floor":21,"gold_loss":0,"cards_obtained":["Whirlwind"]},{"damage_healed":0,"gold_gain":0,"player_choice":"Gave Idol","damage_taken":0,"relics_obtained":["Bloody Idol"],"max_hp_gain":0,"max_hp_loss":0,"event_name":"Forgotten Altar","floor":22,"relics_lost":["Golden Idol"],"gold_loss":0}],"is_beta":false,"boss_relics":[{"not_picked":["Snecko Eye","Runic Cube"],"picked":"Runic Pyramid"}],"items_purged_floors":[2],"is_endless":false,"potions_floor_spawned":[1,4,11,16,19,24],"killed_by":"Automaton","ascension_level":19}}