{"host":"l15sdf2mmi0nobpi","time":1610430303,"event":{"mods":["100% Spire Juice","BaseMod","Highlight Path","Minty Spire (QoL Compilation)","Quick Restart","StSLib","¡¾¹¦ÄÜMod¡¿Neow½±Àø"],"gold_per_floor":[117,192,8,20,40,74,12,28,28,28,42,59,59,84,84,187,187,206,206,206],"floor_reached":19,"playtime":748,"items_purged":["Moonworks:Strike","Moonworks:Strike"],"score":279,"play_id":"2aab6c4d-93cd-4ce2-b649-a1584d62b18a","local_time":"20210112134503","is_ascension_mode":true,"campfire_choices":[{"data":"Moonworks:EvilSpyWorkPreparation","floor":10.0,"key":"SMITH"},{"floor":13.0,"key":"REST"},{"data":"Moonworks:AnotherUltimateWeapon","floor":15.0,"key":"SMITH"}],"circlet_count":0,"master_deck":["Moonworks:Strike","Moonworks:Strike","Moonworks:Defend","Moonworks:Defend","Moonworks:Defend","Moonworks:Defend","Moonworks:Ambush","Moonworks:LongDistanceShot","Moonworks:JonathanRush","Moonworks:FullSpeedAlicianrone","Moonworks:AnotherUltimateWeapon+1","Moonworks:EvilSpyWorkPreparation+1","Moonworks:CloudOfSeagulls","Moonworks:JonathanRush","Moonworks:MiracleWalker","Moonworks:LulusLuckyEgg","Moonworks:Gamble","Moonworks:Gamble","Moonworks:SealedMemories"],"relics":["Moonworks:BrokenBomb","Moonworks:Homemark","Ginger","Membership Card","Regal Pillow","Bottled Lightning","Sozu"],"acts_visited":["Exordium","TheCity"],"potions_floor_usage":[],"damage_taken":[{"damage":0.0,"enemies":"2 Louse","floor":1.0,"turns":2.0},{"damage":0.0,"enemies":"Cultist","floor":4.0,"turns":3.0},{"damage":4.0,"enemies":"Jaw Worm","floor":5.0,"turns":4.0},{"damage":23.0,"enemies":"Gremlin Nob","floor":6.0,"turns":4.0},{"damage":3.0,"enemies":"Exordium Wildlife","floor":8.0,"turns":3.0},{"damage":16.0,"enemies":"Blue Slaver","floor":11.0,"turns":3.0},{"damage":0.0,"enemies":"3 Louse","floor":12.0,"turns":3.0},{"damage":22.0,"enemies":"Lagavulin","floor":14.0,"turns":7.0},{"damage":0.0,"enemies":"Hexaghost","floor":16.0,"turns":1.0},{"damage":0.0,"enemies":"Spheric Guardian","floor":18.0,"turns":2.0},{"damage":1006,"enemies":"Shell Parasite","floor":19,"turns":2}],"seed_played":"35994700369471839","potions_obtained":[{"floor":6.0,"key":"CultistPotion"},{"floor":8.0,"key":"SpeedPotion"},{"floor":11.0,"key":"EssenceOfSteel"},{"floor":14.0,"key":"Fire Potion"}],"is_trial":false,"path_per_floor":["M","?","$","M","M","E","$","M","T","R","M","M","R","E","R","B",null,"M","M"],"character_chosen":"THE_STARBREAKER","items_purchased":["Membership Card","Moonworks:CloudOfSeagulls"],"campfire_rested":1,"item_purchase_floors":[3,7],"current_hp_per_floor":[54,49,49,49,45,22,22,19,19,19,3,3,34,12,12,12,54,54,0,0],"gold":206,"neow_bonus":"ONE_RARE_RELIC","is_daily":false,"chose_seed":false,"campfire_upgraded":2,"win_rate":0.0,"timestamp":1610430303,"path_taken":["M","?","$","M","?","E","$","M","T","R","M","M","R","E","R","BOSS","M","M"],"items_purchased_type":["Relic","Card"],"build_version":"2020-12-22","purchased_purges":2,"victory":false,"max_hp_per_floor":[54,54,54,54,54,54,54,54,54,54,54,54,54,54,54,54,54,54,54,54],"card_choices":[{"not_picked":["Moonworks:EvilSpyWorkPreparation","Moonworks:AngelHand"],"picked":"Moonworks:JonathanRush","floor":1.0},{"not_picked":["Moonworks:DeployBits","Moonworks:NicePresent"],"picked":"Moonworks:FullSpeedAlicianrone","floor":4.0},{"not_picked":["Moonworks:ImOnFire","Moonworks:LuckyCharm"],"picked":"Moonworks:AnotherUltimateWeapon","floor":5.0},{"not_picked":["Moonworks:Bloodlust","Moonworks:CompletionReward"],"picked":"Moonworks:EvilSpyWorkPreparation","floor":6.0},{"not_picked":["Moonworks:MixPhenomenon","Moonworks:ImOnFire"],"picked":"Moonworks:JonathanRush","floor":8.0},{"not_picked":["Moonworks:BigMagnum","Moonworks:EvilSpyWorkPreparation"],"picked":"Moonworks:MiracleWalker","floor":11.0},{"not_picked":["Moonworks:RagingMadness","Moonworks:IndiscriminateFireSupport"],"picked":"Moonworks:LulusLuckyEgg","floor":12.0},{"not_picked":["Moonworks:DevilHand","Moonworks:FinalSurgery"],"picked":"Moonworks:Gamble","floor":14.0},{"not_picked":["Moonworks:ShieldCounter","Moonworks:SubspaceTunnel"],"picked":"Moonworks:Gamble","floor":16.0},{"not_picked":["Moonworks:NicePresent","Moonworks:DeployBits+1"],"picked":"Moonworks:SealedMemories","floor":18.0}],"player_experience":464822,"relics_obtained":[{"floor":6.0,"key":"Regal Pillow"},{"floor":14.0,"key":"Bottled Lightning"}],"event_choices":[{"damage_healed":0.0,"max_hp_gain":0.0,"max_hp_loss":0.0,"gold_gain":75.0,"event_name":"FaceTrader","player_choice":"Touch","floor":2.0,"gold_loss":0.0,"damage_taken":5.0}],"is_beta":false,"boss_relics":[{"not_picked":["Empty Cage","Calling Bell"],"picked":"Sozu"}],"items_purged_floors":[3,7],"is_endless":false,"potions_floor_spawned":[6,8,11,14],"killed_by":"Shell Parasite","ascension_level":2}}