{"host":"a5lz0e76zb3fcwkm","time":1610460610,"event":{"mods":["AchievementEnabler","BaseMod","Colored Map","Colored Powertips","Minty Spire (QoL Compilation)","StSLib","SuperFastMode"],"gold_per_floor":[115,40,40,115,40,40,69,69,95,111,111,111,139,158,158,232,232,232,232,232,232,232,232],"floor_reached":22,"playtime":315,"items_purged":["Strike_R"],"score":430,"play_id":"1a5c1021-6e24-4af5-a75d-cc2d3749b18f","local_time":"20210112231010","is_ascension_mode":true,"campfire_choices":[{"data":"Wild Strike","floor":6.0,"key":"SMITH"},{"data":"Warcry","floor":8.0,"key":"SMITH"},{"data":"Rampage","floor":15.0,"key":"SMITH"}],"circlet_count":0,"master_deck":["AscendersBane","Strike_R","Strike_R","Defend_R","Defend_R","Defend_R","Defend_R","Bash","Wild Strike+1","Warcry+1","Demon Form+1","Rampage+1","Feed","Pummel","Twin Strike"],"relics":["Burning Blood","NeowsBlessing","Bag of Preparation","Toy Ornithopter","The Courier","Frozen Egg 2","Ectoplasm","Enchiridion"],"acts_visited":["Exordium","TheCity"],"potions_floor_usage":[16,18],"damage_taken":[{"damage":0.0,"enemies":"Small Slimes","floor":1.0,"turns":1.0},{"damage":0.0,"enemies":"3 Sentries","floor":7.0,"turns":1.0},{"damage":0.0,"enemies":"2 Louse","floor":10.0,"turns":1.0},{"damage":8.0,"enemies":"Gremlin Nob","floor":13.0,"turns":3.0},{"damage":14.0,"enemies":"Jaw Worm","floor":14.0,"turns":3.0},{"damage":39,"enemies":"The Guardian","floor":16,"turns":8},{"damage":22,"enemies":"3 Byrds","floor":18,"turns":5},{"damage":27,"enemies":"Shell Parasite","floor":20,"turns":3},{"damage":16,"enemies":"Masked Bandits","floor":22,"turns":2}],"seed_played":"-1602460565568328665","potions_obtained":[{"floor":10.0,"key":"Explosive Potion"},{"floor":13.0,"key":"AttackPotion"},{"floor":14.0,"key":"ColorlessPotion"}],"is_trial":false,"path_per_floor":["M","?","?","?","$","R","E","R","T","M","?","?","E","M","R","B",null,"M","?","M","?","?"],"character_chosen":"IRONCLAD","items_purchased":[],"campfire_rested":0,"item_purchase_floors":[],"current_hp_per_floor":[74,74,79,68,68,68,74,74,74,80,73,55,58,50,50,22,66,58,58,37,16,0,0],"gold":232,"neow_bonus":"THREE_ENEMY_KILL","is_daily":false,"chose_seed":false,"campfire_upgraded":3,"win_rate":0.0,"timestamp":1610460610,"path_taken":["M","?","?","?","$","R","E","R","T","M","?","?","E","M","R","BOSS","M","?","M","?","?"],"items_purchased_type":[],"build_version":"2020-12-22","purchased_purges":1,"victory":false,"max_hp_per_floor":[75,75,80,80,80,80,80,80,80,80,80,80,80,80,80,80,80,83,83,83,83,83,83],"card_choices":[{"not_picked":["Warcry","True Grit"],"picked":"Wild Strike","floor":1.0},{"not_picked":["Inflame","Searing Blow"],"picked":"Warcry","floor":7.0},{"not_picked":["Anger","Pummel","Sword Boomerang"],"picked":"SKIP","floor":10.0},{"not_picked":["True Grit","Iron Wave"],"picked":"Demon Form+1","floor":13.0},{"not_picked":["Rupture+1","Perfected Strike"],"picked":"Rampage","floor":14.0},{"not_picked":["Berserk+1","Brutality+1"],"picked":"Feed","floor":16},{"not_picked":["Power Through","Intimidate"],"picked":"Pummel","floor":18},{"not_picked":["Bloodletting","Metallicize+1"],"picked":"Twin Strike","floor":20}],"player_experience":1720274,"relics_obtained":[{"floor":7.0,"key":"Bag of Preparation"},{"floor":9.0,"key":"Toy Ornithopter"},{"floor":13.0,"key":"Frozen Egg 2"},{"floor":21,"key":"Enchiridion"}],"event_choices":[{"cards_removed":["Strike_R"],"damage_healed":0.0,"max_hp_gain":0.0,"max_hp_loss":0.0,"gold_gain":0.0,"event_name":"The Cleric","player_choice":"Card Removal","floor":2.0,"gold_loss":75.0,"damage_taken":0.0},{"damage_healed":0.0,"max_hp_gain":5.0,"max_hp_loss":0.0,"gold_gain":0.0,"event_name":"Big Fish","player_choice":"Donut","floor":3.0,"gold_loss":0.0,"damage_taken":0.0},{"damage_healed":0.0,"max_hp_gain":0.0,"max_hp_loss":0.0,"gold_gain":75.0,"event_name":"World of Goop","player_choice":"Gather Gold","floor":4.0,"gold_loss":0.0,"damage_taken":11.0},{"cards_removed":["Strike_R"],"damage_healed":0.0,"max_hp_gain":0.0,"max_hp_loss":0.0,"gold_gain":0.0,"event_name":"Golden Wing","player_choice":"Card Removal","floor":11.0,"gold_loss":0.0,"damage_taken":7.0},{"damage_healed":0.0,"max_hp_gain":0.0,"max_hp_loss":0.0,"gold_gain":0.0,"event_name":"Scrap Ooze","player_choice":"Success","floor":12.0,"gold_loss":0.0,"damage_taken":18.0,"relics_obtained":["The Courier"]},{"damage_healed":0,"gold_gain":0,"player_choice":"Ignored","damage_taken":0,"max_hp_gain":0,"max_hp_loss":0,"event_name":"Ghosts","floor":19,"gold_loss":0},{"damage_healed":0,"gold_gain":0,"player_choice":"Obtained Book","damage_taken":21,"max_hp_gain":0,"max_hp_loss":0,"event_name":"Cursed Tome","floor":21,"gold_loss":0},{"damage_healed":0,"gold_gain":0,"player_choice":"Fought Bandits","damage_taken":0,"max_hp_gain":0,"max_hp_loss":0,"event_name":"Masked Bandits","floor":22,"gold_loss":0}],"is_beta":false,"boss_relics":[{"not_picked":["Busted Crown","Runic Dome"],"picked":"Ectoplasm"}],"items_purged_floors":[5],"is_endless":false,"potions_floor_spawned":[10,13,14],"killed_by":"Masked Bandits","ascension_level":20}}