{"host":"uflv0e3ja7hvnij7","time":1610492004,"event":{"mods":["BaseMod","Better Altar","Better Match","Better Note","Better Sensory Stone","Better Skull","Better Third Choice","Marisa????????","Minty Spire (QoL Compilation)","Permanent Neow","Replay The Spire","StSLib"],"gold_per_floor":[112,124,124,124,124,124,167,15,15,31,31,31,46,70,70,199,199,124,124],"floor_reached":18,"language":"ENG","playtime":822,"items_purged":[],"score":224,"play_id":"36b1e143-ab9e-478d-a65f-ad09e34b85fc","local_time":"20210112175324","is_ascension_mode":true,"campfire_choices":[{"floor":6,"key":"REST"},{"floor":12,"key":"REST"},{"floor":15,"key":"REST"}],"circlet_count":0,"master_deck":["Strike_G","Strike_G+1","Strike_G","Strike_G","Strike_G","Defend_G","Defend_G","Defend_G","Defend_G","Defend_G","Survivor","Neutralize","Envenom","Dodge and Roll","ReplayTheSpireMod:Speed Training+1","Reflex","Slice","Deadly Poison","Tools of the Trade"],"relics":["Ring of the Snake","Golden Idol","Girya","Smiling Mask","Membership Card","Snake Skull","Busted Crown"],"acts_visited":["Exordium","TheCity"],"potions_floor_usage":[14,16],"damage_taken":[{"damage":0,"enemies":"2 Louse","floor":1,"turns":3},{"damage":12,"enemies":"Jaw Worm","floor":2,"turns":9},{"damage":52,"enemies":"Gremlin Nob","floor":7,"turns":6},{"damage":0,"enemies":"Cultist","floor":10,"turns":4},{"damage":0,"enemies":"Large Slime","floor":13,"turns":6},{"damage":7,"enemies":"Looter","floor":14,"turns":4},{"damage":24,"enemies":"Hexaghost","floor":16,"turns":8},{"damage":28,"enemies":"2 Thieves","floor":18,"turns":4}],"seed_played":"1292294753315313697","potions_obtained":[{"floor":13,"key":"LiquidBronze"},{"floor":14,"key":"Strength Potion"}],"is_trial":false,"path_per_floor":["M","M","?","?","T","R","E","$","T","M","$","R","M","M","R","B",null,"M"],"character_chosen":"THE_SILENT","items_purchased":["Membership Card"],"campfire_rested":3,"item_purchase_floors":[8],"current_hp_per_floor":[63,51,51,38,38,57,5,5,5,5,5,24,24,17,36,12,52,24,24],"gold":124,"neow_bonus":"ONE_RANDOM_RARE_CARD","is_daily":false,"chose_seed":false,"campfire_upgraded":0,"win_rate":0.0,"timestamp":1610492004,"path_taken":["M","M","?","?","?","R","E","$","T","M","$","R","M","M","R","BOSS","M"],"items_purchased_type":["Relic"],"build_version":"2020-12-22","purchased_purges":0,"victory":false,"max_hp_per_floor":[70,70,65,65,65,65,65,65,65,65,65,65,65,65,65,65,65,65,65],"card_choices":[{"not_picked":["Outmaneuver","Skewer"],"picked":"Dodge and Roll","floor":1},{"not_picked":["Deadly Poison","Sucker Punch"],"picked":"ReplayTheSpireMod:Speed Training","floor":2},{"not_picked":["Backflip","Underhanded Strike"],"picked":"Reflex","floor":7},{"not_picked":["Malaise","Dodge and Roll","Reflex"],"picked":"SKIP","floor":10},{"not_picked":["Dodge and Roll","ReplayTheSpireMod:The Works"],"picked":"Slice","floor":13},{"not_picked":["Masterful Stab","Acrobatics"],"picked":"Deadly Poison","floor":14},{"not_picked":["Glass Knife","Night Terror"],"picked":"Tools of the Trade","floor":16}],"player_experience":559771,"relics_obtained":[{"floor":5,"key":"Girya"},{"floor":7,"key":"Smiling Mask"},{"floor":9,"key":"Snake Skull"}],"event_choices":[{"damage_healed":0,"gold_gain":0,"player_choice":"Lose Max HP","damage_taken":0,"relics_obtained":["Golden Idol"],"max_hp_gain":0,"max_hp_loss":5,"event_name":"Golden Idol","floor":3,"gold_loss":0},{"damage_healed":51,"gold_gain":0,"player_choice":"Upgrade","damage_taken":13,"max_hp_gain":0,"max_hp_loss":65,"event_name":"betterThird:BetterShining","floor":4,"gold_loss":0,"cards_upgraded":["ReplayTheSpireMod:Speed Training","Strike_G"]}],"is_beta":false,"boss_relics":[{"not_picked":["Pandora\u0027s Box","ReplayTheSpireMod:DimensionalGlitch"],"picked":"Busted Crown"}],"items_purged_floors":[],"is_endless":false,"potions_floor_spawned":[13,14],"killed_by":"2 Thieves","ascension_level":8}}