{"host":"sav7uxregyirlf69","time":1610439887,"event":{"mods":["AchievementEnabler","BaseMod","Colored Map","DeckTracker","Keyboard Shortcuts","Minty Spire (QoL Compilation)","READ ME - Guardian Mod","StSLib","SuperFastMode"],"gold_per_floor":[17,17,42,42,79,91,173,204,243,269,281,293,330,362,374,485,497,533,566,578,19,69,100,100,133,209,249,97,112,133,149,149,239,239,254,269,269,282,313,313,349,349,374,374,160,198,248,281,281,281,281,281,281,78,109,109],"floor_reached":57,"playtime":2505,"items_purged":["Poisoned Stab","Unload","Terror+1","Deadly Poison"],"score":3005,"play_id":"0eb9496d-c68c-4b3e-818e-a44b047dd656","local_time":"20210112172447","is_ascension_mode":true,"campfire_choices":[{"data":"Apotheosis","floor":6.0,"key":"SMITH"},{"floor":11.0,"key":"REST"},{"data":"Concentrate","floor":15.0,"key":"SMITH"},{"floor":24.0,"key":"REST"},{"floor":32.0,"key":"REST"},{"data":"Dash","floor":40.0,"key":"PURGE"},{"data":"Predator","floor":42.0,"key":"PURGE"},{"data":"Well Laid Plans","floor":44.0,"key":"SMITH"},{"floor":49.0,"key":"RECALL"},{"data":"Cloak And Dagger","floor":53.0,"key":"PURGE"}],"circlet_count":0,"master_deck":["AscendersBane","Survivor","Neutralize+1","Apotheosis+1","Leg Sweep","Reflex","Dagger Throw","Acrobatics","Concentrate+1","Grand Finale","Dodge and Roll","After Image","Noxious Fumes","Tactician+1","After Image","Panacea","Prepared","Tactician","Well Laid Plans+1","Purity","Blur+1","Escape Plan"],"relics":["Ring of the Snake","Golden Idol","MawBank","Orichalcum","Oddly Smooth Stone","Pandora\u0027s Box","Centennial Puzzle","Turnip","Blood Vial","War Paint","Busted Crown","Peace Pipe","Ancient Tea Set","MealTicket","Juzu Bracelet","Dream Catcher","Ice Cream"],"acts_visited":["Exordium","TheCity","TheBeyond","TheEnding"],"potions_floor_usage":[56,56],"damage_taken":[{"damage":4.0,"enemies":"2 Louse","floor":1.0,"turns":4.0},{"damage":0.0,"enemies":"Small Slimes","floor":3.0,"turns":4.0},{"damage":1.0,"enemies":"Cultist","floor":5.0,"turns":5.0},{"damage":30.0,"enemies":"Lagavulin Event","floor":7.0,"turns":8.0},{"damage":9.0,"enemies":"Gremlin Gang","floor":8.0,"turns":5.0},{"damage":0.0,"enemies":"2 Fungi Beasts","floor":10.0,"turns":4.0},{"damage":0.0,"enemies":"Exordium Wildlife","floor":13.0,"turns":3.0},{"damage":2.0,"enemies":"Exordium Thugs","floor":14.0,"turns":4.0},{"damage":1.0,"enemies":"The Guardian","floor":16.0,"turns":11.0},{"damage":10.0,"enemies":"2 Thieves","floor":18.0,"turns":3.0},{"damage":7.0,"enemies":"Spheric Guardian","floor":19.0,"turns":4.0},{"damage":1.0,"enemies":"Book of Stabbing","floor":23.0,"turns":6.0},{"damage":11.0,"enemies":"Gremlin Leader","floor":25.0,"turns":5.0},{"damage":28.0,"enemies":"Slavers","floor":27.0,"turns":8.0},{"damage":4.0,"enemies":"Snake Plant","floor":29.0,"turns":4.0},{"damage":0.0,"enemies":"Sentry and Sphere","floor":30.0,"turns":6.0},{"damage":1.0,"enemies":"Snecko","floor":31.0,"turns":4.0},{"damage":0.0,"enemies":"Champ","floor":33.0,"turns":11.0},{"damage":0.0,"enemies":"Orb Walker","floor":35.0,"turns":4.0},{"damage":0.0,"enemies":"3 Shapes","floor":36.0,"turns":4.0},{"damage":0.0,"enemies":"Writhing Mass","floor":38.0,"turns":5.0},{"damage":18.0,"enemies":"Mind Bloom Boss Battle","floor":39.0,"turns":6.0},{"damage":7.0,"enemies":"Nemesis","floor":41.0,"turns":7.0},{"damage":0.0,"enemies":"Giant Head","floor":46.0,"turns":3.0},{"damage":30.0,"enemies":"Nemesis","floor":48.0,"turns":9.0},{"damage":14.0,"enemies":"Time Eater","floor":50.0,"turns":10.0},{"damage":8.0,"enemies":"Donu and Deca","floor":51.0,"turns":11.0},{"damage":43.0,"enemies":"Shield and Spear","floor":55.0,"turns":9.0},{"damage":3,"enemies":"The Heart","floor":56,"turns":11}],"seed_played":"4416742364799283289","potions_obtained":[{"floor":8.0,"key":"AttackPotion"},{"floor":10.0,"key":"Block Potion"},{"floor":23.0,"key":"Fire Potion"},{"floor":25.0,"key":"FearPotion"},{"floor":27.0,"key":"Explosive Potion"},{"floor":31.0,"key":"Poison Potion"},{"floor":36.0,"key":"Dexterity Potion"},{"floor":41.0,"key":"Poison Potion"}],"is_trial":false,"path_per_floor":["M","?","M","?","M","R","?","M","T","M","R","?","M","M","R","B",null,"M","M","?","$","?","E","R","E","T","E","$","M","M","M","R","B",null,"M","M","?","M","?","R","E","R","T","R","$","E","?","E","R","B","B",null,"R","$","E","B",null],"character_chosen":"THE_SILENT","items_purchased":["Tactician","After Image","Panacea","Centennial Puzzle","Prepared","Purity","Swift Potion"],"campfire_rested":3,"item_purchase_floors":[21,21,21,21,28,45,54],"current_hp_per_floor":[55,55,55,50,49,49,19,10,10,10,28,28,28,26,26,25,51,41,34,34,34,34,33,51,40,40,14,14,12,14,15,33,35,54,56,58,58,60,42,42,37,37,37,37,52,54,54,26,26,14,8,47,47,60,17,16],"gold":109,"neow_bonus":"RANDOM_COLORLESS_2","is_daily":false,"chose_seed":false,"campfire_upgraded":3,"win_rate":0.0,"timestamp":1610439887,"path_taken":["M","?","M","?","M","R","?","M","T","M","R","?","M","?","R","BOSS","M","?","?","$","?","E","R","E","T","E","$","?","M","M","R","BOSS","M","M","?","?","?","R","E","R","T","R","$","E","?","E","R","BOSS","BOSS","R","$","E","BOSS"],"items_purchased_type":["Card","Card","Card","Relic","Card","Card","Potion"],"build_version":"2020-12-22","purchased_purges":4,"victory":true,"max_hp_per_floor":[66,60,60,60,60,60,60,60,60,60,60,60,60,60,60,60,60,60,60,60,60,60,60,60,60,60,60,60,60,60,60,60,60,60,60,60,60,60,60,60,60,60,60,60,60,60,60,60,60,60,60,60,60,60,60,60],"card_choices":[{"not_picked":["Violence","Master of Strategy"],"picked":"Apotheosis","floor":0.0},{"not_picked":["Calculated Gamble","Accuracy"],"picked":"Leg Sweep","floor":1.0},{"not_picked":["Bane","Escape Plan"],"picked":"Reflex","floor":3.0},{"not_picked":["Flying Knee","Calculated Gamble"],"picked":"Deadly Poison","floor":5.0},{"not_picked":["Bane","Accuracy"],"picked":"Dagger Throw","floor":7.0},{"not_picked":["Dagger Spray","Deflect","Dash"],"picked":"SKIP","floor":8.0},{"not_picked":["Deflect","Sucker Punch","All Out Attack"],"picked":"SKIP","floor":10.0},{"not_picked":["Die Die Die","Backflip"],"picked":"Acrobatics","floor":13.0},{"not_picked":["Deadly Poison","Blade Dance"],"picked":"Concentrate","floor":14.0},{"not_picked":["Underhanded Strike","Flying Knee","PiercingWail"],"picked":"SKIP","floor":18.0},{"not_picked":["Predator","Quick Slash"],"picked":"Noxious Fumes","floor":19.0},{"not_picked":["PiercingWail","Sucker Punch","Quick Slash"],"picked":"SKIP","floor":23.0},{"not_picked":["PiercingWail","Sucker Punch","Quick Slash"],"picked":"SKIP","floor":23.0},{"not_picked":["Unload","Underhanded Strike","Sucker Punch"],"picked":"SKIP","floor":25.0},{"not_picked":["Deflect","Expertise","Finisher"],"picked":"SKIP","floor":27.0},{"not_picked":["Storm of Steel","PiercingWail"],"picked":"Tactician","floor":29.0},{"not_picked":["Bane","Dagger Throw","Endless Agony"],"picked":"SKIP","floor":30.0},{"not_picked":["Backstab","Caltrops"],"picked":"Well Laid Plans","floor":31.0},{"not_picked":["Bane+1"],"picked":"SKIP","floor":35.0},{"not_picked":["Flying Knee+1"],"picked":"SKIP","floor":36.0},{"not_picked":["Eviscerate"],"picked":"SKIP","floor":38.0},{"not_picked":["Slice"],"picked":"SKIP","floor":41.0},{"not_picked":[],"picked":"Blur+1","floor":46.0},{"not_picked":["Deflect"],"picked":"SKIP","floor":48.0},{"not_picked":[],"picked":"Escape Plan","floor":55.0}],"player_experience":1259965,"relics_obtained":[{"floor":9.0,"key":"Oddly Smooth Stone"},{"floor":23.0,"key":"Turnip"},{"floor":25.0,"key":"Blood Vial"},{"floor":27.0,"key":"War Paint"},{"floor":39.0,"key":"Peace Pipe"},{"floor":41.0,"key":"Ancient Tea Set"},{"floor":43.0,"key":"MealTicket"},{"floor":46.0,"key":"Juzu Bracelet"},{"floor":48.0,"key":"Dream Catcher"},{"floor":55.0,"key":"Ice Cream"}],"event_choices":[{"damage_healed":0.0,"max_hp_gain":0.0,"max_hp_loss":6.0,"gold_gain":0.0,"event_name":"Golden Idol","player_choice":"Lose Max HP","floor":2.0,"gold_loss":0.0,"damage_taken":0.0,"relics_obtained":["Golden Idol"]},{"damage_healed":0.0,"max_hp_gain":0.0,"max_hp_loss":0.0,"gold_gain":0.0,"event_name":"Scrap Ooze","player_choice":"Success","floor":4.0,"gold_loss":0.0,"damage_taken":5.0,"relics_obtained":["MawBank"]},{"damage_healed":0.0,"max_hp_gain":0.0,"max_hp_loss":0.0,"gold_gain":0.0,"event_name":"Dead Adventurer","player_choice":"Searched \u00272\u0027 times","floor":7.0,"gold_loss":0.0,"damage_taken":0.0,"relics_obtained":["Orichalcum"]},{"damage_healed":0.0,"max_hp_gain":0.0,"max_hp_loss":0.0,"gold_gain":0.0,"event_name":"Upgrade Shrine","player_choice":"Upgraded","floor":12.0,"gold_loss":0.0,"damage_taken":0.0,"cards_upgraded":["Neutralize"]},{"cards_removed":["Quick Slash"],"damage_healed":0.0,"max_hp_gain":0.0,"max_hp_loss":0.0,"gold_gain":0.0,"event_name":"Back to Basics","player_choice":"Elegance","floor":20.0,"gold_loss":0.0,"damage_taken":0.0},{"damage_healed":0.0,"max_hp_gain":0.0,"max_hp_loss":0.0,"gold_gain":50.0,"event_name":"Golden Shrine","player_choice":"Pray","floor":22.0,"gold_loss":0.0,"damage_taken":0.0},{"damage_healed":0.0,"max_hp_gain":0.0,"max_hp_loss":0.0,"gold_gain":0.0,"event_name":"Match and Keep!","player_choice":"0 cards matched","floor":37.0,"gold_loss":0.0,"damage_taken":0.0,"cards_obtained":[]},{"damage_healed":0.0,"max_hp_gain":0.0,"max_hp_loss":0.0,"gold_gain":0.0,"event_name":"MindBloom","player_choice":"Fight","floor":39.0,"gold_loss":0.0,"damage_taken":0.0},{"damage_healed":0.0,"max_hp_gain":0.0,"max_hp_loss":0.0,"gold_gain":50.0,"event_name":"Golden Shrine","player_choice":"Pray","floor":47.0,"gold_loss":0.0,"damage_taken":0.0}],"is_beta":false,"boss_relics":[{"not_picked":["SlaversCollar","Black Star"],"picked":"Pandora\u0027s Box"},{"not_picked":["SacredBark","Astrolabe"],"picked":"Busted Crown"}],"items_purged_floors":[21,28,45,54],"is_endless":false,"potions_floor_spawned":[8,10,13,23,25,27,31,36,41,46],"ascension_level":20}}