{"host":"t179ovrkr5k1gnfh","time":1610446835,"event":{"mods":["AchievementEnabler","BaseMod","Colored Map","Minty Spire (QoL Compilation)"],"gold_per_floor":[109,125,200,200,55,80,80,93,93,110,120,131,131,131,131,231,231,213,227,238,238,238,270,270,283,283,283,283],"floor_reached":27,"playtime":1645,"items_purged":[],"score":247,"play_id":"12922c92-2b15-426e-94e8-327ca432e793","local_time":"20210112112035","is_ascension_mode":true,"campfire_choices":[{"floor":7.0,"key":"REST"},{"floor":13.0,"key":"REST"},{"floor":15.0,"key":"REST"},{"floor":24,"key":"REST"}],"circlet_count":0,"master_deck":["Dualcast","Ball Lightning","Streamline","Reinforced Body","Conserve Battery","Creative AI","Sweeping Beam","Barrage","Reinforced Body","Rainbow","Capacitor","Capacitor","Barrage","Double Energy","Cold Snap","Decay","Glacier+1"],"relics":["Fusion Hammer","Sling","Pantograph","Matryoshka","Pandora\u0027s Box","Centennial Puzzle","Dream Catcher","Bottled Lightning"],"acts_visited":["Exordium","TheCity"],"potions_floor_usage":[23,23,27],"damage_taken":[{"damage":0.0,"enemies":"Cultist","floor":1.0,"turns":4.0},{"damage":6.0,"enemies":"Jaw Worm","floor":2.0,"turns":2.0},{"damage":14.0,"enemies":"Gremlin Nob","floor":6.0,"turns":3.0},{"damage":0.0,"enemies":"2 Louse","floor":8.0,"turns":2.0},{"damage":3.0,"enemies":"Looter","floor":10.0,"turns":3.0},{"damage":11.0,"enemies":"Red Slaver","floor":11.0,"turns":7.0},{"damage":4.0,"enemies":"2 Fungi Beasts","floor":12.0,"turns":4.0},{"damage":40.0,"enemies":"Hexaghost","floor":16.0,"turns":12.0},{"damage":20.0,"enemies":"2 Thieves","floor":18.0,"turns":4.0},{"damage":17.0,"enemies":"Shell Parasite","floor":19.0,"turns":7.0},{"damage":19.0,"enemies":"Shelled Parasite and Fungi","floor":20.0,"turns":5.0},{"damage":16,"enemies":"Slavers","floor":23,"turns":6},{"damage":6,"enemies":"Snecko","floor":25,"turns":4},{"damage":24,"enemies":"Gremlin Leader","floor":27,"turns":5}],"seed_played":"4880692495098884633","potions_obtained":[{"floor":2.0,"key":"Swift Potion"},{"floor":10.0,"key":"GamblersBrew"},{"floor":11.0,"key":"Weak Potion"},{"floor":16.0,"key":"GamblersBrew"},{"floor":18.0,"key":"PowerPotion"},{"floor":20.0,"key":"Fire Potion"},{"floor":25,"key":"CultistPotion"}],"is_trial":false,"path_per_floor":["M","M","?","?","$","E","R","M","T","M","M","M","R","?","R","B",null,"M","M","M","?","?","E","R","M","T","E"],"character_chosen":"DEFECT","items_purchased":["Sling"],"campfire_rested":4,"item_purchase_floors":[5],"current_hp_per_floor":[75,69,58,43,43,29,51,51,51,48,37,33,55,55,75,35,75,55,38,19,19,19,3,25,19,19,0,0],"gold":283,"neow_bonus":"BOSS_RELIC","is_daily":false,"chose_seed":false,"campfire_upgraded":0,"win_rate":0.0,"timestamp":1610446835,"path_taken":["M","?","?","?","?","E","R","M","T","?","?","M","R","?","R","BOSS","M","M","M","?","?","E","R","M","T","E"],"items_purchased_type":["Relic"],"build_version":"2020-12-22","purchased_purges":0,"victory":false,"max_hp_per_floor":[75,75,75,75,75,75,75,75,75,75,75,75,75,75,75,75,75,75,75,75,75,75,75,75,75,75,75,75],"card_choices":[{"not_picked":["Hologram","Steam Power"],"picked":"Ball Lightning","floor":1.0},{"not_picked":["Recycle","Turbo"],"picked":"Streamline","floor":2.0},{"not_picked":["Barrage","Steam"],"picked":"Reinforced Body","floor":6.0},{"not_picked":["Recycle","Gash"],"picked":"Conserve Battery","floor":8.0},{"not_picked":["Doom and Gloom","Stack"],"picked":"Creative AI","floor":10.0},{"not_picked":["Steam","Conserve Battery","Reprogram"],"picked":"SKIP","floor":11.0},{"not_picked":["Chill","Sweeping Beam","Beam Cell"],"picked":"SKIP","floor":12.0},{"not_picked":["Blizzard","Tempest","Darkness"],"picked":"SKIP","floor":18.0},{"not_picked":["Stack","Steam"],"picked":"Double Energy","floor":19.0},{"not_picked":["Conserve Battery","Rip and Tear"],"picked":"Cold Snap","floor":20.0},{"not_picked":["Beam Cell","Streamline","Redo"],"picked":"SKIP","floor":23},{"not_picked":["Beam Cell","Doom and Gloom"],"picked":"Glacier+1","floor":25}],"player_experience":83706,"relics_obtained":[{"floor":6.0,"key":"Pantograph"},{"floor":9.0,"key":"Matryoshka"},{"floor":23,"key":"Centennial Puzzle"},{"floor":26,"key":"Dream Catcher"},{"floor":26,"key":"Bottled Lightning"}],"event_choices":[{"damage_healed":0.0,"max_hp_gain":0.0,"max_hp_loss":0.0,"gold_gain":75.0,"event_name":"World of Goop","player_choice":"Gather Gold","floor":3.0,"gold_loss":0.0,"damage_taken":11.0},{"damage_healed":0.0,"max_hp_gain":0.0,"max_hp_loss":0.0,"gold_gain":0.0,"event_name":"Shining Light","player_choice":"Entered Light","floor":4.0,"gold_loss":0.0,"damage_taken":15.0,"cards_upgraded":["Strike_B","Strike_B"]},{"cards_removed":["Strike_B"],"damage_healed":0.0,"max_hp_gain":0.0,"max_hp_loss":0.0,"gold_gain":0.0,"event_name":"Living Wall","player_choice":"Forget","floor":14.0,"gold_loss":0.0,"damage_taken":0.0},{"cards_removed":["Zap"],"damage_healed":0,"gold_gain":0,"player_choice":"Elegance","damage_taken":0,"max_hp_gain":0,"max_hp_loss":0,"event_name":"Back to Basics","floor":21,"gold_loss":0},{"damage_healed":0,"gold_gain":0,"player_choice":"Smashed Altar","damage_taken":0,"max_hp_gain":0,"max_hp_loss":0,"event_name":"Forgotten Altar","floor":22,"gold_loss":0,"cards_obtained":["Decay"]}],"is_beta":false,"boss_relics":[{"not_picked":["Runic Pyramid","Ectoplasm"],"picked":"Pandora\u0027s Box"}],"items_purged_floors":[],"is_endless":false,"potions_floor_spawned":[2,10,11,16,18,20,25],"killed_by":"Gremlin Leader","ascension_level":1}}