{"host":"pjs3onqg3oojtp5b","time":1610485728,"event":{"mods":["2.2 Compatiblity","AchievementEnabler","Act Like it!","BaseMod","Better Match","Better Third Choice","Colored Powertips","DeckTracker","Highlight Path","Minty Spire (QoL Compilation)","StSLib"],"gold_per_floor":[112,124,74,92,167,167,197,197,197,45,77,77,77,93,93,198,198,213,231,231,248,248,248],"floor_reached":22,"language":"ENG","playtime":940,"items_purged":["Strike_R"],"score":412,"play_id":"b7180564-0aeb-49d0-9e9f-e4c741bc04f8","local_time":"20210112220848","is_ascension_mode":true,"campfire_choices":[{"data":"Bash","floor":6.0,"key":"SMITH"},{"floor":8.0,"key":"REST"},{"floor":12.0,"key":"REST"},{"data":"Offering","floor":15.0,"key":"SMITH"}],"circlet_count":0,"master_deck":["Strike_R","Strike_R","Defend_R","Defend_R","Defend_R","Defend_R","Bash+1","Dropkick","Clothesline","Offering+1","Rupture","Whirlwind","Pummel","Double Tap","Inflame","Iron Wave","Shrug It Off"],"relics":["Burning Blood","Matryoshka","Bottled Flame","Shuriken","Dream Catcher","Velvet Choker","betterThird:NestCultRelic"],"acts_visited":["TheCity"],"potions_floor_usage":[21,22],"damage_taken":[{"damage":3.0,"enemies":"Jaw Worm","floor":1.0,"turns":5.0},{"damage":12.0,"enemies":"2 Louse","floor":2.0,"turns":4.0},{"damage":11.0,"enemies":"Small Slimes","floor":4.0,"turns":4.0},{"damage":48.0,"enemies":"Lagavulin","floor":7.0,"turns":10.0},{"damage":14.0,"enemies":"Gremlin Nob","floor":11.0,"turns":3.0},{"damage":6.0,"enemies":"3 Louse","floor":14.0,"turns":1.0},{"damage":37.0,"enemies":"The Guardian","floor":16.0,"turns":13.0},{"damage":14.0,"enemies":"3 Byrds","floor":18.0,"turns":2.0},{"damage":31.0,"enemies":"Spheric Guardian","floor":19.0,"turns":4.0},{"damage":29,"enemies":"Centurion and Healer","floor":21,"turns":4},{"damage":11,"enemies":"3 Cultists","floor":22,"turns":2}],"seed_played":"1065539513177341739","potions_obtained":[{"floor":4.0,"key":"SneckoOil"},{"floor":7.0,"key":"Dexterity Potion"},{"floor":14.0,"key":"Weak Potion"},{"floor":16.0,"key":"BlessingOfTheForge"},{"floor":18.0,"key":"Strength Potion"},{"floor":19.0,"key":"SteroidPotion"}],"is_trial":false,"path_per_floor":["M","M","?","M","?","R","E","R","T","$","E","R","$","M","R","B",null,"M","M","?","M","M"],"character_chosen":"IRONCLAD","items_purchased":["Rupture"],"campfire_rested":2,"item_purchase_floors":[10],"current_hp_per_floor":[75,69,69,64,53,53,11,35,35,35,27,51,51,51,51,20,65,57,32,32,9,0,0],"gold":248,"neow_bonus":"TRANSFORM_CARD","is_daily":false,"chose_seed":false,"campfire_upgraded":2,"win_rate":0.0,"timestamp":1610485728,"path_taken":["M","M","?","M","?","R","E","R","T","$","E","R","$","M","R","BOSS","M","M","?","M","M"],"items_purchased_type":["Card"],"build_version":"2020-12-22","purchased_purges":1,"victory":false,"max_hp_per_floor":[80,80,80,80,80,80,80,80,80,80,80,80,80,80,80,80,80,80,80,80,80,80,80],"card_choices":[{"not_picked":["Heavy Blade","Second Wind","Warcry"],"picked":"SKIP","floor":1.0},{"not_picked":["Armaments","Dual Wield"],"picked":"Dropkick","floor":2.0},{"not_picked":["Iron Wave","Thunderclap"],"picked":"Clothesline","floor":4.0},{"not_picked":["Rage","Blood for Blood"],"picked":"Offering","floor":7.0},{"not_picked":["Clash","Offering"],"picked":"Whirlwind","floor":11.0},{"not_picked":["Thunderclap","Clash"],"picked":"Pummel","floor":14.0},{"not_picked":["Fiend Fire","Corruption"],"picked":"Double Tap","floor":16.0},{"not_picked":["Headbutt+1","Sword Boomerang"],"picked":"Inflame","floor":18.0},{"not_picked":["Body Slam","Heavy Blade+1"],"picked":"Iron Wave","floor":19.0},{"not_picked":["Whirlwind+1","Power Through"],"picked":"Shrug It Off","floor":21}],"player_experience":331555,"relics_obtained":[{"floor":7.0,"key":"Matryoshka"},{"floor":9.0,"key":"Bottled Flame"},{"floor":9.0,"key":"Shuriken"},{"floor":11.0,"key":"Dream Catcher"}],"event_choices":[{"cards_removed":["Strike_R"],"damage_healed":0.0,"max_hp_gain":0.0,"max_hp_loss":0.0,"gold_gain":0.0,"event_name":"The Cleric","player_choice":"Card Removal","floor":3.0,"gold_loss":50.0,"damage_taken":0.0},{"damage_healed":0.0,"max_hp_gain":0.0,"max_hp_loss":0.0,"gold_gain":75.0,"event_name":"betterThird:BetterGoop","player_choice":"Gold","floor":5.0,"gold_loss":0.0,"damage_taken":11.0},{"damage_healed":0.0,"max_hp_gain":0.0,"max_hp_loss":0.0,"gold_gain":0.0,"event_name":"betterThird:BetterNest","player_choice":"Madness","floor":20.0,"gold_loss":0.0,"damage_taken":0.0,"relics_obtained":["betterThird:NestCultRelic"]}],"is_beta":false,"boss_relics":[{"not_picked":["SlaversCollar","Ectoplasm"],"picked":"Velvet Choker"}],"items_purged_floors":[10],"is_endless":false,"potions_floor_spawned":[4,7,14,16,18,19],"killed_by":"3 Cultists","ascension_level":8}}