{"host":"840yoaz69lavfcgt","time":1610439279,"event":{"mods":["BaseMod","Colored Powertips","DeckTracker","Highlight Path","Minty Spire (QoL Compilation)","Synergy Search"],"gold_per_floor":[112,129,141,153,171,202,10,10,10,25,60,78,108,124,124,229,229,241,251,251,262,281,315,315,315,315],"floor_reached":25,"playtime":2385,"items_purged":[],"score":239,"play_id":"628e6df6-a216-4343-8dac-9cb2f0ae6aa8","local_time":"20210112031439","is_ascension_mode":false,"campfire_choices":[{"floor":8,"key":"REST"},{"floor":15,"key":"REST"}],"circlet_count":0,"master_deck":["Strike_G","Strike_G","Strike_G","Strike_G","Strike_G","Defend_G","Defend_G","Defend_G","Defend_G","Defend_G","Survivor","Neutralize","Quick Slash","Bouncing Flask+1","Deflect","Slice","Crippling Poison","Finisher","Tactician","Deflect","Reflex","Deadly Poison","Finisher","Bullet Time","PiercingWail","Footwork","PiercingWail","Prepared","Blade Dance","RitualDagger"],"relics":["Ring of the Serpent","Regal Pillow","Pen Nib","Ninja Scroll","White Beast Statue","Anchor","Akabeko"],"acts_visited":["Exordium","TheCity"],"potions_floor_usage":[16,16,16,16,16,18,21,22,22,23,25,25],"damage_taken":[{"damage":2,"enemies":"Jaw Worm","floor":1,"turns":6},{"damage":2,"enemies":"2 Louse","floor":2,"turns":3},{"damage":0,"enemies":"Cultist","floor":3,"turns":3},{"damage":11,"enemies":"Large Slime","floor":4,"turns":6},{"damage":13,"enemies":"3 Louse","floor":5,"turns":3},{"damage":22,"enemies":"3 Sentries","floor":6,"turns":10},{"damage":5,"enemies":"Exordium Thugs","floor":10,"turns":2},{"damage":16,"enemies":"Gremlin Nob","floor":11,"turns":4},{"damage":0,"enemies":"Gremlin Gang","floor":12,"turns":3},{"damage":4,"enemies":"Blue Slaver","floor":14,"turns":4},{"damage":17,"enemies":"Slime Boss","floor":16,"turns":9},{"damage":2,"enemies":"2 Thieves","floor":18,"turns":5},{"damage":19,"enemies":"Spheric Guardian","floor":19,"turns":5},{"damage":9,"enemies":"Snecko","floor":21,"turns":5},{"damage":9,"enemies":"Sentry and Sphere","floor":22,"turns":5},{"damage":4,"enemies":"Slavers","floor":23,"turns":4},{"damage":34,"enemies":"Gremlin Leader","floor":25,"turns":6}],"seed_played":"3110057575898331107","potions_obtained":[{"floor":3,"key":"SpeedPotion"},{"floor":5,"key":"Weak Potion"},{"floor":6,"key":"DuplicationPotion"},{"floor":12,"key":"EntropicBrew"},{"floor":16,"key":"Ancient Potion"},{"floor":18,"key":"Weak Potion"},{"floor":19,"key":"FearPotion"},{"floor":21,"key":"SpeedPotion"},{"floor":22,"key":"LiquidMemories"},{"floor":23,"key":"Fire Potion"}],"is_trial":false,"path_per_floor":["M","M","M","M","M","E","$","R","T","M","E","M","?","M","R","B",null,"M","M","?","M","M","E","?","E"],"character_chosen":"THE_SILENT","items_purchased":["Pen Nib","Tactician"],"campfire_rested":2,"item_purchase_floors":[7,7],"current_hp_per_floor":[75,73,73,62,49,27,27,65,65,60,44,44,44,40,77,60,77,75,56,56,47,38,34,28,0,0],"gold":315,"neow_bonus":"TEN_PERCENT_HP_BONUS","is_daily":false,"chose_seed":false,"campfire_upgraded":0,"win_rate":0.0,"timestamp":1610439279,"path_taken":["M","M","M","M","M","E","$","R","T","M","E","M","?","M","R","BOSS","M","M","?","?","M","E","?","E"],"items_purchased_type":["Relic","Card"],"build_version":"2020-12-22","purchased_purges":0,"victory":false,"max_hp_per_floor":[77,77,77,77,77,77,77,77,77,77,77,77,77,77,77,77,77,77,77,77,77,77,77,77,77,77],"card_choices":[{"not_picked":["Escape Plan","Endless Agony"],"picked":"Quick Slash","floor":1},{"not_picked":["Escape Plan","Outmaneuver"],"picked":"Bouncing Flask","floor":2},{"not_picked":["Backflip","Riddle With Holes"],"picked":"Deflect","floor":3},{"not_picked":["Reflex","Dagger Throw"],"picked":"Slice","floor":4},{"not_picked":["Prepared","Bane"],"picked":"Crippling Poison","floor":5},{"not_picked":["Quick Slash","All Out Attack"],"picked":"Finisher","floor":6},{"not_picked":["Acrobatics","Masterful Stab"],"picked":"Deflect","floor":10},{"not_picked":["Calculated Gamble","Tools of the Trade"],"picked":"Reflex","floor":11},{"not_picked":["Acrobatics","Dagger Throw"],"picked":"Deadly Poison","floor":12},{"not_picked":["Deflect","Sucker Punch"],"picked":"Finisher","floor":14},{"not_picked":["Die Die Die","Wraith Form v2"],"picked":"Bullet Time","floor":16},{"not_picked":["Acrobatics","Skewer"],"picked":"PiercingWail","floor":18},{"not_picked":["Predator","Dagger Throw+1"],"picked":"Footwork","floor":19},{"not_picked":["Outmaneuver","Deflect"],"picked":"PiercingWail","floor":21},{"not_picked":["Acrobatics","Caltrops"],"picked":"Prepared","floor":22},{"not_picked":["Dagger Spray","Tools of the Trade"],"picked":"Blade Dance","floor":23}],"player_experience":185208,"relics_obtained":[{"floor":6,"key":"Regal Pillow"},{"floor":9,"key":"Ninja Scroll"},{"floor":11,"key":"White Beast Statue"},{"floor":23,"key":"Akabeko"}],"event_choices":[{"damage_healed":0,"gold_gain":30,"player_choice":"Searched \u00273\u0027 times","damage_taken":0,"relics_obtained":["Anchor"],"max_hp_gain":0,"max_hp_loss":0,"event_name":"Dead Adventurer","floor":13,"gold_loss":0},{"damage_healed":0,"gold_gain":0,"player_choice":"Forge","damage_taken":0,"max_hp_gain":0,"max_hp_loss":0,"event_name":"Accursed Blacksmith","floor":20,"gold_loss":0,"cards_upgraded":["Bouncing Flask"]},{"damage_healed":0,"gold_gain":0,"player_choice":"Joined the Cult","damage_taken":6,"max_hp_gain":0,"max_hp_loss":0,"event_name":"Nest","floor":24,"gold_loss":0,"cards_obtained":["RitualDagger"]}],"is_beta":false,"boss_relics":[{"not_picked":["Tiny House","Snecko Eye"],"picked":"Ring of the Serpent"}],"items_purged_floors":[],"is_endless":false,"potions_floor_spawned":[3,5,6,10,11,12,14,16,18,19,21,22,23],"killed_by":"Gremlin Leader","ascension_level":0}}