{"host":"d9m9v0h6vo0edadb","time":1610450023,"event":{"mods":["BaseMod","Hermit","Keyboard Shortcuts","Minty Spire (QoL Compilation)","StSLib","SuperFastMode","The Cursed"],"gold_per_floor":[109,124,49,65,65,65,80,105,132,142,154,154,168,180,180,257,257,274,285,126,126,1,1,1,1],"floor_reached":24,"playtime":431,"items_purged":["Strike_G","Strike_G","Strike_G"],"score":400,"play_id":"b9441f23-1242-4b23-b677-3e5a2bc19769","local_time":"20210112201343","is_ascension_mode":true,"campfire_choices":[{"data":"Poisoned Stab","floor":6,"key":"SMITH"},{"floor":12,"key":"REST"},{"data":"Deadly Poison","floor":15,"key":"SMITH"},{"data":"Glass Knife","floor":23,"key":"SMITH"}],"circlet_count":0,"master_deck":["AscendersBane","Strike_G","Defend_G","Defend_G","Defend_G","Defend_G","Survivor","Neutralize","Poisoned Stab+1","Deadly Poison+1","Backflip","Crippling Poison","Leg Sweep","Dagger Throw","Adrenaline","Noxious Fumes","Acrobatics","Glass Knife+1"],"relics":["Ring of the Snake","Strawberry","Toy Ornithopter","Velvet Choker"],"acts_visited":["Exordium","TheCity"],"potions_floor_usage":[8],"damage_taken":[{"damage":6,"enemies":"Cultist","floor":1,"turns":4},{"damage":2,"enemies":"Jaw Worm","floor":2,"turns":5},{"damage":4,"enemies":"Small Slimes","floor":4,"turns":3},{"damage":1,"enemies":"Looter","floor":7,"turns":4},{"damage":12,"enemies":"Lagavulin","floor":8,"turns":5},{"damage":6,"enemies":"3 Louse","floor":10,"turns":3},{"damage":13,"enemies":"Lots of Slimes","floor":11,"turns":4},{"damage":0,"enemies":"Red Slaver","floor":13,"turns":5},{"damage":0,"enemies":"Looter","floor":14,"turns":4},{"damage":24,"enemies":"Hexaghost","floor":16,"turns":11},{"damage":9,"enemies":"Chosen","floor":18,"turns":6},{"damage":5,"enemies":"Spheric Guardian","floor":19,"turns":4},{"damage":45,"enemies":"Book of Stabbing","floor":24,"turns":5}],"seed_played":"1862159801675915311","potions_obtained":[{"floor":7,"key":"DistilledChaos"},{"floor":8,"key":"Ancient Potion"},{"floor":10,"key":"Weak Potion"}],"is_trial":false,"path_per_floor":["M","M","$","M","$","R","M","E","T","M","M","R","M","M","R","B",null,"M","M","$","?","$","R","E"],"character_chosen":"THE_SILENT","items_purchased":["Acrobatics"],"campfire_rested":1,"item_purchase_floors":[20],"current_hp_per_floor":[38,36,36,32,32,32,31,26,26,20,7,28,28,28,28,4,56,47,42,42,42,42,42,0,0],"gold":1,"neow_bonus":"REMOVE_TWO","is_daily":false,"chose_seed":false,"campfire_upgraded":3,"win_rate":0.0,"timestamp":1610450023,"path_taken":["M","M","$","M","$","R","M","E","T","?","M","R","M","M","R","BOSS","M","M","$","?","$","R","E"],"items_purchased_type":["Card"],"build_version":"2020-12-22","purchased_purges":3,"victory":false,"max_hp_per_floor":[66,66,66,66,66,66,66,73,73,73,73,73,73,73,73,73,73,73,73,73,73,73,73,73,73],"card_choices":[{"not_picked":["Cloak And Dagger","Backflip"],"picked":"Poisoned Stab","floor":1},{"not_picked":["Expertise","PiercingWail"],"picked":"Deadly Poison","floor":2},{"not_picked":["Dagger Throw","Outmaneuver"],"picked":"Backflip","floor":4},{"not_picked":["Poisoned Stab","Bane"],"picked":"Crippling Poison","floor":7},{"not_picked":["Skewer","Flying Knee","Riddle With Holes"],"picked":"SKIP","floor":8},{"not_picked":["Storm of Steel","Calculated Gamble"],"picked":"Leg Sweep","floor":10},{"not_picked":["Poisoned Stab","Slice"],"picked":"Dagger Throw","floor":11},{"not_picked":["Blade Dance","Bane","Flying Knee"],"picked":"SKIP","floor":13},{"not_picked":["Prepared","Flechettes","Riddle With Holes"],"picked":"SKIP","floor":14},{"not_picked":["Wraith Form v2","Doppelganger"],"picked":"Adrenaline","floor":16},{"not_picked":["PiercingWail","Prepared"],"picked":"Noxious Fumes","floor":18},{"not_picked":["Backflip","All Out Attack","Leg Sweep"],"picked":"SKIP","floor":19}],"player_experience":964605,"relics_obtained":[{"floor":8,"key":"Strawberry"},{"floor":9,"key":"Toy Ornithopter"}],"event_choices":[{"damage_healed":0,"gold_gain":0,"player_choice":"Read","damage_taken":0,"max_hp_gain":0,"max_hp_loss":0,"event_name":"The Library","floor":21,"gold_loss":0,"cards_obtained":["Glass Knife"]}],"is_beta":false,"boss_relics":[{"not_picked":["Coffee Dripper","Runic Dome"],"picked":"Velvet Choker"}],"items_purged_floors":[3,20,22],"is_endless":false,"potions_floor_spawned":[7,8,10,14],"killed_by":"Book of Stabbing","ascension_level":20}}