{"host":"w9yruvs4bqht6bhw","time":1610410896,"event":{"mods":["BaseMod","Colored Powertips","Minty Spire (QoL Compilation)"],"gold_per_floor":[116,62,137,45,45,80,0,32,58,78,78,102,102,132,132,231,231,231],"floor_reached":17,"playtime":991,"items_purged":[],"score":307,"play_id":"c94b787c-598f-4c22-91f1-1f70827b1c6a","local_time":"20210111192136","is_ascension_mode":true,"campfire_choices":[{"data":"Heavy Blade","floor":11,"key":"SMITH"},{"data":"Spot Weakness","floor":15,"key":"SMITH"}],"circlet_count":0,"master_deck":["Strike_R","Strike_R","Strike_R","Strike_R","Strike_R","Defend_R","Defend_R","Defend_R","Defend_R","Bash","Armaments","Heavy Blade+1","Dramatic Entrance+1","Ghostly Armor","Battle Trance","Spot Weakness+1","Clash"],"relics":["Burning Blood","NeowsBlessing","Lizard Tail","White Beast Statue","Dream Catcher","Bag of Preparation","Regal Pillow","SlaversCollar"],"acts_visited":["Exordium","TheCity"],"potions_floor_usage":[14,16],"damage_taken":[{"damage":0,"enemies":"Small Slimes","floor":1,"turns":1},{"damage":0,"enemies":"Lagavulin","floor":6,"turns":1},{"damage":0,"enemies":"3 Sentries","floor":8,"turns":1},{"damage":2,"enemies":"Jaw Worm","floor":10,"turns":4},{"damage":18,"enemies":"Gremlin Nob","floor":14,"turns":3},{"damage":48,"enemies":"Hexaghost","floor":16,"turns":9}],"seed_played":"4428498988322556276","potions_obtained":[{"floor":8,"key":"Regen Potion"},{"floor":10,"key":"Explosive Potion"},{"floor":14,"key":"LiquidMemories"},{"floor":16,"key":"Dexterity Potion"}],"is_trial":false,"path_per_floor":["M","$","?","$","?","E","$","E","T","M","R","T","?","E","R","B",null],"character_chosen":"IRONCLAD","items_purchased":["Heavy Blade","Dramatic Entrance","Battle Trance"],"campfire_rested":0,"item_purchase_floors":[2,4,7],"current_hp_per_floor":[78,78,67,67,67,73,73,79,79,80,80,80,80,68,68,26,67,67],"gold":231,"neow_bonus":"THREE_ENEMY_KILL","is_daily":false,"chose_seed":false,"campfire_upgraded":2,"win_rate":0.0,"timestamp":1610410896,"path_taken":["M","$","?","$","?","E","?","E","T","?","R","?","?","E","R","BOSS"],"items_purchased_type":["Card","Card","Card"],"build_version":"2020-12-22","purchased_purges":0,"victory":false,"max_hp_per_floor":[80,80,80,80,80,80,80,80,80,80,80,80,80,80,80,80,80,80],"card_choices":[{"not_picked":["Body Slam","Inflame"],"picked":"Armaments","floor":1},{"not_picked":["Bloodletting","Dual Wield"],"picked":"Ghostly Armor","floor":6},{"not_picked":["Whirlwind","Shrug It Off"],"picked":"Spot Weakness","floor":8},{"not_picked":["Anger","Perfected Strike","Havoc"],"picked":"SKIP","floor":10},{"not_picked":["Feed","Armaments"],"picked":"Clash","floor":14}],"player_experience":368473,"relics_obtained":[{"floor":6,"key":"Lizard Tail"},{"floor":8,"key":"White Beast Statue"},{"floor":9,"key":"Dream Catcher"},{"floor":12,"key":"Bag of Preparation"},{"floor":14,"key":"Regal Pillow"}],"event_choices":[{"damage_healed":0,"gold_gain":75,"player_choice":"Gather Gold","damage_taken":11,"max_hp_gain":0,"max_hp_loss":0,"event_name":"World of Goop","floor":3,"gold_loss":0},{"damage_healed":0,"gold_gain":0,"player_choice":"Grow","damage_taken":0,"max_hp_gain":0,"max_hp_loss":0,"event_name":"Living Wall","floor":5,"gold_loss":0,"cards_upgraded":["Dramatic Entrance"]},{"damage_healed":0,"gold_gain":0,"player_choice":"Ignored","damage_taken":0,"max_hp_gain":0,"max_hp_loss":0,"event_name":"Liars Game","floor":13,"gold_loss":0}],"is_beta":false,"boss_relics":[{"not_picked":["Pandora\u0027s Box","Runic Cube"],"picked":"SlaversCollar"}],"items_purged_floors":[],"is_endless":false,"potions_floor_spawned":[8,10,14,16],"ascension_level":8}}