{"host":"bgyhjzqafgkxdxsh","time":1610430885,"event":{"mods":["BaseMod","Colored Map","Minty Spire (QoL Compilation)","Relic Stats","StSLib","everything is the same but u backflip on backflip"],"gold_per_floor":[14,26,45,45,61,61,61,99,99,99,135,158,158,189,189,189,189],"floor_reached":16,"playtime":600,"items_purged":[],"score":150,"play_id":"578f85a8-7955-463c-bfea-d1da70bf1bc2","local_time":"20210112155445","is_ascension_mode":true,"campfire_choices":[{"data":"Sunder","floor":6.0,"key":"SMITH"},{"data":"Genetic Algorithm","floor":10.0,"key":"SMITH"},{"floor":13.0,"key":"REST"},{"floor":15,"key":"REST"}],"circlet_count":0,"master_deck":["Strike_B","Strike_B","Strike_B","Strike_B","Defend_B","Defend_B","Defend_B","Defend_B","Zap","Dualcast","Sunder+1","Melter","Steam","Turbo","Genetic Algorithm+1","Leap","Ball Lightning"],"relics":["Cracked Core","FossilizedHelix","Golden Idol","Du-Vu Doll","WingedGreaves","Letter Opener","Anchor"],"acts_visited":["Exordium"],"potions_floor_usage":[14,16],"damage_taken":[{"damage":0.0,"enemies":"2 Louse","floor":1.0,"turns":3.0},{"damage":12.0,"enemies":"Small Slimes","floor":2.0,"turns":3.0},{"damage":0.0,"enemies":"Jaw Worm","floor":3.0,"turns":2.0},{"damage":8.0,"enemies":"Large Slime","floor":5.0,"turns":6.0},{"damage":10.0,"enemies":"Lagavulin","floor":8.0,"turns":7.0},{"damage":49.0,"enemies":"3 Sentries","floor":11.0,"turns":8.0},{"damage":0.0,"enemies":"Looter","floor":12.0,"turns":3.0},{"damage":13,"enemies":"Gremlin Nob","floor":14,"turns":4},{"damage":37,"enemies":"The Guardian","floor":16,"turns":7}],"seed_played":"-1409512905845891216","potions_obtained":[{"floor":2.0,"key":"SpeedPotion"},{"floor":3.0,"key":"SmokeBomb"},{"floor":5.0,"key":"FearPotion"}],"is_trial":false,"path_per_floor":["M","M","M","?","M","R","?","E","T","R","E","M","R","E","R","B"],"character_chosen":"DEFECT","items_purchased":[],"campfire_rested":2,"item_purchase_floors":[],"current_hp_per_floor":[75,63,63,68,60,60,60,50,50,50,1,1,23,10,32,0,0],"gold":189,"neow_bonus":"ONE_RARE_RELIC","is_daily":false,"chose_seed":false,"campfire_upgraded":2,"win_rate":0.0,"timestamp":1610430885,"path_taken":["M","M","M","?","M","R","?","E","T","R","E","M","R","E","R","BOSS"],"items_purchased_type":[],"build_version":"2020-12-22","purchased_purges":0,"victory":false,"max_hp_per_floor":[75,75,75,80,80,80,74,74,74,74,74,74,74,74,74,74,74],"relic_stats":{"counters":[9,43],"Golden Idol":26,"Letter Opener":[10],"obtain_stats":[{"Du-Vu Doll":8,"Anchor":14,"Golden Idol":7,"WingedGreaves":9,"Letter Opener":11,"Cracked Core":0,"FossilizedHelix":0},{"Du-Vu Doll":5,"Anchor":8,"Golden Idol":4,"WingedGreaves":5,"Letter Opener":6,"Cracked Core":0,"FossilizedHelix":0},{"Du-Vu Doll":21,"Anchor":36,"Golden Idol":14,"WingedGreaves":21,"Letter Opener":29,"Cracked Core":0,"FossilizedHelix":0}]},"card_choices":[{"not_picked":["Barrage","Steam Power"],"picked":"Sunder","floor":1.0},{"not_picked":["Aggregate","Gash"],"picked":"Melter","floor":2.0},{"not_picked":["Beam Cell","Redo"],"picked":"Steam","floor":3.0},{"not_picked":["Beam Cell","Rebound"],"picked":"Turbo","floor":5.0},{"not_picked":["Skim","Defragment"],"picked":"Genetic Algorithm","floor":8.0},{"not_picked":["Loop","Beam Cell","Gash"],"picked":"SKIP","floor":11.0},{"not_picked":["Rebound","Sweeping Beam"],"picked":"Leap","floor":12.0},{"not_picked":["Capacitor","Doom and Gloom"],"picked":"Ball Lightning","floor":14}],"player_experience":461922,"relics_obtained":[{"floor":8.0,"key":"Du-Vu Doll"},{"floor":9.0,"key":"WingedGreaves"},{"floor":11.0,"key":"Letter Opener"},{"floor":14,"key":"Anchor"}],"event_choices":[{"damage_healed":0.0,"max_hp_gain":5.0,"max_hp_loss":0.0,"gold_gain":0.0,"event_name":"Big Fish","player_choice":"Donut","floor":4.0,"gold_loss":0.0,"damage_taken":0.0},{"damage_healed":0.0,"max_hp_gain":0.0,"max_hp_loss":6.0,"gold_gain":0.0,"event_name":"Golden Idol","player_choice":"Lose Max HP","floor":7.0,"gold_loss":0.0,"damage_taken":0.0,"relics_obtained":["Golden Idol"]}],"is_beta":false,"boss_relics":[],"items_purged_floors":[],"is_endless":false,"potions_floor_spawned":[2,3,5,11],"killed_by":"The Guardian","ascension_level":5}}