{"host":"y2kfqdipa4rrljwb","time":1610433159,"event":{"mods":["AchievementEnabler","Act Like it!","BaseMod","Downfall","Duelist Mod","Friendly Minions","Infinite Spire","Minty Spire (QoL Compilation)","Relic Stats","Replay The Spire","StSLib","vexMod","¡¾ÒÅÎï¿¨ÅÆ¡¿REMEMod"],"gold_per_floor":[140,154,154,167,183,214,214,247,286,308,338,350,374,396,408,518,530,559,591,613,638,662,674,703,740,779,296,311,328,345,395,395,498,498,513,528,528,548,565,600,600,627,627,627,654,654,672,704,704,49,49,49],"floor_reached":53,"playtime":14126,"items_purged":["theDuelist:CastleWalls","theDuelist:CastleWalls"],"score":834,"play_id":"917eed2c-3e71-40f5-b7e1-5ac95a68d439","local_time":"20210112143239","is_ascension_mode":false,"campfire_choices":[{"data":"theDuelist:FinalFlame","floor":7.0,"key":"SMITH"},{"data":"theDuelist:DarkBurningMagic","floor":12.0,"key":"SMITH"},{"data":"theDuelist:ImperialOrder","floor":15.0,"key":"SMITH"},{"data":"theDuelist:KamionTimelord","floor":23.0,"key":"SMITH"},{"data":"theDuelist:ScrapFactory","floor":32.0,"key":"SMITH"},{"floor":51,"key":"DIG"}],"circlet_count":0,"master_deck":["theDuelist:BeaverWarrior","theDuelist:BeaverWarrior","theDuelist:FinalFlame+1","theDuelist:GiantSoldier","theDuelist:GiantSoldier","theDuelist:ScrapFactory+1","theDuelist:VendreadCharge","theDuelist:DokiDoki","theDuelist:ImperialOrder+1","theDuelist:RainbowKuriboh","theDuelist:SwordsConcealing","theDuelist:DarkBurningMagic+1","theDuelist:KamionTimelord+1","theDuelist:HappyLover+1","theDuelist:ScrapFactory+1","theDuelist:PotGreed+1","theDuelist:AssaultArmor+1","theDuelist:SilverApples+1","theDuelist:PowerWall+1","theDuelist:PotGreed","theDuelist:BlockGolem+1","theDuelist:Hinotama+5","theDuelist:OnslaughtFireKings","theDuelist:CatapultZone+1","theDuelist:DeltaMagnet","Sadistic Nature+1","theDuelist:StarBlast","theDuelist:MagicalStone","theDuelist:MillenniumShield"],"relics":["theDuelist:MillenniumPuzzle","theDuelist:CardPoolRelic","theDuelist:CardPoolBasicRelic","theDuelist:BoosterPackPoolRelic","theDuelist:CardPoolAddRelic","theDuelist:CardPoolMinusRelic","theDuelist:CardPoolSaveRelic","theDuelist:CardPoolOptionsRelic","REME_ComplimentaryCards","Mango","MawBank","vexMod:FocusSash","Empty Cage","Art of War","REME_PuzzleBoxRelic","BargainBundle","ReplayTheSpireMod:Spearhead","War Paint","Charon\u0027s Ashes","theDuelist:ElectricKey","Potion Belt","Replay:Multitool","infinitespire:Lucky Rock","theDuelist:CursedHealer","Turnip","theDuelist:MillenniumRing","vexMod:TimeEaterHat","Red Skull"],"acts_visited":["Exordium","TheCity","TheBeyond"],"potions_floor_usage":[],"damage_taken":[{"damage":0.0,"enemies":"Small Slimes","floor":1.0,"turns":4.0},{"damage":2.0,"enemies":"Cultist","floor":2.0,"turns":4.0},{"damage":2.0,"enemies":"infinitespire:Voidling","floor":4.0,"turns":4.0},{"damage":5.0,"enemies":"Lots of Slimes","floor":5.0,"turns":3.0},{"damage":0.0,"enemies":"Lagavulin","floor":6.0,"turns":7.0},{"damage":19.0,"enemies":"3 Sentries","floor":8.0,"turns":5.0},{"damage":0.0,"enemies":"Looter","floor":10.0,"turns":2.0},{"damage":6.0,"enemies":"3 Louse","floor":11.0,"turns":3.0},{"damage":1.0,"enemies":"Blue Slaver","floor":13.0,"turns":3.0},{"damage":10.0,"enemies":"Large Slime","floor":14.0,"turns":3.0},{"damage":28.0,"enemies":"Hexaghost","floor":16.0,"turns":13.0},{"damage":8.0,"enemies":"Chosen","floor":18.0,"turns":6.0},{"damage":2.0,"enemies":"Spheric Guardian","floor":19.0,"turns":4.0},{"damage":0.0,"enemies":"Centurion and Healer","floor":20.0,"turns":7.0},{"damage":8.0,"enemies":"Chosen and Byrds","floor":21.0,"turns":10.0},{"damage":9.0,"enemies":"Snake Plant","floor":22.0,"turns":4.0},{"damage":0.0,"enemies":"Snecko","floor":24.0,"turns":5.0},{"damage":0.0,"enemies":"theDuelist:KaibaA2","floor":25.0,"turns":5.0},{"damage":0.0,"enemies":"Cultist and Chosen","floor":28.0,"turns":4.0},{"damage":0.0,"enemies":"Centurion and Healer","floor":29.0,"turns":3.0},{"damage":0.0,"enemies":"Snake Plant","floor":30.0,"turns":5.0},{"damage":31.0,"enemies":"Gremlin Leader","floor":31.0,"turns":5.0},{"damage":11.0,"enemies":"Automaton","floor":33.0,"turns":7.0},{"damage":15.0,"enemies":"3 Darklings","floor":35.0,"turns":4.0},{"damage":0.0,"enemies":"3 Shapes","floor":36.0,"turns":3.0},{"damage":0.0,"enemies":"Maw","floor":38.0,"turns":6.0},{"damage":11.0,"enemies":"Jaw Worm Horde","floor":39.0,"turns":5.0},{"damage":0.0,"enemies":"R_Hoarder","floor":40.0,"turns":7.0},{"damage":0.0,"enemies":"Nemesis","floor":42.0,"turns":8.0},{"damage":0.0,"enemies":"Spire Growth","floor":47.0,"turns":7.0},{"damage":0.0,"enemies":"Giant Head","floor":48.0,"turns":10.0},{"damage":24,"enemies":"Replay:Hell Engine","floor":52,"turns":15}],"seed_played":"197626117698453814","potions_obtained":[{"floor":2.0,"key":"SkillPotion"},{"floor":4.0,"key":"hexamod:EctoCoolerPotion"},{"floor":5.0,"key":"DistilledChaos"},{"floor":10.0,"key":"Ambrosia"},{"floor":40.0,"key":"theDuelist:FireBottle"},{"floor":47.0,"key":"theDuelist:GiftPotion"}],"is_trial":false,"path_per_floor":["M","M","?","M","M","E","R","E","T","M","M","R","M","M","R","B",null,"M","M","M","M","M","R","M","E","T","$","M","M","M","E","R","B",null,"M","M","?","M","M","E","?","E","PTL","PTL","T","?","M","E","R","$","R","B",null],"character_chosen":"THE_DUELIST","items_purchased":["BargainBundle","theDuelist:PowerWall","ReplayTheSpireMod:Spearhead","theDuelist:PotGreed","War Paint","theDuelist:MillenniumRing","vexMod:TimeEaterHat","theDuelist:MillenniumShield"],"campfire_rested":0,"item_purchase_floors":[27,27,27,27,27,50,50,50],"current_hp_per_floor":[80,78,78,80,75,89,89,70,70,70,64,64,63,53,53,25,94,86,84,84,76,67,67,67,67,67,67,67,67,67,36,36,25,94,79,79,79,79,68,68,68,68,68,68,68,93,93,93,93,93,93,69],"gold":49,"neow_bonus":"ONE_RANDOM_RARE_CARD","is_daily":false,"chose_seed":false,"campfire_upgraded":5,"win_rate":0.0,"timestamp":1610433159,"path_taken":["M","M","?","M","M","E","R","E","T","M","?","R","M","M","R","BOSS","M","M","?","M","M","R","M","E","T","$","?","M","M","E","R","BOSS","M","M","?","M","M","E","?","E","PTL","PTL","T","?","M","E","R","$","R","BOSS"],"items_purchased_type":["Relic","Card","Relic","Card","Relic","Relic","Relic","Card"],"build_version":"2020-12-22","purchased_purges":2,"victory":true,"max_hp_per_floor":[80,80,80,80,80,94,94,94,94,94,94,94,94,94,94,94,94,94,94,94,94,94,94,94,94,94,94,94,94,94,94,94,94,94,94,94,94,94,94,94,94,94,94,94,94,94,94,94,94,94,94,94],"relic_stats":{"counters":[32,181],"Charon\u0027s Ashes":[300],"Turnip":[0],"Art of War":[10],"War Paint":["theDuelist:PowerWall","theDuelist:SilverApples"],"MawBank":228,"obtain_stats":[{"theDuelist:CursedHealer":46,"Mango":6,"Replay:Multitool":42,"theDuelist:MillenniumPuzzle":0,"Empty Cage":17,"theDuelist:BoosterPackPoolRelic":0,"theDuelist:CardPoolAddRelic":0,"theDuelist:CardPoolOptionsRelic":0,"Red Skull":51,"theDuelist:CardPoolRelic":0,"theDuelist:ElectricKey":34,"Potion Belt":40,"BargainBundle":27,"vexMod:TimeEaterHat":50,"Charon\u0027s Ashes":31,"theDuelist:CardPoolSaveRelic":0,"vexMod:FocusSash":9,"infinitespire:Lucky Rock":45,"War Paint":27,"MawBank":8,"theDuelist:MillenniumRing":50,"theDuelist:CardPoolMinusRelic":0,"ReplayTheSpireMod:Spearhead":27,"theDuelist:CardPoolBasicRelic":0,"Turnip":48,"Art of War":25,"REME_PuzzleBoxRelic":26,"REME_ComplimentaryCards":0},{"theDuelist:CursedHealer":29,"Mango":5,"Replay:Multitool":29,"theDuelist:MillenniumPuzzle":0,"Empty Cage":11,"theDuelist:BoosterPackPoolRelic":0,"theDuelist:CardPoolAddRelic":0,"theDuelist:CardPoolOptionsRelic":0,"Red Skull":31,"theDuelist:CardPoolRelic":0,"theDuelist:ElectricKey":23,"Potion Belt":28,"BargainBundle":18,"vexMod:TimeEaterHat":31,"Charon\u0027s Ashes":22,"theDuelist:CardPoolSaveRelic":0,"vexMod:FocusSash":6,"infinitespire:Lucky Rock":29,"War Paint":18,"MawBank":6,"theDuelist:MillenniumRing":31,"theDuelist:CardPoolMinusRelic":0,"ReplayTheSpireMod:Spearhead":18,"theDuelist:CardPoolBasicRelic":0,"Turnip":31,"Art of War":18,"REME_PuzzleBoxRelic":18,"REME_ComplimentaryCards":0},{"theDuelist:CursedHealer":149,"Mango":22,"Replay:Multitool":149,"theDuelist:MillenniumPuzzle":0,"Empty Cage":51,"theDuelist:BoosterPackPoolRelic":0,"theDuelist:CardPoolAddRelic":0,"theDuelist:CardPoolOptionsRelic":0,"Red Skull":166,"theDuelist:CardPoolRelic":0,"theDuelist:ElectricKey":116,"Potion Belt":141,"BargainBundle":92,"vexMod:TimeEaterHat":166,"Charon\u0027s Ashes":109,"theDuelist:CardPoolSaveRelic":0,"vexMod:FocusSash":27,"infinitespire:Lucky Rock":149,"War Paint":92,"MawBank":27,"theDuelist:MillenniumRing":166,"theDuelist:CardPoolMinusRelic":0,"ReplayTheSpireMod:Spearhead":92,"theDuelist:CardPoolBasicRelic":0,"Turnip":166,"Art of War":92,"REME_PuzzleBoxRelic":92,"REME_ComplimentaryCards":0}]},"card_choices":[{"not_picked":["theDuelist:SpellShatteringArrow","theDuelist:MeteorDestruction","theDuelist:Hinotama","theDuelist:DoubleTool"],"picked":"theDuelist:VendreadCharge","floor":1.0},{"not_picked":["theDuelist:EarthEffigy","theDuelist:GiantSoldierSteel","theDuelist:GolemSentry","theDuelist:RainbowOverdragon"],"picked":"theDuelist:DokiDoki","floor":2.0},{"not_picked":["theDuelist:GravityAxe","theDuelist:ElectromagneticShield","theDuelist:MiraculousDescent"],"picked":"theDuelist:ImperialOrder","floor":4.0},{"not_picked":["theDuelist:RainbowNeos","theDuelist:HappyLover","theDuelist:Eva","theDuelist:RainbowOverdragon"],"picked":"theDuelist:RainbowKuriboh","floor":5.0},{"not_picked":["theDuelist:DoubleTool","theDuelist:WhiteMagicalHat","theDuelist:WormApocalypse","theDuelist:SpellShatteringArrow","theDuelist:CharcoalInpachi"],"picked":"SKIP","floor":6.0},{"not_picked":["theDuelist:MeteorDestruction","theDuelist:EgoBoost","theDuelist:SpiritHarp","theDuelist:RainbowNeos","theDuelist:LightningVortex"],"picked":"SKIP","floor":8.0},{"not_picked":["theDuelist:Eva","theDuelist:BlueBloodedOni","theDuelist:RainbowKuriboh","theDuelist:RainbowOverdragon","theDuelist:RedHeadedOni"],"picked":"SKIP","floor":10.0},{"not_picked":["theDuelist:CombinationAttack","theDuelist:GravityAxe","theDuelist:ElectromagneticShield","theDuelist:AssaultArmor"],"picked":"theDuelist:DarkBurningMagic","floor":11.0},{"not_picked":["theDuelist:GravityAxe","theDuelist:Electrowhip","theDuelist:MiraculousDescent"],"picked":"theDuelist:WhiteHowling","floor":13.0},{"not_picked":["theDuelist:DarklordSuperbia","theDuelist:DarkMirrorForce","theDuelist:DestroyerGolem","theDuelist:Polymerization","theDuelist:GilfordLegend"],"picked":"SKIP","floor":14.0},{"not_picked":["theDuelist:HappyLover","theDuelist:Eva","theDuelist:RainbowKuriboh","theDuelist:RainbowOverdragon"],"picked":"theDuelist:KamionTimelord","floor":16.0},{"not_picked":["theDuelist:KamionTimelord","theDuelist:Eva+1","theDuelist:RainbowKuriboh+1","theDuelist:RainbowOverdragon"],"picked":"theDuelist:HappyLover+1","floor":18.0},{"not_picked":["theDuelist:BigFire+1","theDuelist:SwordDeepSeated","theDuelist:Eva","theDuelist:PsychicShockwave"],"picked":"theDuelist:ScrapFactory+1","floor":19.0},{"not_picked":["theDuelist:GauntletWarrior+1","theDuelist:RedMedicine","theDuelist:RedHeadedOni+1","theDuelist:LightningVortex"],"picked":"theDuelist:PotGreed+1","floor":20.0},{"not_picked":["theDuelist:KamionTimelord","theDuelist:HappyLover","theDuelist:Eva+1","theDuelist:RainbowKuriboh","theDuelist:RainbowOverdragon"],"picked":"SKIP","floor":21.0},{"not_picked":["theDuelist:UnderworldCannon+1","theDuelist:MagnumShield","theDuelist:WhiteNinja","theDuelist:Predaponics+1"],"picked":"theDuelist:AssaultArmor+1","floor":22.0},{"not_picked":["theDuelist:Sangan","theDuelist:KamionTimelord","theDuelist:MillenniumShield","theDuelist:BattleFootballer","theDuelist:Mathematician"],"picked":"SKIP","floor":24.0},{"not_picked":["theDuelist:BigFire","theDuelist:RainbowNeos+1","theDuelist:OnslaughtFireKings","theDuelist:GravityBlaster"],"picked":"theDuelist:SilverApples","floor":25.0},{"not_picked":["theDuelist:ScrapFactory","theDuelist:Graverobber","theDuelist:Downbeat","theDuelist:DarkFactory+1","theDuelist:SwordDeepSeated+1"],"picked":"SKIP","floor":28.0},{"not_picked":["theDuelist:MudragonSwamp","theDuelist:LabyrinthWall","theDuelist:EvilswarmHeliotrope","theDuelist:StrayLambs","theDuelist:WingedKuribohLv9"],"picked":"SKIP","floor":29.0},{"not_picked":["theDuelist:SpiralSpearStrike","theDuelist:MiracleFertilizer","theDuelist:GravityAxe","theDuelist:ElectromagneticShield","theDuelist:SparkBlaster+1"],"picked":"SKIP","floor":30.0},{"not_picked":["theDuelist:SilentDoom","theDuelist:DarkBurningMagic","theDuelist:CharcoalInpachi","theDuelist:Electrowhip","theDuelist:GravityAxe"],"picked":"SKIP","floor":31.0},{"not_picked":["theDuelist:SpellShatteringArrow","theDuelist:Hinotama+5","theDuelist:CoreBlaster","theDuelist:CombinationAttack+1","theDuelist:VenomShot"],"picked":"SKIP","floor":35.0},{"not_picked":["theDuelist:Eva+1","theDuelist:DestroyerGolem","theDuelist:GolemSentry","theDuelist:MagicHoleGolem"],"picked":"theDuelist:BlockGolem+1","floor":36.0},{"not_picked":["theDuelist:HappyLover","theDuelist:BattleFootballer","theDuelist:Graverobber+1","theDuelist:AfterGenocide+1"],"picked":"theDuelist:Hinotama+4","floor":38.0},{"not_picked":["theDuelist:Hinotama+1","theDuelist:FairyBox+1","theDuelist:Eva+1","theDuelist:UnderworldCannon"],"picked":"theDuelist:OnslaughtFireKings","floor":39.0},{"not_picked":["theDuelist:LightningRodLord+1","theDuelist:GemArmadillo","theDuelist:BattleguardKing+1","theDuelist:MagicalStone"],"picked":"theDuelist:CatapultZone+1","floor":40.0},{"not_picked":["theDuelist:SpellShatteringArrow+1","theDuelist:Hinotama+1","theDuelist:CoreBlaster","theDuelist:BigFire+1","theDuelist:CrossAttack+1"],"picked":"SKIP","floor":42.0},{"not_picked":["Discovery","Dramatic Entrance+1","Jack Of All Trades"],"picked":"Sadistic Nature+1","floor":47.0},{"not_picked":["theDuelist:VendreadCharge","theDuelist:CharcoalInpachi","theDuelist:PreventRat","theDuelist:SwordsRevealing"],"picked":"theDuelist:StarBlast","floor":48.0}],"player_experience":214409,"relics_obtained":[{"floor":6.0,"key":"Mango"},{"floor":8.0,"key":"MawBank"},{"floor":9.0,"key":"vexMod:FocusSash"},{"floor":25.0,"key":"Art of War"},{"floor":26.0,"key":"REME_PuzzleBoxRelic"},{"floor":31.0,"key":"Charon\u0027s Ashes"},{"floor":40.0,"key":"Potion Belt"},{"floor":42.0,"key":"Replay:Multitool"},{"floor":45.0,"key":"infinitespire:Lucky Rock"},{"floor":48.0,"key":"Turnip"},{"floor":51,"key":"Red Skull"}],"event_choices":[{"damage_healed":0.0,"max_hp_gain":0.0,"max_hp_loss":0.0,"gold_gain":0.0,"event_name":"Relic Duplicator","player_choice":"Leave","duelist":true,"floor":3.0,"gold_loss":0.0,"damage_taken":0.0},{"cards_removed":["theDuelist:PineappleBlast"],"damage_healed":0.0,"max_hp_gain":0.0,"max_hp_loss":0.0,"gold_gain":0.0,"event_name":"Falling","player_choice":"Removed Attack","floor":37.0,"gold_loss":0.0,"damage_taken":0.0},{"damage_healed":0.0,"max_hp_gain":0.0,"max_hp_loss":0.0,"gold_gain":0.0,"event_name":"Egyptian Village","player_choice":"Delta Electro","duelist":true,"floor":41.0,"gold_loss":0.0,"damage_taken":0.0,"cards_obtained":["Delta Electromagnet Warrior"]},{"damage_healed":0.0,"max_hp_gain":0.0,"max_hp_loss":0.0,"gold_gain":0.0,"event_name":"Tomb of the Nameless","player_choice":"Succumb - +25HP/Cursed Relic","duelist":true,"floor":46.0,"gold_loss":0.0,"damage_taken":0.0}],"is_beta":false,"boss_relics":[{"not_picked":["Inserter","ChewingGum"],"picked":"Empty Cage"},{"not_picked":["vexMod:CursedCompass","Velvet Choker"],"picked":"theDuelist:ElectricKey"}],"items_purged_floors":[27,50],"is_endless":false,"potions_floor_spawned":[2,4,5,10,11,16,18,21,24,30,31,36,40,47],"ascension_level":0}}