{"host":"fuszjwm6fqgjjp4d","time":1610432851,"event":{"mods":["BaseMod","Bestiary","Colored Map","DeckTracker","Minty Spire (QoL Compilation)","Permanent Neow","Relic Sorter","Relic Stats","StSLib"],"gold_per_floor":[141,181,226,211,211,211,261,261,261,29,102,119,146,146,146,146,146],"floor_reached":16,"playtime":715,"items_purged":["Normality"],"score":187,"play_id":"07d0e86f-fdfd-41fe-a910-5c33aa012db3","local_time":"20210112002731","is_ascension_mode":true,"campfire_choices":[{"data":"Wish","floor":6.0,"key":"SMITH"},{"floor":8.0,"key":"REST"},{"floor":15,"key":"REST"}],"circlet_count":0,"master_deck":["AscendersBane","Strike_P","Strike_P","Strike_P","Strike_P","Defend_P","Defend_P","Defend_P","Defend_P","Eruption","Vigilance","Wish+1","Prostrate","Prostrate","FearNoEvil","ThirdEye","Conclude","Omniscience","Tantrum"],"relics":["PureWater","Singing Bowl","The Courier"],"acts_visited":["Exordium"],"potions_floor_usage":[12,13],"damage_taken":[{"damage":6.0,"enemies":"2 Louse","floor":1.0,"turns":6.0},{"damage":12.0,"enemies":"Cultist","floor":2.0,"turns":4.0},{"damage":11.0,"enemies":"Jaw Worm","floor":3.0,"turns":9.0},{"damage":23.0,"enemies":"Exordium Thugs","floor":4.0,"turns":4.0},{"damage":8.0,"enemies":"2 Fungi Beasts","floor":7.0,"turns":6.0},{"damage":0.0,"enemies":"Large Slime","floor":11.0,"turns":5.0},{"damage":3,"enemies":"Red Slaver","floor":12,"turns":7},{"damage":19,"enemies":"3 Sentries","floor":13,"turns":8},{"damage":76,"enemies":"Slime Boss","floor":16,"turns":3}],"seed_played":"-7524965146402630815","potions_obtained":[{"floor":4.0,"key":"ColorlessPotion"},{"floor":7.0,"key":"LiquidMemories"},{"floor":11.0,"key":"SkillPotion"},{"floor":12,"key":"Swift Potion"}],"is_trial":false,"path_per_floor":["M","M","M","M","?","R","M","R","T","$","M","M","E","?","R","B"],"character_chosen":"WATCHER","items_purchased":["Omniscience"],"campfire_rested":2,"item_purchase_floors":[10],"current_hp_per_floor":[55,43,32,9,9,9,1,21,21,21,23,22,3,3,24,0,0],"gold":146,"neow_bonus":"THREE_RARE_CARDS","is_daily":false,"chose_seed":false,"campfire_upgraded":1,"win_rate":0.0,"timestamp":1610432851,"path_taken":["M","M","M","M","?","R","M","R","T","?","M","M","E","?","R","BOSS"],"items_purchased_type":["Card"],"build_version":"2020-12-22","purchased_purges":1,"victory":false,"max_hp_per_floor":[68,68,68,68,68,68,68,68,68,68,70,72,72,72,72,72,72],"relic_stats":{"Singing Bowl":4,"counters":[9,52],"obtain_stats":[{"Singing Bowl":9,"The Courier":13,"PureWater":0},{"Singing Bowl":5,"The Courier":8,"PureWater":0},{"Singing Bowl":29,"The Courier":49,"PureWater":0}]},"card_choices":[{"not_picked":["Brilliance","Vault"],"picked":"Wish","floor":0.0},{"not_picked":["ThirdEye","FlurryOfBlows"],"picked":"Prostrate","floor":1.0},{"not_picked":["CutThroughFate","ClearTheMind"],"picked":"Prostrate","floor":2.0},{"not_picked":["Crescendo","Swivel"],"picked":"FearNoEvil","floor":3.0},{"not_picked":["ClearTheMind","CrushJoints"],"picked":"ThirdEye","floor":4.0},{"not_picked":["PathToVictory","SandsOfTime"],"picked":"Conclude","floor":7.0},{"not_picked":["CrushJoints","Wallop","SashWhip"],"picked":"Singing Bowl","floor":11.0},{"not_picked":["Prostrate","Vengeance","CutThroughFate"],"picked":"Singing Bowl","floor":12},{"not_picked":["Omniscience","EmptyFist"],"picked":"Tantrum","floor":13}],"player_experience":1272318,"relics_obtained":[{"floor":9.0,"key":"Singing Bowl"},{"floor":13,"key":"The Courier"}],"event_choices":[{"damage_healed":0.0,"max_hp_gain":0.0,"max_hp_loss":0.0,"gold_gain":0.0,"event_name":"FaceTrader","player_choice":"Leave","floor":5.0,"gold_loss":0.0,"damage_taken":0.0},{"damage_healed":0,"gold_gain":0,"player_choice":"Ignored","damage_taken":0,"max_hp_gain":0,"max_hp_loss":0,"event_name":"Shining Light","floor":14,"gold_loss":0}],"is_beta":false,"boss_relics":[],"items_purged_floors":[10],"is_endless":false,"potions_floor_spawned":[4,7,11,12],"killed_by":"Slime Boss","ascension_level":16}}