{"host":"4qkvkh7pd9qr2mca","time":1610484319,"event":{"mods":["AchievementEnabler","BaseMod","Colored Map","Colored Powertips","Highlight Path","Minty Spire (QoL Compilation)","Permanent Neow","Quick Restart","StSLib","SuperFastMode"],"gold_per_floor":[15,30,40,40,5,5,31,31,31,67,67,88,106,31,31,121,121,86,102,126,126,126,126,126,126],"floor_reached":24,"language":"ENG","playtime":976,"items_purged":["Strike_G"],"score":412,"play_id":"47509bf7-0fff-42d6-84d5-a4d2e6e77800","local_time":"20210112214519","is_ascension_mode":true,"campfire_choices":[{"data":"Crippling Poison","floor":6.0,"key":"SMITH"},{"data":"Well Laid Plans","floor":11.0,"key":"SMITH"},{"data":"Leg Sweep","floor":15.0,"key":"SMITH"},{"data":"Calculated Gamble","floor":23,"key":"SMITH"}],"circlet_count":0,"master_deck":["AscendersBane","Strike_G+1","Strike_G+1","Strike_G+1","Strike_G+1","Defend_G+1","Defend_G+1","Defend_G+1","Defend_G+1","Defend_G+1","Survivor","Neutralize","Venomology+1","Crippling Poison+1","Leg Sweep+1","Deadly Poison","Masterful Stab","Well Laid Plans+1","PiercingWail","Deadly Poison","Venomology","Calculated Gamble+1","Blur+1"],"relics":["Ring of the Snake","Mummified Hand","Bloody Idol","Toy Ornithopter","Strawberry","Black Star"],"acts_visited":["Exordium","TheCity"],"potions_floor_usage":[16,16,18,18,19,19,19,20,20,20,24,24],"damage_taken":[{"damage":6.0,"enemies":"Small Slimes","floor":1.0,"turns":8.0},{"damage":1.0,"enemies":"Jaw Worm","floor":2.0,"turns":5.0},{"damage":3.0,"enemies":"Cultist","floor":3.0,"turns":5.0},{"damage":28.0,"enemies":"3 Sentries","floor":7.0,"turns":10.0},{"damage":12.0,"enemies":"Lagavulin","floor":10.0,"turns":6.0},{"damage":3.0,"enemies":"2 Fungi Beasts","floor":12.0,"turns":3.0},{"damage":4.0,"enemies":"3 Louse","floor":13.0,"turns":3.0},{"damage":16,"enemies":"Hexaghost","floor":16,"turns":10},{"damage":13,"enemies":"2 Thieves","floor":18,"turns":5},{"damage":14,"enemies":"3 Byrds","floor":19,"turns":3},{"damage":30,"enemies":"Centurion and Healer","floor":20,"turns":8},{"damage":51,"enemies":"Slavers","floor":24,"turns":5}],"seed_played":"470347591377932005","potions_obtained":[{"floor":3.0,"key":"AttackPotion"},{"floor":10.0,"key":"FearPotion"},{"floor":19,"key":"DistilledChaos"}],"is_trial":false,"path_per_floor":["M","M","M","?","?","R","E","?","T","E","R","M","M","$","R","B",null,"M","M","M","?","?","R","E"],"character_chosen":"THE_SILENT","items_purchased":[],"campfire_rested":0,"item_purchase_floors":[],"current_hp_per_floor":[53,52,49,49,65,65,37,37,37,42,42,39,40,40,40,34,59,56,53,38,38,38,38,0,0],"gold":126,"neow_bonus":"THREE_RARE_CARDS","is_daily":false,"chose_seed":false,"campfire_upgraded":4,"win_rate":0.0,"timestamp":1610484319,"path_taken":["M","M","M","?","?","R","E","?","T","E","R","?","M","?","R","BOSS","M","M","M","?","?","R","E"],"items_purchased_type":[],"build_version":"2020-12-22","purchased_purges":1,"victory":false,"max_hp_per_floor":[66,66,66,66,66,66,66,60,60,67,67,67,67,67,67,67,67,67,67,67,67,67,67,67,67],"card_choices":[{"not_picked":["Burst","Storm of Steel"],"picked":"Venomology","floor":0.0},{"not_picked":["Dodge and Roll","PiercingWail"],"picked":"Crippling Poison","floor":1.0},{"not_picked":["Concentrate","Backflip"],"picked":"Leg Sweep","floor":2.0},{"not_picked":["Calculated Gamble","Deflect"],"picked":"Deadly Poison","floor":3.0},{"not_picked":["Flying Knee","Skewer"],"picked":"Masterful Stab","floor":7.0},{"not_picked":["Sucker Punch","Bane"],"picked":"Well Laid Plans","floor":10.0},{"not_picked":["Deflect","Backstab"],"picked":"PiercingWail","floor":12.0},{"not_picked":["Finisher","Eviscerate"],"picked":"Deadly Poison","floor":13.0},{"not_picked":["Unload","Phantasmal Killer"],"picked":"Venomology","floor":16},{"not_picked":["Crippling Poison","Deadly Poison"],"picked":"Calculated Gamble","floor":18},{"not_picked":["Poisoned Stab","Backstab","Cloak And Dagger"],"picked":"SKIP","floor":19},{"not_picked":["Deflect","Reflex"],"picked":"Blur+1","floor":20}],"player_experience":543577,"relics_obtained":[{"floor":7.0,"key":"Mummified Hand"},{"floor":9.0,"key":"Toy Ornithopter"},{"floor":10.0,"key":"Strawberry"}],"event_choices":[{"damage_healed":0.0,"max_hp_gain":0.0,"max_hp_loss":0.0,"gold_gain":0.0,"event_name":"Living Wall","player_choice":"Grow","floor":4.0,"gold_loss":0.0,"damage_taken":0.0,"cards_upgraded":["Venomology"]},{"damage_healed":16.0,"max_hp_gain":0.0,"max_hp_loss":0.0,"gold_gain":0.0,"event_name":"The Cleric","player_choice":"Healed","floor":5.0,"gold_loss":35.0,"damage_taken":0.0},{"damage_healed":0.0,"max_hp_gain":0.0,"max_hp_loss":6.0,"gold_gain":0.0,"event_name":"Golden Idol","player_choice":"Lose Max HP","floor":8.0,"gold_loss":0.0,"damage_taken":0.0,"relics_obtained":["Golden Idol"]},{"damage_healed":0,"gold_gain":0,"player_choice":"Simplicity","damage_taken":0,"max_hp_gain":0,"max_hp_loss":0,"event_name":"Back to Basics","floor":21,"gold_loss":0,"cards_upgraded":["Strike_G","Strike_G","Strike_G","Strike_G","Defend_G","Defend_G","Defend_G","Defend_G","Defend_G"]},{"damage_healed":0,"gold_gain":0,"player_choice":"Gave Idol","damage_taken":0,"relics_obtained":["Bloody Idol"],"max_hp_gain":0,"max_hp_loss":0,"event_name":"Forgotten Altar","floor":22,"relics_lost":["Golden Idol"],"gold_loss":0}],"is_beta":false,"boss_relics":[{"not_picked":["Ectoplasm","Fusion Hammer"],"picked":"Black Star"}],"items_purged_floors":[14],"is_endless":false,"potions_floor_spawned":[3,7,10,19],"killed_by":"Slavers","ascension_level":20}}