{"host":"ln38befi3ugo1bsw","time":1610441269,"event":{"mods":["BaseMod","BetterRewards","Colored Map","Colored Powertips","Downfall","Hermit","Jorbs\u0027s Wanderer Trilogy","Lobotomy","Minty Spire (QoL Compilation)","READ ME - Guardian Mod","READ ME - Snecko Mod","StSLib","SuperFastMode","The Cursed","The Disciple","The Hierophant","The Servant 0.9.4"],"gold_per_floor":[114,130,144,157,174,209,209,222,249,281,281,297,316,40,40,143,193,211,229,229,229,51,51,84,103,157,167,167,14,29,46,46,144,144,162,162,172,172,172],"floor_reached":40,"playtime":2273,"items_purged":["Pain","stsjorbsmod:Amnesia"],"score":622,"play_id":"28330085-13cb-4cf0-ae33-ae0107680bfb","local_time":"20210112034749","is_ascension_mode":false,"campfire_choices":[{"floor":11,"key":"REST"},{"data":"Distraction","floor":15,"key":"SMITH"},{"data":"Burst","floor":23,"key":"SMITH"},{"floor":28,"key":"REST"},{"floor":32,"key":"REST"}],"circlet_count":0,"master_deck":["Strike_G","Strike_G","Strike_G+1","Strike_G","Strike_G","Defend_G","Defend_G","Defend_G","Defend_G","Defend_G","Survivor","Neutralize","Poisoned Stab","Deadly Poison+1","Catalyst","Flying Knee","Flying Knee","Sucker Punch+1","Distraction+1","Deflect","Backflip","Deflect","A Thousand Cuts","Poisoned Stab","Prepared","Dodge and Roll+1","Burst+1","Noxious Fumes","Deflect+1","Slice+1","Dodge and Roll+1","Escape Plan","Adrenaline"],"relics":["Ring of the Snake","Bird Faced Urn","HornCleat","WarpedTongs","Bronze Scales","Orichalcum","Lee\u0027s Waffle","Tiny House","Kunai","Bag of Preparation","Centennial Puzzle","Whetstone","Cursed Key"],"acts_visited":["Exordium","TheCity","TheBeyond"],"potions_floor_usage":[8,8,10,10,25],"damage_taken":[{"damage":3,"enemies":"2 Louse","floor":1,"turns":3},{"damage":1,"enemies":"Cultist","floor":2,"turns":3},{"damage":3,"enemies":"Jaw Worm","floor":3,"turns":4},{"damage":7,"enemies":"Exordium Wildlife","floor":4,"turns":5},{"damage":0,"enemies":"Red Slaver","floor":5,"turns":3},{"damage":18,"enemies":"Lagavulin","floor":6,"turns":6},{"damage":0,"enemies":"Looter","floor":8,"turns":1},{"damage":27,"enemies":"3 Sentries","floor":10,"turns":9},{"damage":3,"enemies":"Gremlin Gang","floor":12,"turns":4},{"damage":6,"enemies":"3 Louse","floor":13,"turns":3},{"damage":29,"enemies":"The Guardian","floor":16,"turns":10},{"damage":4,"enemies":"Chosen","floor":18,"turns":4},{"damage":14,"enemies":"Spheric Guardian","floor":19,"turns":4},{"damage":22,"enemies":"Book of Stabbing","floor":24,"turns":5},{"damage":15,"enemies":"Snake Plant","floor":25,"turns":4},{"damage":3,"enemies":"3 Cultists","floor":27,"turns":5},{"damage":9,"enemies":"Snecko","floor":30,"turns":5},{"damage":5,"enemies":"Centurion and Healer","floor":31,"turns":7},{"damage":35,"enemies":"Champ","floor":33,"turns":13},{"damage":1,"enemies":"3 Shapes","floor":35,"turns":5},{"damage":0,"enemies":"Orb Walker","floor":37,"turns":4},{"damage":20,"enemies":"Donu and Deca","floor":39,"turns":12}],"seed_played":"6013556594814823469","potions_obtained":[{"floor":3,"key":"EssenceOfSteel"},{"floor":4,"key":"Fire Potion"},{"floor":6,"key":"Fire Potion"},{"floor":8,"key":"champ:CounterPotion"},{"floor":10,"key":"Weak Potion"},{"floor":12,"key":"SpeedPotion"},{"floor":17,"key":"BlessingOfTheForge"},{"floor":25,"key":"Strength Potion"}],"is_trial":false,"path_per_floor":["M","M","M","M","M","E","?","M","T","E","R","M","M","$","R","B",null,"M","M","?","T","$","R","E","M","T","M","R","$","M","M","R","B",null,"M","?","M","?","B",null],"character_chosen":"THE_SILENT","items_purchased":["Lee\u0027s Waffle","Deflect","Noxious Fumes","Whetstone"],"campfire_rested":3,"item_purchase_floors":[14,14,22,29],"current_hp_per_floor":[67,66,63,56,56,38,38,38,38,11,32,29,23,77,77,48,82,78,64,64,64,64,64,46,31,31,30,54,54,49,46,70,39,82,82,82,82,82,62],"gold":172,"neow_bonus":"ONE_RARE_RELIC","is_daily":false,"chose_seed":false,"campfire_upgraded":2,"win_rate":0.0,"timestamp":1610441269,"path_taken":["M","M","M","M","M","E","?","M","T","E","R","?","M","?","R","BOSS","M","M","?","?","$","R","E","M","T","M","R","$","?","M","R","BOSS","M","?","M","?","BOSS"],"items_purchased_type":["Relic","Card","Card","Relic"],"build_version":"2020-12-22","purchased_purges":2,"victory":true,"max_hp_per_floor":[70,70,70,70,70,70,70,70,70,70,70,70,70,77,77,77,82,82,82,82,82,82,82,82,82,82,82,82,82,82,82,82,82,82,82,82,82,82,82],"card_choices":[{"not_picked":["Cloak And Dagger","Sucker Punch"],"picked":"Poisoned Stab","floor":1},{"not_picked":["Cloak And Dagger","Blade Dance"],"picked":"Deadly Poison","floor":2},{"not_picked":["Riddle With Holes","Poisoned Stab"],"picked":"Catalyst","floor":3},{"not_picked":["Prepared","PiercingWail"],"picked":"Flying Knee","floor":4},{"not_picked":["Underhanded Strike","Heel Hook","Blur"],"picked":"SKIP","floor":5},{"not_picked":["Unload","Slice"],"picked":"Flying Knee","floor":6},{"not_picked":["Reflex","Prepared"],"picked":"Sucker Punch","floor":8},{"not_picked":["Escape Plan","Finisher"],"picked":"Distraction","floor":10},{"not_picked":["Poisoned Stab","Bane"],"picked":"Deflect","floor":12},{"not_picked":["Slice","Tools of the Trade"],"picked":"Backflip","floor":13},{"not_picked":["Tools of the Trade","Burst"],"picked":"A Thousand Cuts","floor":16},{"not_picked":["Bane","Skewer"],"picked":"Poisoned Stab","floor":17},{"not_picked":["Blade Dance","Flying Knee"],"picked":"Prepared","floor":18},{"not_picked":["Deadly Poison","Predator"],"picked":"Dodge and Roll+1","floor":19},{"not_picked":["Night Terror","Blur"],"picked":"Acrobatics","floor":24},{"not_picked":["Flechettes","Predator"],"picked":"Deflect+1","floor":25},{"not_picked":["Accuracy","Underhanded Strike+1"],"picked":"Slice+1","floor":27},{"not_picked":["Noxious Fumes","Eviscerate"],"picked":"Dodge and Roll+1","floor":30},{"not_picked":["Underhanded Strike","Blade Dance"],"picked":"Escape Plan","floor":31},{"not_picked":["Phantasmal Killer","Night Terror"],"picked":"Adrenaline","floor":33},{"not_picked":["Acrobatics+1","Underhanded Strike+1","Eviscerate"],"picked":"SKIP","floor":35},{"not_picked":["Heel Hook+1","Infinite Blades+1","Sucker Punch+1"],"picked":"SKIP","floor":37}],"player_experience":77364,"relics_obtained":[{"floor":6,"key":"HornCleat"},{"floor":9,"key":"Bronze Scales"},{"floor":10,"key":"Orichalcum"},{"floor":21,"key":"Kunai"},{"floor":24,"key":"Bag of Preparation"},{"floor":26,"key":"Centennial Puzzle"}],"event_choices":[{"damage_healed":0,"gold_gain":0,"player_choice":"Rummage","damage_taken":0,"relics_obtained":["WarpedTongs"],"max_hp_gain":0,"max_hp_loss":0,"event_name":"Accursed Blacksmith","floor":7,"gold_loss":0,"cards_obtained":["Pain"]},{"damage_healed":0,"gold_gain":0,"player_choice":"Read","damage_taken":0,"max_hp_gain":0,"max_hp_loss":0,"event_name":"The Library","floor":20,"gold_loss":0,"cards_obtained":["Burst"]},{"cards_removed":["Acrobatics"],"damage_healed":0,"gold_gain":0,"player_choice":"Removed Skill","damage_taken":0,"max_hp_gain":0,"max_hp_loss":0,"event_name":"Falling","floor":36,"gold_loss":0},{"damage_healed":0,"gold_gain":0,"player_choice":"Took Portal","damage_taken":0,"max_hp_gain":0,"max_hp_loss":0,"event_name":"SecretPortal","floor":38,"gold_loss":0}],"is_beta":false,"boss_relics":[{"not_picked":["Runic Dome","Snecko Eye"],"picked":"Tiny House"},{"not_picked":["Velvet Choker","Ring of the Serpent"],"picked":"Cursed Key"}],"items_purged_floors":[14,22],"is_endless":false,"potions_floor_spawned":[3,4,6,8,10,12,18,25,30,31],"ascension_level":0}}