{"host":"m1168lp3vv5pgdep","time":1610462210,"event":{"mods":["Act Like it!","Aspiration","BaseMod","Better Altar","Better Match","Better Sensory Stone","Better Skull","Better Third Choice","Block Reminder","CCEM","Curses Come First","Elementarium","Gensokyo","GungeonMod","Hallownest","Hermit","Hubris","Menagerie","Minty Spire (QoL Compilation)","Pale of the Ancients","Permanent Neow","Quick Restart","Small Relic Pack","Spicy Shops","StSLib","The Bug Knight","The Forsaken","The Marked","Wandering Minibosses","WarShipGirlsR/????R mod"],"gold_per_floor":[115,134,144,144,157,192,192,192,192,157,157,172,172,24,24,127,127,187,97,22,122,132,216,216,242,242,242,253,253,273,239,239,344,344,411,474,108,123,60,95,195,10,36,36,67,67,67,67,67,67,67],"floor_reached":50,"playtime":6634,"items_purged":["Strike_G","Strike_G","Strike_G"],"score":614,"play_id":"22ccd17b-a3df-4554-9786-3561d19f328a","local_time":"20210112143650","is_ascension_mode":true,"campfire_choices":[{"floor":8.0,"key":"RECALL"},{"data":"1","floor":11.0,"key":"LIFT"},{"data":"2","floor":15.0,"key":"LIFT"},{"data":"Envenom","floor":24.0,"key":"SMITH"},{"floor":27.0,"key":"REST"},{"floor":29.0,"key":"REST"},{"floor":32.0,"key":"REST"},{"floor":44,"key":"REST"},{"floor":47,"key":"REST"},{"floor":49,"key":"REST"}],"circlet_count":0,"master_deck":["Defend_G","Defend_G","Defend_G","Defend_G","Defend_G","Survivor","Neutralize+1","Footwork","Blade Dance","Backstab","Terror","A Thousand Cuts","Envenom+1","Noxious Fumes","Blade Dance","Finisher","hubris:Sniper+1","Backstab","Accuracy"],"relics":["Ring of the Serpent","hubris:Icosahedron","Girya","Membership Card","relicPack:KazumaCape","aspiration:SeaSaltIceCream","aspiration:Nostalgia","theForsaken:JudgementScales","aspiration:Stabinomicon","Turnip","Kunai","Bottled Lightning","hubris:Reverence","DemoMod:GlassGuonStoneRelic","DemoMod:ClearGuonStone","DemoMod:PinkGuonStone","aspiration:ChemicalBlood","Peace Pipe","relicPack:DSword","relicPack:OneForAll"],"acts_visited":["Exordium","TheCity","TheBeyond"],"potions_floor_usage":[36,40,45,45,50,50,50],"damage_taken":[{"damage":1.0,"enemies":"2 Louse","floor":1.0,"turns":3.0},{"damage":0.0,"enemies":"Small Slimes","floor":2.0,"turns":3.0},{"damage":3.0,"enemies":"Jaw Worm","floor":3.0,"turns":4.0},{"damage":10.0,"enemies":"Red Slaver","floor":5.0,"turns":3.0},{"damage":3.0,"enemies":"Gremlin Nob","floor":6.0,"turns":3.0},{"damage":17.0,"enemies":"Exordium Thugs","floor":12.0,"turns":6.0},{"damage":13.0,"enemies":"Hexaghost","floor":16.0,"turns":8.0},{"damage":21.0,"enemies":"3 Byrds","floor":18.0,"turns":5.0},{"damage":9.0,"enemies":"Spheric Guardian","floor":22.0,"turns":4.0},{"damage":16.0,"enemies":"Slavers","floor":23.0,"turns":6.0},{"damage":13.0,"enemies":"Book of Stabbing","floor":25.0,"turns":4.0},{"damage":0.0,"enemies":"Snecko","floor":28.0,"turns":2.0},{"damage":11.0,"enemies":"Sentry and Sphere","floor":30.0,"turns":5.0},{"damage":9.0,"enemies":"Cultist and Chosen","floor":31.0,"turns":4.0},{"damage":14.0,"enemies":"Collector","floor":33.0,"turns":3.0},{"damage":3,"enemies":"3 Shapes","floor":35,"turns":3},{"damage":23,"enemies":"3 Darklings","floor":36,"turns":4},{"damage":14,"enemies":"Sphere and 2 Shapes","floor":38,"turns":6},{"damage":24,"enemies":"Nemesis","floor":40,"turns":5},{"damage":0,"enemies":"Giant Head","floor":45,"turns":5},{"damage":48,"enemies":"hubris:GrandSnecko","floor":50,"turns":4}],"seed_played":"-8331978623847502569","potions_obtained":[{"floor":1.0,"key":"Block Potion"},{"floor":5.0,"key":"CunningPotion"},{"floor":12.0,"key":"SkillPotion"},{"floor":16.0,"key":"SpeedPotion"},{"floor":22.0,"key":"DuplicationPotion"},{"floor":23.0,"key":"CunningPotion"},{"floor":33.0,"key":"SteroidPotion"},{"floor":35,"key":"Energy Potion"},{"floor":40,"key":"FearPotion"}],"is_trial":false,"path_per_floor":["M","M","M","?","M","E","?","R","T","?","R","M","?","$","R","B",null,"M","$","?","?","M","E","R","E","T","R","M","R","M","M","R","B",null,"M","M","$","M","$","E","?","$","T","R","E","?","R","?","R","B"],"character_chosen":"THE_SILENT","items_purchased":["Membership Card","Noxious Fumes","Blade Dance","Kunai","Bottled Lightning","hubris:Reverence","Accuracy","DemoMod:PinkGuonStone","Poison Potion"],"campfire_rested":6,"item_purchase_floors":[14,19,19,37,37,37,42,42,42],"current_hp_per_floor":[69,69,66,66,56,53,53,53,53,70,70,53,46,46,46,33,70,49,49,49,49,40,24,24,11,11,32,32,53,42,33,54,49,70,67,44,44,30,30,6,6,13,13,36,36,1,24,24,47,0,0],"gold":67,"neow_bonus":"UPGRADE_CARD","is_daily":false,"chose_seed":false,"campfire_upgraded":1,"win_rate":0.0,"timestamp":1610462210,"path_taken":["M","M","M","?","M","E","?","R","T","?","R","M","?","$","R","BOSS","M","$","?","?","M","E","R","E","T","R","?","R","M","M","R","BOSS","M","M","$","M","$","E","?","?","T","R","E","?","R","?","R","BOSS"],"items_purchased_type":["Relic","Card","Card","Relic","Relic","Relic","Card","Relic","Potion"],"build_version":"2020-12-22","purchased_purges":3,"victory":false,"max_hp_per_floor":[70,70,70,70,70,70,70,70,70,70,70,70,70,70,70,70,70,70,70,70,70,70,70,70,70,70,70,70,70,70,70,70,70,70,70,70,70,70,70,70,70,77,77,77,77,77,77,77,77,77,77],"card_choices":[{"not_picked":["Poisoned Stab","PiercingWail"],"picked":"Footwork","floor":1.0},{"not_picked":["Catalyst","Deflect"],"picked":"Blade Dance","floor":2.0},{"not_picked":["Endless Agony","Calculated Gamble"],"picked":"Backstab","floor":3.0},{"not_picked":["Crippling Poison","hubris:Counter"],"picked":"Terror","floor":5.0},{"not_picked":["PiercingWail","Outmaneuver"],"picked":"A Thousand Cuts","floor":6.0},{"not_picked":["Predator","Catalyst","Dagger Spray"],"picked":"SKIP","floor":12.0},{"not_picked":["Phantasmal Killer","Die Die Die"],"picked":"Envenom","floor":16.0},{"not_picked":["Crippling Poison","Slice","Acrobatics+1"],"picked":"SKIP","floor":18.0},{"not_picked":["Acrobatics+1","All Out Attack","hubris:Counter"],"picked":"SKIP","floor":22.0},{"not_picked":["Bouncing Flask+1","Masterful Stab","Catalyst+1"],"picked":"SKIP","floor":23.0},{"not_picked":["Calculated Gamble+1","Underhanded Strike","Caltrops"],"picked":"SKIP","floor":25.0},{"not_picked":["Outmaneuver+1","Heel Hook","Acrobatics+1"],"picked":"SKIP","floor":28.0},{"not_picked":["Acrobatics","Skewer","Dodge and Roll"],"picked":"SKIP","floor":30.0},{"not_picked":["Acrobatics+1","Caltrops"],"picked":"Finisher","floor":31.0},{"not_picked":["Sucker Punch+1","Outmaneuver+1","Bane+1"],"picked":"SKIP","floor":35},{"not_picked":["hubris:SlightOfHand+1","Quick Slash"],"picked":"hubris:Sniper+1","floor":36},{"not_picked":["Deflect+1","PiercingWail+1","Flying Knee"],"picked":"SKIP","floor":38},{"not_picked":["Unload","Outmaneuver"],"picked":"Backstab","floor":40},{"not_picked":["Reflex","Dash","Dagger Spray"],"picked":"SKIP","floor":45}],"player_experience":190392,"relics_obtained":[{"floor":6.0,"key":"Girya"},{"floor":23.0,"key":"aspiration:SeaSaltIceCream"},{"floor":25.0,"key":"aspiration:Stabinomicon"},{"floor":26.0,"key":"Turnip"},{"floor":40,"key":"DemoMod:ClearGuonStone"},{"floor":43,"key":"aspiration:ChemicalBlood"},{"floor":45,"key":"Peace Pipe"}],"event_choices":[{"damage_healed":53.0,"max_hp_gain":0.0,"max_hp_loss":70.0,"gold_gain":0.0,"event_name":"betterThird:BetterShining","player_choice":"Leave","floor":7.0,"gold_loss":0.0,"damage_taken":0.0},{"damage_healed":17.0,"max_hp_gain":0.0,"max_hp_loss":0.0,"gold_gain":0.0,"event_name":"The Cleric","player_choice":"Healed","floor":10.0,"gold_loss":35.0,"damage_taken":0.0},{"cards_removed":["Strike_G"],"damage_healed":0.0,"max_hp_gain":0.0,"max_hp_loss":0.0,"gold_gain":0.0,"event_name":"Golden Wing","player_choice":"Card Removal","floor":13.0,"gold_loss":0.0,"damage_taken":7.0},{"cards_removed":["Strike_G"],"damage_healed":0.0,"max_hp_gain":0.0,"max_hp_loss":0.0,"gold_gain":0.0,"event_name":"Beggar","player_choice":"Gave Gold","floor":20.0,"gold_loss":75.0,"damage_taken":0.0},{"damage_healed":0.0,"max_hp_gain":0.0,"max_hp_loss":0.0,"gold_gain":100.0,"event_name":"Golden Shrine","player_choice":"Pray","floor":21.0,"gold_loss":0.0,"damage_taken":0.0},{"damage_healed":0,"gold_gain":100,"player_choice":"Pray","damage_taken":0,"max_hp_gain":0,"max_hp_loss":0,"event_name":"Golden Shrine","floor":41,"gold_loss":0}],"is_beta":false,"boss_relics":[{"not_picked":["Philosopher\u0027s Stone","hubris:BlackHole"],"picked":"relicPack:KazumaCape"},{"not_picked":["Coffee Dripper","CCEMRelics:GreenEgg"],"picked":"Ring of the Serpent"}],"items_purged_floors":[19,37,39],"is_endless":false,"potions_floor_spawned":[1,5,12,16,22,23,33,35,40],"killed_by":"hubris:GrandSnecko","ascension_level":1}}