{"host":"6azrrw3tf7wb0f4b","time":1610434057,"event":{"mods":["BaseMod","DeckTracker","Minty Spire (QoL Compilation)","SuperFastMode"],"gold_per_floor":[112,124,140,140,69,69,89,105,105,105,118,136,148,166,166,267,267,283,208,223,233,252,252,271,271,271,271,271],"floor_reached":27,"playtime":1228,"items_purged":["Defend_B"],"score":341,"play_id":"3b5e6c48-ce31-4265-a8e9-1724e110eec3","local_time":"20210112154737","is_ascension_mode":true,"campfire_choices":[{"data":"Loop","floor":6,"key":"SMITH"},{"data":"Dualcast","floor":10,"key":"SMITH"},{"data":"Hologram","floor":15,"key":"SMITH"},{"floor":23,"key":"REST"}],"circlet_count":0,"master_deck":["AscendersBane","Strike_B","Strike_B","Defend_B","Zap+1","Dualcast+1","Rebound","Self Repair","Reinforced Body","Loop+1","Hologram+1","Conserve Battery","Coolheaded+1","All For One","Undo","Gash","Machine Learning","Redo+1","Fission+1","Core Surge+1","Streamline","Gash","Beam Cell","BootSequence"],"relics":["Cracked Core","Torii","Astrolabe","Gremlin Horn"],"acts_visited":["Exordium","TheCity"],"potions_floor_usage":[11,12,16,21,27],"damage_taken":[{"damage":1,"enemies":"Cultist","floor":1,"turns":3},{"damage":0,"enemies":"Small Slimes","floor":2,"turns":3},{"damage":11,"enemies":"Jaw Worm","floor":3,"turns":4},{"damage":9,"enemies":"3 Louse","floor":7,"turns":3},{"damage":16,"enemies":"Blue Slaver","floor":8,"turns":4},{"damage":1,"enemies":"Exordium Thugs","floor":11,"turns":4},{"damage":12,"enemies":"Gremlin Gang","floor":12,"turns":6},{"damage":1,"enemies":"Blue Slaver","floor":13,"turns":3},{"damage":1,"enemies":"2 Fungi Beasts","floor":14,"turns":3},{"damage":12,"enemies":"Hexaghost","floor":16,"turns":10},{"damage":10,"enemies":"Spheric Guardian","floor":18,"turns":5},{"damage":44,"enemies":"2 Thieves","floor":20,"turns":4},{"damage":1,"enemies":"3 Cultists","floor":21,"turns":5},{"damage":29,"enemies":"Shelled Parasite and Fungi","floor":22,"turns":7},{"damage":16,"enemies":"Snake Plant","floor":24,"turns":5},{"damage":22,"enemies":"Slavers","floor":27,"turns":1}],"seed_played":"-2245834666582579622","potions_obtained":[{"floor":3,"key":"AttackPotion"},{"floor":7,"key":"SkillPotion"},{"floor":11,"key":"PotionOfCapacity"},{"floor":13,"key":"ColorlessPotion"},{"floor":20,"key":"DistilledChaos"}],"is_trial":false,"path_per_floor":["M","M","M","?","$","R","M","M","T","R","M","M","M","M","R","B",null,"M","$","M","M","M","R","M","?","T","E"],"character_chosen":"DEFECT","items_purchased":["Loop"],"campfire_rested":1,"item_purchase_floors":[5],"current_hp_per_floor":[67,67,63,63,63,63,61,52,52,52,58,53,59,58,58,53,70,67,67,30,36,14,36,20,20,20,0,0],"gold":271,"neow_bonus":"UPGRADE_CARD","is_daily":false,"chose_seed":false,"campfire_upgraded":3,"win_rate":0.0,"timestamp":1610434057,"path_taken":["M","M","M","?","$","R","M","M","T","R","M","M","M","M","R","BOSS","M","$","M","M","M","R","M","?","T","E"],"items_purchased_type":["Card"],"build_version":"2020-12-22","purchased_purges":1,"victory":false,"max_hp_per_floor":[75,75,75,75,75,75,75,75,75,75,75,75,75,75,75,75,75,75,75,75,75,75,75,75,75,75,75,75],"card_choices":[{"not_picked":["Rip and Tear","Leap"],"picked":"Rebound","floor":1},{"not_picked":["Conserve Battery","Force Field"],"picked":"Self Repair","floor":2},{"not_picked":["Coolheaded","Scrape"],"picked":"Reinforced Body","floor":3},{"not_picked":["Rebound","Steam"],"picked":"Hologram","floor":7},{"not_picked":["Fission","Go for the Eyes"],"picked":"Conserve Battery","floor":8},{"not_picked":["Hologram","Leap"],"picked":"Coolheaded","floor":11},{"not_picked":["Hologram","Stack"],"picked":"All For One","floor":12},{"not_picked":["Barrage","Cold Snap"],"picked":"Undo","floor":13},{"not_picked":["Steam","Cold Snap"],"picked":"Gash","floor":14},{"not_picked":["Meteor Strike","Multi-Cast"],"picked":"Machine Learning","floor":16},{"not_picked":["Hologram","Recycle"],"picked":"Streamline","floor":18},{"not_picked":["Sweeping Beam","Rebound"],"picked":"Gash","floor":20},{"not_picked":["Leap+1","Reprogram","Auto Shields"],"picked":"SKIP","floor":21},{"not_picked":["Auto Shields","Capacitor+1"],"picked":"Beam Cell","floor":22},{"not_picked":["Scrape","Hologram"],"picked":"BootSequence","floor":24}],"player_experience":697372,"relics_obtained":[{"floor":9,"key":"Torii"},{"floor":26,"key":"Gremlin Horn"}],"event_choices":[{"cards_removed":["Strike_B"],"damage_healed":0,"gold_gain":0,"player_choice":"Purged","damage_taken":0,"max_hp_gain":0,"max_hp_loss":0,"event_name":"Purifier","floor":4,"gold_loss":0},{"damage_healed":0,"gold_gain":0,"player_choice":"Forge","damage_taken":0,"max_hp_gain":0,"max_hp_loss":0,"event_name":"Accursed Blacksmith","floor":25,"gold_loss":0,"cards_upgraded":["Coolheaded"]}],"is_beta":false,"boss_relics":[{"not_picked":["Empty Cage","Black Star"],"picked":"Astrolabe"}],"items_purged_floors":[19],"is_endless":false,"potions_floor_spawned":[3,7,11,13,20],"killed_by":"Slavers","ascension_level":12}}