{"host":"ldbx2jhnvtia1ouf","time":1610466917,"event":{"mods":["BaseMod","Better Note","Better Sensory Stone","Better Skull","Better Third Choice","Block Reminder","Colored Map","Colored Powertips","Curses Come First","Highlight Path","Minty Spire (QoL Compilation)","Permanent Neow","Spicy Shops","StSLib","Transform Curses","Unceasing Turn Reminder"],"gold_per_floor":[124,236,259,281,307,319,365,377,389,421,448,460,486,498,510,522,522],"floor_reached":16,"playtime":768,"items_purged":[],"score":104,"play_id":"325cf8dd-27b6-43eb-ae29-93f36fb8a2bf","local_time":"20210113015517","is_ascension_mode":false,"campfire_choices":[{"data":"Poisoned Stab","floor":6,"key":"SMITH"},{"floor":8,"key":"REST"},{"floor":15,"key":"REST"}],"circlet_count":0,"master_deck":["Strike_G","Strike_G","Strike_G","Strike_G","Defend_G","Defend_G","Defend_G","Defend_G","Defend_G","Survivor","Neutralize","CurseOfTheBell","Poisoned Stab+1","Corpse Explosion","PiercingWail","Well Laid Plans","Malaise","Deadly Poison","Bullet Time","Deadly Poison"],"relics":["Calling Bell","MawBank","Question Card","Peace Pipe","Bronze Scales"],"acts_visited":["Exordium"],"potions_floor_usage":[16,16,16],"damage_taken":[{"damage":9,"enemies":"Jaw Worm","floor":1,"turns":5},{"damage":0,"enemies":"Cultist","floor":3,"turns":5},{"damage":5,"enemies":"Small Slimes","floor":4,"turns":4},{"damage":2,"enemies":"3 Louse","floor":5,"turns":2},{"damage":27,"enemies":"Gremlin Nob","floor":7,"turns":5},{"damage":11,"enemies":"Large Slime","floor":10,"turns":7},{"damage":5,"enemies":"Looter","floor":11,"turns":3},{"damage":0,"enemies":"Exordium Wildlife","floor":13,"turns":3},{"damage":30,"enemies":"Slime Boss","floor":16,"turns":10}],"seed_played":"-166959068301920511","potions_obtained":[{"floor":1,"key":"Dexterity Potion"},{"floor":7,"key":"EssenceOfSteel"},{"floor":11,"key":"SpeedPotion"}],"is_trial":false,"path_per_floor":["M","?","M","M","M","R","E","R","T","M","M","?","M","?","R","B"],"character_chosen":"THE_SILENT","items_purchased":[],"campfire_rested":2,"item_purchase_floors":[],"current_hp_per_floor":[61,61,61,56,54,54,27,48,48,37,32,25,25,7,28,0,0],"gold":522,"neow_bonus":"BOSS_RELIC","is_daily":false,"chose_seed":false,"campfire_upgraded":1,"win_rate":0.0,"timestamp":1610466917,"path_taken":["M","?","M","M","?","R","E","R","T","M","M","?","M","?","R","BOSS"],"items_purchased_type":[],"build_version":"2020-12-22","purchased_purges":0,"victory":false,"max_hp_per_floor":[70,70,70,70,70,70,70,70,70,70,70,70,70,70,70,70,70],"card_choices":[{"not_picked":["Dagger Spray","Underhanded Strike","Choke"],"picked":"Poisoned Stab","floor":1},{"not_picked":["Poisoned Stab","Slice","Dagger Spray"],"picked":"Corpse Explosion","floor":3},{"not_picked":["Sucker Punch","Escape Plan","Outmaneuver"],"picked":"PiercingWail","floor":4},{"not_picked":["Slice","Terror","Quick Slash"],"picked":"Well Laid Plans","floor":5},{"not_picked":["Acrobatics","Doppelganger","Blade Dance"],"picked":"Malaise","floor":7},{"not_picked":["Acrobatics","Sucker Punch","Masterful Stab"],"picked":"Deadly Poison","floor":10},{"not_picked":["Underhanded Strike","Distraction","Flying Knee"],"picked":"Bullet Time","floor":11},{"not_picked":["Poisoned Stab","Blur","Acrobatics"],"picked":"Deadly Poison","floor":13}],"player_experience":116660,"relics_obtained":[{"floor":0,"key":"MawBank"},{"floor":0,"key":"Question Card"},{"floor":0,"key":"Peace Pipe"},{"floor":7,"key":"Bronze Scales"}],"event_choices":[{"damage_healed":0,"gold_gain":100,"player_choice":"Pray","damage_taken":0,"max_hp_gain":0,"max_hp_loss":0,"event_name":"Golden Shrine","floor":2,"gold_loss":0},{"cards_removed":["Strike_G"],"damage_healed":0,"gold_gain":0,"player_choice":"Card Removal","damage_taken":7,"max_hp_gain":0,"max_hp_loss":0,"event_name":"Golden Wing","floor":12,"gold_loss":0},{"damage_healed":0,"gold_gain":0,"player_choice":"LEAVE","damage_taken":18,"max_hp_gain":0,"max_hp_loss":0,"event_name":"betterThird:BetterScrap","floor":14,"gold_loss":0,"cards_obtained":["Reaper"]}],"is_beta":false,"boss_relics":[],"items_purged_floors":[],"is_endless":false,"potions_floor_spawned":[1,7,11],"killed_by":"Slime Boss","ascension_level":0}}