{"host":"dwyzfvnzfcqffr30","time":1610461970,"event":{"mods":["2.2 Compatiblity","Act Like it!","BaseMod","Beaked The Cultist","Better Altar","Better Match","Better Note","Better Sensory Stone","Better Skull","Better Third Choice","Clockwork Mod","Colored Map","Colored Powertips","Conspire","Downfall","Elementarium","GifTheSpireLib","Halation","Hermit","Hubris","Infinite Spire","Ironclad Rager","Jedi Mod","Menagerie","Mimic Mod","Minty Spire (QoL Compilation)","Permanent Neow","Random Character Button","Replay The Spire","Spicy Shops","Spikes Relics","StSLib","Stuff the Spire","The Construct","The Disciple","The Druid","The Marked","TheFirefly","Trackpad","vexMod"],"gold_per_floor":[112,129,129,129,146,173,191,218,218,218,43,43,59,90,90,166,166,176,176,195,207,9,43,43,71,71,71,71,82,110,121,121,196,196,213,23,43,61,7,7,36,36,36,55,91,91,91,115,115,123,123,123,88,126,130],"floor_reached":56,"playtime":8127,"items_purged":["StuffTheSpire:CuriosityCurse","Menagerie:Foresee+1","thefirefly:Strike+1","thefirefly:Strike+1","thefirefly:PhotonBlast+1"],"score":2328,"play_id":"81ee2949-81c1-4f00-a5ec-a44b0293dd43","local_time":"20210112063250","is_ascension_mode":true,"campfire_choices":[{"floor":10,"key":"REST"},{"floor":12,"key":"RECALL"},{"data":"thefirefly:SearingEnigma+1","floor":15,"key":"SMITH"},{"data":"thefirefly:ChargedLaser+1","floor":24,"key":"SMITH"},{"data":"thefirefly:SearingEnigma+2","floor":27,"key":"SMITH"},{"data":"thefirefly:ChargedLaser+2","floor":32,"key":"SMITH"},{"floor":40,"key":"REST"},{"data":"thefirefly:SearingEnigma+3","floor":42,"key":"SMITH"},{"data":"thefirefly:LaserMail+1","floor":47,"key":"SMITH"},{"data":"thefirefly:LaserMail+2","floor":49,"key":"SMITH"},{"data":"thefirefly:LaserMail+3","floor":52,"key":"SMITH"}],"circlet_count":0,"master_deck":["AscendersBane","thefirefly:Defend+1","thefirefly:Defend+1","thefirefly:Defend+1","thefirefly:Defend+1","thefirefly:StealthMode+1","MasterReality+1","Apotheosis+1","thefirefly:SearingEnigma+4","thefirefly:Pacify+1","thefirefly:Distort+1","thefirefly:StoredPower+1","thefirefly:EvasiveManeuver+1","thefirefly:RerouteCircuit+1","Sickly","sneckomod:Unknown+1","thefirefly:MindControl+1","expansioncontent:DefensiveStance+1","infinitespire:NeuralNetwork+1","thefirefly:QuantumTunneling+1","thefirefly:InterceptingShot+1","thefirefly:ChargedLaser+3","thefirefly:LustForEternity+1","thefirefly:LaserMail+4","hubris:NaturalOne","thefirefly:Exile+1","thefirefly:ShieldGenerator+1","thefirefly:LifeSupport+1","infinitespire:Execution+1"],"relics":["thefirefly:StealthSystem","Bottled Tornado","conspire:InfiniteJournal","Quantum Egg","Frozen Egg 2","Molten Egg 2","Toxic Egg 2","Torii","ShockBauble","Replay:Baseball","Bird Faced Urn","ReplayTheSpireMod:SealedPack","hubris:Icosahedron","ExplosiveVial","halation:LettersToHer","Bronze Scales","Matryoshka","Sundial","StuffTheSpire:Mouthbags","Blood Vial","vexMod:BigBerry","MiniBlackHole","Replay:Bandana","Gremlin Food","StuffTheSpire:Expresso","WizardHat","Mango","SlaversCollar","trackpad:FieryHotPepper","trackpad:BottledTsunami"],"acts_visited":["Menagerie:Menagerie","TheCity","TheBeyond","TheEnding"],"potions_floor_usage":[16,29,29,35,41,44,45,50,50,55,55],"damage_taken":[{"damage":0,"enemies":"Menagerie:MonstrousExperiment","floor":1,"turns":4},{"damage":0,"enemies":"Menagerie:2_RABBITS","floor":2,"turns":4},{"damage":1,"enemies":"Menagerie:WhisperingWraith","floor":5,"turns":3},{"damage":6,"enemies":"Menagerie:VoidReaper","floor":6,"turns":6},{"damage":5,"enemies":"Menagerie:DREAD_MOTH_AND_GRAFTED_WORMS","floor":7,"turns":5},{"damage":1,"enemies":"Menagerie:MaskedSummoner","floor":8,"turns":7},{"damage":0,"enemies":"Menagerie:3_RABBITS","floor":13,"turns":5},{"damage":16,"enemies":"Menagerie:Hydra","floor":14,"turns":6},{"damage":0,"enemies":"Menagerie:Suneater","floor":16,"turns":7},{"damage":0,"enemies":"conspire:FuzzyDice","floor":18,"turns":7},{"damage":2,"enemies":"Spheric Guardian","floor":20,"turns":5},{"damage":0,"enemies":"Shelled Parasite and Fungi","floor":21,"turns":4},{"damage":17,"enemies":"Slavers","floor":23,"turns":10},{"damage":0,"enemies":"Replay:Snechameleon","floor":25,"turns":7},{"damage":1,"enemies":"Centurion and Healer","floor":29,"turns":6},{"damage":3,"enemies":"Slavers","floor":30,"turns":5},{"damage":0,"enemies":"Snake Plant","floor":31,"turns":3},{"damage":0,"enemies":"Champ","floor":33,"turns":8},{"damage":0,"enemies":"3 Darklings","floor":35,"turns":5},{"damage":0,"enemies":"3 Shapes","floor":37,"turns":5},{"damage":20,"enemies":"Transient","floor":38,"turns":5},{"damage":6,"enemies":"R_Hoarder","floor":41,"turns":9},{"damage":53,"enemies":"Sphere and 2 Shapes","floor":44,"turns":6},{"damage":0,"enemies":"beaked:SuperParasite","floor":45,"turns":7},{"damage":0,"enemies":"Writhing Mass","floor":48,"turns":5},{"damage":10,"enemies":"infinitespire:MassOfShapes","floor":50,"turns":9},{"damage":3,"enemies":"Shield and Spear","floor":54,"turns":7},{"damage":7,"enemies":"The Heart","floor":55,"turns":6}],"seed_played":"-7549425583944296503","potions_obtained":[{"floor":14,"key":"Dexterity Potion"},{"floor":20,"key":"Strength Potion"},{"floor":25,"key":"EntropicBrew"},{"floor":31,"key":"Energy Potion"},{"floor":37,"key":"BlessingOfTheForge"},{"floor":44,"key":"Adrenaline Potion"},{"floor":45,"key":"jedi:StrikingPotion"},{"floor":48,"key":"jedi:tentaclejuice"}],"is_trial":false,"path_per_floor":["M","M","?","?","M","E","M","E","T","R","$","R","M","E","R","B",null,"M","?","M","M","$","E","R","E","T","R","?","M","E","M","R","B",null,"M","$","M","M","$","R","E","R","T","M","E","AVR","R","M","R","B",null,"R","$","E","B",null],"character_chosen":"THE_FIREFLY","items_purchased":["ExplosiveVial","halation:LettersToHer","Bronze Scales","thefirefly:LaserMail+1","MiniBlackHole","ColorlessPotion","trackpad:FieryHotPepper"],"campfire_rested":2,"item_purchase_floors":[22,22,22,36,39,53,53],"current_hp_per_floor":[55,55,55,55,54,48,43,42,42,60,60,60,60,44,44,52,58,60,60,60,60,60,53,53,60,60,60,60,60,59,60,60,60,90,90,90,90,78,78,90,92,92,92,58,78,92,92,106,106,106,106,106,106,106,106],"gold":130,"neow_bonus":"TEN_PERCENT_HP_BONUS","is_daily":false,"chose_seed":false,"campfire_upgraded":8,"win_rate":0.0,"timestamp":1610461970,"path_taken":["M","M","?","?","M","E","?","E","T","R","$","R","M","E","R","BOSS","M","?","M","M","$","E","R","E","T","R","?","M","E","M","R","BOSS","M","?","M","?","$","R","E","R","T","M","E","AVR","R","M","R","BOSS","R","$","E","BOSS"],"items_purchased_type":["Relic","Relic","Relic","Card","Relic","Potion","Relic"],"build_version":"2020-12-22","purchased_purges":5,"victory":true,"max_hp_per_floor":[60,60,60,60,60,60,60,60,60,60,60,60,60,60,60,60,60,60,60,60,60,60,60,60,60,60,60,60,60,60,60,60,60,90,90,90,90,90,90,90,92,92,92,92,92,106,106,106,106,106,106,106,106,106,106],"card_choices":[{"not_picked":["thefirefly:CoveringFire+1","thefirefly:PotentAmmunition+1"],"picked":"thefirefly:SearingEnigma+1","floor":1},{"not_picked":["thefirefly:ShieldArray+1","thefirefly:Reposition+1"],"picked":"thefirefly:Pacify+1","floor":2},{"not_picked":["thefirefly:EMP+1","thefirefly:InterceptingShot+1"],"picked":"thefirefly:Distort+1","floor":5},{"not_picked":["thefirefly:AuroralDischarge+1","thefirefly:Unburden+1"],"picked":"thefirefly:StoredPower+1","floor":6},{"not_picked":["thefirefly:QuantumTunneling+1","thefirefly:FlakCannon+1"],"picked":"thefirefly:ChargedLaser+1","floor":7},{"not_picked":["thefirefly:StarCinder+1","thefirefly:Lamentation+1"],"picked":"thefirefly:EvasiveManeuver+1","floor":8},{"not_picked":["thefirefly:Bombardment+1","thefirefly:Prominence+1","thefirefly:SearingEnigma+1"],"picked":"SKIP","floor":13},{"not_picked":["thefirefly:Lamentation+1","thefirefly:RecollectionSubroutine+1"],"picked":"thefirefly:RerouteCircuit+1","floor":14},{"not_picked":["Clockwork:Tinker","SecondHand"],"picked":"sneckomod:Unknown","floor":17},{"not_picked":["thefirefly:Dematerialize","thefirefly:TachyonBeam"],"picked":"thefirefly:MindControl","floor":17},{"not_picked":["Panacea","Deep Breath"],"picked":"expansioncontent:DefensiveStance","floor":17},{"not_picked":["infinitespire:SevenWalls","infinitespire:Punishment"],"picked":"infinitespire:NeuralNetwork","floor":17},{"not_picked":["thefirefly:CoveringFire+1","thefirefly:Teleport+1","thefirefly:Distort+1"],"picked":"SKIP","floor":18},{"not_picked":["thefirefly:Boost+1","thefirefly:FullProjection+1","thefirefly:AuroralDischarge+1"],"picked":"SKIP","floor":20},{"not_picked":["thefirefly:FlakCannon+1","thefirefly:Rend+1"],"picked":"thefirefly:QuantumTunneling+1","floor":21},{"not_picked":["thefirefly:Teleport+1","thefirefly:StoredPower+1"],"picked":"thefirefly:InterceptingShot+1","floor":23},{"not_picked":["thefirefly:InterceptingShot+1","thefirefly:Pacify+1","thefirefly:ChargedLaser+1"],"picked":"SKIP","floor":25},{"not_picked":["thefirefly:QuantumTunneling+1","thefirefly:PhantomStrike+1","thefirefly:InterceptingShot+1"],"picked":"SKIP","floor":29},{"not_picked":["thefirefly:ParadoxEngine+1","thefirefly:NebulaVeil+1","thefirefly:Teleport+1"],"picked":"SKIP","floor":30},{"not_picked":["thefirefly:Flight+1","thefirefly:CoveringFire+1","thefirefly:EvasiveManeuver+1"],"picked":"SKIP","floor":31},{"not_picked":["thefirefly:EphemeronForm+1","thefirefly:AlphaStrike+1"],"picked":"thefirefly:LustForEternity+1","floor":33},{"not_picked":["thefirefly:StarCinder+1","thefirefly:Flight+1","thefirefly:EMP+1"],"picked":"SKIP","floor":35},{"not_picked":["thefirefly:FullProjection+1","thefirefly:AuroralDischarge+1"],"picked":"thefirefly:Exile+1","floor":37},{"not_picked":["thefirefly:StoredPower+1","thefirefly:FlakCannon+1"],"picked":"thefirefly:ShieldGenerator+1","floor":38},{"not_picked":["thefirefly:Boost+1","thefirefly:InterceptingShot+1","thefirefly:MirrorShield+1"],"picked":"SKIP","floor":41},{"not_picked":["thefirefly:StarCinder+1","thefirefly:Lamentation+1","thefirefly:Pacify+1"],"picked":"SKIP","floor":44},{"not_picked":["thefirefly:ArtillleryBeam+1","thefirefly:CoveringFire+1"],"picked":"thefirefly:LifeSupport+1","floor":45},{"not_picked":["thefirefly:EMP+1","thefirefly:SteadyAim+1","thefirefly:Kugelblitz+1"],"picked":"SKIP","floor":48},{"not_picked":["thefirefly:TachyonBeam+1","thefirefly:AuroralDischarge+1","thefirefly:Pacify+1"],"picked":"SKIP","floor":54}],"player_experience":2751657,"relics_obtained":[{"floor":6,"key":"ShockBauble"},{"floor":8,"key":"Replay:Baseball"},{"floor":14,"key":"Bird Faced Urn"},{"floor":23,"key":"Matryoshka"},{"floor":25,"key":"Sundial"},{"floor":26,"key":"halation:LettersToHer"},{"floor":26,"key":"StuffTheSpire:Mouthbags"},{"floor":30,"key":"Blood Vial"},{"floor":41,"key":"Replay:Bandana"},{"floor":43,"key":"halation:LettersToHer"},{"floor":43,"key":"Gremlin Food"},{"floor":43,"key":"StuffTheSpire:Expresso"},{"floor":45,"key":"WizardHat"},{"floor":54,"key":"trackpad:BottledTsunami"}],"event_choices":[{"damage_healed":0,"gold_gain":0,"player_choice":"Simplicity","damage_taken":0,"max_hp_gain":0,"max_hp_loss":8,"event_name":"betterThird:BetterWriting","floor":0,"gold_loss":0},{"damage_healed":0,"gold_gain":0,"cards_transformed":["thefirefly:Strike"],"player_choice":"Grasp","damage_taken":0,"max_hp_gain":0,"max_hp_loss":0,"event_name":"Menagerie:MagesHand","floor":4,"gold_loss":0,"cards_obtained":["Menagerie:Foresee"]},{"cards_removed":["thefirefly:Strike"],"damage_healed":0,"gold_gain":0,"player_choice":"Purged","damage_taken":0,"max_hp_gain":0,"max_hp_loss":0,"event_name":"Purifier","floor":28,"gold_loss":0}],"is_beta":false,"boss_relics":[{"not_picked":["Busted Crown","Runic Dome"],"picked":"ReplayTheSpireMod:SealedPack"},{"not_picked":["thefirefly:ShadowThruster","Calling Bell"],"picked":"vexMod:BigBerry"}],"items_purged_floors":[11,11,22,36,46],"is_endless":false,"potions_floor_spawned":[1,8,14,20,25,30,31,37,44,45,48],"ascension_level":13}}