{"host":"appz8zkad29u9482","time":1610480829,"event":{"mods":["2.2 Compatiblity","Act Like it!","Aspiration","BaseMod","Beaked The Cultist","Better Altar","Better Match","Better Note","Better Skull","Better Third Choice","BetterRewards","CapriCore","Conspire","Disable Question Mark Monsters","Energized Spire","Gensokyo","GifTheSpireLib","Gold Saver","Halation","Hermit","Hubris","Infinite Spire","Jedi Mod","Marisa????????","Minty Spire (QoL Compilation)","Permanent Neow","Reimu??????","Replay The Spire","Somnambulant","Spicy Shops","StSLib","Strawberry Spire","Stuff the Spire","The Administrix","The Animator","The Cursed","The Hierophant","The Immortal","yUi"],"gold_per_floor":[125,143,143,143,143,143,213,213,268,330,380,438,506,506,506,494,494],"floor_reached":16,"language":"ENG","playtime":878,"items_purged":["Injury"],"score":130,"play_id":"c00a38ac-dde9-4561-964d-f2531d31db5b","local_time":"20210112094709","is_ascension_mode":true,"campfire_choices":[{"data":"hierophant:RustyCrate","floor":6,"key":"SMITH"},{"floor":8,"key":"REST"}],"circlet_count":0,"master_deck":["hierophant:Strike_Hierophant","hierophant:Strike_Hierophant","hierophant:Strike_Hierophant","hierophant:Punish","hierophant:Defend_Hierophant","hierophant:Defend_Hierophant","hierophant:Defend_Hierophant","hierophant:Charity","hierophant:Doubloon","hierophant:ThreeLashes","hierophant:RustyCrate+1","hierophant:Doubloon","hierophant:Doubloon","hierophant:ThreeLashes","hierophant:Chorus","hierophant:Doubloon","hierophant:Refuge","hierophant:ThreeLashes","Clumsy"],"relics":["hierophant:PropheticMaskRelic","jedi:gremlinknob","strawberrySpire:BonfireDress","Ring of Misfortune","Ring of Hypnosis","Chameleon Ring","Replay:WaspNest","Tiny Chest","Durian","strawberrySpire:Earthfruit"],"acts_visited":["Exordium"],"potions_floor_usage":[10,16],"damage_taken":[{"damage":0,"enemies":"2 Louse","floor":1,"turns":2},{"damage":3,"enemies":"Small Slimes","floor":2,"turns":3},{"damage":29,"enemies":"Replay:BlueRogue","floor":10,"turns":5},{"damage":3,"enemies":"Cultist","floor":11,"turns":5},{"damage":8,"enemies":"Looter","floor":12,"turns":3},{"damage":0,"enemies":"2 Fungi Beasts","floor":13,"turns":3},{"damage":27,"enemies":"The Guardian","floor":16,"turns":13}],"seed_played":"7461667361915308884","potions_obtained":[{"floor":2,"key":"Fruit Juice"},{"floor":11,"key":"Toxic Potion"}],"is_trial":false,"path_per_floor":["M","M","?","?","?","R","T","R","T","E","M","M","M","?","R","B"],"character_chosen":"HIEROPHANT","items_purchased":["hierophant:Charity"],"campfire_rested":1,"item_purchase_floors":[0],"current_hp_per_floor":[40,37,30,30,30,30,30,51,51,34,31,23,23,23,23,0,0],"gold":494,"neow_bonus":"","is_daily":false,"chose_seed":false,"campfire_upgraded":1,"win_rate":0.0,"timestamp":1610480829,"path_taken":["M","M","?","?","?","R","?","R","T","E","M","?","M","?","R","BOSS"],"items_purchased_type":["Card"],"build_version":"2020-12-22","purchased_purges":1,"victory":false,"max_hp_per_floor":[70,70,70,70,70,70,70,70,70,82,82,82,82,82,82,82,82],"card_choices":[{"not_picked":["hierophant:SealAway","hierophant:Glossolalia"],"picked":"hierophant:ThreeLashes","floor":1},{"not_picked":["hierophant:RecallFunds","hierophant:AuricBeam"],"picked":"hierophant:RustyCrate","floor":2},{"not_picked":["hierophant:Anathema","hierophant:FlamingChariot"],"picked":"hierophant:ThreeLashes","floor":10},{"not_picked":["hierophant:Encroach","hierophant:HammerAndAnvil"],"picked":"hierophant:Chorus","floor":11},{"not_picked":["hierophant:EyeForCoin","hierophant:Alms"],"picked":"hierophant:Refuge","floor":12},{"not_picked":["hierophant:Smite","hierophant:Purify"],"picked":"hierophant:ThreeLashes","floor":13}],"player_experience":543269,"relics_obtained":[{"floor":4,"key":"Ring of Misfortune"},{"floor":4,"key":"Ring of Hypnosis"},{"floor":5,"key":"Chameleon Ring"},{"floor":7,"key":"Replay:WaspNest"},{"floor":9,"key":"Tiny Chest"},{"floor":10,"key":"Durian"},{"floor":15,"key":"strawberrySpire:Earthfruit"}],"event_choices":[{"cards_removed":["hierophant:Defend_Hierophant"],"damage_healed":0,"gold_gain":0,"player_choice":"Card Removal","damage_taken":7,"max_hp_gain":0,"max_hp_loss":0,"event_name":"Golden Wing","floor":3,"gold_loss":0}],"is_beta":false,"boss_relics":[],"items_purged_floors":[0],"is_endless":false,"potions_floor_spawned":[2,11],"killed_by":"The Guardian","ascension_level":1}}