{"host":"odz7g4gpgch153rb","time":1610468170,"event":{"mods":["AchievementEnabler","BaseMod","Better Match","Better Third Choice","BetterRewards","GifTheSpireLib","Infinite Spire","Jedi Mod","Minty Spire (QoL Compilation)","Quick Restart","Replay The Spire","Spikes Relics","StSLib","Stuff the Spire","The Blue Laboratory","Trackpad"],"gold_per_floor":[114,127,202,212,212,212,192,192,239,239,251,16,42,52,52,127,127,138,138,94,105,115,115,115,115,135,135,135],"floor_reached":27,"playtime":1618,"items_purged":["Strike_B"],"score":398,"play_id":"2fb273a0-99e5-4a38-8c0c-a620810bff3a","local_time":"20210112111610","is_ascension_mode":true,"campfire_choices":[{"data":"Dualcast","floor":6.0,"key":"SMITH"},{"floor":8.0,"key":"REST"},{"data":"Zap","floor":10.0,"key":"SMITH"},{"floor":15,"key":"REST"},{"floor":25,"key":"REST"}],"circlet_count":0,"master_deck":["AscendersBane","Strike_B","Strike_B","Strike_B","Defend_B","Defend_B+1","Defend_B","Defend_B","Zap+1","Dualcast+1","Seek+1","Leap","Cold Snap","Cold Snap","Doom and Gloom","Seek","Ball Lightning","Defragment","RefreshScreen","Ball Lightning"],"relics":["Cracked Core","trackpad:ByrdBGone","StuffTheSpire:HeavyRock","Geode","War Paint","Nloth\u0027s Gift"],"acts_visited":["Exordium","TheCity"],"potions_floor_usage":[16,27],"damage_taken":[{"damage":0.0,"enemies":"Jaw Worm","floor":1.0,"turns":1.0},{"damage":0.0,"enemies":"2 Louse","floor":2.0,"turns":1.0},{"damage":0.0,"enemies":"Cultist","floor":4.0,"turns":1.0},{"damage":15.0,"enemies":"Exordium Thugs","floor":7.0,"turns":5.0},{"damage":18,"enemies":"Gremlin Gang","floor":11,"turns":6},{"damage":9,"enemies":"3 Sentries","floor":13,"turns":7},{"damage":7,"enemies":"Large Slime","floor":14,"turns":5},{"damage":16,"enemies":"Slime Boss","floor":16,"turns":6},{"damage":20,"enemies":"Shell Parasite","floor":18,"turns":7},{"damage":0,"enemies":"3 Byrds","floor":21,"turns":2},{"damage":31,"enemies":"Centurion and Healer","floor":22,"turns":7},{"damage":18,"enemies":"Shelled Parasite and Fungi","floor":26,"turns":6},{"damage":10,"enemies":"Slavers","floor":27,"turns":1}],"seed_played":"-540176108369920318","potions_obtained":[{"floor":1.0,"key":"FearPotion"},{"floor":14,"key":"blueLaboratory:RelayPotion"},{"floor":26,"key":"Dexterity Potion"}],"is_trial":false,"path_per_floor":["M","M","?","M","T","R","M","R","T","R","M","$","E","M","R","B",null,"M","?","$","M","M","PTL","PTL","R","M","E"],"character_chosen":"DEFECT","items_purchased":["Geode","Defragment"],"campfire_rested":3,"item_purchase_floors":[12,20],"current_hp_per_floor":[64,64,41,41,41,41,26,47,47,47,29,29,20,13,34,18,58,38,38,38,38,7,7,7,28,10,0,0],"gold":135,"neow_bonus":"THREE_ENEMY_KILL","is_daily":false,"chose_seed":false,"campfire_upgraded":2,"win_rate":0.0,"timestamp":1610468170,"path_taken":["M","M","?","?","?","R","?","R","T","R","M","$","E","M","R","BOSS","M","?","$","M","?","PTL","PTL","R","M","E"],"items_purchased_type":["Relic","Card"],"build_version":"2020-12-22","purchased_purges":1,"victory":false,"max_hp_per_floor":[71,71,71,71,71,71,71,71,71,71,71,71,71,71,71,71,71,71,71,71,71,71,71,71,71,71,71,71],"card_choices":[{"not_picked":["Blizzard","ReplayGash","Streamline"],"picked":"SKIP","floor":1.0},{"not_picked":["Skim","jedi:BurstLightning","Compile Driver"],"picked":"SKIP","floor":2.0},{"not_picked":["StuffTheSpire:Plugnplay","Melter"],"picked":"Seek","floor":3.0},{"not_picked":["Chaos","Double Energy"],"picked":"Leap","floor":3.0},{"not_picked":["Scrape","Go for the Eyes"],"picked":"Cold Snap","floor":4.0},{"not_picked":["Gash","Streamline"],"picked":"Cold Snap","floor":7.0},{"not_picked":["Panic Button","Self Repair","Redo"],"picked":"SKIP","floor":11},{"not_picked":["ReplayTheSpireMod:System Scan","Coolheaded","Storm"],"picked":"SKIP","floor":13},{"not_picked":["Turbo","jedi:blockon"],"picked":"Doom and Gloom","floor":14},{"not_picked":["jedi:BurstDark","Thunder Strike"],"picked":"Seek","floor":16},{"not_picked":["StuffTheSpire:Plugnplay","Turbo"],"picked":"Ball Lightning","floor":18},{"not_picked":["Turbo","Beam Cell"],"picked":"RefreshScreen","floor":21},{"not_picked":["jedi:BurstLightning","Amplify"],"picked":"Ball Lightning","floor":22},{"not_picked":["BasicCrystalCard","Steam","Biased Cognition"],"picked":"SKIP","floor":26}],"player_experience":1036890,"relics_obtained":[{"floor":5.0,"key":"trackpad:ByrdBGone"},{"floor":9.0,"key":"StuffTheSpire:HeavyRock"},{"floor":13,"key":"War Paint"}],"event_choices":[{"damage_healed":0,"gold_gain":0,"player_choice":"Traded Relic","damage_taken":0,"relics_obtained":["Nloth\u0027s Gift"],"max_hp_gain":0,"max_hp_loss":0,"event_name":"N\u0027loth","floor":19,"relics_lost":["NeowsBlessing"],"gold_loss":0}],"is_beta":false,"boss_relics":[{"not_picked":["Replay:Wanted Poster","jedi:battlestandard","Sandwich"]}],"items_purged_floors":[12],"is_endless":false,"potions_floor_spawned":[1,7,14,26],"killed_by":"Slavers","ascension_level":17}}