{"host":"gk9qdtkqd8dwfeg2","time":1610458954,"event":{"mods":["Aspiration","BaseMod","Colored Powertips","KomeijiMod","Minty Spire (QoL Compilation)","Quick Restart","Replay The Spire","Shop Mod","StSLib","TestMod","The Gatherer","The Servant 0.9.4","Waifu the Spire","WarShipGirlsR/战舰少女R mod","Yuri Mod","vexMod"],"gold_per_floor":[118,118,118,118,328,358,358,48,93,120,138,150,213,39,39,116,116,127,117,129,86,98,123,138,151,203,215,226,260,260,279,279,358,358,371,45,45,73,99,111,151,440,452,498,547,601,613,625,637,662,674,686,28,64,85],"floor_reached":56,"playtime":2661,"items_purged":["Strike_R","Strike_R","Bash+1"],"score":2198,"play_id":"29699d3e-ecc7-4da1-ba17-affca2051a7f","local_time":"20210112214234","is_ascension_mode":true,"campfire_choices":[{"data":"Armaments","floor":15.0,"key":"SMITH"},{"data":"Barricade","floor":30.0,"key":"SMITH"},{"data":"testmod-TradeIn","floor":32.0,"key":"SMITH"},{"data":"Feel No Pain","floor":40.0,"key":"SMITH"},{"floor":47.0,"key":"REST"},{"floor":49.0,"key":"RECALL"},{"data":"Rupture","floor":52.0,"key":"SMITH"}],"circlet_count":0,"master_deck":["AscendersBane","Defend_R","Defend_R+1","Defend_R+1","Rupture+1","Barricade+1","Flash of Steel","Finesse","Berserk","Abandon","Dark Embrace","testmod-TradeIn+1","Power Through","Shrug It Off","Combust","Armaments+1","Rampage+1","Limit Break","Inflame","Seeing Red+1","Shockwave","Burning Pact+1","Body Slam","Fiend Fire","Replay:Many Hands","Entrench+1","Feel No Pain+1","Fire Breathing","Evolve","Second Wind","Writhe","Feel No Pain","Power Through"],"relics":["Burning Blood","testmod-TestBox","testmod-BouquetWithThorns","Cracked Core","Oddly Smooth Stone","MerchantsRug","ReplayTheSpireMod:Lightbulb","FossilizedHelix","vexMod:Dragonfruit","Simple Rune","ShirouKen","Electric Blood","War Paint","MawBank","Replay:Bottled Snecko","testmod-IndustrialRevolution","testmod-Acrobat","testmod-Fortitude","Turnip","TheAbacus","Bag of Preparation","testmod-RealStoneCalender"],"acts_visited":["Exordium","TheCity","TheBeyond","TheEnding"],"potions_floor_usage":[55],"damage_taken":[{"damage":10.0,"enemies":"2 Louse","floor":1.0,"turns":3.0},{"damage":7.0,"enemies":"Jaw Worm","floor":5.0,"turns":3.0},{"damage":32.0,"enemies":"Replay:BlueRogue","floor":6.0,"turns":7.0},{"damage":1.0,"enemies":"3 Sentries","floor":10.0,"turns":7.0},{"damage":0.0,"enemies":"Small Slimes","floor":11.0,"turns":3.0},{"damage":0.0,"enemies":"Exordium Thugs","floor":12.0,"turns":5.0},{"damage":18.0,"enemies":"Lagavulin Event","floor":13.0,"turns":5.0},{"damage":4.0,"enemies":"The Guardian","floor":16.0,"turns":7.0},{"damage":0.0,"enemies":"3 Byrds","floor":18.0,"turns":2.0},{"damage":0.0,"enemies":"Shell Parasite","floor":20.0,"turns":2.0},{"damage":6.0,"enemies":"Snake Plant","floor":22.0,"turns":5.0},{"damage":25.0,"enemies":"Book of Stabbing","floor":23.0,"turns":4.0},{"damage":7.0,"enemies":"Cultist and Chosen","floor":24.0,"turns":4.0},{"damage":24.0,"enemies":"3 Cultists","floor":25.0,"turns":4.0},{"damage":3.0,"enemies":"Snecko","floor":27.0,"turns":6.0},{"damage":9.0,"enemies":"Cultist and Chosen","floor":28.0,"turns":4.0},{"damage":0.0,"enemies":"Gremlin Leader","floor":29.0,"turns":6.0},{"damage":7.0,"enemies":"3 Cultists","floor":31.0,"turns":3.0},{"damage":11.0,"enemies":"Automaton","floor":33.0,"turns":10.0},{"damage":5.0,"enemies":"Orb Walker","floor":35.0,"turns":2.0},{"damage":9.0,"enemies":"3 Darklings","floor":38.0,"turns":4.0},{"damage":20.0,"enemies":"Sphere and 2 Shapes","floor":39.0,"turns":4.0},{"damage":15.0,"enemies":"Reptomancer","floor":41.0,"turns":2.0},{"damage":22.0,"enemies":"Giant Head","floor":44.0,"turns":5.0},{"damage":18.0,"enemies":"Mind Bloom Boss Battle","floor":45.0,"turns":4.0},{"damage":28.0,"enemies":"Reptomancer","floor":46.0,"turns":4.0},{"damage":46.0,"enemies":"Awakened One","floor":50.0,"turns":6.0},{"damage":44.0,"enemies":"Shield and Spear","floor":54.0,"turns":4.0},{"damage":18,"enemies":"The Heart","floor":55,"turns":5}],"seed_played":"-7114459748471637049","potions_obtained":[{"floor":1.0,"key":"Milkshake"},{"floor":6.0,"key":"SteroidPotion"},{"floor":20.0,"key":"AttackPotion"},{"floor":25.0,"key":"AttackPotion"},{"floor":29.0,"key":"LifebloodPotion"},{"floor":39.0,"key":"PowerPotion"},{"floor":44.0,"key":"CultistPotion"},{"floor":54.0,"key":"Elixir"}],"is_trial":false,"path_per_floor":["M","?","?","?","M","E","?","$","T","E","M","M","?","$","R","B",null,"M","?","M","$","M","E","M","M","T","M","M","E","R","M","R","B",null,"M","$","T","M","M","R","E","?","T","E","?","E","R","?","R","B",null,"R","$","E","B",null],"character_chosen":"IRONCLAD","items_purchased":["BargainBundle","MerchantsRug","Abandon","Dark Embrace","SkillPotion","LiquidBronze","FairyPotion","testmod-TradeIn","Rampage","Whetstone","Burning Pact","Feel No Pain","War Paint","TheAbacus","Bag of Preparation","Feel No Pain","Power Through","EntropicBrew"],"campfire_rested":1,"item_purchase_floors":[8,8,8,8,8,8,8,8,14,14,21,36,36,53,53,53,53,53],"current_hp_per_floor":[68,73,73,73,87,61,61,61,61,66,72,78,71,71,71,73,87,92,92,92,92,92,73,72,54,54,57,54,60,60,59,59,54,83,84,84,84,81,67,67,58,58,58,42,30,8,35,58,58,18,74,74,74,36,24],"gold":85,"neow_bonus":"ONE_RARE_RELIC","is_daily":false,"chose_seed":false,"campfire_upgraded":5,"win_rate":0.0,"timestamp":1610458954,"path_taken":["M","?","?","?","?","E","?","$","T","E","M","?","?","$","R","BOSS","M","?","M","$","M","E","?","M","T","M","M","E","R","M","R","BOSS","M","$","?","M","?","R","E","?","T","E","?","E","R","?","R","BOSS","R","$","E","BOSS"],"items_purchased_type":["Relic","Relic","Card","Card","Potion","Potion","Potion","Card","Card","Relic","Card","Card","Relic","Relic","Relic","Card","Card","Potion"],"build_version":"2020-12-22","purchased_purges":3,"victory":true,"max_hp_per_floor":[72,77,77,77,87,87,87,87,87,87,87,87,92,92,92,92,92,92,92,92,92,92,92,92,92,92,92,92,92,92,92,92,92,92,92,92,92,92,92,92,92,92,92,92,92,92,92,92,92,92,92,92,92,92,92],"card_choices":[{"not_picked":["Metallicize","Clothesline"],"picked":"Rupture","floor":1.0},{"not_picked":["Havoc","Perfected Strike","Headbutt"],"picked":"SKIP","floor":5.0},{"not_picked":["Sword Boomerang","Headbutt"],"picked":"Berserk","floor":6.0},{"not_picked":["Rage","Replay:Undeath\u0027s Touch"],"picked":"Power Through","floor":10.0},{"not_picked":["Twin Strike","Whirlwind"],"picked":"Shrug It Off","floor":11.0},{"not_picked":["Combust","Run Through","Shrug It Off"],"picked":"SKIP","floor":12.0},{"not_picked":["Run Through","Shrug It Off"],"picked":"Combust","floor":12.0},{"not_picked":["Heavy Blade","Bloodletting"],"picked":"Armaments","floor":13.0},{"not_picked":["Replay:Many Hands","Fiend Fire"],"picked":"Limit Break","floor":16.0},{"not_picked":["Iron Wave","Heavy Blade"],"picked":"Inflame","floor":18.0},{"not_picked":[],"picked":"Seeing Red","floor":19.0},{"not_picked":["Ghostly Armor","Armaments"],"picked":"Shockwave","floor":20.0},{"not_picked":["Clothesline","Pommel Strike","Heavy Blade"],"picked":"SKIP","floor":22.0},{"not_picked":["Sword Boomerang","True Grit","Life Link+1"],"picked":"SKIP","floor":23.0},{"not_picked":["Pommel Strike+1","Headbutt","Clash"],"picked":"SKIP","floor":24.0},{"not_picked":["Headbutt+1","Twin Strike","Combust+1"],"picked":"SKIP","floor":25.0},{"not_picked":["ReplayTheSpireMod:Strike From Hell","Dark Embrace+1"],"picked":"Body Slam","floor":27.0},{"not_picked":["Thunderclap+1","Run Through","Cleave"],"picked":"SKIP","floor":28.0},{"not_picked":["Pommel Strike","Dropkick"],"picked":"Fiend Fire","floor":29.0},{"not_picked":["Shrug It Off","Flex","Rage"],"picked":"SKIP","floor":31.0},{"not_picked":["Fiend Fire","Corruption"],"picked":"Replay:Many Hands","floor":33.0},{"not_picked":["ReplayTheSpireMod:Muscle Training","Shrug It Off"],"picked":"Entrench+1","floor":35.0},{"not_picked":["Combust","Sword Boomerang","ReplayTheSpireMod:Strike From Hell"],"picked":"SKIP","floor":38.0},{"not_picked":["Searing Blow","Cleave+1"],"picked":"Fire Breathing","floor":39.0},{"not_picked":["Intimidate","ReplayTheSpireMod:LeadingStrike+1","Run Through"],"picked":"SKIP","floor":41.0},{"not_picked":["Fire Breathing","Clash"],"picked":"Evolve","floor":42.0},{"not_picked":["Fiend Fire","Run Through+1"],"picked":"Second Wind","floor":44.0},{"not_picked":["Evolve+1","Shockwave","Dual Wield+1"],"picked":"SKIP","floor":46.0},{"not_picked":["Sword Boomerang","Heavy Blade+1","Burning Pact"],"picked":"SKIP","floor":54.0}],"player_experience":624262,"relics_obtained":[{"floor":6.0,"key":"Quantum Egg"},{"floor":9.0,"key":"ReplayTheSpireMod:Lightbulb"},{"floor":10.0,"key":"FossilizedHelix"},{"floor":13.0,"key":"vexMod:Dragonfruit"},{"floor":23.0,"key":"Simple Rune"},{"floor":29.0,"key":"ShirouKen"},{"floor":37.0,"key":"MawBank"},{"floor":41.0,"key":"Replay:Bottled Snecko"},{"floor":43.0,"key":"testmod-IndustrialRevolution"},{"floor":44.0,"key":"testmod-Acrobat"},{"floor":45.0,"key":"testmod-Fortitude"},{"floor":46.0,"key":"Turnip"},{"floor":54.0,"key":"testmod-RealStoneCalender"}],"event_choices":[{"damage_healed":0.0,"max_hp_gain":5.0,"max_hp_loss":0.0,"gold_gain":0.0,"event_name":"Big Fish","player_choice":"Donut","floor":2.0,"gold_loss":0.0,"damage_taken":0.0},{"damage_healed":0.0,"max_hp_gain":0.0,"max_hp_loss":0.0,"gold_gain":0.0,"event_name":"给自己的盒子","player_choice":"Swap Relic","floor":3.0,"relics_lost":["aspiration:Nostalgia"],"gold_loss":0.0,"damage_taken":0.0,"relics_obtained":["aspiration:Nostalgia"]},{"damage_healed":0.0,"max_hp_gain":0.0,"max_hp_loss":0.0,"gold_gain":0.0,"cards_transformed":["Strike_R"],"event_name":"Transmorgrifier","player_choice":"Transformed","floor":4.0,"gold_loss":0.0,"damage_taken":0.0,"cards_obtained":["Barricade"]},{"cards_removed":["Strike_R"],"damage_healed":0.0,"max_hp_gain":0.0,"max_hp_loss":0.0,"gold_gain":0.0,"event_name":"Purifier","player_choice":"Purged","floor":7.0,"gold_loss":0.0,"damage_taken":0.0},{"damage_healed":0.0,"max_hp_gain":0.0,"max_hp_loss":0.0,"gold_gain":30.0,"event_name":"Dead Adventurer","player_choice":"Searched \u00272\u0027 times","floor":13.0,"gold_loss":0.0,"damage_taken":0.0},{"damage_healed":0.0,"max_hp_gain":0.0,"max_hp_loss":0.0,"gold_gain":0.0,"event_name":"MindBloom","player_choice":"Fight","floor":45.0,"gold_loss":0.0,"damage_taken":0.0},{"damage_healed":23.0,"max_hp_gain":0.0,"max_hp_loss":0.0,"gold_gain":0.0,"event_name":"Winding Halls","player_choice":"Writhe","floor":48.0,"gold_loss":0.0,"damage_taken":0.0,"cards_obtained":["Writhe"]}],"is_beta":false,"boss_relics":[{"not_picked":["Replay:Bronze Core","Busted Crown"],"picked":"Empty Cage"},{"not_picked":["testmod-EnergyCheck","Honey Jar"],"picked":"Electric Blood"}],"items_purged_floors":[8,36,53],"is_endless":false,"potions_floor_spawned":[1,6,10,11,20,22,25,29,31,35,39,44,46,54],"ascension_level":13}}