{"host":"l2dnabsh5e0fsksb","time":1610412453,"event":{"mods":["2.2 Compatiblity","BaseMod","Downfall","Minty Spire (QoL Compilation)","Quick Restart","StSLib"],"gold_per_floor":[99,99,99,274,549,549,549,474,474,474,490,152,167,177,188,292,292,292,307,324,340,359,209,263,188,21,34,67,67,100,111,130,229,229,154,166,184,197,210,127,127,14,14,64,79,105,25,44,62,62,62,62,62,62],"floor_reached":52,"playtime":3485,"items_purged":["Doubt"],"score":1042,"play_id":"dde4aa0d-ceb6-45a6-8774-ab0d47fdc3af","local_time":"20210112111733","is_ascension_mode":true,"campfire_choices":[{"floor":1.0,"key":"RECALL"},{"data":"champ:Taunt","floor":8.0,"key":"SMITH"},{"data":"champ:StrikeOfGenius","floor":18.0,"key":"SMITH"},{"data":"champ:GladiatorStyle","floor":25.0,"key":"SMITH"},{"data":"champ:Duel","floor":29.0,"key":"SMITH"},{"data":"champ:Execute","floor":35.0,"key":"SMITH"}],"circlet_count":0,"master_deck":["champ:Strike","champ:Strike","champ:Defend","champ:Defend","champ:Defend","champ:Execute+1","champ:Taunt+1","champ:Haymaker","champ:RisingSlash","champ:AdrenalArmor","champ:StanceDance+1","champ:GutPunch","champ:GladiatorStyle+1","champ:BringItOn+1","champ:Circumvent+1","champ:CrookedStrike","champ:Duel+1","champ:StrikeOfGenius+1","champ:FocusedBerserking+1","champ:HeavySlash+1","champ:EnragedBash+1","champ:FlashCut","champ:BerserkersShout+1","champ:BringItOn+1","champ:ViciousMockery+1","champ:Backstep+1","champ:TornadoPunch+1","champ:GladiatorsShout+1","champ:BerserkerStyle","champ:SwordSigil+1","champ:StanceDance+1","champ:HoldFirm+1","CurseOfTheBell","champ:Circumvent+1","champ:Encircle+1","champ:EnchantCrown+1","champ:FanOfKnives+1","champ:GladiatorStyle","champ:VampiricStrike","champ:PreciseThrust","champ:RageSigil+1","Parasite","champ:EnGarde+1","champ:DancingMaster","champ:DefensiveStyle","champ:FlashCut+1"],"relics":["champ:ChampionCrown","downfall:HeartsMalice","Toxic Egg 2","downfall:HeartBlessingRed","Guardian:PocketSentry","ClockworkSouvenir","Astrolabe","downfall:HeartBlessingBlue","champ:BerserkersGuideToSlaughter","InkBottle","Matryoshka","Calling Bell","Akabeko","Pantograph","champ:DeflectingBracers","downfall:HeartBlessingGreen","MawBank","Bottled Flame","TungstenRod","Strawberry","Pocketwatch","Oddly Smooth Stone"],"acts_visited":["Exordium","TheCity","TheBeyond","TheEnding"],"potions_floor_usage":[],"damage_taken":[{"damage":0.0,"enemies":"Small Slimes","floor":2.0,"turns":1.0},{"damage":0.0,"enemies":"2 Louse","floor":3.0,"turns":1.0},{"damage":0.0,"enemies":"Cultist","floor":6.0,"turns":1.0},{"damage":14.0,"enemies":"2 Fungi Beasts","floor":11.0,"turns":4.0},{"damage":7.0,"enemies":"downfall:FleeingMerchant","floor":12.0,"turns":4.0},{"damage":15.0,"enemies":"Gremlin Gang","floor":13.0,"turns":4.0},{"damage":14.0,"enemies":"Large Slime","floor":14.0,"turns":5.0},{"damage":4.0,"enemies":"Lots of Slimes","floor":15.0,"turns":3.0},{"damage":50.0,"enemies":"downfall:Ironclad","floor":16.0,"turns":8.0},{"damage":49.0,"enemies":"3 Byrds","floor":19.0,"turns":7.0},{"damage":12.0,"enemies":"Shell Parasite","floor":20.0,"turns":4.0},{"damage":43.0,"enemies":"Sentry and Sphere","floor":21.0,"turns":8.0},{"damage":11.0,"enemies":"Snake Plant","floor":22.0,"turns":3.0},{"damage":26.0,"enemies":"downfall:FleeingMerchant","floor":26.0,"turns":4.0},{"damage":14.0,"enemies":"Shelled Parasite and Fungi","floor":27.0,"turns":6.0},{"damage":22.0,"enemies":"Slavers","floor":28.0,"turns":9.0},{"damage":17.0,"enemies":"Book of Stabbing","floor":30.0,"turns":6.0},{"damage":47.0,"enemies":"Sentry and Sphere","floor":31.0,"turns":6.0},{"damage":33.0,"enemies":"3 Cultists","floor":32.0,"turns":5.0},{"damage":106.0,"enemies":"downfall:Watcher","floor":33.0,"turns":9.0},{"damage":24,"enemies":"3 Shapes","floor":36,"turns":5},{"damage":77,"enemies":"3 Darklings","floor":37,"turns":8},{"damage":25,"enemies":"4 Shapes","floor":38,"turns":8},{"damage":68,"enemies":"Transient","floor":39,"turns":5},{"damage":9,"enemies":"downfall:FleeingMerchant","floor":40,"turns":4},{"damage":35,"enemies":"downfall:FleeingMerchant","floor":42,"turns":3},{"damage":34,"enemies":"Mind Bloom Boss Battle","floor":44,"turns":10},{"damage":20,"enemies":"Writhing Mass","floor":45,"turns":5},{"damage":43,"enemies":"Nemesis","floor":46,"turns":13},{"damage":27,"enemies":"Spire Growth","floor":48,"turns":4},{"damage":17,"enemies":"Sphere and 2 Shapes","floor":49,"turns":4},{"damage":95,"enemies":"downfall:Silent","floor":50,"turns":9},{"damage":120,"enemies":"downfall:CharBossMerchant","floor":52,"turns":8}],"seed_played":"3321854443620673750","potions_obtained":[{"floor":11.0,"key":"FearPotion"},{"floor":13.0,"key":"Guardian:BlockOnCardUsePotion"},{"floor":14.0,"key":"Block Potion"},{"floor":19.0,"key":"Dexterity Potion"},{"floor":22.0,"key":"LiquidBronze"},{"floor":27.0,"key":"Regen Potion"},{"floor":28.0,"key":"FairyPotion"},{"floor":37,"key":"SpeedPotion"},{"floor":39,"key":"Guardian:BlockOnCardUsePotion"},{"floor":44,"key":"LiquidBronze"},{"floor":46,"key":"Regen Potion"},{"floor":49,"key":"champ:OpenerPotion"}],"is_trial":false,"path_per_floor":["R","M","M","?","?","M","T","R","?","?","M","$","M","M","M","B",null,"R","M","M","M","M","?","T","R","$","M","E","R","E","M","M","B",null,"R","M","M","M","M","$","T","$","?","?","M","E","$","M","M","B",null,"E"],"character_chosen":"THE_CHAMP","items_purchased":["ClockworkSouvenir","champ:GladiatorStyle","champ:BringItOn+1","champ:BerserkersGuideToSlaughter","champ:GladiatorStyle","TungstenRod","Strawberry","champ:PreciseThrust","champ:DefensiveStyle"],"campfire_rested":0,"item_purchase_floors":[12,12,12,26,40,42,42,42,47],"current_hp_per_floor":[81,81,81,81,81,81,81,81,74,74,66,66,61,59,59,26,74,74,44,44,16,10,100,100,110,95,99,98,98,99,87,82,43,93,93,87,44,34,76,86,86,103,103,117,117,105,105,112,108,75,107,0,0,0],"gold":62,"neow_bonus":"THREE_ENEMY_KILL","is_daily":false,"chose_seed":false,"campfire_upgraded":5,"win_rate":0.0,"timestamp":1610412453,"path_taken":["R","M","M","?","?","?","T","R","?","?","M","$","M","M","M","BOSS","R","M","M","M","?","?","T","R","$","M","E","R","E","M","M","BOSS","R","M","M","?","M","$","T","$","?","?","M","E","?","?","M","BOSS","E"],"items_purchased_type":["Relic","Card","Card","Relic","Card","Relic","Relic","Card","Card"],"build_version":"2020-12-22","purchased_purges":1,"victory":false,"max_hp_per_floor":[90,90,90,90,90,90,90,90,90,90,90,90,90,90,90,90,90,90,90,90,90,90,100,100,110,110,110,110,110,110,110,110,110,110,110,110,110,110,110,110,110,117,117,117,117,117,117,117,117,117,117,117,117,117],"card_choices":[{"not_picked":["champ:ShieldSigil","champ:HeartStrike"],"picked":"champ:Haymaker","floor":2.0},{"not_picked":["champ:Lariat","champ:FocusedBerserking"],"picked":"champ:RisingSlash","floor":3.0},{"not_picked":["champ:BladeFlurry","champ:Backstep"],"picked":"champ:AdrenalArmor","floor":6.0},{"not_picked":["champ:Circumvent+1","champ:CrookedStrike"],"picked":"champ:StanceDance+1","floor":11.0},{"not_picked":["champ:MurderStrike","champ:Haymaker"],"picked":"champ:GutPunch","floor":12.0},{"not_picked":["champ:Aggression+1","champ:BladeFlurry"],"picked":"champ:Circumvent+1","floor":13.0},{"not_picked":["champ:EnGarde+1","champ:Haymaker"],"picked":"champ:CrookedStrike","floor":14.0},{"not_picked":["champ:RapidStrikes","champ:PreciseThrust"],"picked":"champ:Duel","floor":15.0},{"not_picked":["champ:HoldFirm+1","champ:SteelEdge"],"picked":"champ:StrikeOfGenius","floor":16.0},{"not_picked":["champ:FanOfKnives","champ:ShieldSigil+1"],"picked":"champ:FlashCut","floor":19.0},{"not_picked":["champ:EndlessRage","champ:CrookedStrike"],"picked":"champ:BerserkersShout+1","floor":20.0},{"not_picked":["champ:FocusedBerserking+1","champ:FanOfKnives"],"picked":"champ:BringItOn+1","floor":21.0},{"not_picked":["champ:GutPunch","champ:CalledShot+1"],"picked":"champ:ViciousMockery+1","floor":22.0},{"not_picked":["champ:PerfectedStrike","champ:ShieldSlam"],"picked":"champ:Backstep+1","floor":26.0},{"not_picked":["champ:Encircle+1","champ:FocusedGladiator+1"],"picked":"champ:TornadoPunch+1","floor":27.0},{"not_picked":["champ:ShieldSigil+1","champ:BladeFlurry"],"picked":"champ:GladiatorsShout+1","floor":28.0},{"not_picked":["champ:PerfectedStrike","champ:AdrenalArmor+1"],"picked":"champ:BerserkerStyle","floor":30.0},{"not_picked":["champ:GutPunch","champ:BladeFlurry+1"],"picked":"champ:SwordSigil+1","floor":31.0},{"not_picked":["champ:RapidStrikes","champ:HeartStrike"],"picked":"champ:StanceDance+1","floor":32.0},{"not_picked":["champ:EnchantShield+1","champ:ShieldSlam"],"picked":"champ:HoldFirm+1","floor":33.0},{"not_picked":["champ:CrookedStrike","champ:RageSigil+1"],"picked":"champ:Circumvent+1","floor":36},{"not_picked":["champ:RageSigil+1","champ:StanceDance+1"],"picked":"champ:Encircle+1","floor":37},{"not_picked":["champ:PerfectedStrike+1","champ:FightOn"],"picked":"champ:EnchantCrown+1","floor":38},{"not_picked":["champ:PerfectedStrike+1","champ:BladeFlurry","champ:HeartStrike"],"picked":"SKIP","floor":39},{"not_picked":["champ:RapidStrikes+1","champ:Backstep+1"],"picked":"champ:FanOfKnives+1","floor":40},{"not_picked":["champ:FocusedDefense+1","champ:RapidStrikes+1"],"picked":"champ:VampiricStrike","floor":42},{"not_picked":["champ:Control+1","champ:StanceDance+1"],"picked":"champ:RageSigil+1","floor":44},{"not_picked":["champ:ShieldSigil+1","champ:Balance+1"],"picked":"champ:EnGarde+1","floor":45},{"not_picked":["champ:StanceDance+1","champ:PerfectedStrike+1"],"picked":"champ:DancingMaster","floor":46},{"not_picked":["champ:TornadoPunch+1","champ:Control+1","champ:FightOn"],"picked":"SKIP","floor":48},{"not_picked":["champ:ShieldSigil+1","champ:GutPunch"],"picked":"champ:FlashCut+1","floor":49}],"player_experience":1760618,"relics_obtained":[{"floor":7.0,"key":"Toxic Egg 2"},{"floor":28.0,"key":"InkBottle"},{"floor":30.0,"key":"Matryoshka"},{"floor":34.0,"key":"Akabeko"},{"floor":34.0,"key":"Pantograph"},{"floor":34.0,"key":"champ:DeflectingBracers"},{"floor":41,"key":"MawBank"},{"floor":41,"key":"Bottled Flame"},{"floor":44,"key":"Pocketwatch"},{"floor":46,"key":"Oddly Smooth Stone"}],"event_choices":[{"damage_healed":0.0,"max_hp_gain":0.0,"max_hp_loss":0.0,"gold_gain":0.0,"event_name":"Scrap Ooze","player_choice":"Success","floor":9.0,"gold_loss":0.0,"damage_taken":7.0,"relics_obtained":["Guardian:PocketSentry"]},{"cards_removed":["Regret"],"damage_healed":0.0,"max_hp_gain":0.0,"max_hp_loss":0.0,"gold_gain":0.0,"event_name":"Purifier","player_choice":"Purged","floor":10.0,"gold_loss":0.0,"damage_taken":0.0}],"is_beta":false,"boss_relics":[{"not_picked":["champ:ChampionCrownUpgraded","Tiny House"],"picked":"Astrolabe"},{"not_picked":["Philosopher\u0027s Stone","Pandora\u0027s Box"],"picked":"Calling Bell"}],"items_purged_floors":[12],"is_endless":false,"potions_floor_spawned":[11,13,14,19,22,27,28,30,37,39,44,45,46,49],"killed_by":"downfall:CharBossMerchant","ascension_level":8}}