{"host":"f0gpob8hq9vgebej","time":1610419267,"event":{"mods":["AchievementEnabler","BaseMod","Minty Spire (QoL Compilation)","Quick Restart","SuperFastMode"],"gold_per_floor":[16,36,54,68,68,97,97,109,109,59,59,112,37,47,47,149,149,164,183,183,39,55,55,71,84,84,84,94,94,104,4,4,99,99,117,131,181,29,49,49,49,49],"floor_reached":41,"playtime":756,"items_purged":["Strike_B","Strike_B"],"score":469,"play_id":"463e06a8-3485-43eb-90d6-2c2feaeea2c7","local_time":"20210112114107","is_ascension_mode":true,"campfire_choices":[{"data":"Consume","floor":7.0,"key":"SMITH"},{"data":"Biased Cognition","floor":11.0,"key":"SMITH"},{"floor":15.0,"key":"REST"},{"data":"Electrodynamics","floor":23.0,"key":"SMITH"},{"data":"White Noise","floor":27.0,"key":"SMITH"},{"floor":29.0,"key":"REST"},{"floor":32.0,"key":"DIG"},{"data":"Self Repair","floor":40,"key":"SMITH"}],"circlet_count":0,"master_deck":["Zap","Dualcast","Ball Lightning","Biased Cognition+1","Consume+1","White Noise+1","Redo","Electrodynamics+1","BootSequence","White Noise","Self Repair+1","Seek","Auto Shields","Redo","Tempest+1"],"relics":["Cracked Core","Question Card","Shovel","Lantern","Nuclear Battery","Runic Capacitor","Blue Candle","WingedGreaves","Pandora\u0027s Box","StoneCalendar","PrismaticShard"],"acts_visited":["Exordium","TheCity","TheBeyond"],"potions_floor_usage":[33,41,41],"damage_taken":[{"damage":1.0,"enemies":"2 Louse","floor":1.0,"turns":4.0},{"damage":2.0,"enemies":"Small Slimes","floor":2.0,"turns":3.0},{"damage":6.0,"enemies":"Jaw Worm","floor":3.0,"turns":2.0},{"damage":8.0,"enemies":"Red Slaver","floor":4.0,"turns":3.0},{"damage":21.0,"enemies":"3 Sentries","floor":6.0,"turns":4.0},{"damage":34.0,"enemies":"Gremlin Gang","floor":8.0,"turns":3.0},{"damage":1.0,"enemies":"Large Slime","floor":14.0,"turns":3.0},{"damage":0.0,"enemies":"Slime Boss","floor":16.0,"turns":4.0},{"damage":30.0,"enemies":"2 Thieves","floor":18.0,"turns":3.0},{"damage":0.0,"enemies":"Chosen","floor":19.0,"turns":3.0},{"damage":0.0,"enemies":"Sentry and Sphere","floor":22.0,"turns":2.0},{"damage":12.0,"enemies":"3 Cultists","floor":24.0,"turns":3.0},{"damage":0.0,"enemies":"Cultist and Chosen","floor":25.0,"turns":3.0},{"damage":20.0,"enemies":"Snecko","floor":28.0,"turns":4.0},{"damage":0.0,"enemies":"Centurion and Healer","floor":30.0,"turns":3.0},{"damage":11,"enemies":"Collector","floor":33,"turns":4},{"damage":15,"enemies":"3 Darklings","floor":35,"turns":2},{"damage":17,"enemies":"3 Shapes","floor":36,"turns":3},{"damage":16,"enemies":"Mind Bloom Boss Battle","floor":37,"turns":4},{"damage":23,"enemies":"3 Darklings","floor":39,"turns":3},{"damage":49,"enemies":"Giant Head","floor":41,"turns":6}],"seed_played":"-2640447279086192025","potions_obtained":[{"floor":2.0,"key":"EssenceOfDarkness"},{"floor":6.0,"key":"FearPotion"},{"floor":14.0,"key":"SteroidPotion"},{"floor":16.0,"key":"PowerPotion"},{"floor":19.0,"key":"LiquidBronze"},{"floor":22.0,"key":"EssenceOfSteel"},{"floor":33,"key":"Swift Potion"},{"floor":36,"key":"EssenceOfSteel"},{"floor":37,"key":"BlessingOfTheForge"}],"is_trial":false,"path_per_floor":["M","M","M","M","?","E","R","M","T","?","R","T","$","M","R","B",null,"M","M","?","$","M","R","M","M","T","R","M","R","M","$","R","B",null,"M","M","?","$","M","R","E"],"character_chosen":"DEFECT","items_purchased":["Runic Capacitor","PrismaticShard"],"campfire_rested":2,"item_purchase_floors":[21,38],"current_hp_per_floor":[74,72,66,58,58,37,37,3,3,3,3,3,3,2,24,24,75,45,45,45,45,45,45,33,33,33,33,13,35,42,42,42,38,75,67,57,48,48,32,32,0,0],"gold":49,"neow_bonus":"REMOVE_TWO","is_daily":false,"chose_seed":false,"campfire_upgraded":5,"win_rate":0.0,"timestamp":1610419267,"path_taken":["M","M","M","M","?","E","R","M","T","?","R","?","$","M","R","BOSS","M","M","?","$","?","R","?","M","T","R","M","R","M","$","R","BOSS","M","M","?","$","M","R","E"],"items_purchased_type":["Relic","Relic"],"build_version":"2020-12-22","purchased_purges":2,"victory":false,"max_hp_per_floor":[75,75,75,75,75,75,75,75,75,75,75,75,75,75,75,75,75,75,75,75,75,75,75,75,75,75,75,75,75,75,75,75,75,75,75,75,75,75,75,75,75,75],"card_choices":[{"not_picked":["Hologram","Beam Cell"],"picked":"Ball Lightning","floor":1.0},{"not_picked":["Gash","Hologram"],"picked":"Biased Cognition","floor":2.0},{"not_picked":["Barrage","Hello World","Hologram"],"picked":"SKIP","floor":3.0},{"not_picked":["Coolheaded","Streamline","Beam Cell"],"picked":"SKIP","floor":4.0},{"not_picked":["Streamline","Go for the Eyes"],"picked":"Consume","floor":6.0},{"not_picked":["Echo Form","Ball Lightning","Turbo"],"picked":"White Noise","floor":8.0},{"not_picked":["Force Field","Ball Lightning","Rip and Tear"],"picked":"Redo","floor":14.0},{"not_picked":["Machine Learning","Reboot","Buffer"],"picked":"Electrodynamics","floor":16.0},{"not_picked":["Streamline","Barrage","Darkness"],"picked":"BootSequence","floor":18.0},{"not_picked":["FTL","Sweeping Beam","Go for the Eyes","Coolheaded"],"picked":"SKIP","floor":19.0},{"not_picked":["Turbo","Coolheaded","Skim","Darkness"],"picked":"SKIP","floor":22.0},{"not_picked":["Stack","Barrage","Doom and Gloom","Undo+1"],"picked":"SKIP","floor":24.0},{"not_picked":["Streamline","Redo","Barrage"],"picked":"White Noise","floor":25.0},{"not_picked":["Meteor Strike","Rebound","Hologram"],"picked":"Self Repair","floor":28.0},{"not_picked":["Doom and Gloom","Hologram","Turbo+1","Glacier"],"picked":"SKIP","floor":30.0},{"not_picked":["Electrodynamics","Machine Learning","Meteor Strike"],"picked":"Seek","floor":33},{"not_picked":["Barrage","Beam Cell+1","Cold Snap+1","Static Discharge"],"picked":"SKIP","floor":35},{"not_picked":["Melter+1","Scrape+1","Sunder+1"],"picked":"Tempest+1","floor":36},{"not_picked":["Deflect","Flex+1","Second Wind","Go for the Eyes"],"picked":"SKIP","floor":39}],"player_experience":130234,"relics_obtained":[{"floor":6.0,"key":"Question Card"},{"floor":9.0,"key":"Shovel"},{"floor":12.0,"key":"Lantern"},{"floor":26.0,"key":"Blue Candle"},{"floor":32.0,"key":"WingedGreaves"},{"floor":37,"key":"StoneCalendar"}],"event_choices":[{"cards_removed":["Strike_B"],"damage_healed":0.0,"max_hp_gain":0.0,"max_hp_loss":0.0,"gold_gain":0.0,"event_name":"Living Wall","player_choice":"Forget","floor":5.0,"gold_loss":0.0,"damage_taken":0.0},{"cards_removed":["Defend_B"],"damage_healed":0.0,"max_hp_gain":0.0,"max_hp_loss":0.0,"gold_gain":0.0,"event_name":"The Cleric","player_choice":"Card Removal","floor":10.0,"gold_loss":50.0,"damage_taken":0.0},{"damage_healed":0.0,"max_hp_gain":0.0,"max_hp_loss":0.0,"gold_gain":0.0,"event_name":"NoteForYourself","player_choice":"Ignored","floor":20.0,"gold_loss":0.0,"damage_taken":0.0},{"damage_healed":0,"gold_gain":0,"player_choice":"Fight","damage_taken":0,"max_hp_gain":0,"max_hp_loss":0,"event_name":"MindBloom","floor":37,"gold_loss":0}],"is_beta":false,"boss_relics":[{"not_picked":["FrozenCore","Sozu"],"picked":"Nuclear Battery"},{"not_picked":["Cursed Key","Philosopher\u0027s Stone"],"picked":"Pandora\u0027s Box"}],"items_purged_floors":[13,31],"is_endless":false,"potions_floor_spawned":[2,6,14,16,19,22,24,33,36,37],"killed_by":"Giant Head","ascension_level":1}}