{"host":"c5ukdwo3xwa4ucd0","time":1610479583,"event":{"mods":["AchievementEnabler","BaseMod","Colored Powertips","Minty Spire (QoL Compilation)","Quick Restart"],"gold_per_floor":[114,130,130,143,143,143,157,157,180,210,210,64,80,100,100,203,203,218,237,327,344,357,388,388,6,6,6,19,19,19,30,30,128,128,145,161,161,84,96,126,126,126,126,126,176,189,209,130,130,130,130],"floor_reached":50,"playtime":5097,"items_purged":[],"score":544,"play_id":"a3298481-b87f-4f04-9314-d15f7195270b","local_time":"20210112202623","is_ascension_mode":false,"campfire_choices":[{"data":"Blade Dance","floor":6.0,"key":"SMITH"},{"data":"Accuracy","floor":8.0,"key":"SMITH"},{"floor":15.0,"key":"REST"},{"floor":30.0,"key":"REST"},{"floor":32.0,"key":"REST"},{"floor":41,"key":"REST"},{"floor":44,"key":"REST"},{"floor":49,"key":"REST"}],"circlet_count":0,"master_deck":["Strike_G","Strike_G","Strike_G","Strike_G","Strike_G","Defend_G","Defend_G","Defend_G","Defend_G","Defend_G","Survivor","Neutralize","Blade Dance+1","Cloak And Dagger+1","Slice","Dagger Spray","Accuracy+1","Dagger Spray","Finisher","A Thousand Cuts","Blade Dance","Infinite Blades","Blade Dance","Cloak And Dagger","Blade Dance","Footwork"],"relics":["Ring of the Snake","Happy Flower","Bag of Preparation","Sundial","Pen Nib","White Beast Statue","MutagenicStrength","MealTicket","Oddly Smooth Stone","Gremlin Horn","Eternal Feather","Fusion Hammer","Snake Skull","Letter Opener","Toy Ornithopter","Du-Vu Doll"],"acts_visited":["Exordium","TheCity","TheBeyond"],"potions_floor_usage":[39,40,40,46,50,50],"damage_taken":[{"damage":0.0,"enemies":"Cultist","floor":1.0,"turns":4.0},{"damage":0.0,"enemies":"2 Louse","floor":2.0,"turns":3.0},{"damage":0.0,"enemies":"Jaw Worm","floor":4.0,"turns":4.0},{"damage":8.0,"enemies":"Exordium Thugs","floor":7.0,"turns":3.0},{"damage":13.0,"enemies":"Gremlin Nob","floor":10.0,"turns":4.0},{"damage":0.0,"enemies":"2 Fungi Beasts","floor":13.0,"turns":2.0},{"damage":0.0,"enemies":"Red Slaver","floor":14.0,"turns":2.0},{"damage":3.0,"enemies":"Slime Boss","floor":16.0,"turns":7.0},{"damage":6.0,"enemies":"Shell Parasite","floor":18.0,"turns":2.0},{"damage":0.0,"enemies":"3 Byrds","floor":19.0,"turns":3.0},{"damage":0.0,"enemies":"Sentry and Sphere","floor":21.0,"turns":2.0},{"damage":0.0,"enemies":"Snecko","floor":22.0,"turns":2.0},{"damage":42.0,"enemies":"Book of Stabbing","floor":23.0,"turns":5.0},{"damage":0.0,"enemies":"Snake Plant","floor":28.0,"turns":2.0},{"damage":0.0,"enemies":"Centurion and Healer","floor":31.0,"turns":3.0},{"damage":31,"enemies":"Collector","floor":33,"turns":6},{"damage":0,"enemies":"Orb Walker","floor":35,"turns":2},{"damage":54,"enemies":"3 Shapes","floor":36,"turns":4},{"damage":0,"enemies":"3 Darklings","floor":39,"turns":2},{"damage":55,"enemies":"Nemesis","floor":40,"turns":6},{"damage":18,"enemies":"Mind Bloom Boss Battle","floor":45,"turns":7},{"damage":1,"enemies":"Transient","floor":46,"turns":5},{"damage":0,"enemies":"4 Shapes","floor":47,"turns":4},{"damage":74,"enemies":"Time Eater","floor":50,"turns":4}],"seed_played":"197641675362666451","potions_obtained":[{"floor":2.0,"key":"ColorlessPotion"},{"floor":7.0,"key":"Energy Potion"},{"floor":16.0,"key":"Fire Potion"},{"floor":18.0,"key":"Strength Potion"},{"floor":19.0,"key":"Fire Potion"},{"floor":22.0,"key":"SteroidPotion"},{"floor":28.0,"key":"EntropicBrew"},{"floor":31.0,"key":"BlessingOfTheForge"},{"floor":35,"key":"SkillPotion"},{"floor":37,"key":"FairyPotion"},{"floor":39,"key":"ColorlessPotion"},{"floor":40,"key":"AttackPotion"},{"floor":45,"key":"Regen Potion"},{"floor":46,"key":"SpeedPotion"},{"floor":47,"key":"Block Potion"}],"is_trial":false,"path_per_floor":["M","M","?","M","?","R","M","R","T","E","T","$","M","M","R","B",null,"M","M","?","M","M","E","?","$","T","T","M","?","R","M","R","B",null,"M","M","?","$","M","E","R","T","T","R","?","M","M","$","R","B"],"character_chosen":"THE_SILENT","items_purchased":["Pen Nib","Infinite Blades","MealTicket","Oddly Smooth Stone","DistilledChaos","Footwork"],"campfire_rested":6,"item_purchase_floors":[12,25,25,25,38,48],"current_hp_per_floor":[70,70,70,70,70,70,62,62,62,49,49,49,49,49,70,67,70,64,64,52,52,52,10,10,10,10,10,10,10,43,43,70,39,70,70,16,16,31,31,21,57,57,57,70,52,70,70,70,70,0,0],"gold":130,"neow_bonus":"THREE_CARDS","is_daily":false,"chose_seed":false,"campfire_upgraded":2,"win_rate":0.0,"timestamp":1610479583,"path_taken":["M","?","?","M","?","R","M","R","T","E","?","$","M","?","R","BOSS","M","M","?","M","?","E","?","$","T","?","M","?","R","M","R","BOSS","M","M","?","?","?","E","R","?","T","R","?","M","M","$","R","BOSS"],"items_purchased_type":["Relic","Card","Relic","Relic","Potion","Card"],"build_version":"2020-12-22","purchased_purges":0,"victory":false,"max_hp_per_floor":[70,70,70,70,70,70,70,70,70,70,70,70,70,70,70,70,70,70,70,70,70,70,70,70,70,70,70,70,70,70,70,70,70,70,70,70,70,70,70,70,70,70,70,70,70,70,70,70,70,70,70],"card_choices":[{"not_picked":["Underhanded Strike","Dagger Spray"],"picked":"Blade Dance","floor":0.0},{"not_picked":["Bane","Dagger Throw"],"picked":"Cloak And Dagger","floor":1.0},{"not_picked":["Heel Hook","Terror"],"picked":"Slice","floor":2.0},{"not_picked":["Underhanded Strike","Blur"],"picked":"Dagger Spray","floor":4.0},{"not_picked":["Burst","Quick Slash"],"picked":"Accuracy","floor":7.0},{"not_picked":["Poisoned Stab","Predator"],"picked":"Dagger Spray","floor":10.0},{"not_picked":["Caltrops","Backstab"],"picked":"Finisher","floor":13.0},{"not_picked":["Poisoned Stab","Riddle With Holes","Catalyst"],"picked":"SKIP","floor":14.0},{"not_picked":["Adrenaline","Malaise"],"picked":"A Thousand Cuts","floor":16.0},{"not_picked":["Backflip","Setup","Prepared"],"picked":"SKIP","floor":18.0},{"not_picked":["Deflect","Terror","Tactician"],"picked":"SKIP","floor":19.0},{"not_picked":["Deadly Poison","Tactician"],"picked":"Blade Dance","floor":21.0},{"not_picked":["Tactician","Slice","Dagger Throw"],"picked":"SKIP","floor":22.0},{"not_picked":["Phantasmal Killer","Noxious Fumes","Dagger Throw"],"picked":"SKIP","floor":23.0},{"not_picked":["Poisoned Stab","Skewer","Dodge and Roll+1"],"picked":"SKIP","floor":28.0},{"not_picked":["Catalyst","PiercingWail"],"picked":"Blade Dance","floor":31.0},{"not_picked":["Expertise+1","Prepared+1"],"picked":"Cloak And Dagger","floor":35},{"not_picked":["PiercingWail+1","Dodge and Roll","Setup+1"],"picked":"SKIP","floor":36},{"not_picked":["Backflip+1","Dagger Throw"],"picked":"Blade Dance","floor":39},{"not_picked":["Heel Hook","Skewer","Expertise+1"],"picked":"SKIP","floor":40},{"not_picked":["Bullet Time","Poisoned Stab","Sucker Punch"],"picked":"SKIP","floor":46},{"not_picked":["Prepared+1","Endless Agony+1","Flechettes+1"],"picked":"SKIP","floor":47}],"player_experience":305856,"relics_obtained":[{"floor":9.0,"key":"Happy Flower"},{"floor":10.0,"key":"Bag of Preparation"},{"floor":11.0,"key":"Sundial"},{"floor":23.0,"key":"White Beast Statue"},{"floor":26.0,"key":"Gremlin Horn"},{"floor":27.0,"key":"Eternal Feather"},{"floor":40,"key":"Snake Skull"},{"floor":42,"key":"Letter Opener"},{"floor":43,"key":"Toy Ornithopter"},{"floor":45,"key":"Du-Vu Doll"}],"event_choices":[{"damage_healed":0.0,"max_hp_gain":0.0,"max_hp_loss":0.0,"gold_gain":0.0,"event_name":"Living Wall","player_choice":"Grow","floor":3.0,"gold_loss":0.0,"damage_taken":0.0,"cards_upgraded":["Cloak And Dagger"]},{"damage_healed":0.0,"max_hp_gain":0.0,"max_hp_loss":0.0,"gold_gain":0.0,"event_name":"Golden Idol","player_choice":"Ignored","floor":5.0,"gold_loss":0.0,"damage_taken":0.0},{"damage_healed":0.0,"max_hp_gain":0.0,"max_hp_loss":0.0,"gold_gain":90.0,"event_name":"Knowing Skull","player_choice":"GOLD ","floor":20.0,"potions_obtained":[],"gold_loss":0.0,"damage_taken":12.0,"cards_obtained":[]},{"damage_healed":0.0,"max_hp_gain":0.0,"max_hp_loss":0.0,"gold_gain":0.0,"event_name":"Drug Dealer","player_choice":"Inject Mutagens","floor":24.0,"gold_loss":0.0,"damage_taken":0.0,"relics_obtained":["MutagenicStrength"]},{"damage_healed":0.0,"max_hp_gain":0.0,"max_hp_loss":0.0,"gold_gain":0.0,"event_name":"Vampires","player_choice":"Ignored","floor":29.0,"gold_loss":0.0,"damage_taken":0.0},{"damage_healed":0,"gold_gain":0,"player_choice":"Got Potions","damage_taken":0,"max_hp_gain":0,"max_hp_loss":0,"event_name":"Lab","floor":37,"gold_loss":0},{"damage_healed":0,"gold_gain":0,"player_choice":"Fight","damage_taken":0,"max_hp_gain":0,"max_hp_loss":0,"event_name":"MindBloom","floor":45,"gold_loss":0}],"is_beta":false,"boss_relics":[{"not_picked":["Velvet Choker","Cursed Key","Astrolabe"]},{"not_picked":["Snecko Eye","Runic Dome"],"picked":"Fusion Hammer"}],"items_purged_floors":[],"is_endless":false,"potions_floor_spawned":[2,7,16,18,19,22,28,31,33,35,36,39,40,45,46,47],"killed_by":"Time Eater","ascension_level":0}}