{"host":"Connor","time":1610483915,"event":{"mods":["Aspiration","BaseMod","Downfall","Hubris","Marisa????????","Minty Spire (QoL Compilation)","Replay The Spire","StSLib","The Cursed","The Jungle","The Servant 0.9.4"],"gold_per_floor":[113,72,87,97,108,141,156,156,156,156,156],"floor_reached":10,"language":"ENG","playtime":234,"items_purged":[],"score":137,"play_id":"e78ff730-cd62-4743-970f-169c057bc237","local_time":"20210112123835","is_ascension_mode":true,"campfire_choices":[{"floor":8,"key":"REST"}],"circlet_count":0,"master_deck":["AscendersBane","Strike_R","Strike_R","Strike_R","Strike_R","Strike_R","Defend_R","Defend_R","Defend_R","Defend_R","Bash","Heavy Blade","hubris:Lust","expansioncontent:DashGenerateEvil","Armaments","Feel No Pain","Dropkick","Armaments"],"relics":["Burning Blood","NeowsBlessing","ReplayTheSpireMod:CursedCoin","hubris:SlimyHat"],"acts_visited":["Exordium"],"potions_floor_usage":[6,10],"damage_taken":[{"damage":0,"enemies":"Cultist","floor":1,"turns":1},{"damage":3,"enemies":"Small Slimes","floor":3,"turns":1},{"damage":0,"enemies":"2 Louse","floor":4,"turns":1},{"damage":19,"enemies":"Exordium Wildlife","floor":5,"turns":6},{"damage":39,"enemies":"Lagavulin","floor":6,"turns":6},{"damage":16,"enemies":"Blue Slaver","floor":7,"turns":4},{"damage":42,"enemies":"Gremlin Nob","floor":10,"turns":3}],"seed_played":"-4432303458161264956","potions_obtained":[{"floor":4,"key":"DistilledChaos"},{"floor":6,"key":"Strength Potion"}],"is_trial":false,"path_per_floor":["M","$","M","M","M","E","M","R","T","E"],"character_chosen":"IRONCLAD","items_purchased":["ReplayTheSpireMod:CursedCoin","expansioncontent:DashGenerateEvil"],"campfire_rested":1,"item_purchase_floors":[2,2],"current_hp_per_floor":[74,74,75,75,62,29,19,41,41,0,0],"gold":156,"neow_bonus":"THREE_ENEMY_KILL","is_daily":false,"chose_seed":false,"campfire_upgraded":0,"win_rate":0.0,"timestamp":1610483915,"path_taken":["M","?","?","M","M","E","M","R","T","E"],"items_purchased_type":["Relic","Card"],"build_version":"2020-12-18","purchased_purges":0,"victory":false,"max_hp_per_floor":[75,75,75,75,75,75,75,75,75,75,75],"card_choices":[{"not_picked":["Warcry","Anger"],"picked":"Heavy Blade","floor":1},{"not_picked":["hubris:ReadiedAction","Clash","Combust"],"picked":"SKIP","floor":3},{"not_picked":["Havoc","Clash"],"picked":"Armaments","floor":4},{"not_picked":["Headbutt","Sentinel"],"picked":"Feel No Pain","floor":5},{"not_picked":["Clash","Entrench"],"picked":"Dropkick","floor":6},{"not_picked":["ReplayTheSpireMod:Corrosion Curse","Run Through"],"picked":"Armaments","floor":7}],"player_experience":615806,"relics_obtained":[{"floor":6,"key":"hubris:SlimyHat"}],"event_choices":[],"is_beta":true,"boss_relics":[],"items_purged_floors":[],"is_endless":false,"potions_floor_spawned":[4,6],"killed_by":"Gremlin Nob","ascension_level":19}}