{"host":"4rvakrj1idbgia3f","time":1610444677,"event":{"mods":["BaseMod","Colored Map","Colored Powertips","DeckTracker","Highlight Path","Minty Spire (QoL Compilation)","Random Character Button","StSLib"],"gold_per_floor":[117,137,137,149,164,164,189,189,189,189,214,214,226,226,226],"floor_reached":14,"playtime":414,"items_purged":[],"score":200,"play_id":"577419b6-c500-49df-bb37-5416f631aa7e","local_time":"20210112184437","is_ascension_mode":true,"campfire_choices":[{"data":"Rainbow","floor":6,"key":"SMITH"},{"data":"Capacitor","floor":8,"key":"SMITH"},{"data":"Static Discharge","floor":10,"key":"SMITH"},{"data":"Genetic Algorithm","floor":12,"key":"SMITH"}],"circlet_count":0,"master_deck":["AscendersBane","Strike_B","Strike_B","Strike_B","Strike_B","Defend_B","Defend_B","Defend_B","Zap+1","Dualcast","Capacitor+1","Leap","Static Discharge+1","Cold Snap","Rainbow+1","FTL","Genetic Algorithm+1"],"relics":["Cracked Core","Akabeko","Peace Pipe"],"acts_visited":["Exordium"],"potions_floor_usage":[11,11],"damage_taken":[{"damage":7,"enemies":"Jaw Worm","floor":1,"turns":4},{"damage":1,"enemies":"Cultist","floor":2,"turns":4},{"damage":10,"enemies":"Small Slimes","floor":4,"turns":3},{"damage":4,"enemies":"Looter","floor":5,"turns":4},{"damage":9,"enemies":"Lagavulin","floor":7,"turns":6},{"damage":14,"enemies":"3 Sentries","floor":11,"turns":3},{"damage":17,"enemies":"Lots of Slimes","floor":13,"turns":3},{"damage":9,"enemies":"Gremlin Nob","floor":14,"turns":2}],"seed_played":"-6456161325166804437","potions_obtained":[{"floor":1,"key":"LiquidBronze"},{"floor":7,"key":"ColorlessPotion"}],"is_trial":false,"path_per_floor":["M","M","?","M","M","R","E","R","T","R","E","R","M","E"],"character_chosen":"DEFECT","items_purchased":[],"campfire_rested":0,"item_purchase_floors":[],"current_hp_per_floor":[57,56,56,46,42,42,33,33,33,33,19,19,2,0,0],"gold":226,"neow_bonus":"UPGRADE_CARD","is_daily":false,"chose_seed":false,"campfire_upgraded":4,"win_rate":0.0,"timestamp":1610444677,"path_taken":["M","M","?","?","M","R","E","R","T","R","E","R","M","E"],"items_purchased_type":[],"build_version":"2020-12-22","purchased_purges":0,"victory":false,"max_hp_per_floor":[71,71,71,71,71,71,71,71,71,71,71,71,71,71,71],"card_choices":[{"not_picked":["Consume","Stack"],"picked":"Capacitor","floor":1},{"not_picked":["Aggregate","Gash"],"picked":"Leap","floor":2},{"not_picked":["Skim","Turbo"],"picked":"Cold Snap","floor":4},{"not_picked":["Sweeping Beam","Recycle"],"picked":"Rainbow","floor":5},{"not_picked":["Stack","Rebound"],"picked":"FTL","floor":7},{"not_picked":["Reprogram","Gash"],"picked":"Genetic Algorithm","floor":11},{"not_picked":["Recycle","Turbo","Compile Driver"],"picked":"SKIP","floor":13}],"player_experience":2010395,"relics_obtained":[{"floor":7,"key":"Akabeko"},{"floor":11,"key":"Peace Pipe"}],"event_choices":[{"damage_healed":0,"gold_gain":0,"cards_transformed":["Defend_B"],"player_choice":"Transformed","damage_taken":0,"max_hp_gain":0,"max_hp_loss":0,"event_name":"Transmorgrifier","floor":3,"gold_loss":0,"cards_obtained":["Static Discharge"]}],"is_beta":false,"boss_relics":[],"items_purged_floors":[],"is_endless":false,"potions_floor_spawned":[1,7],"killed_by":"Gremlin Nob","ascension_level":20}}