{"host":"08e8lbcglknjr65a","time":1610412065,"event":{"mods":["BaseMod","Hermit","Minty Spire (QoL Compilation)","Relic Stats","StSLib","slay the spire mod where everything is the same but ironclad has a cowboy hat"],"gold_per_floor":[115,115,125,137,148,182,182,194,194,194,224,234,261,312,312,417,417,417,387,387,387,312,312,312,312,312,312,110,110,110,110,110,110,110,110,110],"floor_reached":35,"playtime":1244,"items_purged":[],"score":659,"play_id":"f8d29cee-551e-4fbc-a360-f6f8ac77a0a0","local_time":"20210111164105","is_ascension_mode":true,"campfire_choices":[{"floor":7.0,"key":"REST"},{"data":"Uppercut","floor":10.0,"key":"SMITH"},{"data":"Flex","floor":15.0,"key":"SMITH"},{"data":"Demon Form","floor":27.0,"key":"SMITH"},{"data":"Bludgeon","floor":32.0,"key":"SMITH"}],"circlet_count":0,"master_deck":["Strike_R","Strike_R","Strike_R+1","Strike_R","Defend_R","Defend_R","Defend_R+1","Defend_R","Bash","Clash","Flex+1","Rage","Hemokinesis","Uppercut+1","Clash","Battle Trance","Pummel","Clash","Demon Form+1","Clash+1","Shrug It Off+1","True Grit","Heavy Blade","Armaments+1","Cleave","Shrug It Off+1","Bludgeon+1","Berserk"],"relics":["Burning Blood","MealTicket","Calipers","Bird Faced Urn","TungstenRod","Ectoplasm","Anchor","Tiny Chest","Self Forming Clay","Art of War","PreservedInsect","Ancient Tea Set","Busted Crown"],"acts_visited":[],"potions_floor_usage":[],"damage_taken":[{"damage":6.0,"enemies":"Cultist","floor":1.0,"turns":4.0},{"damage":7.0,"enemies":"Jaw Worm","floor":3.0,"turns":2.0},{"damage":5.0,"enemies":"2 Louse","floor":4.0,"turns":2.0},{"damage":7.0,"enemies":"Large Slime","floor":5.0,"turns":5.0},{"damage":13.0,"enemies":"Gremlin Nob","floor":6.0,"turns":4.0},{"damage":12.0,"enemies":"Blue Slaver","floor":8.0,"turns":3.0},{"damage":25.0,"enemies":"Lagavulin","floor":11.0,"turns":4.0},{"damage":1.0,"enemies":"Lots of Slimes","floor":12.0,"turns":3.0},{"damage":16.0,"enemies":"3 Sentries","floor":13.0,"turns":8.0},{"damage":1.0,"enemies":"Slime Boss","floor":16.0,"turns":7.0},{"damage":4.0,"enemies":"Spheric Guardian","floor":18.0,"turns":3.0},{"damage":7.0,"enemies":"2 Thieves","floor":19.0,"turns":3.0},{"damage":2.0,"enemies":"Snecko","floor":21.0,"turns":3.0},{"damage":23.0,"enemies":"Slavers","floor":23.0,"turns":5.0},{"damage":21.0,"enemies":"Gremlin Leader","floor":25.0,"turns":5.0},{"damage":19.0,"enemies":"Book of Stabbing","floor":29.0,"turns":4.0},{"damage":2.0,"enemies":"3 Cultists","floor":30.0,"turns":4.0},{"damage":22.0,"enemies":"Sentry and Sphere","floor":31.0,"turns":4.0},{"damage":86.0,"enemies":"Automaton","floor":33.0,"turns":9.0},{"damage":0,"enemies":"3 Darklings","floor":35,"turns":1}],"seed_played":"1510239602655141970","potions_obtained":[{"floor":5.0,"key":"HeartOfIron"},{"floor":11.0,"key":"DuplicationPotion"},{"floor":16.0,"key":"ElixirPotion"},{"floor":19.0,"key":"Dexterity Potion"},{"floor":21.0,"key":"FairyPotion"}],"is_trial":false,"path_per_floor":["M","?","M","M","M","E","R","M","T","R","E","M","E","?","R","B",null,"M","M","?","M","?","E","T","E","T","R","$","E","M","M","R","B",null,"M"],"character_chosen":"IRONCLAD","items_purchased":["PreservedInsect","Energy Potion"],"campfire_rested":1,"item_purchase_floors":[28,28],"current_hp_per_floor":[80,62,61,62,61,54,80,74,74,74,55,60,50,50,50,55,80,82,81,81,85,85,70,70,55,55,55,70,57,63,49,49,8,68,68,68],"gold":110,"neow_bonus":"TEN_PERCENT_HP_BONUS","is_daily":false,"chose_seed":false,"campfire_upgraded":4,"win_rate":0.0,"timestamp":1610412065,"path_taken":["M","?","M","M","M","E","R","M","T","R","E","M","E","?","R","BOSS","M","M","?","M","?","E","?","E","T","R","$","E","?","M","R","BOSS","M"],"items_purchased_type":["Relic","Potion"],"build_version":"2020-12-22","purchased_purges":0,"victory":false,"max_hp_per_floor":[88,88,88,88,88,88,88,88,88,88,88,88,88,88,88,88,88,88,88,88,88,88,88,88,88,88,88,88,88,88,88,88,88,88,88,88],"relic_stats":{"Busted Crown":0,"counters":[20,83],"Self Forming Clay":[45],"Bird Faced Urn":[6],"MealTicket":15,"Tiny Chest":0,"Ectoplasm":321,"PreservedInsect":43,"Art of War":[2],"obtain_stats":[{"Calipers":9,"Self Forming Clay":25,"PreservedInsect":28,"Ancient Tea Set":29,"Burning Blood":0,"Anchor":23,"Busted Crown":34,"Bird Faced Urn":11,"MealTicket":6,"Tiny Chest":24,"Ectoplasm":17,"Art of War":26,"TungstenRod":13},{"Calipers":6,"Self Forming Clay":15,"PreservedInsect":15,"Ancient Tea Set":16,"Burning Blood":0,"Anchor":14,"Busted Crown":19,"Bird Faced Urn":7,"MealTicket":5,"Tiny Chest":14,"Ectoplasm":10,"Art of War":15,"TungstenRod":9},{"Calipers":20,"Self Forming Clay":61,"PreservedInsect":61,"Ancient Tea Set":65,"Burning Blood":0,"Anchor":56,"Busted Crown":82,"Bird Faced Urn":24,"MealTicket":17,"Tiny Chest":56,"Ectoplasm":42,"Art of War":61,"TungstenRod":35}],"Burning Blood":114,"TungstenRod":31},"card_choices":[{"not_picked":["Perfected Strike","Havoc"],"picked":"Clash","floor":1.0},{"not_picked":["Reckless Charge","Thunderclap"],"picked":"Flex","floor":3.0},{"not_picked":["Heavy Blade","Armaments"],"picked":"Rage","floor":4.0},{"not_picked":["Fire Breathing","Inflame"],"picked":"Hemokinesis","floor":5.0},{"not_picked":["Battle Trance","Twin Strike"],"picked":"Uppercut","floor":6.0},{"not_picked":["Warcry","Armaments"],"picked":"Clash","floor":8.0},{"not_picked":["Warcry","Berserk"],"picked":"Battle Trance","floor":11.0},{"not_picked":["Shockwave","Disarm"],"picked":"Pummel","floor":12.0},{"not_picked":["Shockwave","Battle Trance"],"picked":"Clash","floor":13.0},{"not_picked":["Juggernaut","Immolate"],"picked":"Demon Form","floor":16.0},{"not_picked":["Uppercut","Hemokinesis"],"picked":"Clash+1","floor":18.0},{"not_picked":["Battle Trance","Burning Pact+1"],"picked":"Shrug It Off+1","floor":19.0},{"not_picked":["Sword Boomerang","Anger+1"],"picked":"True Grit","floor":21.0},{"not_picked":["Shockwave","Havoc"],"picked":"Heavy Blade","floor":23.0},{"not_picked":["Entrench","Shrug It Off"],"picked":"Armaments+1","floor":25.0},{"not_picked":["Iron Wave","Rampage+1"],"picked":"Cleave","floor":29.0},{"not_picked":["Flame Barrier","Body Slam"],"picked":"Shrug It Off+1","floor":30.0},{"not_picked":["Clash","Rupture"],"picked":"Bludgeon","floor":31.0},{"not_picked":["Fiend Fire","Exhume"],"picked":"Berserk","floor":33.0}],"player_experience":54345,"relics_obtained":[{"floor":6.0,"key":"MealTicket"},{"floor":9.0,"key":"Calipers"},{"floor":11.0,"key":"Bird Faced Urn"},{"floor":13.0,"key":"TungstenRod"},{"floor":23.0,"key":"Anchor"},{"floor":24.0,"key":"Tiny Chest"},{"floor":25.0,"key":"Self Forming Clay"},{"floor":26.0,"key":"Art of War"},{"floor":29.0,"key":"Ancient Tea Set"}],"event_choices":[{"damage_healed":0.0,"max_hp_gain":0.0,"max_hp_loss":0.0,"gold_gain":0.0,"event_name":"Shining Light","player_choice":"Entered Light","floor":2.0,"gold_loss":0.0,"damage_taken":18.0,"cards_upgraded":["Defend_R","Strike_R"]},{"damage_healed":0.0,"max_hp_gain":0.0,"max_hp_loss":0.0,"gold_gain":51.0,"event_name":"Golden Wing","player_choice":"Gained Gold","floor":14.0,"gold_loss":0.0,"damage_taken":0.0},{"damage_healed":0.0,"max_hp_gain":0.0,"max_hp_loss":0.0,"gold_gain":0.0,"event_name":"Ghosts","player_choice":"Ignored","floor":20.0,"gold_loss":0.0,"damage_taken":0.0},{"cards_removed":["Strike_R"],"damage_healed":0.0,"max_hp_gain":0.0,"max_hp_loss":0.0,"gold_gain":0.0,"event_name":"Beggar","player_choice":"Gave Gold","floor":22.0,"gold_loss":75.0,"damage_taken":0.0}],"is_beta":false,"boss_relics":[{"not_picked":["Empty Cage","Mark of Pain"],"picked":"Ectoplasm"},{"not_picked":["SacredBark","Cursed Key"],"picked":"Busted Crown"}],"items_purged_floors":[],"is_endless":false,"potions_floor_spawned":[5,11,16,19,21,29,30],"killed_by":"3 Darklings","ascension_level":9}}