{"host":"9vk21r6l9dtkpvh9","time":1610477496,"event":{"mods":["100% Spire Juice","2.2 Compatiblity","AchievementEnabler","Act Like it!","Astrologer","Bartender","BaseMod","Better Altar","Better Match","Better Note","Better Sensory Stone","Better Skull","Better Third Choice","BetterRewards","CapriCore","CatGirl Mod","Colored Map","Colored Powertips","Conspire","DeckTracker","Downfall","Energized Spire","Gensokyo","GifTheSpireLib","Hermit","Hubris","Infinite Spire","Jorbs\u0027s Wanderer Trilogy","Koishi","LagranYue(???·?)","Luminous","Mad Scientist","Marisa????????","Mimic Mod","Minty Spire (QoL Compilation)","Potionbrewer","Rare Cards Sparkle","Relic Stats","Replay The Spire","SOS???????","Shade Mod","Spicy Shops","StSLib","SuperFastMode","Td1madao Mod","The Animator","The Forsaken","The Gatherer","The Hierophant","The Immortal","The Jungle","The Marked","The Mystic","The Necromancer","The Runesmith","The Senshi","The Servant 0.9.4","The Valiant","The Wild Card","TheBandit","TheSwordswoman","TheWitcher","WarShipGirlsR/????R mod","vexMod","???Mod??????Boss"],"gold_per_floor":[125,170,194,228,255,255,255],"floor_reached":6,"playtime":771,"items_purged":[],"score":38,"play_id":"9dc498ca-0641-4d27-8dc8-dd46f9e8adc2","local_time":"20210112135136","is_ascension_mode":false,"campfire_choices":[],"circlet_count":0,"master_deck":["SnafuTest:DefaultCommonAttack","SnafuTest:DefaultCommonAttack","SnafuTest:DefaultCommonAttack","SnafuTest:BountyHunt","SnafuTest:DefaultCommonSkill","SnafuTest:DefaultCommonSkill","SnafuTest:DefaultCommonSkill","SnafuTest:SignQuen","SnafuTest:SignQuen","SnafuTest:PowerProbingFeint"],"relics":["SnafuTest:UnstableMutagenRelic","LagranYue:RandomDrawCardRelic","vexMod:Dragonfruit"],"acts_visited":["Exordium"],"potions_floor_usage":[],"damage_taken":[{"damage":0,"enemies":"Small Slimes","floor":1,"turns":3},{"damage":29,"enemies":"conspire:MimicChest","floor":2,"turns":7},{"damage":0,"enemies":"2 Louse","floor":3,"turns":4},{"damage":0,"enemies":"Jaw Worm","floor":4,"turns":7},{"damage":16,"enemies":"Large Slime","floor":5,"turns":7},{"damage":45,"enemies":"Gremlin Nob","floor":6,"turns":7}],"seed_played":"7573504086450601183","potions_obtained":[{"floor":5,"key":"DuplicationPotion"}],"is_trial":false,"path_per_floor":["M","?","M","M","M","E"],"character_chosen":"THE_WITCHER","items_purchased":[],"campfire_rested":0,"item_purchase_floors":[],"current_hp_per_floor":[82,58,58,58,42,0,0],"gold":255,"neow_bonus":"TEN_PERCENT_HP_BONUS","is_daily":false,"chose_seed":false,"campfire_upgraded":0,"win_rate":0.0,"timestamp":1610477496,"path_taken":["M","?","M","M","M","E"],"items_purchased_type":[],"build_version":"2020-12-22","purchased_purges":0,"victory":false,"max_hp_per_floor":[82,87,87,87,87,87,87],"relic_stats":{"counters":[6,35],"obtain_stats":[{"vexMod:Dragonfruit":2,"SnafuTest:UnstableMutagenRelic":0,"LagranYue:RandomDrawCardRelic":0},{"vexMod:Dragonfruit":2,"SnafuTest:UnstableMutagenRelic":0,"LagranYue:RandomDrawCardRelic":0},{"vexMod:Dragonfruit":10,"SnafuTest:UnstableMutagenRelic":0,"LagranYue:RandomDrawCardRelic":0}]},"card_choices":[{"not_picked":["SnafuTest:SpellTortoise","SnafuTest:CareTaker","SnafuTest:PowerCrimsonRitual"],"picked":"SKIP","floor":1},{"not_picked":["SnafuTest:PowerAlwaysOnRoads","SnafuTest:PowerFireDamnation"],"picked":"SnafuTest:SignQuen","floor":2},{"not_picked":["SnafuTest:PowerMartialMagical","SnafuTest:SpellBitingFrost"],"picked":"SnafuTest:GetPaid","floor":3},{"not_picked":["SnafuTest:ScholarsIntrigue","SnafuTest:WitchHunt","SnafuTest:SpellArcaneDomain"],"picked":"SKIP","floor":4},{"not_picked":["SnafuTest:BombNorthernWind","SnafuTest:PowerAlwaysOnRoads"],"picked":"SnafuTest:PowerProbingFeint","floor":5}],"player_experience":663490,"relics_obtained":[{"floor":2,"key":"vexMod:Dragonfruit"}],"event_choices":[],"is_beta":false,"boss_relics":[],"items_purged_floors":[],"is_endless":false,"potions_floor_spawned":[5],"killed_by":"Gremlin Nob","ascension_level":0}}