{"host":"63howft1cojq0ioc","time":1610421684,"event":{"mods":["Act Like it!","Aspiration","BaseMod","DeckTracker","Downfall","Infinite Spire","Minty Spire (QoL Compilation)","Quick Restart","Relic Stats","Replay The Spire","StSLib","SuperFastMode","The Jungle"],"gold_per_floor":[109,109,109,125,125,125,154,166,215,252,265,265,61,72,72,96,96],"floor_reached":16,"playtime":290,"items_purged":[],"score":169,"play_id":"9d2ea380-e942-41ff-a99d-33283620e78b","local_time":"20210112012124","is_ascension_mode":true,"campfire_choices":[{"data":"Bash","floor":6,"key":"SMITH"},{"data":"Rage","floor":15,"key":"SMITH"}],"circlet_count":0,"master_deck":["Strike_R","Strike_R","Strike_R","Strike_R","Strike_R","Defend_R","Defend_R","Defend_R","Defend_R","Bash+1","Thunderclap","Twin Strike","Rage+1"],"relics":["Burning Blood","NeowsBlessing","infinitespire:Midas Blood","infinitespire:CheckeredPen","Potion Belt","aspiration:HiddenCompartment","Anchor"],"acts_visited":["Exordium"],"potions_floor_usage":[16,16,16,16],"damage_taken":[{"damage":0,"enemies":"Small Slimes","floor":1,"turns":1},{"damage":0,"enemies":"Jaw Worm","floor":4,"turns":1},{"damage":0,"enemies":"3 Sentries","floor":7,"turns":1},{"damage":6,"enemies":"Cultist","floor":8,"turns":3},{"damage":24,"enemies":"Gremlin Nob","floor":10,"turns":4},{"damage":13,"enemies":"Blue Slaver","floor":11,"turns":2},{"damage":0,"enemies":"3 Louse","floor":14,"turns":3},{"damage":65,"enemies":"Hexaghost","floor":16,"turns":9}],"seed_played":"-954387193937445094","potions_obtained":[{"floor":7,"key":"EssenceOfSteel"},{"floor":10,"key":"Milkshake"},{"floor":14,"key":"PowerPotion"}],"is_trial":false,"path_per_floor":["M","?","$","M","T","R","E","M","T","E","M","?","$","M","R","B"],"character_chosen":"IRONCLAD","items_purchased":["Anchor","SkillPotion"],"campfire_rested":0,"item_purchase_floors":[13,13],"current_hp_per_floor":[80,80,80,80,80,80,80,80,80,62,55,55,55,61,61,0,0],"gold":96,"neow_bonus":"THREE_ENEMY_KILL","is_daily":false,"chose_seed":false,"campfire_upgraded":2,"win_rate":0.0,"timestamp":1610421684,"path_taken":["M","?","$","M","?","R","E","M","T","E","M","?","$","M","R","BOSS"],"items_purchased_type":["Relic","Potion"],"build_version":"2020-12-22","purchased_purges":0,"victory":false,"max_hp_per_floor":[80,80,80,80,80,80,80,80,80,80,80,80,80,80,80,80,80],"relic_stats":{"counters":[8,24],"obtain_stats":[{"Potion Belt":9,"Anchor":13,"NeowsBlessing":0,"infinitespire:CheckeredPen":7,"aspiration:HiddenCompartment":10,"Burning Blood":0,"infinitespire:Midas Blood":5},{"Potion Belt":4,"Anchor":6,"NeowsBlessing":0,"infinitespire:CheckeredPen":3,"aspiration:HiddenCompartment":5,"Burning Blood":0,"infinitespire:Midas Blood":2},{"Potion Belt":6,"Anchor":12,"NeowsBlessing":0,"infinitespire:CheckeredPen":3,"aspiration:HiddenCompartment":10,"Burning Blood":0,"infinitespire:Midas Blood":2}],"Burning Blood":24},"card_choices":[{"not_picked":["Dual Wield","Whirlwind"],"picked":"Thunderclap","floor":1},{"not_picked":["Havoc","ReplayTheSpireMod:Stacked","infinitespire:OneForAll"],"picked":"SKIP","floor":4},{"not_picked":["Dark Embrace","Bludgeon","ReplayTheSpireMod:Corrosion Curse"],"picked":"SKIP","floor":7},{"not_picked":["Second Wind","Hemokinesis","Heavy Blade"],"picked":"SKIP","floor":8},{"not_picked":["Shrug It Off","Dual Wield"],"picked":"Twin Strike","floor":10},{"not_picked":["Body Slam","Perfected Strike","Headbutt"],"picked":"SKIP","floor":11},{"not_picked":["Uppercut","Wild Strike"],"picked":"Rage","floor":14}],"player_experience":119203,"relics_obtained":[{"floor":5,"key":"infinitespire:Midas Blood"},{"floor":7,"key":"infinitespire:CheckeredPen"},{"floor":9,"key":"Potion Belt"},{"floor":10,"key":"aspiration:HiddenCompartment"}],"event_choices":[],"is_beta":false,"boss_relics":[],"items_purged_floors":[],"is_endless":false,"potions_floor_spawned":[7,10,14],"killed_by":"Hexaghost","ascension_level":5}}