{"host":"hve1dyh1ly81yl9f","time":1610460566,"event":{"mods":["BaseMod","Colored Map","DeckTracker","Highlight Path","Keyboard Shortcuts","Minty Spire (QoL Compilation)","Permanent Neow","Quick Restart","StSLib","SuperFastMode"],"gold_per_floor":[119,135,135,85,97,97,130,149,149,149,149,184,184,204,204,300,300,310,310,326,326,27,27,60,60,60,60,74,91,91,106,106,207,207,226,246,262,32,32,32,48,5,5,29,46,46,57,57,57,57,57],"floor_reached":50,"playtime":1364,"items_purged":[],"score":721,"play_id":"67eae055-4cad-4b69-a6b5-9e168c863874","local_time":"20210112230926","is_ascension_mode":true,"campfire_choices":[{"data":"Inflame","floor":6.0,"key":"SMITH"},{"floor":11.0,"key":"REST"},{"data":"Heavy Blade","floor":13.0,"key":"SMITH"},{"data":"Offering","floor":15.0,"key":"SMITH"},{"data":"Heavy Blade","floor":23.0,"key":"SMITH"},{"data":"J.A.X.","floor":25.0,"key":"SMITH"},{"data":"Bite","floor":27.0,"key":"SMITH"},{"floor":32.0,"key":"REST"},{"floor":40.0,"key":"DIG"},{"floor":46.0,"key":"DIG"},{"floor":49.0,"key":"DIG"}],"circlet_count":0,"master_deck":["Defend_R","Defend_R","Defend_R","Bash+1","Inflame+1","Pommel Strike","Twin Strike","Offering+1","Heavy Blade+1","Reaper","Twin Strike","J.A.X.+1","Bite+1","Bite","Bite","Bite","Bite","Heavy Blade+1","Sword Boomerang","Feed","Flex","Flex+1","Flex"],"relics":["Burning Blood","Blue Candle","Pear","Paper Frog","Empty Cage","Bottled Tornado","Lizard Tail","Eternal Feather","The Courier","Fusion Hammer","Shovel","Ornamental Fan","Frozen Egg 2","PreservedInsect","Toxic Egg 2","Boot"],"acts_visited":["Exordium","TheCity","TheBeyond"],"potions_floor_usage":[50],"damage_taken":[{"damage":10.0,"enemies":"Small Slimes","floor":1.0,"turns":3.0},{"damage":10.0,"enemies":"2 Louse","floor":2.0,"turns":3.0},{"damage":6.0,"enemies":"Cultist","floor":5.0,"turns":3.0},{"damage":20.0,"enemies":"Lagavulin","floor":7.0,"turns":4.0},{"damage":17.0,"enemies":"Looter","floor":8.0,"turns":2.0},{"damage":6.0,"enemies":"Gremlin Nob","floor":12.0,"turns":2.0},{"damage":12.0,"enemies":"Exordium Wildlife","floor":14.0,"turns":2.0},{"damage":36.0,"enemies":"Hexaghost","floor":16.0,"turns":4.0},{"damage":18.0,"enemies":"Chosen","floor":18.0,"turns":3.0},{"damage":9.0,"enemies":"Spheric Guardian","floor":20.0,"turns":1.0},{"damage":39.0,"enemies":"Gremlin Leader","floor":24.0,"turns":4.0},{"damage":21.0,"enemies":"Snecko","floor":28.0,"turns":3.0},{"damage":33.0,"enemies":"Snake Plant","floor":29.0,"turns":2.0},{"damage":21.0,"enemies":"Cultist and Chosen","floor":31.0,"turns":3.0},{"damage":101.0,"enemies":"Automaton","floor":33.0,"turns":7.0},{"damage":39.0,"enemies":"3 Darklings","floor":35.0,"turns":4.0},{"damage":23.0,"enemies":"Orb Walker","floor":36.0,"turns":3.0},{"damage":45.0,"enemies":"Spire Growth","floor":37.0,"turns":3.0},{"damage":32.0,"enemies":"4 Shapes","floor":41.0,"turns":3.0},{"damage":43.0,"enemies":"Jaw Worm Horde","floor":45.0,"turns":3.0},{"damage":34.0,"enemies":"Transient","floor":47.0,"turns":5.0},{"damage":85,"enemies":"Time Eater","floor":50,"turns":6}],"seed_played":"6208399741528018059","potions_obtained":[{"floor":1.0,"key":"HeartOfIron"},{"floor":10.0,"key":"FearPotion"},{"floor":10.0,"key":"EntropicBrew"},{"floor":18.0,"key":"Block Potion"},{"floor":33.0,"key":"SkillPotion"},{"floor":41.0,"key":"Explosive Potion"},{"floor":45.0,"key":"EssenceOfSteel"},{"floor":47.0,"key":"SpeedPotion"}],"is_trial":false,"path_per_floor":["M","M","?","?","M","R","E","M","T","?","R","E","R","M","R","B",null,"M","?","M","?","$","R","E","R","T","R","M","M","T","M","R","B",null,"M","M","M","$","?","R","M","$","T","T","M","R","M","?","R","B"],"character_chosen":"IRONCLAD","items_purchased":["Heavy Blade","Bottled Tornado","Shovel","Flex"],"campfire_rested":2,"item_purchase_floors":[22,22,38,42],"current_hp_per_floor":[68,64,50,50,50,50,36,25,35,35,59,59,59,53,53,23,67,58,58,55,55,55,55,32,32,32,41,34,18,18,12,38,34,51,49,38,20,20,20,32,49,49,49,49,38,50,50,50,62,0,0],"gold":57,"neow_bonus":"REMOVE_TWO","is_daily":false,"chose_seed":false,"campfire_upgraded":6,"win_rate":0.0,"timestamp":1610460566,"path_taken":["M","M","?","?","M","R","E","M","T","?","R","E","R","M","R","BOSS","M","?","M","?","?","R","E","R","T","R","M","M","?","M","R","BOSS","M","M","M","?","?","R","M","$","T","?","M","R","?","?","R","BOSS"],"items_purchased_type":["Card","Relic","Relic","Card"],"build_version":"2020-12-22","purchased_purges":0,"victory":false,"max_hp_per_floor":[72,72,72,72,72,72,72,72,82,82,82,82,82,82,82,82,82,82,82,82,57,57,57,57,57,57,57,57,57,57,57,57,57,57,57,57,60,60,60,60,60,60,60,60,63,63,63,63,63,63,63],"card_choices":[{"not_picked":["Metallicize","Clothesline"],"picked":"Inflame","floor":1.0},{"not_picked":["Warcry","Thunderclap"],"picked":"Pommel Strike","floor":2.0},{"not_picked":["Iron Wave","Thunderclap"],"picked":"Twin Strike","floor":5.0},{"not_picked":["Rampage","Battle Trance"],"picked":"Offering","floor":7.0},{"not_picked":["Flex","Perfected Strike"],"picked":"Heavy Blade","floor":8.0},{"not_picked":["Anger","Cleave","Headbutt"],"picked":"SKIP","floor":12.0},{"not_picked":["Shrug It Off","Bloodletting","Seeing Red"],"picked":"SKIP","floor":14.0},{"not_picked":["Exhume","Impervious"],"picked":"Reaper","floor":16.0},{"not_picked":["Headbutt","Shrug It Off"],"picked":"Twin Strike","floor":18.0},{"not_picked":["Impervious","Headbutt+1","Burning Pact"],"picked":"SKIP","floor":20.0},{"not_picked":["Barricade","Ghostly Armor","Intimidate+1"],"picked":"SKIP","floor":24.0},{"not_picked":["Flame Barrier","Havoc","Pommel Strike"],"picked":"SKIP","floor":28.0},{"not_picked":["Body Slam","Armaments","True Grit"],"picked":"SKIP","floor":29.0},{"not_picked":["Seeing Red","Wild Strike"],"picked":"Sword Boomerang","floor":31.0},{"not_picked":["Berserk","Fiend Fire"],"picked":"Feed","floor":33.0},{"not_picked":["Thunderclap+1","Headbutt"],"picked":"Flex","floor":35.0},{"not_picked":["Twin Strike","Sentinel"],"picked":"Flex+1","floor":36.0},{"not_picked":["Perfected Strike","Barricade","Clothesline"],"picked":"SKIP","floor":37.0},{"not_picked":["Bloodletting","Shrug It Off","Clash"],"picked":"SKIP","floor":41.0},{"not_picked":["Iron Wave","Anger","Wild Strike+1"],"picked":"SKIP","floor":45.0},{"not_picked":["Pommel Strike","Armaments+1","Havoc+1"],"picked":"SKIP","floor":47.0}],"player_experience":312087,"relics_obtained":[{"floor":7.0,"key":"Blue Candle"},{"floor":9.0,"key":"Pear"},{"floor":12.0,"key":"Paper Frog"},{"floor":24.0,"key":"Lizard Tail"},{"floor":26.0,"key":"Eternal Feather"},{"floor":30.0,"key":"The Courier"},{"floor":40.0,"key":"Ornamental Fan"},{"floor":43.0,"key":"Frozen Egg 2"},{"floor":44.0,"key":"PreservedInsect"},{"floor":46.0,"key":"Toxic Egg 2"},{"floor":49.0,"key":"Boot"}],"event_choices":[{"damage_healed":0.0,"max_hp_gain":0.0,"max_hp_loss":0.0,"gold_gain":0.0,"event_name":"Shining Light","player_choice":"Entered Light","floor":3.0,"gold_loss":0.0,"damage_taken":14.0,"cards_upgraded":["Bash","Strike_R"]},{"cards_removed":["Strike_R"],"damage_healed":0.0,"max_hp_gain":0.0,"max_hp_loss":0.0,"gold_gain":0.0,"event_name":"The Cleric","player_choice":"Card Removal","floor":4.0,"gold_loss":50.0,"damage_taken":0.0},{"damage_healed":0.0,"max_hp_gain":0.0,"max_hp_loss":0.0,"gold_gain":0.0,"event_name":"Lab","player_choice":"Got Potions","floor":10.0,"gold_loss":0.0,"damage_taken":0.0},{"damage_healed":0.0,"max_hp_gain":0.0,"max_hp_loss":0.0,"gold_gain":0.0,"event_name":"Drug Dealer","player_choice":"Obtain J.A.X.","floor":19.0,"gold_loss":0.0,"damage_taken":0.0,"cards_obtained":["J.A.X."]},{"damage_healed":0.0,"max_hp_gain":0.0,"max_hp_loss":25.0,"gold_gain":0.0,"event_name":"Vampires","player_choice":"Became a vampire","floor":21.0,"gold_loss":0.0,"damage_taken":0.0,"cards_obtained":["Bite","Bite","Bite","Bite","Bite"]},{"damage_healed":0.0,"max_hp_gain":0.0,"max_hp_loss":0.0,"gold_gain":0.0,"event_name":"Mysterious Sphere","player_choice":"Ignored","floor":39.0,"gold_loss":0.0,"damage_taken":0.0},{"damage_healed":0.0,"max_hp_gain":0.0,"max_hp_loss":0.0,"gold_gain":0.0,"event_name":"SensoryStone","player_choice":"Memory 1","floor":48.0,"gold_loss":0.0,"damage_taken":0.0}],"is_beta":false,"boss_relics":[{"not_picked":["Astrolabe","Velvet Choker"],"picked":"Empty Cage"},{"not_picked":["Busted Crown","Runic Dome"],"picked":"Fusion Hammer"}],"items_purged_floors":[],"is_endless":false,"potions_floor_spawned":[1,12,14,18,20,33,41,45,47],"killed_by":"Time Eater","ascension_level":8}}