{"host":"t9zjxed0utvsfjwc","time":1610457311,"event":{"mods":["2.2 Compatiblity","Aspiration","BaseMod","Block Reminder","Colored Map","Colored Powertips","Highlight Path","Hubris","Infinite Spire","Minty Spire (QoL Compilation)","Quick Restart","Replay The Spire","StSLib","The Marked","Unceasing Turn Reminder","everything is the same but u backflip on backflip"],"gold_per_floor":[110,1,1,11,186,186,186],"floor_reached":6,"playtime":341,"items_purged":["theMarked:Defend"],"score":34,"play_id":"29ffa236-5a29-402f-a12d-ec2215efd1c4","local_time":"20210112131511","is_ascension_mode":false,"campfire_choices":[],"circlet_count":0,"master_deck":["theMarked:Strike","theMarked:Strike","theMarked:Strike","theMarked:Strike","theMarked:Strike","theMarked:Defend","theMarked:Defend","theMarked:Defend","theMarked:SoldierOfQuellstein","theMarked:Challenge","theMarked:TwofoldDefense+1","theMarked:BanishingWave","Doubt"],"relics":["theMarked:ArtifactOfAir"],"acts_visited":["Exordium"],"potions_floor_usage":[6],"damage_taken":[{"damage":6,"enemies":"2 Louse","floor":1,"turns":3},{"damage":6,"enemies":"Jaw Worm","floor":4,"turns":4},{"damage":55,"enemies":"Lagavulin","floor":6,"turns":10}],"seed_played":"-4868128614320922098","potions_obtained":[{"floor":4,"key":"Milkshake"}],"is_trial":false,"path_per_floor":["M","$","?","M","?","E"],"character_chosen":"THE_DEFAULT","items_purchased":["theMarked:TwofoldDefense+1"],"campfire_rested":0,"item_purchase_floors":[2],"current_hp_per_floor":[57,57,57,51,51,0,0],"gold":186,"neow_bonus":"THREE_RARE_CARDS","is_daily":false,"chose_seed":false,"campfire_upgraded":0,"win_rate":0.0,"timestamp":1610457311,"path_taken":["M","$","?","M","?","E"],"items_purchased_type":["Card"],"build_version":"2020-12-22","purchased_purges":1,"victory":false,"max_hp_per_floor":[63,63,63,63,63,63,63],"card_choices":[{"not_picked":["theMarked:TurnInvisible","theMarked:ThrowWeapon"],"picked":"theMarked:Challenge","floor":0},{"not_picked":["theMarked:Improvise","theMarked:Parkour","theMarked:ElectricStrings"],"picked":"SKIP","floor":1},{"not_picked":["theMarked:PowerFlow","theMarked:Aftermath"],"picked":"theMarked:BanishingWave","floor":4}],"player_experience":266607,"relics_obtained":[],"event_choices":[{"damage_healed":0,"gold_gain":0,"player_choice":"Ignored","damage_taken":0,"max_hp_gain":0,"max_hp_loss":0,"event_name":"Golden Wing","floor":3,"gold_loss":0},{"damage_healed":0,"gold_gain":175,"player_choice":"AGREE","damage_taken":0,"max_hp_gain":0,"max_hp_loss":0,"event_name":"Liars Game","floor":5,"gold_loss":0,"cards_obtained":["Doubt"]}],"is_beta":false,"boss_relics":[],"items_purged_floors":[2],"is_endless":false,"potions_floor_spawned":[4],"killed_by":"Lagavulin","ascension_level":0}}