{"host":"a1eatafr7pisesky","time":1610452165,"event":{"mods":["AchievementEnabler","BaseMod","Colored Map","Keyboard Shortcuts","Minty Spire (QoL Compilation)","Say the Spire","StSLib","SuperFastMode","everything is the same but u backflip on backflip"],"gold_per_floor":[112,112,112,187,202,202,228,239,239,239,266,281,281,62,62,157,157,171,171,71,86,86,86],"floor_reached":22,"playtime":545,"items_purged":["Strike_P","Defend_P"],"score":304,"play_id":"af3d79cf-ca78-4ef5-be7d-2ca8999c5c51","local_time":"20210112204925","is_ascension_mode":true,"campfire_choices":[{"data":"Eruption","floor":10.0,"key":"SMITH"},{"floor":13.0,"key":"REST"},{"data":"MentalFortress","floor":15.0,"key":"SMITH"}],"circlet_count":0,"master_deck":["Strike_P","Strike_P","Strike_P","Defend_P","Defend_P","Defend_P","Eruption+1","Vigilance","CrushJoints","FlurryOfBlows","Swivel","WheelKick","Meditate","MentalFortress+1","Vault","Adaptation","Omniscience","FollowUp+1"],"relics":["PureWater","NeowsBlessing","Shuriken","Ancient Tea Set","Nunchaku","Art of War","Black Star"],"acts_visited":["Exordium","TheCity"],"potions_floor_usage":[22],"damage_taken":[{"damage":0.0,"enemies":"Jaw Worm","floor":1.0,"turns":1.0},{"damage":0.0,"enemies":"2 Louse","floor":5.0,"turns":1.0},{"damage":0.0,"enemies":"Lagavulin","floor":7.0,"turns":1.0},{"damage":0.0,"enemies":"Cultist","floor":8.0,"turns":2.0},{"damage":37.0,"enemies":"3 Sentries","floor":11.0,"turns":8.0},{"damage":7.0,"enemies":"Red Slaver","floor":12.0,"turns":3.0},{"damage":18.0,"enemies":"Hexaghost","floor":16.0,"turns":8.0},{"damage":50.0,"enemies":"Shell Parasite","floor":18.0,"turns":7.0},{"damage":16.0,"enemies":"Chosen","floor":21.0,"turns":5.0},{"damage":10,"enemies":"Sentry and Sphere","floor":22,"turns":4}],"seed_played":"-2646839454642628852","potions_obtained":[{"floor":5.0,"key":"Fruit Juice"},{"floor":8.0,"key":"Dexterity Potion"},{"floor":16.0,"key":"BlessingOfTheForge"}],"is_trial":false,"path_per_floor":["M","?","?","?","M","T","E","M","T","R","E","M","R","$","R","B",null,"M","?","$","M","M"],"character_chosen":"WATCHER","items_purchased":["MentalFortress","DuplicationPotion"],"campfire_rested":1,"item_purchase_floors":[14,14],"current_hp_per_floor":[65,70,70,59,59,59,59,59,59,59,22,15,38,43,43,25,68,18,18,18,2,0,0],"gold":86,"neow_bonus":"THREE_ENEMY_KILL","is_daily":false,"chose_seed":false,"campfire_upgraded":2,"win_rate":0.0,"timestamp":1610452165,"path_taken":["M","?","?","?","M","?","E","M","T","R","E","?","R","$","R","BOSS","M","?","$","M","?"],"items_purchased_type":["Card","Potion"],"build_version":"2020-12-22","purchased_purges":2,"victory":false,"max_hp_per_floor":[72,77,77,77,77,77,77,77,77,77,77,77,77,82,82,82,82,82,82,82,82,82,82],"card_choices":[{"not_picked":["BowlingBash","Evaluate"],"picked":"CrushJoints","floor":1.0},{"not_picked":["Crescendo","CrushJoints"],"picked":"FlurryOfBlows","floor":5.0},{"not_picked":["Weave","Halt","Evaluate"],"picked":"SKIP","floor":7.0},{"not_picked":["EmptyFist","ThirdEye"],"picked":"Swivel","floor":8.0},{"not_picked":["Crescendo","JustLucky"],"picked":"WheelKick","floor":11.0},{"not_picked":["Evaluate","JustLucky"],"picked":"Meditate","floor":12.0},{"not_picked":["Ragnarok","Omniscience"],"picked":"Vault","floor":16.0},{"not_picked":["LikeWater","BowlingBash+1"],"picked":"Adaptation","floor":18.0},{"not_picked":["Conclude","CutThroughFate"],"picked":"FollowUp+1","floor":21.0}],"player_experience":306662,"relics_obtained":[{"floor":6.0,"key":"Shuriken"},{"floor":7.0,"key":"Ancient Tea Set"},{"floor":9.0,"key":"Nunchaku"},{"floor":11.0,"key":"Art of War"}],"event_choices":[{"damage_healed":0.0,"max_hp_gain":5.0,"max_hp_loss":0.0,"gold_gain":0.0,"event_name":"Big Fish","player_choice":"Donut","floor":2.0,"gold_loss":0.0,"damage_taken":0.0},{"damage_healed":0.0,"max_hp_gain":0.0,"max_hp_loss":0.0,"gold_gain":0.0,"event_name":"Liars Game","player_choice":"Ignored","floor":3.0,"gold_loss":0.0,"damage_taken":0.0},{"damage_healed":0.0,"max_hp_gain":0.0,"max_hp_loss":0.0,"gold_gain":75.0,"event_name":"World of Goop","player_choice":"Gather Gold","floor":4.0,"gold_loss":0.0,"damage_taken":11.0},{"damage_healed":0.0,"max_hp_gain":0.0,"max_hp_loss":0.0,"gold_gain":0.0,"event_name":"Match and Keep!","player_choice":"1 cards matched","floor":19.0,"gold_loss":0.0,"damage_taken":0.0,"cards_obtained":["Omniscience"]}],"is_beta":false,"boss_relics":[{"not_picked":["SlaversCollar","Busted Crown"],"picked":"Black Star"}],"items_purged_floors":[14,20],"is_endless":false,"potions_floor_spawned":[5,8,16,21],"killed_by":"Sentry and Sphere","ascension_level":8}}