{"host":"0nnch38g0slmkwok","time":1610480786,"event":{"mods":["BaseMod","Minty Spire (QoL Compilation)","Replay The Spire","StSLib"],"gold_per_floor":[14,14,14,14,28,53,53,86,139,139,139],"floor_reached":10,"playtime":376,"items_purged":[],"score":74,"play_id":"16ce636f-ccc2-486b-81c3-f3e32d849588","local_time":"20210113034626","is_ascension_mode":false,"campfire_choices":[],"circlet_count":0,"master_deck":["Strike_B","Strike_B","Strike_B+1","Defend_B","Defend_B","Zap","Dualcast+1","Sunder","Sweeping Beam"],"relics":["Cracked Core","MealTicket","Pen Nib","Bag of Preparation"],"acts_visited":["Exordium"],"potions_floor_usage":[],"damage_taken":[{"damage":8.0,"enemies":"Jaw Worm","floor":1.0,"turns":3.0},{"damage":0.0,"enemies":"Small Slimes","floor":5.0,"turns":2.0},{"damage":26.0,"enemies":"3 Sentries","floor":6.0,"turns":5.0},{"damage":14.0,"enemies":"Gremlin Nob","floor":8.0,"turns":3.0},{"damage":13,"enemies":"3 Sentries","floor":10,"turns":3}],"seed_played":"-1948750268912979537","potions_obtained":[{"floor":1.0,"key":"Fire Potion"}],"is_trial":false,"path_per_floor":["M","?","$","?","M","E","?","E","T","E"],"character_chosen":"DEFECT","items_purchased":[],"campfire_rested":0,"item_purchase_floors":[],"current_hp_per_floor":[67,72,72,72,72,46,30,16,16,3,3],"gold":139,"neow_bonus":"REMOVE_TWO","is_daily":false,"chose_seed":false,"campfire_upgraded":0,"win_rate":0.0,"timestamp":1610480786,"path_taken":["M","?","$","?","M","E","?","E","T","E"],"items_purchased_type":[],"build_version":"2020-12-22","purchased_purges":0,"victory":false,"max_hp_per_floor":[75,80,80,80,80,80,80,80,80,80,80],"card_choices":[{"not_picked":["Consume","Rebound"],"picked":"Sunder","floor":1.0},{"not_picked":["Stack","Rebound","Redo"],"picked":"SKIP","floor":5.0},{"not_picked":["Stack","Hologram"],"picked":"Sweeping Beam","floor":6.0},{"not_picked":["Consume","Heatsinks","Tempest"],"picked":"SKIP","floor":8.0}],"player_experience":75861,"relics_obtained":[{"floor":6.0,"key":"MealTicket"},{"floor":8.0,"key":"Pen Nib"},{"floor":9.0,"key":"Bag of Preparation"}],"event_choices":[{"damage_healed":0.0,"max_hp_gain":5.0,"max_hp_loss":0.0,"gold_gain":0.0,"event_name":"Big Fish","player_choice":"Donut","floor":2.0,"gold_loss":0.0,"damage_taken":0.0},{"damage_healed":0.0,"max_hp_gain":0.0,"max_hp_loss":0.0,"gold_gain":0.0,"event_name":"Shining Light","player_choice":"Entered Light","floor":7.0,"gold_loss":0.0,"damage_taken":16.0,"cards_upgraded":["Strike_B","Dualcast"]}],"is_beta":false,"boss_relics":[],"items_purged_floors":[],"is_endless":false,"potions_floor_spawned":[1],"killed_by":"3 Sentries","ascension_level":0}}