{"host":"31s8hzukbhz1k6i6","time":1610415615,"event":{"mods":["AchievementEnabler","BaseMod","Bestiary","Colored Map","Filter the Spire","Minty Spire (QoL Compilation)","Relic Stats","ojb\u0027s Info Mod"],"gold_per_floor":[111,130,130,150,150,176,176,211,211,211,223,251,251,263,263,263,263],"floor_reached":16,"playtime":832,"items_purged":[],"score":240,"play_id":"32b685fd-bf26-411d-9e64-d24adc27d347","local_time":"20210111174015","is_ascension_mode":true,"campfire_choices":[{"data":"Deadly Poison","floor":7.0,"key":"SMITH"},{"floor":10.0,"key":"REST"},{"data":"Wraith Form v2","floor":13,"key":"SMITH"},{"data":"Deadly Poison","floor":15,"key":"SMITH"}],"circlet_count":0,"master_deck":["AscendersBane","Strike_G","Strike_G","Strike_G","Defend_G","Defend_G","Defend_G","Defend_G","Defend_G","Survivor","Neutralize","Caltrops","PiercingWail","Backstab","Deadly Poison+1","Backstab","Adrenaline","Deadly Poison+1","Wraith Form v2+1"],"relics":["Ring of the Snake","Darkstone Periapt","Anchor","Juzu Bracelet","Singing Bowl","MealTicket"],"acts_visited":["Exordium"],"potions_floor_usage":[12,16,16],"damage_taken":[{"damage":13.0,"enemies":"Cultist","floor":1.0,"turns":7.0},{"damage":1.0,"enemies":"Small Slimes","floor":2.0,"turns":4.0},{"damage":0.0,"enemies":"Jaw Worm","floor":4.0,"turns":4.0},{"damage":40.0,"enemies":"Gremlin Nob","floor":6.0,"turns":5.0},{"damage":22.0,"enemies":"3 Sentries","floor":8.0,"turns":10.0},{"damage":0,"enemies":"Gremlin Gang","floor":11,"turns":4},{"damage":5,"enemies":"Lagavulin","floor":12,"turns":6},{"damage":0,"enemies":"Lots of Slimes","floor":14,"turns":4},{"damage":19,"enemies":"Slime Boss","floor":16,"turns":7}],"seed_played":"2163453524445395362","potions_obtained":[{"floor":2.0,"key":"Block Potion"},{"floor":6.0,"key":"Fruit Juice"},{"floor":11,"key":"EssenceOfSteel"},{"floor":12,"key":"ColorlessPotion"},{"floor":14,"key":"SpeedPotion"}],"is_trial":false,"path_per_floor":["M","M","?","M","?","E","R","E","T","R","M","E","R","M","R","B"],"character_chosen":"THE_SILENT","items_purchased":[],"campfire_rested":1,"item_purchase_floors":[],"current_hp_per_floor":[46,45,27,27,60,20,20,3,3,22,22,17,17,19,19,0,0],"gold":263,"neow_bonus":"TRANSFORM_TWO_CARDS","is_daily":false,"chose_seed":false,"campfire_upgraded":3,"win_rate":0.0,"timestamp":1610415615,"path_taken":["M","M","?","M","?","E","R","E","T","R","M","E","R","M","R","BOSS"],"items_purchased_type":[],"build_version":"2020-12-22","purchased_purges":0,"victory":false,"max_hp_per_floor":[60,60,60,60,60,60,60,65,65,65,65,65,65,67,67,67,67],"relic_stats":{"Darkstone Periapt":0,"Singing Bowl":2,"counters":[9,51],"MealTicket":0,"Juzu Bracelet":0,"obtain_stats":[{"Darkstone Periapt":3,"Anchor":6,"Singing Bowl":9,"MealTicket":12,"Juzu Bracelet":8,"Ring of the Snake":0},{"Darkstone Periapt":2,"Anchor":4,"Singing Bowl":5,"MealTicket":7,"Juzu Bracelet":5,"Ring of the Snake":0},{"Darkstone Periapt":11,"Anchor":20,"Singing Bowl":30,"MealTicket":40,"Juzu Bracelet":30,"Ring of the Snake":0}],"Ring of the Snake":[18]},"card_choices":[{"not_picked":["Dagger Throw","Reflex"],"picked":"Backstab","floor":1.0},{"not_picked":["Dagger Spray","Cloak And Dagger"],"picked":"Deadly Poison","floor":2.0},{"not_picked":["Escape Plan","Poisoned Stab"],"picked":"Backstab","floor":4.0},{"not_picked":["Deadly Poison","Outmaneuver"],"picked":"Adrenaline","floor":6.0},{"not_picked":["Underhanded Strike","Dagger Throw","Prepared"],"picked":"SKIP","floor":8.0},{"not_picked":["Backflip","Slice"],"picked":"Deadly Poison","floor":11},{"not_picked":["Cloak And Dagger","Backstab"],"picked":"Wraith Form v2","floor":12},{"not_picked":["Dodge and Roll","Expertise","Underhanded Strike"],"picked":"Singing Bowl","floor":14}],"player_experience":174929,"relics_obtained":[{"floor":6.0,"key":"Anchor"},{"floor":8.0,"key":"Juzu Bracelet"},{"floor":9.0,"key":"Singing Bowl"},{"floor":12,"key":"MealTicket"}],"event_choices":[{"damage_healed":0.0,"max_hp_gain":0.0,"max_hp_loss":0.0,"gold_gain":0.0,"event_name":"Scrap Ooze","player_choice":"Success","floor":3.0,"gold_loss":0.0,"damage_taken":18.0,"relics_obtained":["Darkstone Periapt"]},{"damage_healed":33.0,"max_hp_gain":0.0,"max_hp_loss":0.0,"gold_gain":0.0,"event_name":"Wheel of Change","player_choice":"Full Heal","floor":5.0,"gold_loss":0.0,"damage_taken":0.0}],"is_beta":false,"boss_relics":[],"items_purged_floors":[],"is_endless":false,"potions_floor_spawned":[2,6,11,12,14],"killed_by":"Slime Boss","ascension_level":20}}