{"host":"mwb0clku6crgv6yl","time":1610446592,"event":{"mods":["AchievementEnabler","BaseMod","Highlight Path","Koishi","Minty Spire (QoL Compilation)","Replay The Spire","StSLib","The Administrix","The Construct","The Cursed","The Gatherer","The Hierophant"],"gold_per_floor":[114,81,96,96,111,126,141,141,141,156,206,56,86,101,101,201,201,216,231,281,311,75,75,36,51,76,106,121,136,166,181,242,342,342,357,407,422,120,135,165,180,30,30,60,60,90,105,120,120,120],"floor_reached":51,"playtime":2345,"items_purged":[],"score":1463,"play_id":"fbeea65d-ebe7-4f96-b87b-3128e23de75c","local_time":"20210112181632","daily_mods":["Cursed Run","Hoarder","DeadlyEvents"],"is_ascension_mode":false,"campfire_choices":[{"data":"Eruption","floor":8.0,"key":"SMITH"},{"floor":15.0,"key":"REST"},{"data":"ForeignInfluence","floor":23,"key":"SMITH"},{"data":"Mind Blast","floor":49,"key":"SMITH"}],"circlet_count":0,"master_deck":["Eruption+1","Vigilance","Replay:DivineShield","Replay:DivineShield","Replay:DivineShield","MentalFortress","MentalFortress","MentalFortress","Crescendo","Crescendo","Crescendo+1","ForeignInfluence","ForeignInfluence","ForeignInfluence+1","Steam+1","Steam","Steam","CutThroughFate","CutThroughFate","CutThroughFate","ClearTheMind+1","ClearTheMind+1","ClearTheMind","Shame","Shame","Shame","SpiritShield","SpiritShield","SpiritShield","Brilliance","Brilliance","Brilliance","FollowUp+1","FollowUp","FollowUp","Voices","Voices","Voices","LessonLearned","LessonLearned+1","LessonLearned+1","Protect","Protect","Protect","Replay:LoomingThreat","Replay:LoomingThreat","Replay:LoomingThreat","Mind Blast+1","Mind Blast","Mind Blast","Replay:AtTheReady+1","Replay:AtTheReady+1","Replay:AtTheReady+1","Languid","Languid","Languid","Replay:Vibes+1","Replay:Vibes+1","Replay:Vibes+1","MentalFortress+1","MentalFortress+1","MentalFortress+1","Replay:Hysterical Blindness","Replay:Hysterical Blindness","Replay:Hysterical Blindness","WindmillStrike","WindmillStrike","WindmillStrike","Pray","Pray","Pray","WindmillStrike","WindmillStrike","WindmillStrike","Worship","Worship","Worship","Replay:DivineShield","Replay:DivineShield","Replay:DivineShield","FearNoEvil","FearNoEvil","FearNoEvil","FlurryOfBlows","FlurryOfBlows","FlurryOfBlows","FollowUp+1","FollowUp+1","FollowUp+1","Ragnarok","Ragnarok","Ragnarok","Crescendo","Crescendo","Crescendo","Languid","Languid","Languid","Crescendo","Crescendo","Crescendo","Decay","Decay","Decay","TalkToTheHand+1","TalkToTheHand+1","TalkToTheHand+1","FollowUp+1","FollowUp+1","FollowUp+1","FollowUp+1","FollowUp+1","FollowUp+1","Shame","Shame","Shame"],"relics":["Cursed Key","Darkstone Periapt","Du-Vu Doll","ReplayTheSpireMod:TigerMarble","Replay:Bottled Steam","Boot","Gambling Chip","Busted Crown","Unceasing Top","MealTicket","Whetstone","Tiny Chest","Shuriken","Pandora\u0027s Box","Mango","Kunai","Bag of Marbles","Orrery","Dream Catcher","Centennial Puzzle","CaptainsWheel","Bottled Tornado"],"acts_visited":["Exordium","TheCity","TheBeyond"],"potions_floor_usage":[33,50],"damage_taken":[{"damage":0.0,"enemies":"Cultist","floor":1.0,"turns":2.0},{"damage":1.0,"enemies":"2 Louse","floor":3.0,"turns":3.0},{"damage":6.0,"enemies":"Jaw Worm","floor":5.0,"turns":5.0},{"damage":3.0,"enemies":"Looter","floor":6.0,"turns":3.0},{"damage":17.0,"enemies":"Gremlin Gang","floor":7.0,"turns":4.0},{"damage":0.0,"enemies":"Large Slime","floor":10.0,"turns":3.0},{"damage":10.0,"enemies":"Lagavulin","floor":11.0,"turns":3.0},{"damage":0.0,"enemies":"Gremlin Nob","floor":13.0,"turns":2.0},{"damage":6.0,"enemies":"Red Slaver","floor":14.0,"turns":2.0},{"damage":0.0,"enemies":"Slime Boss","floor":16.0,"turns":4.0},{"damage":5.0,"enemies":"Chosen","floor":18.0,"turns":2.0},{"damage":1.0,"enemies":"Spheric Guardian","floor":19.0,"turns":3.0},{"damage":33,"enemies":"Slavers","floor":21,"turns":6},{"damage":0,"enemies":"Cultist and Chosen","floor":25,"turns":3},{"damage":0,"enemies":"Gremlin Leader","floor":27,"turns":1},{"damage":0,"enemies":"Sentry and Sphere","floor":28,"turns":1},{"damage":0,"enemies":"Chosen and Byrds","floor":29,"turns":1},{"damage":7,"enemies":"Slavers","floor":30,"turns":3},{"damage":0,"enemies":"Centurion and Healer","floor":31,"turns":1},{"damage":77,"enemies":"Champ","floor":33,"turns":6},{"damage":0,"enemies":"3 Shapes","floor":35,"turns":2},{"damage":0,"enemies":"Mind Bloom Boss Battle","floor":36,"turns":1},{"damage":0,"enemies":"Orb Walker","floor":37,"turns":1},{"damage":0,"enemies":"3 Darklings","floor":39,"turns":2},{"damage":0,"enemies":"Nemesis","floor":40,"turns":1},{"damage":3,"enemies":"Sphere and 2 Shapes","floor":41,"turns":1},{"damage":16,"enemies":"Giant Head","floor":44,"turns":5},{"damage":0,"enemies":"Nemesis","floor":46,"turns":1},{"damage":0,"enemies":"Writhing Mass","floor":47,"turns":1},{"damage":0,"enemies":"Jaw Worm Horde","floor":48,"turns":1},{"damage":0,"enemies":"Time Eater","floor":50,"turns":1}],"seed_played":"-5514344210177769252","potions_obtained":[{"floor":1.0,"key":"Venom Potion"},{"floor":3.0,"key":"Milkshake"},{"floor":6.0,"key":"Weak Potion"},{"floor":16.0,"key":"BottledMiracle"},{"floor":29,"key":"Adrenaline Potion"},{"floor":33,"key":"FearPotion"},{"floor":37,"key":"Doom Potion"}],"is_trial":false,"path_per_floor":["M","$","M","?","M","M","M","R","T","M","E","$","E","M","R","B",null,"M","M","?","E","$","R","$","M","T","E","M","M","E","M","R","B",null,"M","?","M","$","M","E","M","$","T","E","T","E","M","M","R","B",null],"character_chosen":"WATCHER","items_purchased":["MentalFortress","Boot","MealTicket","Mind Blast","Replay:AtTheReady+1","Kunai","FlurryOfBlows","Orrery"],"campfire_rested":1,"item_purchase_floors":[2,12,22,22,24,38,38,42],"current_hp_per_floor":[72,72,71,71,65,62,45,45,63,63,53,53,53,47,74,92,108,103,102,102,69,69,69,84,84,102,102,102,102,95,95,95,36,144,144,158,158,158,158,158,155,158,176,160,178,178,178,178,178,196],"gold":120,"neow_bonus":"","is_daily":true,"chose_seed":false,"campfire_upgraded":3,"win_rate":0.0,"timestamp":1610446592,"path_taken":["M","$","?","?","M","M","M","R","T","M","?","?","E","M","R","BOSS","M","?","?","?","$","R","?","M","T","?","?","M","E","M","R","BOSS","M","?","M","$","M","E","M","?","T","E","?","?","?","M","R","BOSS"],"items_purchased_type":["Card","Relic","Relic","Card","Card","Relic","Card","Relic"],"build_version":"2020-12-22","purchased_purges":0,"victory":true,"max_hp_per_floor":[72,72,72,72,72,72,72,72,90,90,90,90,90,90,90,108,108,108,108,108,108,108,108,108,108,126,126,126,126,126,126,126,144,144,144,158,158,158,158,158,158,158,176,176,194,194,194,194,194,212],"card_choices":[{"not_picked":["EmptyBody","Wallop"],"picked":"Replay:DivineShield","floor":1.0},{"not_picked":["Prostrate","ThirdEye"],"picked":"Crescendo","floor":3.0},{"not_picked":["CrushJoints","Wireheading"],"picked":"CutThroughFate","floor":5.0},{"not_picked":["Wireheading","Collect"],"picked":"ClearTheMind","floor":6.0},{"not_picked":["ThirdEye","Replay:Battleflow","EmptyBody"],"picked":"SKIP","floor":7.0},{"not_picked":["JustLucky","Worship","Replay:ManipulateFuture"],"picked":"SKIP","floor":10.0},{"not_picked":["Protect","FearNoEvil"],"picked":"SpiritShield","floor":11.0},{"not_picked":["Vengeance","CarveReality"],"picked":"Brilliance","floor":13.0},{"not_picked":["BowlingBash","Conclude"],"picked":"FollowUp","floor":14.0},{"not_picked":["Vault","Blasphemy"],"picked":"LessonLearned","floor":16.0},{"not_picked":[],"picked":"Protect","floor":18.0},{"not_picked":["Replay:DivineShield"],"picked":"SKIP","floor":19.0},{"not_picked":[],"picked":"Replay:LoomingThreat","floor":21},{"not_picked":["Evaluate"],"picked":"SKIP","floor":25},{"not_picked":["CrushJoints+1"],"picked":"SKIP","floor":27},{"not_picked":[],"picked":"Replay:Vibes+1","floor":28},{"not_picked":["SashWhip"],"picked":"SKIP","floor":29},{"not_picked":["Replay:AtTheReady"],"picked":"SKIP","floor":30},{"not_picked":[],"picked":"MentalFortress+1","floor":31},{"not_picked":["Halt"],"picked":"SKIP","floor":35},{"not_picked":["Prostrate+1"],"picked":"SKIP","floor":37},{"not_picked":["Replay:ManipulateFuture+1"],"picked":"SKIP","floor":39},{"not_picked":["FlyingSleeves"],"picked":"SKIP","floor":40},{"not_picked":["JustLucky"],"picked":"SKIP","floor":41},{"not_picked":[],"picked":"FollowUp+1","floor":42},{"not_picked":[],"picked":"Ragnarok","floor":42},{"not_picked":[],"picked":"Crescendo","floor":42},{"not_picked":[],"picked":"Crescendo","floor":44},{"not_picked":[],"picked":"TalkToTheHand+1","floor":46},{"not_picked":[],"picked":"FollowUp+1","floor":47},{"not_picked":[],"picked":"FollowUp+1","floor":48}],"player_experience":260706,"relics_obtained":[{"floor":9.0,"key":"ReplayTheSpireMod:TigerMarble"},{"floor":11.0,"key":"Replay:Bottled Steam"},{"floor":13.0,"key":"Gambling Chip"},{"floor":21,"key":"Unceasing Top"},{"floor":26,"key":"Whetstone"},{"floor":27,"key":"Tiny Chest"},{"floor":30,"key":"Shuriken"},{"floor":36,"key":"Mango"},{"floor":40,"key":"Bag of Marbles"},{"floor":43,"key":"Dream Catcher"},{"floor":44,"key":"Centennial Puzzle"},{"floor":45,"key":"CaptainsWheel"},{"floor":46,"key":"Bottled Tornado"}],"event_choices":[{"damage_healed":0,"gold_gain":100,"player_choice":"Bet on Murderer","damage_taken":0,"max_hp_gain":0,"max_hp_loss":0,"event_name":"The Joust","floor":20,"gold_loss":50},{"damage_healed":0,"gold_gain":0,"player_choice":"Fight","damage_taken":0,"max_hp_gain":0,"max_hp_loss":0,"event_name":"MindBloom","floor":36,"gold_loss":0}],"is_beta":false,"boss_relics":[{"not_picked":["Runic Pyramid","Coffee Dripper"],"picked":"Busted Crown"},{"not_picked":["Runic Dome","Replay:Bronze Core"],"picked":"Pandora\u0027s Box"}],"items_purged_floors":[],"is_endless":false,"potions_floor_spawned":[1,3,6,16,25,27,29,31,33,36,37,41,46,47],"ascension_level":0}}