{"host":"p9t7qd83igtcp2bh","time":1610409836,"event":{"mods":["2.2 Compatiblity","AchievementEnabler","BaseMod","Colored Map","Colored Powertips","Custom Start","DeckTracker","Keyboard Shortcuts","Minty Spire (QoL Compilation)","Permanent Neow","StSLib","SuperFastMode","everything is the same but u backflip on backflip"],"gold_per_floor":[138,138,193,14,14,115,151,151,151,249,296,397,452,507,507,748,748,797,797,827,392,392,473,473,848,918,1011,1011,1065,1107,1212,1212,1443,1443,1479,980,1013,1070,1124,1220,1220,1313,1313,1313,750,792,792,831,831,831,831,831,831,9,114,114],"floor_reached":57,"playtime":1538,"items_purged":["Electrodynamics","Go for the Eyes"],"score":3420,"play_id":"f507b5d6-d76f-4372-b0d4-1329a20ddd7d","local_time":"20210112090356","daily_mods":["Heirloom","Elite Swarm","Midas"],"is_ascension_mode":true,"campfire_choices":[{"floor":8,"key":"REST"},{"floor":15,"key":"REST"},{"floor":24,"key":"REST"},{"floor":28,"key":"RECALL"},{"floor":32,"key":"REST"},{"floor":41,"key":"REST"},{"floor":44,"key":"REST"},{"floor":47,"key":"REST"},{"floor":49,"key":"REST"},{"floor":53,"key":"REST"}],"circlet_count":0,"master_deck":["Scrape","Scrape","Scrape","Capacitor","Apotheosis+1","Reinforced Body","Core Surge","Buffer","Beam Cell","Cold Snap","After Image+1","Biased Cognition+1","Electrodynamics+1","Feel No Pain+1","Juggernaut+1","Coolheaded+1","Bandage Up","Impervious","Prostrate","Prostrate","Prostrate","Body Slam+1","Finesse"],"relics":["Cracked Core","Du-Vu Doll","Tough Bandages","Fusion Hammer","Bloody Idol","Darkstone Periapt","Nunchaku","CaptainsWheel","Smiling Mask","Bottled Flame","Runic Dome","Frozen Egg 2","PrismaticShard","Potion Belt","Old Coin","Matryoshka","White Beast Statue","Anchor","Fusion Hammer","Sundial","War Paint","PreservedInsect","Pocketwatch","Symbiotic Virus","Orrery","Blood Vial","CeramicFish","Gremlin Horn","Toy Ornithopter","Medical Kit","Blue Candle"],"acts_visited":["Exordium","TheCity","TheBeyond","TheEnding"],"potions_floor_usage":[56,56,56,56],"damage_taken":[{"damage":0.0,"enemies":"Small Slimes","floor":1.0,"turns":2.0},{"damage":0,"enemies":"2 Louse","floor":3,"turns":2},{"damage":18,"enemies":"Gremlin Nob","floor":6,"turns":4},{"damage":0,"enemies":"Jaw Worm","floor":7,"turns":2},{"damage":0,"enemies":"Lagavulin","floor":10,"turns":4},{"damage":8,"enemies":"3 Sentries","floor":12,"turns":4},{"damage":0,"enemies":"Looter","floor":13,"turns":2},{"damage":0,"enemies":"Blue Slaver","floor":14,"turns":1},{"damage":0,"enemies":"Slime Boss","floor":16,"turns":5},{"damage":0,"enemies":"Shell Parasite","floor":18,"turns":3},{"damage":0,"enemies":"Spheric Guardian","floor":20,"turns":3},{"damage":19,"enemies":"Book of Stabbing","floor":23,"turns":3},{"damage":0,"enemies":"Gremlin Leader","floor":25,"turns":5},{"damage":0,"enemies":"Book of Stabbing","floor":27,"turns":4},{"damage":2,"enemies":"Chosen and Byrds","floor":29,"turns":3},{"damage":22,"enemies":"Snake Plant","floor":30,"turns":3},{"damage":0,"enemies":"Gremlin Leader","floor":31,"turns":4},{"damage":6,"enemies":"Champ","floor":33,"turns":8},{"damage":0,"enemies":"3 Shapes","floor":35,"turns":3},{"damage":0,"enemies":"Orb Walker","floor":37,"turns":2},{"damage":31,"enemies":"Jaw Worm Horde","floor":38,"turns":3},{"damage":30,"enemies":"Writhing Mass","floor":39,"turns":3},{"damage":0,"enemies":"Nemesis","floor":40,"turns":5},{"damage":0,"enemies":"Giant Head","floor":42,"turns":4},{"damage":0,"enemies":"Maw","floor":46,"turns":4},{"damage":1,"enemies":"Jaw Worm Horde","floor":48,"turns":2},{"damage":0,"enemies":"Awakened One","floor":50,"turns":4},{"damage":1,"enemies":"Time Eater","floor":51,"turns":7},{"damage":23,"enemies":"Shield and Spear","floor":55,"turns":3},{"damage":23,"enemies":"The Heart","floor":56,"turns":7}],"seed_played":"-4267603902027612406","potions_obtained":[{"floor":3,"key":"AttackPotion"},{"floor":6,"key":"Strength Potion"},{"floor":16,"key":"Block Potion"},{"floor":25,"key":"BlessingOfTheForge"},{"floor":27,"key":"SpeedPotion"},{"floor":29,"key":"DuplicationPotion"},{"floor":33,"key":"FairyPotion"},{"floor":55,"key":"LiquidMemories"}],"is_trial":true,"path_per_floor":["M","?","M","$","?","E","M","R","T","E","T","E","M","M","R","B",null,"M","?","M","$","?","E","R","E","T","E","R","M","M","E","R","B",null,"M","$","M","M","M","E","R","E","T","R","$","M","R","M","R","B","B",null,"R","$","E","B",null],"character_chosen":"DEFECT","items_purchased":["Apotheosis","Frozen Egg 2","PrismaticShard","Sundial","Coolheaded","War Paint","Orrery","Blood Vial","CeramicFish","Finesse","Gremlin Horn","Toy Ornithopter","Medical Kit","LiquidMemories"],"campfire_rested":9,"item_purchase_floors":[4,21,21,36,36,36,45,45,45,54,54,54,54,54],"current_hp_per_floor":[64,40,40,40,33,15,15,36,36,36,36,28,28,28,49,49,66,66,66,71,71,71,57,71,71,71,71,71,71,54,59,71,70,71,71,71,71,45,26,37,58,69,69,71,71,71,71,71,71,71,70,71,71,71,59,53],"gold":114,"neow_bonus":"","is_daily":false,"chose_seed":false,"campfire_upgraded":0,"win_rate":0.0,"timestamp":1610409836,"path_taken":["M","?","M","$","?","E","M","R","T","E","?","E","M","M","R","BOSS","M","?","M","$","?","E","R","E","T","E","R","M","?","E","R","BOSS","M","$","M","M","M","E","R","E","T","R","$","?","R","M","R","BOSS","BOSS","R","$","E","BOSS"],"items_purchased_type":["Card","Relic","Relic","Relic","Card","Relic","Relic","Relic","Relic","Card","Relic","Relic","Relic","Potion"],"build_version":"2020-12-22","purchased_purges":2,"victory":true,"max_hp_per_floor":[71,71,71,71,71,71,71,71,71,71,71,71,71,71,71,71,71,71,71,71,71,71,71,71,71,71,71,71,71,71,71,71,71,71,71,71,71,71,71,71,71,71,71,71,71,71,71,71,71,71,71,71,71,71,71,71],"card_choices":[{"not_picked":["Steam","Conserve Battery"],"picked":"Capacitor","floor":1.0},{"not_picked":["Stack","Genetic Algorithm","Melter"],"picked":"SKIP","floor":3},{"not_picked":["Fission","Biased Cognition"],"picked":"Electrodynamics","floor":6},{"not_picked":["Steam","Rip and Tear"],"picked":"Reinforced Body","floor":7},{"not_picked":["Multi-Cast","Creative AI"],"picked":"Core Surge","floor":10},{"not_picked":["Machine Learning","Multi-Cast"],"picked":"Buffer","floor":12},{"not_picked":["Storm","Ball Lightning"],"picked":"Beam Cell","floor":13},{"not_picked":["Turbo","Stack","Sweeping Beam"],"picked":"SKIP","floor":14},{"not_picked":["Chill","Turbo","Redo"],"picked":"SKIP","floor":18},{"not_picked":["Sweeping Beam","Capacitor"],"picked":"Cold Snap","floor":20},{"not_picked":["Amplify","DevaForm+1"],"picked":"After Image+1","floor":23},{"not_picked":["ConjureBlade","Thinking Ahead"],"picked":"Biased Cognition+1","floor":25},{"not_picked":["ConjureBlade","Phantasmal Killer"],"picked":"Electrodynamics+1","floor":27},{"not_picked":["Clash","Twin Strike","Darkness"],"picked":"SKIP","floor":29},{"not_picked":["Twin Strike+1","PathToVictory"],"picked":"Feel No Pain+1","floor":30},{"not_picked":["Venomology","MasterReality+1","Secret Weapon"],"picked":"SKIP","floor":31},{"not_picked":["A Thousand Cuts+1","Alpha"],"picked":"Juggernaut+1","floor":33},{"not_picked":["Conserve Battery","Go for the Eyes","Auto Shields"],"picked":"SKIP","floor":35},{"not_picked":["Conserve Battery","Auto Shields"],"picked":"Go for the Eyes","floor":35},{"not_picked":["FlurryOfBlows+1","Clothesline+1","CrushJoints"],"picked":"SKIP","floor":37},{"not_picked":["Scrape","Mind Blast+1"],"picked":"Bandage Up","floor":38},{"not_picked":["PathToVictory","Ball Lightning","Sword Boomerang+1"],"picked":"SKIP","floor":39},{"not_picked":["Fiend Fire","Malaise"],"picked":"Impervious","floor":40},{"not_picked":["Magnetism+1","Glass Knife","Panache+1"],"picked":"SKIP","floor":42},{"not_picked":["Swift Strike","Blade Dance+1"],"picked":"Prostrate","floor":45},{"not_picked":["Dodge and Roll+1","Sweeping Beam"],"picked":"Prostrate","floor":45},{"not_picked":["Bane","Reckless Charge+1"],"picked":"Prostrate","floor":45},{"not_picked":["Sever Soul","ClearTheMind","Sucker Punch"],"picked":"SKIP","floor":46},{"not_picked":["Meditate","Power Through"],"picked":"Body Slam+1","floor":48},{"not_picked":["DeusExMachina","Thunder Strike","Night Terror"],"picked":"SKIP","floor":55}],"player_experience":620434,"relics_obtained":[{"floor":6,"key":"Darkstone Periapt"},{"floor":9,"key":"Nunchaku"},{"floor":10,"key":"CaptainsWheel"},{"floor":11,"key":"Smiling Mask"},{"floor":12,"key":"Bottled Flame"},{"floor":23,"key":"Potion Belt"},{"floor":25,"key":"Old Coin"},{"floor":26,"key":"Matryoshka"},{"floor":27,"key":"White Beast Statue"},{"floor":31,"key":"Anchor"},{"floor":40,"key":"PreservedInsect"},{"floor":42,"key":"Pocketwatch"},{"floor":43,"key":"Symbiotic Virus"},{"floor":55,"key":"Blue Candle"}],"event_choices":[{"damage_healed":0,"gold_gain":0,"player_choice":"Take Damage","damage_taken":24,"relics_obtained":["Golden Idol"],"max_hp_gain":0,"max_hp_loss":0,"event_name":"Golden Idol","floor":2,"gold_loss":0},{"cards_removed":["Scrape"],"damage_healed":0,"gold_gain":0,"player_choice":"Card Removal","damage_taken":7,"max_hp_gain":0,"max_hp_loss":0,"event_name":"Golden Wing","floor":5,"gold_loss":0},{"damage_healed":0,"gold_gain":0,"player_choice":"Gave Idol","damage_taken":0,"relics_obtained":["Bloody Idol"],"max_hp_gain":0,"max_hp_loss":0,"event_name":"Forgotten Altar","floor":19,"relics_lost":["Golden Idol"],"gold_loss":0},{"cards_removed":["Scrape"],"damage_healed":0,"gold_gain":0,"player_choice":"Purged","damage_taken":0,"max_hp_gain":0,"max_hp_loss":0,"event_name":"Purifier","floor":22,"gold_loss":0}],"is_beta":false,"boss_relics":[{"not_picked":["Coffee Dripper","SlaversCollar"],"picked":"Runic Dome"},{"not_picked":["Calling Bell","Astrolabe"],"picked":"Fusion Hammer"}],"items_purged_floors":[45,54],"is_endless":false,"potions_floor_spawned":[3,6,14,16,25,27,29,30,31,33,35,37,38,39,40,42,46,48,55],"ascension_level":20}}