{"host":"grooae7peokc63vv","time":1610471355,"event":{"mods":["ATMod(阿瑾Mod)","BaseMod","Minty Spire (QoL Compilation)","MostiFishMod","Replay The Spire","StSLib","TestMod"],"gold_per_floor":[109,126,226,244,257,290,290,324,324,356,372,388,388,415,415,520,520,540,553,553,568,587,618,618,645,645,678,692,692,729,746,746,856,868,902,929,955,967,984,984],"floor_reached":39,"playtime":1997,"items_purged":[],"score":1244,"play_id":"47453caa-54e0-4c57-a155-3e324f75bda0","local_time":"20210113010915","is_ascension_mode":true,"campfire_choices":[{"data":"MostiFishMod:HellRitual","floor":7.0,"key":"SMITH"},{"data":"Armaments","floor":13.0,"key":"SMITH"},{"data":"AT_BodySlamDance","floor":15.0,"key":"SMITH"},{"data":"Anger","floor":29.0,"key":"SMITH"},{"floor":32.0,"key":"DIG"}],"circlet_count":0,"master_deck":["AscendersBane","Strike_R","Strike_R","Strike_R","Strike_R","Strike_R","Defend_R","Defend_R","Defend_R","Defend_R+1","AT_WomanClash","MostiFishMod:HellRitual+1","Heavy Blade","Armaments+1","Flex+1","Fire Breathing","Flex","AT_BodySlamDance+1","Flex","Inflame","Cleave+1","Anger+1","Inflame+1","Anger","Juggernaut","Thunderclap+1","Pain","Normality","ReplayTheSpireMod:Restless Dread","Run Through+1","Body Slam+1"],"relics":["Burning Blood","testmod-TestBox","AT_ATBox","testmod-Fanaticism","BirthdayGift-Tetrahedron","SynthV:TestCard","King of Hearts","ReplayTheSpireMod:Lightbulb","Art of War","Mummified Hand","testmod-HeartOfStrike","OneHitWonderSystem","Burning Blood","Ginger","AT_BellDemon","Dream Catcher","testmod-Justice","Kunai","Garlic","testmod-Acrobat","Replay:Towering Pillar of Hats","testmod-AssaultLearning","War Paint","testmod-Maize","Bottled Lightning","MawBank","Replay:Ancient Bell","Ancient Tea Set","Singing Bowl","testmod-EqualTreatment","Happy Flower","Charon\u0027s Ashes","Centennial Puzzle"],"acts_visited":["Exordium","TheCity","TheBeyond"],"potions_floor_usage":[],"damage_taken":[{"damage":2.0,"enemies":"Cultist","floor":1.0,"turns":2.0},{"damage":9.0,"enemies":"Small Slimes","floor":2.0,"turns":2.0},{"damage":6.0,"enemies":"2 Louse","floor":4.0,"turns":2.0},{"damage":21.0,"enemies":"Blue Slaver","floor":5.0,"turns":2.0},{"damage":16.0,"enemies":"3 Sentries","floor":6.0,"turns":3.0},{"damage":2.0,"enemies":"Gremlin Nob","floor":8.0,"turns":2.0},{"damage":21.0,"enemies":"3 Sentries","floor":10.0,"turns":3.0},{"damage":17.0,"enemies":"Exordium Wildlife","floor":11.0,"turns":2.0},{"damage":25.0,"enemies":"Large Slime","floor":12.0,"turns":2.0},{"damage":2.0,"enemies":"Gremlin Nob","floor":14.0,"turns":2.0},{"damage":4.0,"enemies":"The Guardian","floor":16.0,"turns":3.0},{"damage":0.0,"enemies":"Spheric Guardian","floor":18.0,"turns":1.0},{"damage":0.0,"enemies":"Shell Parasite","floor":19.0,"turns":1.0},{"damage":0.0,"enemies":"Snake Plant","floor":21.0,"turns":2.0},{"damage":0.0,"enemies":"Cultist and Chosen","floor":22.0,"turns":3.0},{"damage":0.0,"enemies":"Book of Stabbing","floor":23.0,"turns":3.0},{"damage":0.0,"enemies":"Slavers","floor":25.0,"turns":3.0},{"damage":0.0,"enemies":"Book of Stabbing","floor":27.0,"turns":2.0},{"damage":0.0,"enemies":"Shelled Parasite and Fungi","floor":28.0,"turns":2.0},{"damage":0.0,"enemies":"Gremlin Leader","floor":30.0,"turns":3.0},{"damage":0.0,"enemies":"Chosen and Byrds","floor":31.0,"turns":2.0},{"damage":0.0,"enemies":"Automaton","floor":33.0,"turns":3.0},{"damage":0.0,"enemies":"3 Darklings","floor":35.0,"turns":2.0},{"damage":0.0,"enemies":"Orb Walker","floor":36.0,"turns":2.0},{"damage":0,"enemies":"4 Shapes","floor":37,"turns":2},{"damage":1,"enemies":"Transient","floor":39,"turns":2}],"seed_played":"-6342791375240746054","potions_obtained":[{"floor":6.0,"key":"Swift Potion"},{"floor":8.0,"key":"Languid Potion"},{"floor":10.0,"key":"SkillPotion"},{"floor":12.0,"key":"Elixir"},{"floor":25.0,"key":"ColorlessPotion"},{"floor":30.0,"key":"SkillPotion"}],"is_trial":false,"path_per_floor":["M","M","?","M","M","E","R","E","T","E","M","M","R","E","R","B",null,"M","M","?","M","M","E","?","E","T","E","M","R","E","M","R","B",null,"M","M","M","?","M"],"character_chosen":"IRONCLAD","items_purchased":[],"campfire_rested":0,"item_purchase_floors":[],"current_hp_per_floor":[76,76,76,76,70,80,80,80,80,80,77,80,80,80,80,80,1,1,1,1,1,1,1,1,1,1,1,1,1,1,1,1,1,5,3,1,1,1,0,0],"gold":984,"neow_bonus":"ONE_RANDOM_RARE_CARD","is_daily":false,"chose_seed":false,"campfire_upgraded":4,"win_rate":0.0,"timestamp":1610471355,"path_taken":["M","M","?","M","M","E","R","E","T","E","M","M","R","E","R","BOSS","M","?","?","M","M","E","?","E","T","E","M","R","E","?","R","BOSS","M","M","?","?","M"],"items_purchased_type":[],"build_version":"2020-12-22","purchased_purges":0,"victory":false,"max_hp_per_floor":[80,80,80,80,80,80,80,80,80,80,80,80,80,80,80,80,1,1,1,1,1,1,1,1,1,1,1,1,1,1,1,1,1,5,3,1,1,1,1,1],"card_choices":[{"not_picked":["Clothesline","AT_DiedThrough"],"picked":"Heavy Blade","floor":1.0},{"not_picked":["Thunderclap","Flex","Cleave","Headbutt"],"picked":"Armaments","floor":2.0},{"not_picked":["Second Wind","Headbutt","Metallicize","Eclipse","AT_ManFootWork"],"picked":"SKIP","floor":4.0},{"not_picked":["AT_DrawKnifeCut","Anger","Flame Barrier","Run Through"],"picked":"Flex","floor":5.0},{"not_picked":["Feel No Pain","Headbutt","Rupture","Twin Strike"],"picked":"Fire Breathing","floor":6.0},{"not_picked":["Flame Barrier","Wild Strike","Ghostly Armor","Double Tap"],"picked":"Flex","floor":8.0},{"not_picked":["Perfected Strike","Replay:Undeath\u0027s Touch","Havoc","Warcry","Clothesline"],"picked":"SKIP","floor":10.0},{"not_picked":["Heavy Blade","Clothesline","Replay:Undeath\u0027s Touch","Perfected Strike","Iron Wave"],"picked":"SKIP","floor":11.0},{"not_picked":["AT_IchimonjiDouble","AT_CaressingTears","Run Through","Flex"],"picked":"AT_BodySlamDance","floor":12.0},{"not_picked":["Clothesline","Disarm","Reckless Charge","MostiFishMod:TemporaryOutbreak"],"picked":"Flex","floor":14.0},{"not_picked":["MostiFishMod:DarkDeal","MostiFishMod:FireWorks","MostiFishMod:UltimateDefense","Eclipse"],"picked":"Demonic Infusion","floor":16.0},{"not_picked":["Clothesline","Twin Strike","Cleave","Perfected Strike"],"picked":"Inflame","floor":18.0},{"not_picked":["Replay:Undeath\u0027s Touch","Perfected Strike","Shrug It Off","Sword Boomerang"],"picked":"Cleave+1","floor":19.0},{"not_picked":["ReplayTheSpireMod:Strike From Hell","Shrug It Off","Impervious","Second Wind"],"picked":"Anger","floor":21.0},{"not_picked":["Disarm","ReplayTheSpireMod:Limb From Limb+1","AT_ShrugMaster","ReplayTheSpireMod:Strike From Hell","True Grit"],"picked":"SKIP","floor":22.0},{"not_picked":["ReplayReversal","Perfected Strike","Clash+1","Iron Wave"],"picked":"Inflame+1","floor":23.0},{"not_picked":["Pommel Strike","Run Through","Feel No Pain","Heavy Blade"],"picked":"Anger","floor":25.0},{"not_picked":["Whirlwind","MostiFishMod:BrandingRite","Blood for Blood","ReplayTheSpireMod:Muscle Training"],"picked":"Juggernaut","floor":27.0},{"not_picked":["Second Wind","Armaments","Defy Death+1","Fire Breathing","Shrug It Off"],"picked":"SKIP","floor":28.0},{"not_picked":["MostiFishMod:DarkDeal","Dual Wield","AT_IchimonjiDouble","Seeing Red","Infernal Blade"],"picked":"SKIP","floor":30.0},{"not_picked":["AT_ShrugMaster","Body Slam","Iron Wave","Disarm"],"picked":"Thunderclap+1","floor":31.0},{"not_picked":["Languid","Parasite","Languid","Voices"],"picked":"Pain","floor":34.0},{"not_picked":["Normality","Replay:Hysterical Blindness","Clumsy","Languid","Writhe"],"picked":"Singing Bowl","floor":34.0},{"not_picked":["ReplayTheSpireMod:Restless Dread","Overencumbered","Replay:Hysterical Blindness","ReplayTheSpireMod:Faulty Equipment","Shame"],"picked":"Singing Bowl","floor":34.0},{"not_picked":["AT_DiedThrough+1","Body Slam","Pommel Strike","Wild Strike","Clothesline+1"],"picked":"Singing Bowl","floor":35.0},{"not_picked":["Clash+1","Dual Wield+1","True Grit","Armaments"],"picked":"Run Through+1","floor":36.0},{"not_picked":["Flame Barrier","Dark Embrace","Replay:Undeath\u0027s Touch","Rage+1"],"picked":"Body Slam+1","floor":37}],"player_experience":181909,"relics_obtained":[{"floor":1.0,"key":"SynthV:TestCard"},{"floor":6.0,"key":"King of Hearts"},{"floor":8.0,"key":"ReplayTheSpireMod:Lightbulb"},{"floor":9.0,"key":"Art of War"},{"floor":10.0,"key":"Mummified Hand"},{"floor":14.0,"key":"testmod-HeartOfStrike"},{"floor":23.0,"key":"Ginger"},{"floor":25.0,"key":"Dream Catcher"},{"floor":25.0,"key":"testmod-Justice"},{"floor":26.0,"key":"Kunai"},{"floor":27.0,"key":"Garlic"},{"floor":27.0,"key":"testmod-Acrobat"},{"floor":28.0,"key":"Replay:Towering Pillar of Hats"},{"floor":30.0,"key":"testmod-AssaultLearning"},{"floor":30.0,"key":"War Paint"},{"floor":31.0,"key":"testmod-Maize"},{"floor":32.0,"key":"Bottled Lightning"},{"floor":33.0,"key":"MawBank"},{"floor":35.0,"key":"Happy Flower"},{"floor":36.0,"key":"Charon\u0027s Ashes"},{"floor":37,"key":"Centennial Puzzle"}],"event_choices":[{"damage_healed":0.0,"max_hp_gain":0.0,"max_hp_loss":0.0,"gold_gain":100.0,"event_name":"Wheel of Change","player_choice":"Gold","floor":3.0,"gold_loss":0.0,"damage_taken":0.0},{"damage_healed":0.0,"max_hp_gain":0.0,"max_hp_loss":0.0,"gold_gain":0.0,"event_name":"给自己的盒子","player_choice":"Swap Relic","floor":20.0,"relics_lost":["DaveBox"],"gold_loss":0.0,"damage_taken":0.0,"relics_obtained":["Burning Blood"]},{"cards_removed":["Demonic Infusion"],"damage_healed":0.0,"max_hp_gain":0.0,"max_hp_loss":0.0,"gold_gain":0.0,"event_name":"WeMeetAgain","player_choice":"Gave Card","floor":24.0,"gold_loss":0.0,"damage_taken":0.0,"relics_obtained":["AT_BellDemon"]},{"cards_removed":["Bash"],"damage_healed":0,"gold_gain":0,"player_choice":"Removed Attack","damage_taken":0,"max_hp_gain":0,"max_hp_loss":0,"event_name":"Falling","floor":38,"gold_loss":0}],"is_beta":false,"boss_relics":[{"not_picked":["BloodWine","Mark of Pain"],"picked":"OneHitWonderSystem"},{"not_picked":["testmod-Prudence","Philosopher\u0027s Stone"],"picked":"Replay:Ancient Bell"},{"not_picked":["Omamori","testmod-IndustrialRevolution"],"picked":"Ancient Tea Set"},{"not_picked":["Frozen Egg 2","Quantum Egg"],"picked":"Singing Bowl"},{"not_picked":["testmod-TheFather","testmod-ConstraintPeriapt"],"picked":"testmod-EqualTreatment"}],"items_purged_floors":[],"is_endless":false,"potions_floor_spawned":[6,8,10,12,14,16,18,19,25,30,31,33,35],"killed_by":"Transient","ascension_level":11}}