{"host":"i5mpj6c318yblse4","time":1610451569,"event":{"mods":["AchievementEnabler","BaseMod","Colored Map","Minty Spire (QoL Compilation)","Shop Mod","StSLib","SuperFastMode"],"gold_per_floor":[109,284,207,225,225,225,254,254,254,287,302,313,388,388,388,483,483],"floor_reached":16,"playtime":253,"items_purged":[],"score":174,"play_id":"12942a47-0750-455a-868e-331f93849d41","local_time":"20210112203929","is_ascension_mode":true,"campfire_choices":[{"data":"Zap","floor":6.0,"key":"SMITH"},{"data":"Sunder","floor":8.0,"key":"SMITH"},{"floor":15,"key":"REST"}],"circlet_count":0,"master_deck":["Strike_B","Strike_B","Strike_B+1","Strike_B","Defend_B","Defend_B","Defend_B","Defend_B+1","Zap+1","Dualcast","Redo","Sunder+1","Doubt","Skim","Tempest"],"relics":["Cracked Core","Toy Ornithopter","DataDisk","Emotion Chip","Blue Candle","Juzu Bracelet"],"acts_visited":["Exordium"],"potions_floor_usage":[16],"damage_taken":[{"damage":2.0,"enemies":"2 Louse","floor":1.0,"turns":2.0},{"damage":9.0,"enemies":"Jaw Worm","floor":4.0,"turns":3.0},{"damage":26.0,"enemies":"3 Sentries","floor":7.0,"turns":6.0},{"damage":8.0,"enemies":"Gremlin Nob","floor":10.0,"turns":3.0},{"damage":1.0,"enemies":"Cultist","floor":11.0,"turns":3.0},{"damage":1.0,"enemies":"3 Louse","floor":12.0,"turns":2.0},{"damage":23,"enemies":"The Guardian","floor":16,"turns":7}],"seed_played":"2337515891301468656","potions_obtained":[{"floor":7.0,"key":"SpeedPotion"},{"floor":10.0,"key":"Block Potion"}],"is_trial":false,"path_per_floor":["M","?","?","M","?","R","E","R","T","E","M","M","?","?","R","B"],"character_chosen":"DEFECT","items_purchased":[],"campfire_rested":1,"item_purchase_floors":[],"current_hp_per_floor":[73,73,73,64,49,49,23,23,23,15,14,13,2,2,24,6,6],"gold":483,"neow_bonus":"THREE_CARDS","is_daily":false,"chose_seed":false,"campfire_upgraded":2,"win_rate":0.0,"timestamp":1610451569,"path_taken":["M","?","?","?","?","R","E","R","T","E","M","M","?","?","R","BOSS"],"items_purchased_type":[],"build_version":"2020-12-22","purchased_purges":0,"victory":false,"max_hp_per_floor":[75,75,75,75,75,75,75,75,75,75,75,75,75,75,75,75,75],"card_choices":[{"not_picked":["Barrage","Beam Cell"],"picked":"Redo","floor":0.0},{"not_picked":["Go for the Eyes","Ball Lightning"],"picked":"Sunder","floor":1.0},{"not_picked":["White Noise","Cold Snap","Rip and Tear"],"picked":"SKIP","floor":4.0},{"not_picked":["Compile Driver","Rip and Tear"],"picked":"Skim","floor":7.0},{"not_picked":["Steam","Go for the Eyes"],"picked":"Tempest","floor":10.0},{"not_picked":["Sunder","Barrage","Ball Lightning"],"picked":"SKIP","floor":11.0},{"not_picked":["Conserve Battery","Go for the Eyes","Leap"],"picked":"SKIP","floor":12.0}],"player_experience":363154,"relics_obtained":[{"floor":7.0,"key":"DataDisk"},{"floor":9.0,"key":"Emotion Chip"},{"floor":10.0,"key":"Blue Candle"},{"floor":14,"key":"Juzu Bracelet"}],"event_choices":[{"damage_healed":0.0,"max_hp_gain":0.0,"max_hp_loss":0.0,"gold_gain":175.0,"event_name":"Liars Game","player_choice":"AGREE","floor":2.0,"gold_loss":0.0,"damage_taken":0.0,"cards_obtained":["Doubt"]},{"damage_healed":0.0,"max_hp_gain":0.0,"max_hp_loss":0.0,"gold_gain":0.0,"event_name":"WeMeetAgain","player_choice":"Paid Gold","floor":3.0,"gold_loss":77.0,"damage_taken":0.0,"relics_obtained":["Toy Ornithopter"]},{"damage_healed":0.0,"max_hp_gain":0.0,"max_hp_loss":0.0,"gold_gain":0.0,"event_name":"Shining Light","player_choice":"Entered Light","floor":5.0,"gold_loss":0.0,"damage_taken":15.0,"cards_upgraded":["Defend_B","Strike_B"]},{"damage_healed":0.0,"max_hp_gain":0.0,"max_hp_loss":0.0,"gold_gain":75.0,"event_name":"World of Goop","player_choice":"Gather Gold","floor":13.0,"gold_loss":0.0,"damage_taken":11.0},{"damage_healed":0,"gold_gain":0,"player_choice":"Relic","damage_taken":0,"max_hp_gain":0,"max_hp_loss":0,"event_name":"Wheel of Change","floor":14,"gold_loss":0}],"is_beta":false,"boss_relics":[],"items_purged_floors":[],"is_endless":false,"potions_floor_spawned":[7,10],"killed_by":"The Guardian","ascension_level":2}}