{"host":"vvp4eihuvtuugjfx","time":1610467265,"event":{"mods":["AchievementEnabler","Act Like it!","Aspiration","BaseMod","Better Altar","Better Match","Better Note","Better Sensory Stone","Better Skull","Better Third Choice","BetterRewards","CCEM","Colored Map","Colored Powertips","Downfall","GifTheSpireLib","Hallownest","Highlight Path","Mimic Mod","Minty Spire (QoL Compilation)","Permanent Neow","Quick Restart","Replay The Spire","Shop Mod","Spicy Shops","StSLib","The Bug Knight","Unceasing Turn Reminder"],"gold_per_floor":[118,129,404,423,37,37,64,64,103,122,154,154,183,193,193,264,264,283,80,80,97,22,56,56,88,88,88,101,118,144,154,154,226,226,238,256,268,287,299,330,342,373,410,435,616,616,26,82,91,91,91,100,26,61,61,61],"floor_reached":55,"playtime":5957,"items_purged":["Regret","Pain"],"score":1746,"play_id":"39d12533-6757-42f5-b5fd-2a9015223273","local_time":"20210112170105","is_ascension_mode":true,"campfire_choices":[{"floor":6,"key":"RECALL"},{"data":"ReplayTheSpireMod:Brewmster","floor":8,"key":"SMITH"},{"data":"Corruption","floor":15,"key":"SMITH"},{"data":"Replay:SS_hec_2","floor":24,"key":"SMITH"},{"data":"Abandon","floor":32,"key":"SMITH"},{"floor":46,"key":"REST"},{"data":"Cleave","floor":52,"key":"PURGE"}],"circlet_count":0,"master_deck":["AscendersBane","Defend_R","Defend_R","Defend_R","Defend_R","Bash","Panache","Anger","Feel No Pain","Feel No Pain","Warcry","Warcry","Eclipse","Eclipse","ReplayTheSpireMod:Brewmster+1","Rage","Headbutt","Rage","Combust","Corruption+1","Demon Form","CurseOfTheBell","Evolve","Fire Breathing","ReplayTheSpireMod:Necrogeddon","expansioncontent:QuickStudy+1","Replay:SS_hec_2+1","Seeing Red","Metallicize","Abandon+1","Fiend Fire","Second Wind","Defy Death","Rupture","Replay:Undeath\u0027s Touch","Whirlwind","Combust+1","Shrug It Off","Metallicize","Offering","Offering","Replay:Bootleg Shield Generator+1","Barricade","Heavy Blade+1","Metallicize","Apotheosis","Replay:SS_hec_2","Fire Breathing","Rupture","Dark Embrace","Warcry","Warcry","Warcry","Bloodletting","Havoc","expansioncontent:BronzeBeam+1","Madness","expansioncontent:GoopSpray","Evolve"],"relics":["Burning Blood","Membership Card","Unceasing Top","Another Sword","Replay:Wax Seal","CCEMRelics:Pendulum","Shuriken","Toy Ornithopter","Mercury Hourglass","FossilizedHelix","Replay:PocketPolymizer","Mummified Hand","CCEMRelics:MirrorShard","MerchantsRug","ReplayTheSpireMod:ShopPack","aspiration:Lifesprig","WarpedTongs","TheAbacus","Blue Doll","Ice Cream","Ornamental Fan","SlaversCollar","Champion Belt","The Courier","BargainBundle","TungstenRod","Paper Frog","CCEMRelics:PorcelainBowl","HandDrill","Lantern","Eternal Feather"],"acts_visited":["Exordium","TheCity","TheBeyond","TheEnding"],"potions_floor_usage":[7,7,9,10,11,13,13,16,16,23,25,29,30,31,33,36,37,38,38,39,39,40,40,40,41,41,42,43,44,48,50,50,54,54,55,55,55],"damage_taken":[{"damage":7,"enemies":"Jaw Worm","floor":1,"turns":2},{"damage":8,"enemies":"Cultist","floor":2,"turns":4},{"damage":3,"enemies":"2 Louse","floor":4,"turns":2},{"damage":0,"enemies":"Gremlin Nob","floor":7,"turns":3},{"damage":1,"enemies":"Lots of Slimes","floor":9,"turns":6},{"damage":11,"enemies":"Lots of Slimes","floor":10,"turns":2},{"damage":14,"enemies":"3 Sentries","floor":11,"turns":5},{"damage":19,"enemies":"Gremlin Nob","floor":13,"turns":4},{"damage":0,"enemies":"Looter","floor":14,"turns":3},{"damage":12,"enemies":"Fading Forest","floor":16,"turns":10},{"damage":6,"enemies":"Chosen","floor":18,"turns":4},{"damage":34,"enemies":"2 Thieves","floor":21,"turns":3},{"damage":3,"enemies":"Replay:Snechameleon","floor":23,"turns":5},{"damage":10,"enemies":"Slavers","floor":25,"turns":2},{"damage":15,"enemies":"Sentry and Sphere","floor":28,"turns":2},{"damage":9,"enemies":"Centurion and Healer","floor":29,"turns":4},{"damage":16,"enemies":"Gremlin Leader","floor":30,"turns":4},{"damage":26,"enemies":"Snake Plant","floor":31,"turns":4},{"damage":21,"enemies":"Collector","floor":33,"turns":4},{"damage":13,"enemies":"3 Shapes","floor":35,"turns":5},{"damage":7,"enemies":"3 Darklings","floor":36,"turns":4},{"damage":6,"enemies":"Maw","floor":37,"turns":5},{"damage":24,"enemies":"4 Shapes","floor":38,"turns":5},{"damage":34,"enemies":"3 Darklings","floor":39,"turns":3},{"damage":21,"enemies":"Nemesis","floor":40,"turns":9},{"damage":1,"enemies":"Jaw Worm Horde","floor":41,"turns":4},{"damage":22,"enemies":"Giant Head","floor":42,"turns":1},{"damage":0,"enemies":"Writhing Mass","floor":43,"turns":4},{"damage":21,"enemies":"Reptomancer","floor":44,"turns":1},{"damage":5,"enemies":"2 Orb Walkers","floor":48,"turns":2},{"damage":11,"enemies":"Donu and Deca","floor":50,"turns":5},{"damage":35,"enemies":"Shield and Spear","floor":54,"turns":4},{"damage":57,"enemies":"The Heart","floor":55,"turns":3}],"seed_played":"5119882606928332794","potions_obtained":[{"floor":1,"key":"Slimebound:ThreeZeroPotion"},{"floor":2,"key":"Adrenaline Potion"},{"floor":10,"key":"AttackPotion"},{"floor":11,"key":"SteroidPotion"},{"floor":12,"key":"Dexterity Potion"},{"floor":28,"key":"sneckomod:MuddlingPotion"},{"floor":33,"key":"Fire Potion"},{"floor":37,"key":"SkillPotion"},{"floor":42,"key":"Block Potion"},{"floor":44,"key":"Explosive Potion"}],"is_trial":false,"path_per_floor":["M","M","?","M","$","R","E","R","MIM","M","E","?","E","M","R_BF","B",null,"M","$","?","M","$","E","R","E","T","?","M","M","E","M","R","B",null,"M","M","M","M","M","E","M","E","MIM","E","?","R","$","?","R","B",null,"R","$","E","B"],"character_chosen":"IRONCLAD","items_purchased":["Membership Card","Unceasing Top","Replay:Wax Seal","Panache","Anger","CCEMRelics:Pendulum","Feel No Pain","Shuriken","Toy Ornithopter","Eclipse","ReplayTheSpireMod:Brewmster","CCEMRelics:MirrorShard","Fire Breathing","MerchantsRug","ReplayTheSpireMod:ShopPack","aspiration:Lifesprig","TheAbacus","BargainBundle","Metallicize","Offering","Replay:Bootleg Shield Generator+1","TungstenRod","Paper Frog","CCEMRelics:PorcelainBowl","HandDrill","Lantern","aspiration:StickyExplosives_weak","Centennial Puzzle","Molten Egg 2","CeramicFish","Apotheosis","Replay:SS_hec_2","Fire Breathing","Rupture","Dark Embrace","Warcry","Warcry","Bloodletting","Havoc","expansioncontent:BronzeBeam+1","Madness","expansioncontent:GoopSpray","Evolve"],"campfire_rested":1,"item_purchase_floors":[0,0,0,0,0,0,0,5,5,5,5,19,19,19,19,19,22,47,47,47,47,47,47,47,47,47,47,47,47,47,53,53,53,53,53,53,53,53,53,53,53,53,53],"current_hp_per_floor":[32,30,30,33,33,33,49,49,59,70,67,67,64,70,70,70,74,74,74,74,46,46,54,54,55,55,51,42,44,39,24,24,14,60,53,57,62,54,36,36,51,40,51,41,11,33,33,39,39,44,64,64,64,42,0,0],"gold":61,"neow_bonus":"","is_daily":false,"chose_seed":false,"campfire_upgraded":4,"win_rate":0.0,"timestamp":1610467265,"path_taken":["M","M","?","?","$","R","E","R","MIM","M","E","?","E","M","R_BF","BOSS","M","?","?","?","$","E","R","E","T","?","M","?","E","M","R","BOSS","M","M","M","M","M","E","M","E","MIM","E","?","R","$","?","R","BOSS","R","$","E","BOSS"],"items_purchased_type":["Relic","Relic","Relic","Card","Card","Relic","Card","Relic","Relic","Card","Card","Relic","Card","Relic","Relic","Relic","Relic","Relic","Card","Card","Card","Relic","Relic","Relic","Relic","Relic","Relic","Relic","Relic","Relic","Card","Card","Card","Card","Card","Card","Card","Card","Card","Card","Card","Card","Card"],"build_version":"2020-12-22","purchased_purges":2,"victory":false,"max_hp_per_floor":[75,75,75,75,75,75,75,75,75,75,75,75,75,75,75,75,75,75,75,75,75,75,75,75,75,75,75,75,75,75,75,75,75,75,75,75,75,75,75,75,75,75,75,75,75,75,75,75,71,71,71,71,71,71,71,71],"card_choices":[{"not_picked":["Entrench","Massacre","Body Slam"],"picked":"SKIP","floor":1},{"not_picked":["Headbutt","Iron Wave"],"picked":"Warcry","floor":2},{"not_picked":["Ghostly Armor","Sword Boomerang"],"picked":"Warcry","floor":4},{"not_picked":["Sentinel","Fire Breathing"],"picked":"Rage","floor":7},{"not_picked":["Pommel Strike","Havoc"],"picked":"Headbutt","floor":9},{"not_picked":["Clash","ReplayReversal"],"picked":"Rage","floor":10},{"not_picked":["Armaments","Battle Trance"],"picked":"Combust","floor":11},{"not_picked":["ReplayTheSpireMod:Corrosion Curse","Combust"],"picked":"Corruption","floor":13},{"not_picked":["Iron Wave","Dropkick","Perfected Strike"],"picked":"SKIP","floor":14},{"not_picked":["Limit Break","Eclipse"],"picked":"Demon Form","floor":16},{"not_picked":["Spot Weakness","Flex"],"picked":"Evolve","floor":18},{"not_picked":["Mayhem","ReplayUltimateDefense"],"picked":"ReplayTheSpireMod:Necrogeddon","floor":19},{"not_picked":["Good Instincts","Secret Technique"],"picked":"expansioncontent:QuickStudy","floor":19},{"not_picked":["expansioncontent:Hexaburn","expansioncontent:GoopSpray"],"picked":"Replay:SS_hec_2","floor":19},{"not_picked":["Flex","ReplayReversal+1"],"picked":"Seeing Red","floor":21},{"not_picked":["Blood for Blood","Pommel Strike","Wild Strike"],"picked":"SKIP","floor":23},{"not_picked":["Clash","Sever Soul","Wild Strike"],"picked":"SKIP","floor":25},{"not_picked":["Wild Strike","Massacre+1","Headbutt"],"picked":"SKIP","floor":28},{"not_picked":["Twin Strike","Clash","ReplayReversal+1"],"picked":"SKIP","floor":29},{"not_picked":["Cleave","Anger"],"picked":"Metallicize","floor":30},{"not_picked":["Perfected Strike+1","Iron Wave","Wild Strike"],"picked":"SKIP","floor":31},{"not_picked":["Bludgeon","Eclipse"],"picked":"Fiend Fire","floor":33},{"not_picked":["Iron Wave","Headbutt"],"picked":"Second Wind","floor":35},{"not_picked":["Spot Weakness","Shrug It Off","Body Slam"],"picked":"SKIP","floor":36},{"not_picked":["Reckless Charge+1","Clothesline","Power Through"],"picked":"SKIP","floor":37},{"not_picked":["Seeing Red","Entrench"],"picked":"Defy Death","floor":38},{"not_picked":["Warcry","Perfected Strike"],"picked":"Rupture","floor":39},{"not_picked":["Twin Strike","Sword Boomerang+1"],"picked":"Replay:Undeath\u0027s Touch","floor":40},{"not_picked":["Heavy Blade","Defy Death"],"picked":"Whirlwind","floor":41},{"not_picked":["Reckless Charge+1","Clothesline","Carnage"],"picked":"SKIP","floor":42},{"not_picked":["Iron Wave","Anger"],"picked":"Combust+1","floor":44},{"not_picked":["Wild Strike+1","Warcry"],"picked":"Barricade","floor":48},{"not_picked":["Clash","ReplayTheSpireMod:Strike From Hell","Flex"],"picked":"SKIP","floor":54}],"player_experience":765847,"relics_obtained":[{"floor":7,"key":"Mercury Hourglass"},{"floor":13,"key":"FossilizedHelix"},{"floor":17,"key":"Replay:PocketPolymizer"},{"floor":17,"key":"Mummified Hand"},{"floor":17,"key":"Akabeko"},{"floor":23,"key":"Blue Doll"},{"floor":25,"key":"Ice Cream"},{"floor":26,"key":"Ornamental Fan"},{"floor":30,"key":"Sundial"},{"floor":40,"key":"Replay:Arrowhead"},{"floor":42,"key":"Gremlin Food"},{"floor":43,"key":"Champion Belt"},{"floor":44,"key":"The Courier"},{"floor":48,"key":"Replay:Multitool"},{"floor":54,"key":"Eternal Feather"}],"event_choices":[{"damage_healed":0,"gold_gain":275,"player_choice":"Desecrate","damage_taken":0,"max_hp_gain":0,"max_hp_loss":0,"event_name":"Golden Shrine","floor":3,"gold_loss":0,"cards_obtained":["Regret"]},{"damage_healed":0,"gold_gain":0,"player_choice":"Got Potions","damage_taken":0,"max_hp_gain":0,"max_hp_loss":0,"event_name":"Lab","floor":12,"gold_loss":0},{"damage_healed":0,"gold_gain":0,"player_choice":"Rummage","damage_taken":0,"relics_obtained":["WarpedTongs"],"max_hp_gain":0,"max_hp_loss":0,"event_name":"Accursed Blacksmith","floor":20,"gold_loss":0,"cards_obtained":["Pain"]},{"damage_healed":0,"gold_gain":0,"player_choice":"Bought 0 Potions","damage_taken":0,"max_hp_gain":0,"max_hp_loss":0,"event_name":"The Woman in Blue","floor":27,"gold_loss":0},{"damage_healed":0,"gold_gain":0,"player_choice":"Fight","damage_taken":0,"max_hp_gain":0,"max_hp_loss":0,"event_name":"Mysterious Sphere","floor":48,"gold_loss":0},{"damage_healed":0,"gold_gain":0,"player_choice":"Max HP","damage_taken":0,"max_hp_gain":0,"max_hp_loss":4,"event_name":"Winding Halls","floor":49,"gold_loss":0}],"is_beta":false,"boss_relics":[{"not_picked":["Ring of Chaos","Fusion Hammer"],"picked":"Calling Bell"},{"not_picked":["CCEMRelics:TransientCore","Busted Crown"],"picked":"SlaversCollar"}],"items_purged_floors":[5,47],"is_endless":false,"potions_floor_spawned":[1,2,4,10,11,16,23,28,30,33,36,37,38,42,44],"killed_by":"The Heart","ascension_level":15}}