{"host":"xt3o4iokwksypl90","time":1610451685,"event":{"mods":["AchievementEnabler","BaseMod","Highlight Path","Minty Spire (QoL Compilation)","Permanent Neow"],"gold_per_floor":[99,49,49,49,14,14,14,14,14,14,0,0,0,0,0,0,0,0,0,0,0,0,0,0,0,0,0,0,0,0,0,0,0,0,0,0,0,0,0,0,0,0,0,0,0,0,0,0,0,0,0,0,0,0,0],"floor_reached":56,"playtime":6813,"items_purged":[],"score":1776,"play_id":"c5b7f29c-352e-48bd-a733-e17c5f8a8cd4","local_time":"20210112124125","is_ascension_mode":true,"campfire_choices":[{"data":"Uppercut","floor":7,"key":"SMITH"},{"data":"Strike_R","floor":12,"key":"PURGE"},{"data":"Corruption","floor":15,"key":"SMITH"},{"data":"Feed","floor":23,"key":"SMITH"},{"data":"Strike_R","floor":25,"key":"PURGE"},{"floor":32,"key":"RECALL"},{"data":"Strike_R","floor":40,"key":"PURGE"},{"data":"Strike_R","floor":45,"key":"PURGE"},{"data":"Bash","floor":49,"key":"PURGE"},{"data":"Iron Wave","floor":52,"key":"SMITH"}],"circlet_count":0,"master_deck":["Defend_R","Defend_R","Defend_R","Defend_R","Battle Trance","Shrug It Off","Uppercut+1","Reaper","Corruption+1","Sentinel","Iron Wave+1","Flame Barrier","Exhume","Armaments","Feed+1","Shrug It Off","Disarm+1","Feel No Pain+1","Burning Pact+1","Ghostly Armor+1"],"relics":["Ectoplasm","Question Card","Peace Pipe","Dead Branch","Ornamental Fan","Busted Crown","Nilry\u0027s Codex","Meat on the Bone","Pantograph","Runic Cube","Mango","Pear","Frozen Egg 2","Sundial","Orichalcum"],"acts_visited":["Exordium","TheCity","TheBeyond","TheEnding"],"potions_floor_usage":[6,27,30,36,37,42,48,54],"damage_taken":[{"damage":0.0,"enemies":"Cultist","floor":1.0,"turns":3.0},{"damage":7.0,"enemies":"Jaw Worm","floor":3.0,"turns":2.0},{"damage":7.0,"enemies":"Small Slimes","floor":4.0,"turns":2.0},{"damage":0,"enemies":"Gremlin Nob","floor":6,"turns":2},{"damage":32,"enemies":"3 Sentries","floor":8,"turns":8},{"damage":9,"enemies":"Lagavulin","floor":10,"turns":7},{"damage":0,"enemies":"Looter","floor":11,"turns":2},{"damage":16,"enemies":"Lots of Slimes","floor":13,"turns":3},{"damage":0,"enemies":"Blue Slaver","floor":14,"turns":3},{"damage":0,"enemies":"Hexaghost","floor":16,"turns":6},{"damage":6,"enemies":"Spheric Guardian","floor":18,"turns":5},{"damage":0,"enemies":"Chosen","floor":19,"turns":5},{"damage":3,"enemies":"Snecko","floor":20,"turns":5},{"damage":13,"enemies":"Book of Stabbing","floor":24,"turns":6},{"damage":11,"enemies":"Centurion and Healer","floor":27,"turns":6},{"damage":6,"enemies":"Shelled Parasite and Fungi","floor":29,"turns":4},{"damage":0,"enemies":"Chosen and Byrds","floor":30,"turns":3},{"damage":0,"enemies":"Centurion and Healer","floor":31,"turns":6},{"damage":36,"enemies":"Champ","floor":33,"turns":12},{"damage":1,"enemies":"Orb Walker","floor":35,"turns":4},{"damage":6,"enemies":"Mind Bloom Boss Battle","floor":36,"turns":6},{"damage":43,"enemies":"3 Darklings","floor":37,"turns":10},{"damage":58,"enemies":"4 Shapes","floor":39,"turns":6},{"damage":0,"enemies":"Giant Head","floor":41,"turns":7},{"damage":48,"enemies":"Transient","floor":42,"turns":5},{"damage":70,"enemies":"Reptomancer","floor":46,"turns":6},{"damage":12,"enemies":"Sphere and 2 Shapes","floor":47,"turns":3},{"damage":0,"enemies":"Nemesis","floor":48,"turns":11},{"damage":0,"enemies":"Donu and Deca","floor":50,"turns":7},{"damage":84,"enemies":"Shield and Spear","floor":54,"turns":10},{"damage":25,"enemies":"The Heart","floor":55,"turns":15}],"seed_played":"-923223719164504775","potions_obtained":[{"floor":4.0,"key":"Fire Potion"},{"floor":8,"key":"Swift Potion"},{"floor":10,"key":"SmokeBomb"},{"floor":11,"key":"Ancient Potion"},{"floor":18,"key":"SteroidPotion"},{"floor":19,"key":"DistilledChaos"},{"floor":29,"key":"PowerPotion"},{"floor":33,"key":"ElixirPotion"},{"floor":37,"key":"BlessingOfTheForge"},{"floor":39,"key":"BlessingOfTheForge"},{"floor":42,"key":"Fruit Juice"},{"floor":47,"key":"ElixirPotion"},{"floor":48,"key":"Weak Potion"}],"is_trial":false,"path_per_floor":["M","?","M","M","?","E","R","E","T","E","M","R","M","M","R","B",null,"M","M","M","?","?","R","E","R","T","M","?","M","M","M","R","B",null,"M","?","M","?","M","R","E","M","T","?","R","E","M","E","R","B",null,"R","$","E","B",null],"character_chosen":"IRONCLAD","items_purchased":[],"campfire_rested":0,"item_purchase_floors":[],"current_hp_per_floor":[80,80,73,66,80,80,80,48,48,45,51,51,50,54,54,60,75,72,76,77,77,61,61,58,58,58,88,88,92,92,100,100,64,91,100,115,104,104,66,66,112,79,79,79,79,57,73,111,111,143,143,143,143,71,76],"gold":0,"neow_bonus":"BOSS_RELIC","is_daily":false,"chose_seed":false,"campfire_upgraded":4,"win_rate":0.0,"timestamp":1610451685,"path_taken":["M","?","M","M","?","E","R","E","T","E","M","R","M","M","R","BOSS","M","M","M","?","?","R","E","R","T","M","?","M","?","M","R","BOSS","M","?","M","?","M","R","E","M","T","?","R","E","M","E","R","BOSS","R","$","E","BOSS"],"items_purchased_type":[],"build_version":"2020-12-22","purchased_purges":0,"victory":true,"max_hp_per_floor":[80,80,80,80,80,80,80,80,80,80,80,80,80,80,80,80,80,80,80,80,80,80,80,84,84,84,88,88,92,92,100,100,100,100,100,118,118,112,112,112,126,131,131,131,131,135,143,143,143,143,143,143,143,143,143],"card_choices":[{"not_picked":["Bloodletting","Warcry"],"picked":"Heavy Blade","floor":1.0},{"not_picked":["Wild Strike","Cleave"],"picked":"Battle Trance","floor":3.0},{"not_picked":["Pommel Strike","Seeing Red"],"picked":"Shrug It Off","floor":4.0},{"not_picked":["Berserk","Cleave"],"picked":"Uppercut","floor":6},{"not_picked":["Ghostly Armor","Clash","Bloodletting"],"picked":"Reaper","floor":8},{"not_picked":["Combust","Metallicize","Clash"],"picked":"Corruption","floor":10},{"not_picked":["Inflame","Shrug It Off","Intimidate"],"picked":"Sentinel","floor":11},{"not_picked":["Carnage","Ghostly Armor","Flex"],"picked":"Iron Wave","floor":13},{"not_picked":["Spot Weakness","Pummel","Rupture"],"picked":"Flame Barrier","floor":14},{"not_picked":["Immolate","Limit Break","Berserk"],"picked":"Exhume","floor":16},{"not_picked":["Body Slam+1","Twin Strike+1"],"picked":"SKIP","floor":18},{"not_picked":["Anger"],"picked":"Armaments","floor":19},{"not_picked":["True Grit","Dual Wield"],"picked":"SKIP","floor":20},{"not_picked":["Flex","Fire Breathing"],"picked":"SKIP","floor":24},{"not_picked":["Anger","Perfected Strike"],"picked":"SKIP","floor":27},{"not_picked":["Wild Strike","Hemokinesis"],"picked":"SKIP","floor":29},{"not_picked":["Heavy Blade","Warcry"],"picked":"SKIP","floor":30},{"not_picked":["Evolve","Sword Boomerang"],"picked":"SKIP","floor":31},{"not_picked":["Cleave+1","Perfected Strike"],"picked":"SKIP","floor":35},{"not_picked":["Clothesline"],"picked":"Shrug It Off","floor":36},{"not_picked":["Iron Wave"],"picked":"Disarm+1","floor":37},{"not_picked":["Clash"],"picked":"Feel No Pain+1","floor":39},{"not_picked":["Blood for Blood","Clothesline+1"],"picked":"SKIP","floor":41},{"not_picked":["Flex"],"picked":"Burning Pact+1","floor":42},{"not_picked":["Metallicize+1","Ghostly Armor"],"picked":"SKIP","floor":46},{"not_picked":["Uppercut","Fire Breathing+1"],"picked":"SKIP","floor":47},{"not_picked":["Berserk+1"],"picked":"Ghostly Armor+1","floor":48},{"not_picked":["Reckless Charge","Wild Strike+1"],"picked":"SKIP","floor":54}],"player_experience":279818,"relics_obtained":[{"floor":6,"key":"Question Card"},{"floor":8,"key":"Peace Pipe"},{"floor":9,"key":"Dead Branch"},{"floor":10,"key":"Ornamental Fan"},{"floor":22,"key":"Nilry\u0027s Codex"},{"floor":24,"key":"Meat on the Bone"},{"floor":26,"key":"Pantograph"},{"floor":36,"key":"Mango"},{"floor":41,"key":"Pear"},{"floor":46,"key":"Frozen Egg 2"},{"floor":48,"key":"Sundial"},{"floor":54,"key":"Orichalcum"}],"event_choices":[{"damage_healed":0.0,"max_hp_gain":0.0,"max_hp_loss":0.0,"gold_gain":0.0,"event_name":"World of Goop","player_choice":"Left Gold","floor":2.0,"gold_loss":50.0,"damage_taken":0.0},{"damage_healed":20.0,"max_hp_gain":0.0,"max_hp_loss":0.0,"gold_gain":0.0,"event_name":"The Cleric","player_choice":"Healed","floor":5.0,"gold_loss":35.0,"damage_taken":0.0},{"damage_healed":0,"gold_gain":0,"player_choice":"Read","damage_taken":0,"max_hp_gain":0,"max_hp_loss":0,"event_name":"The Library","floor":21,"gold_loss":0,"cards_obtained":["Feed"]},{"damage_healed":0,"gold_gain":0,"player_choice":"Obtained Book","damage_taken":16,"max_hp_gain":0,"max_hp_loss":0,"event_name":"Cursed Tome","floor":22,"gold_loss":0},{"cards_removed":["Strike_R"],"damage_healed":0,"gold_gain":0,"player_choice":"Offered Basic","damage_taken":0,"max_hp_gain":0,"max_hp_loss":0,"event_name":"Bonfire Elementals","floor":28,"gold_loss":0},{"damage_healed":0,"gold_gain":0,"player_choice":"Fight","damage_taken":0,"max_hp_gain":0,"max_hp_loss":0,"event_name":"MindBloom","floor":36,"gold_loss":0},{"damage_healed":0,"gold_gain":0,"player_choice":"Max HP","damage_taken":0,"max_hp_gain":0,"max_hp_loss":6,"event_name":"Winding Halls","floor":38,"gold_loss":0},{"cards_removed":["Heavy Blade"],"damage_healed":0,"gold_gain":0,"player_choice":"Removed Attack","damage_taken":0,"max_hp_gain":0,"max_hp_loss":0,"event_name":"Falling","floor":44,"gold_loss":0}],"is_beta":false,"boss_relics":[{"not_picked":["Philosopher\u0027s Stone","Calling Bell"],"picked":"Busted Crown"},{"not_picked":["Snecko Eye","Velvet Choker"],"picked":"Runic Cube"}],"items_purged_floors":[],"is_endless":false,"potions_floor_spawned":[4,8,10,11,18,19,20,29,33,37,39,42,47,48],"ascension_level":5}}