{"host":"drrjwv4o5ms3zsrm","time":1610458058,"event":{"mods":["100% Spire Juice","ATMod(阿瑾Mod)","Act Like it!","Aspiration","BaseMod","CapriCore","Colored Powertips","Conspire","Friendly Minions","Gensokyo","Jedi Mod","Lobotomy","LobotomyExtend","Minty Spire (QoL Compilation)","MostiFishMod","Reimu（博丽灵梦）","Replay The Spire","RumiaBox-露米娅的神秘盒子","StSLib","TestMod","The Alterego","The Gatherer","The Immortal","The Jungle","Waifu the Spire","WarShipGirlsR/战舰少女R mod","[IsaacMod]以撒尖塔","vexMod","【遗物卡牌】REMEMod","篝火指南"],"gold_per_floor":[53,64,77,96,107,5,20,48,48,48,66,86,86,119,119,215,95,108,70,70,70,89,117,117,117,142,142,142,173,185,196,82,82,82],"floor_reached":33,"playtime":1342,"items_purged":["Moonworks:Strike","Moonworks:Strike"],"score":351,"play_id":"c2c531f3-1965-4788-b59b-00abf1b24fc0","local_time":"20210112212738","is_ascension_mode":false,"campfire_choices":[{"data":"Moonworks:NicePresent","floor":13,"key":"SMITH"},{"data":"AT_FamilyPortrait","floor":15,"key":"SMITH"},{"data":"Moonworks:EvilSpyWorkPreparation","floor":24,"key":"SMITH"},{"data":"Moonworks:EvilSpyWorkPreparation","floor":27,"key":"SMITH"}],"circlet_count":0,"master_deck":["Moonworks:Strike","Moonworks:Strike","Moonworks:Defend","Moonworks:Defend","Moonworks:Defend","Moonworks:Defend","Moonworks:Ambush","Moonworks:LongDistanceShot","Bomb","AT_FamilyPortrait+1","Moonworks:AwakeningOfTalent","Moonworks:CloudOfSeagulls","Moonworks:EvilSpyWorkPreparation","Moonworks:NicePresent+1","Moonworks:MiracleRedBeanIceCream","Moonworks:EvilSpyWorkPreparation","Moonworks:RedAndBlue","Moonworks:EvilSpyWorkPreparation+1","Moonworks:BeyondHell","Moonworks:x16BigRocket","Moonworks:JonathanRush","Moonworks:EvilSpyWorkPreparation+1","Moonworks:EvilSpyWorkPreparation","Moonworks:MetallicMonocoque+1","Moonworks:Defend","Moonworks:EvilSpyWorkPreparation+1","Moonworks:SakisCookie","Moonworks:Dash","Moonworks:EvilSpyWorkPreparation+1","Moonworks:SakisCookie","Moonworks:WindyEnchantment","Moonworks:WindyEnchantment","Moonworks:ForcedRevival"],"relics":["Moonworks:BrokenBomb","Moonworks:Homemark","testmod-TestBox","DaveBox","HushsDoor","AT_ATBox","REME_ComplimentaryCards","NeowsBlessing","testmod-Justice","Old Coin","SteamSale","SynthV:TestCard","Pear","Dead Branch","jedi:HeartOfTheCards","Sozu","DoctorsRemote","Blue Doll","BelialBook","alterego_mod:SomeoneToFightFor","CombinedTypeHook"],"acts_visited":["Gensokyo:Gensokyo","TheCity"],"potions_floor_usage":[8,16,31],"damage_taken":[{"damage":0,"enemies":"Gensokyo:2_Kodama","floor":1,"turns":1},{"damage":0,"enemies":"Gensokyo:Gryphon","floor":2,"turns":1},{"damage":0,"enemies":"Gensokyo:Python","floor":3,"turns":1},{"damage":5,"enemies":"Gensokyo:Kitsune","floor":4,"turns":5},{"damage":0,"enemies":"Gensokyo:5_Fairies","floor":5,"turns":2},{"damage":2,"enemies":"Gensokyo:Python_and_Kodama","floor":6,"turns":2},{"damage":0,"enemies":"Gensokyo:3_Kodama","floor":7,"turns":3},{"damage":14,"enemies":"Gensokyo:Aya","floor":8,"turns":5},{"damage":8,"enemies":"Gensokyo:CorruptedTreant","floor":11,"turns":3},{"damage":0,"enemies":"Gensokyo:LivingMonolith","floor":12,"turns":2},{"damage":0,"enemies":"Gensokyo:Cirno","floor":14,"turns":4},{"damage":37,"enemies":"Gensokyo:Yukari","floor":16,"turns":7},{"damage":3,"enemies":"Chosen","floor":18,"turns":4},{"damage":21,"enemies":"2 Thieves","floor":22,"turns":4},{"damage":13,"enemies":"Book of Stabbing","floor":23,"turns":4},{"damage":38,"enemies":"Slavers","floor":29,"turns":5},{"damage":16,"enemies":"Snecko","floor":30,"turns":4},{"damage":15,"enemies":"Snake Plant","floor":31,"turns":2},{"damage":22,"enemies":"conspire:MysteriousRune","floor":33,"turns":3}],"seed_played":"9171589721873490036","potions_obtained":[{"floor":2,"key":"LiquidBronze"},{"floor":3,"key":"jedi:hoardpotion"},{"floor":6,"key":"Block Potion"},{"floor":11,"key":"SpeedPotion"}],"is_trial":false,"path_per_floor":["M","M","M","M","M","M","M","E","T","?","M","M","R","E","R","B",null,"M","$","?","?","M","E","R","?","T","R","?","E","M","M","R","B"],"character_chosen":"THE_STARBREAKER","items_purchased":["Moonworks:WindyEnchantment","Moonworks:ForcedRevival"],"campfire_rested":0,"item_purchase_floors":[32,32],"current_hp_per_floor":[60,60,60,55,55,53,58,59,59,59,51,51,51,56,56,24,70,69,69,69,69,53,45,45,45,45,45,45,33,22,12,12,0,0],"gold":82,"neow_bonus":"THREE_ENEMY_KILL","is_daily":false,"chose_seed":false,"campfire_upgraded":4,"win_rate":0.0,"timestamp":1610458058,"path_taken":["M","M","?","?","M","M","M","E","T","?","M","M","R","E","R","BOSS","M","?","?","?","M","E","R","?","T","R","?","E","?","M","R","BOSS"],"items_purchased_type":["Card","Card"],"build_version":"2020-12-22","purchased_purges":2,"victory":false,"max_hp_per_floor":[60,60,60,60,60,60,60,70,70,70,70,70,70,70,70,70,70,70,70,70,70,70,70,70,70,70,70,70,70,70,70,70,70,70],"card_choices":[{"not_picked":[],"picked":"Bomb","floor":0},{"not_picked":["Moonworks:Assault","Moonworks:ScrambledEve"],"picked":"Moonworks:AwakeningOfTalent","floor":1},{"not_picked":["Moonworks:BigMagnum","Moonworks:JonathanRush","Moonworks:IndiscriminateFireSupport","Moonworks:ImOnFire"],"picked":"Moonworks:CloudOfSeagulls","floor":2},{"not_picked":["Moonworks:JonathanRush","Moonworks:IndiscriminateFireSupport","Moonworks:BigMagnum","Moonworks:SakisCookie"],"picked":"Moonworks:EvilSpyWorkPreparation","floor":3},{"not_picked":["Moonworks:IndiscriminateFireSupport","Moonworks:Assault","Moonworks:IntelligenceOfficer","Moonworks:SealedMemories"],"picked":"Moonworks:NicePresent","floor":4},{"not_picked":["Moonworks:BigBangBell","Moonworks:UnluckyCharm","Moonworks:MiracleWalker","Moonworks:NicePresent"],"picked":"Moonworks:MiracleRedBeanIceCream","floor":5},{"not_picked":["Moonworks:DeployBits","Moonworks:MiracleRedBeanIceCream","Moonworks:x16BigRocket","Moonworks:BigBangBell","Moonworks:TacticalRetreat"],"picked":"SKIP","floor":6},{"not_picked":["Moonworks:ImOnFire","Moonworks:Dash","Moonworks:NicePresent","Moonworks:HolyNight"],"picked":"Moonworks:EvilSpyWorkPreparation","floor":7},{"not_picked":["Moonworks:MeltingMemories","Moonworks:FinalSurgery","Moonworks:IndiscriminateFireSupport","Moonworks:Assault"],"picked":"Moonworks:EvilSpyWorkPreparation","floor":11},{"not_picked":["Moonworks:IndiscriminateFireSupport","Moonworks:ImOnFire","Moonworks:Assault","Moonworks:LulusLuckyEgg"],"picked":"Moonworks:EvilSpyWorkPreparation","floor":12},{"not_picked":["Moonworks:SweetBattle","Moonworks:DevilHand","Moonworks:ReproductionOfRecords","Moonworks:IndiscriminateFireSupport"],"picked":"Moonworks:MetallicMonocoque","floor":14},{"not_picked":["Moonworks:CastOff+1","Moonworks:IndiscriminateFireSupport","Moonworks:CloudOfSeagulls","Moonworks:SakisCookie"],"picked":"Moonworks:EvilSpyWorkPreparation+1","floor":18},{"not_picked":["Moonworks:CloudOfSeagulls","Moonworks:LuckyCharm","Moonworks:TacticalRetreat","Moonworks:BigMagnum"],"picked":"Moonworks:SakisCookie","floor":22},{"not_picked":["Moonworks:StiffCrystal","Moonworks:Poppoformation+1","Moonworks:Bloodlust","Moonworks:BigBangBell","Moonworks:EvilMastermind"],"picked":"SKIP","floor":23},{"not_picked":["Moonworks:Poppoformation","Moonworks:JonathanRush","Moonworks:IntelligenceOfficer","Moonworks:RedAndBlue+1"],"picked":"Moonworks:Dash","floor":29},{"not_picked":["Moonworks:TreasureThief","Moonworks:BigMagnum","Moonworks:LulusLuckyEgg","Moonworks:Bloodlust"],"picked":"Moonworks:EvilSpyWorkPreparation+1","floor":30},{"not_picked":["Moonworks:CastOff+1","Moonworks:BigMagnum","Moonworks:NicePresent","Moonworks:DevilHand+1"],"picked":"Moonworks:SakisCookie","floor":31}],"player_experience":336940,"relics_obtained":[{"floor":1,"key":"SynthV:TestCard"},{"floor":8,"key":"Pear"},{"floor":9,"key":"Dead Branch"},{"floor":14,"key":"jedi:HeartOfTheCards"},{"floor":23,"key":"DoctorsRemote"},{"floor":25,"key":"Blue Doll"},{"floor":26,"key":"BelialBook"},{"floor":29,"key":"CombinedTypeHook"}],"event_choices":[{"damage_healed":0,"gold_gain":0,"player_choice":"Upgraded","damage_taken":0,"max_hp_gain":0,"max_hp_loss":0,"event_name":"Upgrade Shrine","floor":20,"gold_loss":0,"cards_upgraded":["Moonworks:MetallicMonocoque"]},{"damage_healed":0,"gold_gain":0,"player_choice":"Choice 2","damage_taken":0,"relics_obtained":["alterego_mod:SomeoneToFightFor"],"max_hp_gain":0,"max_hp_loss":0,"event_name":"爱的神圣花园","floor":28,"gold_loss":0}],"is_beta":false,"boss_relics":[{"not_picked":["SlaversCollar","conspire:RunicOctahedron"],"picked":"Sozu"},{"not_picked":[]}],"items_purged_floors":[19,32],"is_endless":false,"potions_floor_spawned":[2,3,6,11,22,23,30],"killed_by":"conspire:MysteriousRune","ascension_level":0}}