{"host":"an6uhul3yec8m0jh","time":1610453540,"event":{"mods":["ATMod(°¢èªMod)","Act Like it!","Arknights The Spire","BaseMod","Colored Map","Colored Powertips","Gensokyo","Highlight Path","Minty Spire (QoL Compilation)","MostiFishMod","Pale of the Ancients","Quick Restart","RumiaBox-Â¶Ã×æ«µÄÉñÃØºÐ×Ó","StSLib","TestMod","UnlockEverythingMod","Waifu the Spire","noobMod","¡¾ÒÅÎï¿¨ÅÆ¡¿REMEMod"],"gold_per_floor":[116,116,116,134,234,266,276,276,303,303,318,329,14,26,26,128,128,448,468,0,20,40,67,84,34,61,61,90,104,122,139,139,360,360,505,505,505],"floor_reached":36,"playtime":2235,"items_purged":["ats:Defend"],"score":535,"play_id":"c99d2048-c966-4c4e-83bd-fbecd2ddb405","local_time":"20210112201220","is_ascension_mode":false,"campfire_choices":[{"data":"Gensokyo:CrescentMoonSlash","floor":8.0,"key":"SMITH"},{"floor":10.0,"key":"DIG"},{"floor":15.0,"key":"DIG"},{"floor":32.0,"key":"DIG"}],"circlet_count":0,"master_deck":["ats:Strike C","ats:Strike G","ats:Strike S","ats:Strike V","ats:Armor Crushing Shot","ats:Defend","ats:Defend+1","ats:Defend","ats:Emotion Absorption","AT_ShrugMaster+1","ats:Cat Scratch+1","Gensokyo:CrescentMoonSlash+1","AT_CaressingTears","ats:Hammer On+1","ats:Echo Reverb","ats:Red Shift","ats:Apocalypse","ats:Shadow Assault","ats:Wolf Pack+1","MostiFishMod:FrostNova","MostiFishMod:WinterMarkForm","ats:Soul Absorption","ats:Rat Pack","ats:Calcification","ats:Charging Defense+1"],"relics":["ats:Sanity","ice","DaveBox","testmod-TestBox","AT_ATBox","REME_ComplimentaryCards","SynthV:C4","testmod-SaigiyounoYou","NeowsBlessing","Baka","SynthV:TestCard","Mango","Shovel","Shovel","ats:Originium","ats:Berate","Smiling Mask","White Beast Statue","ChiLing","Chi","Ling","REME_HandOfSuture","Tiny Chest","FrostBlade","Orichalcum","Blood Vial","Gensokyo:MosesMiracle","REME_HourglassOfDeath","AT_MibuBalloonWealth","GuanYuAspect"],"acts_visited":["Gensokyo:Gensokyo","Gensokyo:Gensokyoer","Gensokyo:Gensokyoest"],"potions_floor_usage":[],"damage_taken":[{"damage":0.0,"enemies":"Gensokyo:Python","floor":1.0,"turns":1.0},{"damage":0.0,"enemies":"Gensokyo:Gryphon","floor":4.0,"turns":1.0},{"damage":0.0,"enemies":"Gensokyo:Aya","floor":6.0,"turns":1.0},{"damage":0.0,"enemies":"Gensokyo:2_Kodama","floor":7.0,"turns":2.0},{"damage":0.0,"enemies":"Gensokyo:VengefulSpirit","floor":11.0,"turns":3.0},{"damage":10.0,"enemies":"Gensokyo:CorruptedTreant","floor":12.0,"turns":3.0},{"damage":4.0,"enemies":"Gensokyo:Python_and_Kodama","floor":14.0,"turns":6.0},{"damage":7.0,"enemies":"Gensokyo:Yukari","floor":16.0,"turns":6.0},{"damage":3.0,"enemies":"Gensokyo:CosmicMonolith","floor":18.0,"turns":3.0},{"damage":1.0,"enemies":"Gensokyo:Chomper","floor":19.0,"turns":2.0},{"damage":3.0,"enemies":"Gensokyo:Wraith","floor":21.0,"turns":4.0},{"damage":3.0,"enemies":"Gensokyo:3_Gloops","floor":22.0,"turns":2.0},{"damage":49.0,"enemies":"Gensokyo:Tenshi","floor":23.0,"turns":3.0},{"damage":1.0,"enemies":"Gensokyo:Chomper_and_Gloop","floor":24.0,"turns":1.0},{"damage":3.0,"enemies":"Gensokyo:Koishi","floor":28.0,"turns":1.0},{"damage":12.0,"enemies":"Gensokyo:Mirror_and_Dog","floor":29.0,"turns":2.0},{"damage":2.0,"enemies":"Gensokyo:3_Gloops","floor":30.0,"turns":2.0},{"damage":29.0,"enemies":"Gensokyo:Slime_Group","floor":31.0,"turns":3.0},{"damage":24.0,"enemies":"Gensokyo:Kaguya","floor":33.0,"turns":8.0},{"damage":1.0,"enemies":"Gensokyo:3_Boulders","floor":35.0,"turns":2.0},{"damage":43,"enemies":"Gensokyo:AncientGuardian","floor":36,"turns":1}],"seed_played":"7259069664953374429","potions_obtained":[{"floor":7.0,"key":"AttackPotion"},{"floor":11.0,"key":"Energy Potion"},{"floor":12.0,"key":"Swift Potion"},{"floor":16.0,"key":"LiquidMemories"},{"floor":18.0,"key":"DuplicationPotion"},{"floor":19.0,"key":"Strength Potion"},{"floor":21.0,"key":"ats:Emergency Sanity Potion"},{"floor":33.0,"key":"Regen Potion"}],"is_trial":false,"path_per_floor":["M","?","?","M","?","E","M","R","T","R","M","M","COS","M","R","B",null,"M","M","?","M","M","E","M","$","T","?","E","M","M","M","R","B",null,"M","M"],"character_chosen":"DOCTOR_CLASS","items_purchased":[],"campfire_rested":0,"item_purchase_floors":[],"current_hp_per_floor":[72,65,53,54,54,55,61,61,61,61,71,66,66,69,69,86,86,86,86,86,85,85,46,55,55,55,55,62,57,62,48,48,57,43,43,0,0],"gold":505,"neow_bonus":"THREE_ENEMY_KILL","is_daily":false,"chose_seed":false,"campfire_upgraded":1,"win_rate":0.0,"timestamp":1610453540,"path_taken":["M","?","?","M","?","E","M","R","T","R","M","?","COS","M","R","BOSS","M","M","?","M","M","E","?","$","T","?","E","M","M","M","R","BOSS","M","M"],"items_purchased_type":[],"build_version":"2020-12-22","purchased_purges":1,"victory":false,"max_hp_per_floor":[72,86,86,86,86,86,86,86,86,86,86,86,86,86,86,86,86,86,86,86,86,86,86,86,86,86,86,86,86,86,86,86,86,43,43,43,43],"card_choices":[{"not_picked":["ats:Explosion Area Strengthen","ats:Shadow Raid"],"picked":"ats:Cat Scratch","floor":1.0},{"not_picked":["ats:Leaping Hammer","ats:Powerful Strike","ats:Part Time Job","ats:Flexible Camouflage"],"picked":"ats:Hammer On","floor":4.0},{"not_picked":["ats:Assault Order","ats:Hammer On","ats:Leaping Hammer","ats:Thermite Blade"],"picked":"ats:Encircling Forest","floor":6.0},{"not_picked":["ats:Sword Rain","ats:Hammer On","ats:Steam Pump","ats:Flexible Camouflage"],"picked":"ats:Echo Reverb","floor":7.0},{"not_picked":["ats:Cat Scratch","ats:Assault Order","ats:Burning Ground","ats:Leaping Hammer"],"picked":"ats:Red Shift","floor":11.0},{"not_picked":["ats:Flexible Camouflage","ats:Explosion Area Strengthen","ats:Curse Doll","ats:Powerful Strike"],"picked":"ats:Apocalypse","floor":12.0},{"not_picked":["ats:Red Shift","ats:Shell Defense","ats:Assault Order","ats:Collapsing Strike","ats:Powerful Strike"],"picked":"SKIP","floor":14.0},{"not_picked":["ats:Fractured Body","ats:Nebulous Foxfire","ats:True Silver Slash","ats:Calcification"],"picked":"ats:Shadow Assault","floor":16.0},{"not_picked":["ats:True Silver Slash","ats:Durian","ats:Ambush","ats:Echo Reverb"],"picked":"ats:Wolf Pack","floor":16.0},{"not_picked":["ats:Revitalization","ats:Shell Defense+1","ats:Cat Scratch","ats:Powerful Strike","ats:Flexible Camouflage"],"picked":"SKIP","floor":18.0},{"not_picked":["ats:Apocalypse","ats:Powerful Strike","ats:Curse Doll","ats:Chain Hook"],"picked":"ats:Soul Absorption","floor":19.0},{"not_picked":["ats:Defend Order","ats:Part Time Job+1","ats:Healing Strengthening","ats:Ignite"],"picked":"ats:Rat Pack","floor":21.0},{"not_picked":["ats:Shell Defense+1","ats:Explosion Area Strengthen","ats:Closed Bolt Burst Fire+1","ats:Automatic Cover","ats:Ignite"],"picked":"SKIP","floor":22.0},{"not_picked":["ats:Hook Shot","ats:Poison Spread","ats:Childhood Dance","ats:Powerful Strike+1","ats:Shadow Raid"],"picked":"SKIP","floor":23.0},{"not_picked":["ats:Hammer On","ats:Cat Scratch+1","ats:Ignite","ats:Assault Order+1","ats:Poison Spread"],"picked":"SKIP","floor":24.0},{"not_picked":["ats:Powerful Strike","ats:Closed Bolt Burst Fire","ats:Apocalypse","ats:Automatic Cover+1","ats:Cat Scratch"],"picked":"SKIP","floor":28.0},{"not_picked":["ats:Soul Absorption","ats:Shell Defense","ats:Cat Scratch","ats:Defend Order","ats:Curse Doll"],"picked":"SKIP","floor":29.0},{"not_picked":["ats:Revitalization+1","ats:Thermite Blade+1","ats:Flexible Camouflage+1","ats:Mental Burst+1","ats:Rapid Magazine+1"],"picked":"SKIP","floor":30.0},{"not_picked":["ats:Sword Rain+1","ats:Childhood Dance","ats:Flexible Camouflage","ats:Powerful Strike","ats:Nebulous Foxfire"],"picked":"SKIP","floor":31.0},{"not_picked":["ats:Wolf Pack","ats:Dogmatic Field","ats:Roar Of Ursus","ats:Durian"],"picked":"ats:Calcification","floor":33.0},{"not_picked":["ats:Childhood Dance","ats:Automatic Cover+1","ats:Revitalization+1","ats:Red Shift"],"picked":"ats:Charging Defense+1","floor":35.0}],"player_experience":232614,"relics_obtained":[{"floor":1.0,"key":"Baka"},{"floor":1.0,"key":"SynthV:TestCard"},{"floor":4.0,"key":"Shovel"},{"floor":4.0,"key":"Shovel"},{"floor":6.0,"key":"ats:Originium"},{"floor":6.0,"key":"ats:Berate"},{"floor":9.0,"key":"Smiling Mask"},{"floor":10.0,"key":"White Beast Statue"},{"floor":15.0,"key":"REME_HandOfSuture"},{"floor":23.0,"key":"ats:Originium"},{"floor":23.0,"key":"Blood Vial"},{"floor":28.0,"key":"ats:Originium"},{"floor":28.0,"key":"REME_HourglassOfDeath"},{"floor":30.0,"key":"Gensokyo:MosesMiracle"},{"floor":32.0,"key":"AT_MibuBalloonWealth"}],"event_choices":[],"is_beta":false,"boss_relics":[{"not_picked":["AddBug","FixedStarFall"],"picked":"FrostBlade"},{"not_picked":["testmod-EnergyCheck","EE1DDrone"],"picked":"GuanYuAspect"}],"items_purged_floors":[25],"is_endless":false,"potions_floor_spawned":[7,11,12,14,16,18,19,21,22,23,24,28,29,30,31,33,35],"killed_by":"Gensokyo:AncientGuardian","ascension_level":0}}