{"host":"t9zjxed0utvsfjwc","time":1610448209,"event":{"mods":["2.2 Compatiblity","Aspiration","BaseMod","Block Reminder","Colored Map","Colored Powertips","Highlight Path","Hubris","Infinite Spire","Minty Spire (QoL Compilation)","Quick Restart","Replay The Spire","StSLib","The Marked","Unceasing Turn Reminder","everything is the same but u backflip on backflip"],"gold_per_floor":[111,123,48,48,66,66,66,66,115,115,15,31,45,58,58,159,159,170,170,124,135,135,135,167,167,243,243,343,359,359,390,390,390,390],"floor_reached":33,"playtime":1880,"items_purged":["theMarked:Defend","theMarked:Strike","theMarked:Defend"],"score":273,"play_id":"fa4452d7-3328-4df6-be33-c3cbc3d92449","local_time":"20210112104329","is_ascension_mode":false,"campfire_choices":[{"data":"theMarked:MysticalArsenal","floor":6,"key":"SMITH"},{"data":"theMarked:SoldierOfQuellstein","floor":15,"key":"SMITH"},{"data":"theMarked:ComboAttacks","floor":23,"key":"SMITH"},{"data":"infinitespire:SevenWalls","floor":25,"key":"SMITH"},{"data":"theMarked:SwordAndMagic","floor":27,"key":"SMITH"},{"data":"theMarked:Challenge","floor":32,"key":"SMITH"}],"circlet_count":0,"master_deck":["theMarked:Strike","theMarked:Strike","theMarked:Strike","theMarked:Strike","theMarked:Defend","theMarked:Defend","theMarked:SoldierOfQuellstein+1","hubris:Wrath","theMarked:MysticalArsenal+1","theMarked:EmpowerWeapon","theMarked:SwordAndMagic+1","theMarked:ComboAttacks+1","theMarked:EmpowerWeapon","infinitespire:SevenWalls+1","theMarked:ChannelForce","theMarked:BanishingWave","theMarked:Challenge+1"],"relics":["theMarked:BronzeBlade","infinitespire:Joker Card","aspiration:BabyByrd","Omamori","Pen Nib","Replay:Grab Bag","hubris:TerracottaHorce","Replay:Bronze Core","hubris:Backtick","Burning Blood","TungstenRod","Nunchaku","hubris:BottledRain","hubris:Spice","Frozen Egg 2"],"acts_visited":["Exordium","TheCity"],"potions_floor_usage":[12,16,16,28,31,33],"damage_taken":[{"damage":3,"enemies":"2 Louse","floor":1,"turns":3},{"damage":7,"enemies":"Small Slimes","floor":2,"turns":3},{"damage":0,"enemies":"Jaw Worm","floor":5,"turns":3},{"damage":14,"enemies":"Exordium Wildlife","floor":12,"turns":5},{"damage":4,"enemies":"Blue Slaver","floor":13,"turns":4},{"damage":13,"enemies":"Large Slime","floor":14,"turns":5},{"damage":20,"enemies":"The Guardian","floor":16,"turns":6},{"damage":2,"enemies":"3 Byrds","floor":18,"turns":5},{"damage":11,"enemies":"Spheric Guardian","floor":21,"turns":3},{"damage":12,"enemies":"Replay:Snechameleon","floor":24,"turns":3},{"damage":13,"enemies":"Colosseum Slavers","floor":28,"turns":3},{"damage":18,"enemies":"Colosseum Nobs","floor":28,"turns":3},{"damage":0,"enemies":"Snecko","floor":29,"turns":4},{"damage":5,"enemies":"Nightmare","floor":31,"turns":3},{"damage":36,"enemies":"Champ","floor":33,"turns":6}],"seed_played":"7806757571731369721","potions_obtained":[{"floor":1,"key":"Block Potion"},{"floor":13,"key":"Elixir"},{"floor":14,"key":"Cursed Concoction"},{"floor":24,"key":"FearPotion"},{"floor":29,"key":"LiquidBronze"},{"floor":31,"key":"SkillPotion"}],"is_trial":false,"path_per_floor":["M","M","$","?","M","R","?","$","T","?","$","M","M","M","R_BF","B",null,"M","?","$","M","AVR","R","E","R","T","R","?","M","?","NM","R","B"],"character_chosen":"THE_DEFAULT","items_purchased":["theMarked:EmpowerWeapon"],"campfire_rested":0,"item_purchase_floors":[20],"current_hp_per_floor":[67,60,60,60,60,60,60,60,60,53,53,39,35,22,22,2,53,51,51,51,40,40,40,34,34,34,34,23,29,29,30,30,0,0],"gold":390,"neow_bonus":"ONE_RARE_RELIC","is_daily":false,"chose_seed":false,"campfire_upgraded":6,"win_rate":0.0,"timestamp":1610448209,"path_taken":["M","M","$","?","M","R","?","$","T","?","?","M","M","M","R_BF","BOSS","M","?","$","M","AVR","R","E","R","T","R","?","M","?","NM","R","BOSS"],"items_purchased_type":["Card"],"build_version":"2020-12-22","purchased_purges":3,"victory":false,"max_hp_per_floor":[70,70,70,70,70,70,70,70,70,70,70,70,70,70,70,70,70,70,70,70,70,70,70,70,70,70,70,78,78,78,78,78,78,78],"card_choices":[{"not_picked":["theMarked:TwofoldDefense","theMarked:TakeCover","theMarked:Improvise"],"picked":"SKIP","floor":1},{"not_picked":["theMarked:ElectricStrings","theMarked:EnhanceMovement","theMarked:Static"],"picked":"SKIP","floor":2},{"not_picked":["theMarked:MaelstromOfLightning","theMarked:WastefulDefense"],"picked":"theMarked:MysticalArsenal","floor":5},{"not_picked":["theMarked:Aftermath","theMarked:WardOff","theMarked:TwofoldDefense"],"picked":"SKIP","floor":12},{"not_picked":["theMarked:WastefulDefense","theMarked:Aftermath","theMarked:ChainLightning"],"picked":"SKIP","floor":13},{"not_picked":["theMarked:ChainLightning","theMarked:ElectricStrings"],"picked":"theMarked:EmpowerWeapon","floor":14},{"not_picked":["theMarked:ElectricStrings","theMarked:ResourceFulStrike"],"picked":"theMarked:SwordAndMagic","floor":18},{"not_picked":["theMarked:Improvise+1","theMarked:Static","theMarked:ResourceFulStrike"],"picked":"SKIP","floor":21},{"not_picked":["theMarked:HeightenedSenses","theMarked:WastefulDefense+1"],"picked":"theMarked:ChannelForce","floor":24},{"not_picked":["theMarked:WastefulAttack","theMarked:Overthink"],"picked":"theMarked:BanishingWave","floor":28},{"not_picked":["theMarked:Frustration+1","theMarked:ReduceFriction","theMarked:WastefulAttack"],"picked":"SKIP","floor":29},{"not_picked":["theMarked:Generate+1","theMarked:RepellingDischarge"],"picked":"theMarked:Challenge","floor":31}],"player_experience":256743,"relics_obtained":[{"floor":9,"key":"Omamori"},{"floor":24,"key":"Nunchaku"},{"floor":26,"key":"hubris:BottledRain"},{"floor":28,"key":"hubris:Spice"},{"floor":28,"key":"Frozen Egg 2"}],"event_choices":[{"damage_healed":0,"gold_gain":0,"player_choice":"Success","damage_taken":7,"relics_obtained":["Pen Nib"],"max_hp_gain":0,"max_hp_loss":0,"event_name":"Scrap Ooze","floor":10,"gold_loss":0},{"damage_healed":0,"gold_gain":0,"player_choice":"Fight","damage_taken":0,"max_hp_gain":0,"max_hp_loss":0,"event_name":"Colosseum","floor":28,"gold_loss":0},{"damage_healed":0,"gold_gain":0,"player_choice":"Fought Nobs","damage_taken":0,"max_hp_gain":0,"max_hp_loss":0,"event_name":"Colosseum","floor":28,"gold_loss":0}],"is_beta":false,"boss_relics":[{"not_picked":["aspiration:PoetsPen_weak","hubris:RunicObelisk"],"picked":"Replay:Grab Bag"},{"not_picked":["hubris:VirtuousBlindfold","ReplayTheSpireMod:Onyx Gauntlets"],"picked":"hubris:TerracottaHorce"},{"not_picked":["Runic Dome","Velvet Choker"],"picked":"Replay:Bronze Core"},{"not_picked":["SacredBark","hubris:HollowSoul"],"picked":"theMarked:BronzeBlade"}],"items_purged_floors":[3,11,22],"is_endless":true,"potions_floor_spawned":[1,13,14,24,28,29,31],"killed_by":"Champ","ascension_level":0}}