{"host":"5h7tnviy6ct1qpjn","time":1610452341,"event":{"mods":["AchievementEnabler","BaseMod","Grow up Mod","Minty Spire (QoL Compilation)","Shop Mod","StSLib"],"gold_per_floor":[117,67,81,81,95,122,122,21,21,56,72,89,101,119,119,223,223,240,155,169,69,85,85,98,133,133,162,162,190,190,201,201,300,300,319,119,135,155,155,155,200,226,272,305,305,321,0,16,16,16],"floor_reached":51,"playtime":5011,"items_purged":["Strike_R","Defend_R","Strike_R"],"score":779,"play_id":"ac9487d5-ba7c-4cd0-a3c2-89b2f9ba2b18","local_time":"20210112125221","is_ascension_mode":false,"campfire_choices":[{"data":"Rage","floor":7,"key":"SMITH"},{"data":"Armaments","floor":15,"key":"SMITH"},{"data":"Flame Barrier","floor":23,"key":"SMITH"},{"data":"Fire Breathing","floor":30,"key":"SMITH"},{"data":"Combust","floor":32,"key":"SMITH"},{"data":"Fire Breathing","floor":40,"key":"SMITH"},{"data":"Fiend Fire","floor":45,"key":"SMITH"},{"data":"Body Slam","floor":49,"key":"SMITH"}],"circlet_count":0,"master_deck":["Strike_R","Defend_R","Defend_R","Defend_R+1","Bash","Pommel Strike","Iron Wave","Rage+1","Shrug It Off","Twin Strike","Body Slam+1","Flame Barrier+1","Armaments+1","Thunderclap+1","Brutality","Fire Breathing+1","Shrug It Off","Bloodletting","Decay","Combust+1","Impervious","Power Through+1","Fiend Fire+1","CurseOfTheBell","Combust","Fire Breathing+1","Body Slam+1","Injury","Fire Breathing+1"],"relics":["Burning Blood","Ornamental Fan","Mercury Hourglass","Mummified Hand","Cursed Key","Red Skull","Whetstone","Question Card","Orichalcum","MutagenicStrength","Centennial Puzzle","Calling Bell","Kunai","Magic Flower","War Paint","Torii","Meat on the Bone","Oddly Smooth Stone","TungstenRod","Red Mask"],"acts_visited":["Exordium","TheCity","TheBeyond"],"potions_floor_usage":[6,24,50,50],"damage_taken":[{"damage":6,"enemies":"Jaw Worm","floor":1,"turns":3},{"damage":0,"enemies":"Small Slimes","floor":3,"turns":4},{"damage":0,"enemies":"Cultist","floor":5,"turns":2},{"damage":29,"enemies":"Lagavulin","floor":6,"turns":9},{"damage":27,"enemies":"Gremlin Nob","floor":10,"turns":4},{"damage":3,"enemies":"3 Louse","floor":11,"turns":2},{"damage":1,"enemies":"2 Fungi Beasts","floor":12,"turns":3},{"damage":0,"enemies":"Looter","floor":13,"turns":3},{"damage":4,"enemies":"Gremlin Gang","floor":14,"turns":4},{"damage":67,"enemies":"The Guardian","floor":16,"turns":11},{"damage":11,"enemies":"Shell Parasite","floor":18,"turns":5},{"damage":9,"enemies":"2 Thieves","floor":20,"turns":4},{"damage":12,"enemies":"Centurion and Healer","floor":22,"turns":5},{"damage":3,"enemies":"Chosen and Byrds","floor":24,"turns":4},{"damage":24,"enemies":"Slavers","floor":25,"turns":6},{"damage":9,"enemies":"Book of Stabbing","floor":27,"turns":5},{"damage":9,"enemies":"Slavers","floor":29,"turns":4},{"damage":6,"enemies":"Snecko","floor":31,"turns":4},{"damage":38,"enemies":"Champ","floor":33,"turns":9},{"damage":6,"enemies":"Orb Walker","floor":35,"turns":4},{"damage":12,"enemies":"3 Darklings","floor":37,"turns":4},{"damage":4,"enemies":"4 Shapes","floor":38,"turns":3},{"damage":23,"enemies":"2 Orb Walkers","floor":41,"turns":5},{"damage":27,"enemies":"Reptomancer","floor":42,"turns":5},{"damage":73,"enemies":"Nemesis","floor":44,"turns":7},{"damage":28,"enemies":"Transient","floor":46,"turns":5},{"damage":3,"enemies":"Sphere and 2 Shapes","floor":48,"turns":3},{"damage":105,"enemies":"Awakened One","floor":50,"turns":13}],"seed_played":"-7542161955187525330","potions_obtained":[{"floor":1,"key":"Dexterity Potion"},{"floor":3,"key":"DistilledChaos"},{"floor":4,"key":"FairyPotion"},{"floor":4,"key":"HeartOfIron"},{"floor":12,"key":"Fire Potion"},{"floor":24,"key":"Strength Potion"},{"floor":31,"key":"BlessingOfTheForge"},{"floor":42,"key":"Fire Potion"},{"floor":48,"key":"BloodPotion"}],"is_trial":false,"path_per_floor":["M","?","M","?","M","E","R","$","T","E","M","M","M","M","R","B",null,"M","?","M","$","M","R","M","E","T","E","?","E","R","M","R","B",null,"M","$","M","M","?","R","?","E","T","E","R","M","?","M","R","B",null],"character_chosen":"IRONCLAD","items_purchased":["Twin Strike","Combust"],"campfire_rested":0,"item_purchase_floors":[8,36],"current_hp_per_floor":[100,110,120,130,140,127,137,147,157,146,159,174,190,202,212,161,260,265,275,282,292,296,306,319,311,321,328,338,345,355,365,375,353,430,440,450,457,470,480,490,486,478,488,434,444,435,445,461,471,559],"gold":16,"neow_bonus":"","is_daily":false,"chose_seed":false,"campfire_upgraded":8,"win_rate":0.0,"timestamp":1610452341,"path_taken":["M","?","M","?","?","E","R","$","T","E","M","M","M","M","R","BOSS","M","?","M","$","M","R","M","E","T","E","?","E","R","M","R","BOSS","M","$","M","M","?","R","?","E","T","E","R","M","?","M","R","BOSS"],"items_purchased_type":["Card","Card"],"build_version":"2020-12-22","purchased_purges":3,"victory":true,"max_hp_per_floor":[100,110,120,130,140,150,160,170,180,190,200,210,220,230,240,250,260,270,280,290,300,310,320,330,340,350,360,370,380,390,400,410,420,430,440,450,460,470,480,490,500,510,520,530,540,550,560,570,580,590],"card_choices":[{"not_picked":["Whirlwind","Clash"],"picked":"Pommel Strike","floor":1},{"not_picked":["True Grit","Second Wind"],"picked":"Iron Wave","floor":3},{"not_picked":["Headbutt","Anger"],"picked":"Rage","floor":5},{"not_picked":["Body Slam","Blood for Blood"],"picked":"Shrug It Off","floor":6},{"not_picked":["Sword Boomerang","Dark Embrace","Dropkick"],"picked":"SKIP","floor":10},{"not_picked":["Feel No Pain","Sever Soul"],"picked":"Body Slam","floor":11},{"not_picked":["Carnage","Body Slam"],"picked":"Flame Barrier","floor":12},{"not_picked":["Pommel Strike","Cleave"],"picked":"Armaments","floor":13},{"not_picked":["Pummel","Rupture"],"picked":"Thunderclap","floor":14},{"not_picked":["Feed","Reaper"],"picked":"Brutality","floor":16},{"not_picked":["Anger","Clothesline","Second Wind"],"picked":"SKIP","floor":18},{"not_picked":["Anger","Bloodletting+1"],"picked":"Fire Breathing","floor":20},{"not_picked":["Pommel Strike","Sword Boomerang","Anger+1"],"picked":"SKIP","floor":22},{"not_picked":["Anger","Feed"],"picked":"Shrug It Off","floor":24},{"not_picked":["Reaper","Twin Strike"],"picked":"Bloodletting","floor":25},{"not_picked":["Iron Wave","Feed","Body Slam"],"picked":"Combust","floor":27},{"not_picked":["Bloodletting+1","Blood for Blood","Anger"],"picked":"Impervious","floor":29},{"not_picked":["Sword Boomerang","Warcry","Dropkick"],"picked":"Power Through","floor":31},{"not_picked":["Feed","Brutality","Offering"],"picked":"Fiend Fire","floor":33},{"not_picked":["Clothesline","Perfected Strike","Flex+1","Intimidate+1"],"picked":"SKIP","floor":35},{"not_picked":["Anger+1","Infernal Blade","Dropkick","Carnage+1"],"picked":"SKIP","floor":37},{"not_picked":["True Grit","Headbutt","Seeing Red"],"picked":"Fire Breathing","floor":38},{"not_picked":["Power Through","Reaper","Sword Boomerang+1"],"picked":"Body Slam+1","floor":42},{"not_picked":["Flex+1","Twin Strike+1","True Grit+1","Thunderclap"],"picked":"SKIP","floor":44},{"not_picked":["Bloodletting+1","True Grit+1","Entrench+1"],"picked":"Fire Breathing+1","floor":46},{"not_picked":["Headbutt","Combust+1","Disarm+1","Warcry+1"],"picked":"SKIP","floor":48}],"player_experience":0,"relics_obtained":[{"floor":6,"key":"Ornamental Fan"},{"floor":9,"key":"Mercury Hourglass"},{"floor":10,"key":"Mummified Hand"},{"floor":25,"key":"Whetstone"},{"floor":26,"key":"Question Card"},{"floor":27,"key":"Orichalcum"},{"floor":29,"key":"Centennial Puzzle"},{"floor":34,"key":"Kunai"},{"floor":34,"key":"Magic Flower"},{"floor":34,"key":"War Paint"},{"floor":41,"key":"Torii"},{"floor":42,"key":"Meat on the Bone"},{"floor":43,"key":"Oddly Smooth Stone"},{"floor":44,"key":"TungstenRod"}],"event_choices":[{"cards_removed":["Strike_R"],"damage_healed":0,"gold_gain":0,"player_choice":"Card Removal","damage_taken":0,"max_hp_gain":0,"max_hp_loss":0,"event_name":"The Cleric","floor":2,"gold_loss":50},{"damage_healed":0,"gold_gain":0,"player_choice":"Got Potions","damage_taken":0,"max_hp_gain":0,"max_hp_loss":0,"event_name":"Lab","floor":4,"gold_loss":0},{"damage_healed":0,"gold_gain":0,"player_choice":"Obtained Relic","damage_taken":0,"relics_obtained":["Red Skull"],"max_hp_gain":0,"max_hp_loss":0,"event_name":"Addict","floor":19,"gold_loss":85},{"damage_healed":0,"gold_gain":0,"player_choice":"Inject Mutagens","damage_taken":0,"relics_obtained":["MutagenicStrength"],"max_hp_gain":0,"max_hp_loss":0,"event_name":"Drug Dealer","floor":28,"gold_loss":0},{"cards_removed":["Strike_R"],"damage_healed":0,"gold_gain":0,"player_choice":"Removed Attack","damage_taken":0,"max_hp_gain":0,"max_hp_loss":0,"event_name":"Falling","floor":39,"gold_loss":0},{"damage_healed":0,"gold_gain":0,"player_choice":"Fight","damage_taken":0,"max_hp_gain":0,"max_hp_loss":0,"event_name":"Mysterious Sphere","floor":41,"gold_loss":0},{"damage_healed":0,"gold_gain":0,"player_choice":"Paid","damage_taken":0,"relics_obtained":["Red Mask"],"max_hp_gain":0,"max_hp_loss":0,"event_name":"Tomb of Lord Red Mask","floor":47,"gold_loss":321}],"is_beta":false,"boss_relics":[{"not_picked":["Black Blood","Mark of Pain"],"picked":"Cursed Key"},{"not_picked":["Empty Cage","Fusion Hammer"],"picked":"Calling Bell"}],"items_purged_floors":[8,21,36],"is_endless":false,"potions_floor_spawned":[1,3,12,16,18,20,22,24,31,37,42,44,48],"ascension_level":0}}