{"host":"s794kqxf2n1qz2yr","time":1610443626,"event":{"mods":["100% Spire Juice","2.2 Compatiblity","AchievementEnabler","Aspiration","BaseMod","ChefMod","Downfall","Friendly Minions","Hermit","Hyrulean Relics","Minty Spire (QoL Compilation)","Permanent Neow","StSLib","The Animator"],"gold_per_floor":[113,113,36,36,52,52,69,69,69,69,69,69,102,102,102,223,223,223,223],"floor_reached":17,"playtime":887,"items_purged":[],"score":174,"play_id":"bf077089-08d0-4a2d-84de-2c9470942656","local_time":"20210112092706","daily_mods":["SealedDeck","Flight"],"is_ascension_mode":true,"campfire_choices":[{"data":"Guardian:Suspension","floor":6,"key":"SMITH"},{"data":"Guardian:TemporalShield","floor":8,"key":"SMITH"},{"data":"Guardian:TemporalStrike","floor":10,"key":"SMITH"},{"data":"Guardian:TemporalStrike","floor":11,"key":"SMITH"},{"data":"Guardian:TemporalStrike","floor":12,"key":"SMITH"},{"data":"Guardian:Clone","floor":15,"key":"SMITH"}],"circlet_count":0,"master_deck":["Guardian:Clone+1","Guardian:Suspension+1","Guardian:TemporalShield+1","Guardian:TemporalStrike+1","Guardian:TimeCapacitor","Guardian:TimeCapacitor","Guardian:BronzeOrb","Guardian:TemporalStrike+1","Guardian:TemporalStrike+1","Guardian:BronzeOrb","Injury","Guardian:GatlingBeam"],"relics":["Guardian:ModeShifter","Frozen Egg 2","Bottled Flame","Guardian:GemstoneGun","Golden Idol","Ectoplasm"],"acts_visited":["Exordium","TheCity"],"potions_floor_usage":[],"damage_taken":[{"damage":14,"enemies":"Small Slimes","floor":1,"turns":4},{"damage":3,"enemies":"Cultist","floor":5,"turns":4},{"damage":0,"enemies":"2 Louse","floor":7,"turns":2},{"damage":15,"enemies":"3 Sentries","floor":13,"turns":5},{"damage":22,"enemies":"The Guardian","floor":16,"turns":7}],"seed_played":"-4605250087062625332","potions_obtained":[{"floor":13,"key":"Weak Potion"}],"is_trial":true,"path_per_floor":["M","?","$","?","M","R","M","R","T","R","R","R","E","?","R","B",null],"character_chosen":"GUARDIAN","items_purchased":["Guardian:Gem_Yellow"],"campfire_rested":0,"item_purchase_floors":[3],"current_hp_per_floor":[66,80,80,80,77,77,77,77,77,77,77,77,62,62,62,40,74,74,74],"gold":223,"neow_bonus":"","is_daily":false,"chose_seed":false,"campfire_upgraded":6,"win_rate":0.0,"timestamp":1610443626,"path_taken":["M","?","?","?","M","R","M","R","T","R","R","R","E","?","R","BOSS"],"items_purchased_type":["Card"],"build_version":"2020-12-22","purchased_purges":0,"victory":false,"max_hp_per_floor":[80,80,80,80,80,80,80,80,80,80,80,80,80,74,74,74,74,74,74],"card_choices":[{"not_picked":["Guardian:ChargeCore","Guardian:WalkerClaw"],"picked":"Guardian:BronzeOrb","floor":1},{"not_picked":["Guardian:VentSteam","Guardian:CrystalBeam"],"picked":"Guardian:Gem_Cyan","floor":5},{"not_picked":["Guardian:VentSteam","Guardian:ArmoredProtocol+1"],"picked":"Guardian:Gem_Fragmented","floor":7},{"not_picked":["Guardian:Planning","Guardian:Gem_Green"],"picked":"Guardian:Gem_Red","floor":13},{"not_picked":["Guardian:FastForward","Guardian:SphericShield"],"picked":"Guardian:GatlingBeam","floor":16}],"player_experience":354316,"relics_obtained":[{"floor":9,"key":"Bottled Flame"},{"floor":13,"key":"Guardian:GemstoneGun"}],"event_choices":[{"cards_removed":["Guardian:Gem_White"],"damage_healed":14,"gold_gain":0,"player_choice":"Offered Uncommon","damage_taken":0,"max_hp_gain":0,"max_hp_loss":0,"event_name":"Bonfire Elementals","floor":2,"gold_loss":0},{"damage_healed":0,"gold_gain":0,"player_choice":"Lose Max HP","damage_taken":0,"relics_obtained":["Golden Idol"],"max_hp_gain":0,"max_hp_loss":6,"event_name":"Golden Idol","floor":14,"gold_loss":0}],"is_beta":false,"boss_relics":[{"not_picked":["Tiny House","Busted Crown"],"picked":"Ectoplasm"}],"items_purged_floors":[],"is_endless":false,"potions_floor_spawned":[13],"ascension_level":3}}