{"host":"wyyab92ltzc7szqr","time":1610456329,"event":{"mods":["Aspiration","BaseMod","Better Altar","Better Match","Better Note","Better Sensory Stone","Better Synergies","Better Third Choice","Conspire","Googly Eyes","Hubris","Infinite Spire","Mimic Mod","Minty Spire (QoL Compilation)","Quick Restart","Replay The Spire","StSLib","SuperFastMode","The Blue Laboratory","everything is the same but u backflip on backflip"],"gold_per_floor":[110,35,45,45,57,89,89,119,119,134,134,147,147,176,176,275,275,295,295,210,42,61,95,95,125,125,141,141,156,39,54,54,159,159,174,203,213,213],"floor_reached":37,"playtime":2245,"items_purged":[],"score":553,"play_id":"a2499497-dd5a-4080-9ff0-2d9f48b64538","local_time":"20210112125849","is_ascension_mode":true,"campfire_choices":[{"floor":7.0,"key":"REST"},{"floor":11.0,"key":"RECALL"},{"floor":15.0,"key":"REST"},{"floor":24,"key":"REST"},{"data":"ForeignInfluence","floor":24,"key":"SMITH"},{"data":"Eruption","floor":28,"key":"SMITH"},{"floor":32,"key":"DIG"}],"circlet_count":0,"master_deck":["Strike_P","Strike_P","Strike_P","Strike_P","Defend_P","Defend_P","Defend_P","Defend_P","Eruption+1","Vigilance","BowlingBash","FlurryOfBlows","Prostrate","Omniscience+1","FlurryOfBlows","Protect","LikeWater","ForeignInfluence+1","Replay:LoomingThreat+1","Replay:Anticipation","MentalFortress+1","Chrysalis+1","Replay:Parry+1","Finesse+1","FlurryOfBlows","BowlingBash+1","LikeWater","FlurryOfBlows","WaveOfTheHand+1","MentalFortress+1","Dramatic Entrance+1","CutThroughFate","DevaForm+1","hubris:Despair","hubris:MerchantsHand","MasterReality+1","Replay:BasicMightCard","infinitespire:Punishment","Pray+1","FollowUp+1"],"relics":["PureWater","aspiration:Nostalgia","Ring of the Snake","Golden Egg","Quantum Egg","Replay:Bottled Flurry","Honey Jar","InkBottle","Iron Hammer","ReplayTheSpireMod:ShopPack","infinitespire:Magic Flask","Kunai","Potion Belt","infinitespire:Lucky Rock","ReplayTheSpireMod:SealedPack"],"acts_visited":["Exordium","TheCity","TheBeyond"],"potions_floor_usage":[37],"damage_taken":[{"damage":0.0,"enemies":"Small Slimes","floor":1.0,"turns":5.0},{"damage":2.0,"enemies":"Cultist","floor":3.0,"turns":4.0},{"damage":11.0,"enemies":"Jaw Worm","floor":5.0,"turns":4.0},{"damage":44.0,"enemies":"Lagavulin","floor":6.0,"turns":8.0},{"damage":15.0,"enemies":"3 Sentries","floor":8.0,"turns":7.0},{"damage":5.0,"enemies":"Large Slime","floor":10.0,"turns":3.0},{"damage":0.0,"enemies":"Red Slaver","floor":12.0,"turns":3.0},{"damage":2.0,"enemies":"Lagavulin","floor":14.0,"turns":4.0},{"damage":20.0,"enemies":"Fading Forest","floor":16.0,"turns":11.0},{"damage":14.0,"enemies":"Shell Parasite","floor":18.0,"turns":4.0},{"damage":0.0,"enemies":"Chosen","floor":22.0,"turns":4.0},{"damage":0,"enemies":"Gremlin Leader","floor":23,"turns":6},{"damage":23,"enemies":"Slavers","floor":25,"turns":4},{"damage":0,"enemies":"Sentry and Sphere","floor":27,"turns":4},{"damage":0,"enemies":"Snecko","floor":29,"turns":4},{"damage":4,"enemies":"Snake Plant","floor":31,"turns":4},{"damage":20,"enemies":"Collector","floor":33,"turns":10},{"damage":15,"enemies":"3 Darklings","floor":35,"turns":3},{"damage":0,"enemies":"3 Shapes","floor":36,"turns":5},{"damage":4,"enemies":"infinitespire:Three Voidlings","floor":37,"turns":3},{"damage":72,"enemies":"Nightmare_Alpha","floor":37,"turns":4}],"seed_played":"2026016302836943348","potions_obtained":[{"floor":8.0,"key":"Cursed Concoction"},{"floor":10.0,"key":"blueLaboratory:PhilterOfMotion"},{"floor":12.0,"key":"blueLaboratory:BubblePotion"},{"floor":16.0,"key":"infinitespire:BlackPotion"},{"floor":22.0,"key":"LiquidMemories"},{"floor":25,"key":"blueLaboratory:TrueEctoplasm"},{"floor":27,"key":"FearPotion"},{"floor":31,"key":"blueLaboratory:HummingbirdPotion"}],"is_trial":false,"path_per_floor":["M","?","M","$","M","E","R","E","T","M","R","M","?","E","R","B",null,"M","T","?","$","M","E","R","E","T","M","R","M","$","M","R","B",null,"M","M","?"],"character_chosen":"WATCHER","items_purchased":["ReplayTheSpireMod:ShopPack","MentalFortress","MentalFortress","Dramatic Entrance"],"campfire_rested":3,"item_purchase_floors":[21,21,30,30],"current_hp_per_floor":[72,72,70,70,59,15,36,21,21,16,16,16,9,7,28,8,72,58,58,58,58,58,58,72,49,49,49,49,49,49,45,45,25,72,57,57,0,0],"gold":213,"neow_bonus":"NOSTALGIA","is_daily":false,"chose_seed":false,"campfire_upgraded":2,"win_rate":0.0,"timestamp":1610456329,"path_taken":["M","?","M","?","M","E","R","E","T","M","R","M","?","E","R","BOSS","M","?","?","?","M","E","R","E","T","M","R","M","$","M","R","BOSS","M","M","?"],"items_purchased_type":["Relic","Card","Card","Card"],"build_version":"2020-12-22","purchased_purges":0,"victory":false,"max_hp_per_floor":[72,72,72,72,72,72,72,72,72,72,72,72,72,72,72,72,72,72,72,72,72,72,72,72,72,72,72,72,72,72,72,72,72,72,72,72,72,72],"card_choices":[{"not_picked":["Worship","Crescendo"],"picked":"BowlingBash","floor":1.0},{"not_picked":["DeceiveReality","Replay:Cycle"],"picked":"FlurryOfBlows","floor":3.0},{"not_picked":["FlyingSleeves","Replay:DivineShield"],"picked":"Prostrate","floor":5.0},{"not_picked":["Adaptation","ThirdEye"],"picked":"Omniscience","floor":6.0},{"not_picked":["WreathOfFlame","Replay:BluntJabs"],"picked":"FlurryOfBlows","floor":8.0},{"not_picked":["Halt","JustLucky"],"picked":"Protect","floor":10.0},{"not_picked":["EmptyFist","FearNoEvil"],"picked":"LikeWater","floor":12.0},{"not_picked":["EmptyBody","Conclude"],"picked":"ForeignInfluence","floor":14.0},{"not_picked":["Vault","SpiritShield"],"picked":"Replay:LoomingThreat","floor":16.0},{"not_picked":["Halt","Collect","Protect"],"picked":"Replay:Anticipation","floor":18.0},{"not_picked":["Metamorphosis","Master of Strategy","Replay:Dark Deal"],"picked":"Chrysalis","floor":21.0},{"not_picked":["Flash of Steel","ReplayTheSpireMod:Uncanny Aura","Master of Strategy"],"picked":"Replay:Parry","floor":21.0},{"not_picked":["Discovery","Midas Touch","Replay:Parry"],"picked":"Finesse","floor":21.0},{"not_picked":["FollowUp+1","Indignation","BowlingBash"],"picked":"FlurryOfBlows","floor":22.0},{"not_picked":["Wireheading","Scrawl","Wallop"],"picked":"BowlingBash+1","floor":23},{"not_picked":["PathToVictory","EmptyFist","Tantrum"],"picked":"LikeWater","floor":25},{"not_picked":["Replay:ManipulateFuture","ThirdEye","Worship+1"],"picked":"FlurryOfBlows","floor":27},{"not_picked":["Tantrum","ClearTheMind","SignatureMove"],"picked":"WaveOfTheHand+1","floor":29},{"not_picked":["FlurryOfBlows","BowlingBash+1","Protect"],"picked":"CutThroughFate","floor":31},{"not_picked":["Vault","ConjureBlade","Blasphemy"],"picked":"DevaForm","floor":33},{"not_picked":["Bash","Eruption","Survivor"],"picked":"hubris:MerchantsHand","floor":34},{"not_picked":["Replay:LoomingThreat","Scrawl","ConjureBlade"],"picked":"MasterReality","floor":34},{"not_picked":["ReplayTheSpireMod:Private Reserves","Survey Options","Madness"],"picked":"Replay:BasicMightCard","floor":34},{"not_picked":["infinitespire:FinalStrike","hubris:Rewind","infinitespire:SevenWalls"],"picked":"infinitespire:Punishment","floor":34},{"not_picked":["Consecrate+1","Meditate","Prostrate"],"picked":"Pray+1","floor":35},{"not_picked":["Indignation","FlyingSleeves","PathToVictory"],"picked":"FollowUp+1","floor":36}],"player_experience":605490,"relics_obtained":[{"floor":6.0,"key":"Golden Egg"},{"floor":8.0,"key":"Quantum Egg"},{"floor":14.0,"key":"Replay:Bottled Flurry"},{"floor":19.0,"key":"InkBottle"},{"floor":23,"key":"infinitespire:Magic Flask"},{"floor":25,"key":"Kunai"},{"floor":26,"key":"Potion Belt"},{"floor":32,"key":"infinitespire:Lucky Rock"}],"event_choices":[{"damage_healed":0.0,"max_hp_gain":0.0,"max_hp_loss":0.0,"gold_gain":0.0,"event_name":"betterMatch:BetterMatch","player_choice":"2","floor":2.0,"gold_loss":0.0,"damage_taken":0.0,"cards_obtained":[]},{"damage_healed":0.0,"max_hp_gain":0.0,"max_hp_loss":0.0,"gold_gain":0.0,"event_name":"Wheel of Change","player_choice":"Damaged","floor":13.0,"gold_loss":0.0,"damage_taken":7.0},{"damage_healed":0.0,"max_hp_gain":0.0,"max_hp_loss":0.0,"gold_gain":0.0,"event_name":"Addict","player_choice":"Obtained Relic","floor":20.0,"gold_loss":85.0,"damage_taken":0.0,"relics_obtained":["Iron Hammer"]}],"is_beta":false,"boss_relics":[{"not_picked":["Ring of Chaos","Velvet Choker"],"picked":"Honey Jar"},{"not_picked":["Replay:Ancient Bell","Replay:Drink Me"],"picked":"ReplayTheSpireMod:SealedPack"}],"items_purged_floors":[],"is_endless":false,"potions_floor_spawned":[8,10,12,16,22,25,27,31],"killed_by":"Nightmare_Alpha","ascension_level":1}}