{"host":"w7dhjqgqsib0c3vt","time":1610444175,"event":{"mods":["ATMod(°¢èªMod)","BaseMod","Minty Spire (QoL Compilation)","Shop Mod","StSLib","TheWitcher"],"gold_per_floor":[117,392,16,28,28,54,54,78,78,112,129,140,156,190,190,264,264,279,329,29,29,29,64,64,92,92,112,63,338,43,69,69,146,146,159,159,159,179,204,204,230,243,243,243,296,326,342,3,3,3],"floor_reached":51,"playtime":1260,"items_purged":["Regret","Regret"],"score":1797,"play_id":"8e7b9fef-1807-421c-b0f0-4d9c502e8de5","local_time":"20210112173615","is_ascension_mode":true,"campfire_choices":[{"data":"AT_ChampionStep","floor":7.0,"key":"SMITH"},{"floor":15.0,"key":"REST"},{"floor":24.0,"key":"REST"},{"floor":32.0,"key":"REST"},{"data":"AT_KingSlayer","floor":40,"key":"SMITH"},{"data":"1","floor":49,"key":"LIFT"}],"circlet_count":0,"master_deck":["AscendersBane","Strike_G","Strike_G","Strike_G","Strike_G","Strike_G","Defend_G","Defend_G","Defend_G","Defend_G","Survivor","Neutralize","AT_ChampionStep+1","Backflip","Calculated Gamble","AT_Desolate","Distraction","Quick Slash","Quick Slash","Masterful Stab","Distraction","AT_KingSlayer+1","Acrobatics","AT_KneejerkReflex+1","AT_TearsDenial","Backstab","Adrenaline","Writhe","Wraith Form v2+1"],"relics":["Ring of the Serpent","AT_ATBox","NeowsBlessing","Mango","Gremlin Horn","Ancient Tea Set","Bottled Tornado","AT_BladeRuinedKing","Thread and Needle","Anchor","Vajra","Nilry\u0027s Codex","AT_LudenTempest","CaptainsWheel","Singing Bowl","Bottled Lightning","Black Star","Lizard Tail","Akabeko","Question Card","Frozen Egg 2","Prayer Wheel","Girya","Boot","Membership Card","AT_ImmortalShieldbow","Bag of Marbles"],"acts_visited":["Exordium","TheCity","TheBeyond"],"potions_floor_usage":[33,50],"damage_taken":[{"damage":0.0,"enemies":"Small Slimes","floor":1.0,"turns":1.0},{"damage":0.0,"enemies":"Cultist","floor":4.0,"turns":1.0},{"damage":0.0,"enemies":"Lagavulin","floor":6.0,"turns":1.0},{"damage":13.0,"enemies":"Gremlin Nob","floor":10.0,"turns":3.0},{"damage":17.0,"enemies":"2 Louse","floor":11.0,"turns":3.0},{"damage":20.0,"enemies":"Exordium Thugs","floor":12.0,"turns":3.0},{"damage":0.0,"enemies":"3 Louse","floor":13.0,"turns":2.0},{"damage":0.0,"enemies":"Lagavulin","floor":14.0,"turns":1.0},{"damage":20.0,"enemies":"Hexaghost","floor":16.0,"turns":5.0},{"damage":3.0,"enemies":"3 Byrds","floor":18.0,"turns":4.0},{"damage":19.0,"enemies":"Slavers","floor":23.0,"turns":4.0},{"damage":0.0,"enemies":"Gremlin Leader","floor":25.0,"turns":1.0},{"damage":0.0,"enemies":"Spheric Guardian","floor":27.0,"turns":1.0},{"damage":0.0,"enemies":"Slavers","floor":31.0,"turns":1.0},{"damage":0,"enemies":"Automaton","floor":33,"turns":1},{"damage":0,"enemies":"3 Shapes","floor":35,"turns":1},{"damage":0,"enemies":"3 Darklings","floor":38,"turns":1},{"damage":0,"enemies":"Mind Bloom Boss Battle","floor":39,"turns":1},{"damage":41,"enemies":"Nemesis","floor":41,"turns":3},{"damage":0,"enemies":"Writhing Mass","floor":42,"turns":1},{"damage":0,"enemies":"2 Orb Walkers","floor":45,"turns":1},{"damage":0,"enemies":"Giant Head","floor":46,"turns":2},{"damage":10,"enemies":"4 Shapes","floor":47,"turns":2},{"damage":46,"enemies":"Donu and Deca","floor":50,"turns":5}],"seed_played":"-3488879002419618737","potions_obtained":[{"floor":1.0,"key":"Swift Potion"},{"floor":12.0,"key":"Explosive Potion"},{"floor":13.0,"key":"Regen Potion"},{"floor":14.0,"key":"CunningPotion"},{"floor":16.0,"key":"FearPotion"},{"floor":27.0,"key":"Ancient Potion"},{"floor":31.0,"key":"Explosive Potion"},{"floor":35,"key":"Poison Potion"},{"floor":46,"key":"SkillPotion"}],"is_trial":false,"path_per_floor":["M","?","$","M","$","E","R","T","T","E","M","M","M","E","R","B",null,"M","?","$","?","?","E","R","E","T","M","$","?","$","E","R","B",null,"M","?","?","M","?","R","E","M","T","?","?","E","M","$","R","B",null],"character_chosen":"THE_SILENT","items_purchased":["Mango","Anchor","Vajra","Energy Potion","AT_TearsDenial","Membership Card","AT_ImmortalShieldbow","Bag of Marbles"],"campfire_rested":3,"item_purchase_floors":[3,20,20,28,30,48,48,48],"current_hp_per_floor":[59,59,73,73,73,73,73,73,73,60,43,23,23,23,47,27,67,64,64,64,43,43,24,48,48,48,48,48,48,48,48,72,74,80,82,82,82,84,86,86,45,47,47,65,67,69,61,61,61,15],"gold":3,"neow_bonus":"THREE_ENEMY_KILL","is_daily":false,"chose_seed":false,"campfire_upgraded":2,"win_rate":0.0,"timestamp":1610444175,"path_taken":["M","?","?","?","$","E","R","?","T","E","M","M","M","E","R","BOSS","M","?","$","?","?","E","R","E","T","?","$","?","?","E","R","BOSS","M","?","?","?","?","R","E","M","T","?","?","E","M","$","R","BOSS"],"items_purchased_type":["Relic","Relic","Relic","Potion","Card","Relic","Relic","Relic"],"build_version":"2020-12-22","purchased_purges":2,"victory":true,"max_hp_per_floor":[66,66,80,80,80,80,80,80,80,80,80,80,80,80,80,80,80,80,80,80,80,80,80,80,80,80,80,80,80,80,80,80,82,82,84,84,84,86,88,88,88,90,90,90,92,94,96,96,96,96],"card_choices":[{"not_picked":["Flechettes","Outmaneuver"],"picked":"Backflip","floor":1.0},{"not_picked":["Backflip","Dagger Throw"],"picked":"Calculated Gamble","floor":4.0},{"not_picked":["Bouncing Flask","Grand Finale"],"picked":"AT_Desolate","floor":6.0},{"not_picked":["Dodge and Roll","Well Laid Plans"],"picked":"Distraction","floor":10.0},{"not_picked":["Outmaneuver","Slice"],"picked":"Quick Slash","floor":11.0},{"not_picked":["Deadly Poison","Well Laid Plans"],"picked":"Quick Slash","floor":12.0},{"not_picked":["AT_Desolate","Backflip"],"picked":"Masterful Stab","floor":13.0},{"not_picked":["Cloak And Dagger","Slice"],"picked":"Distraction","floor":14.0},{"not_picked":["Corpse Explosion","Malaise"],"picked":"AT_KingSlayer","floor":16.0},{"not_picked":["Cloak And Dagger","Slice"],"picked":"Acrobatics","floor":18.0},{"not_picked":["AT_ThistleTea","Blade Dance"],"picked":"Flying Knee","floor":23.0},{"not_picked":["Well Laid Plans","AT_ThistleTea","Underhanded Strike+1"],"picked":"SKIP","floor":25.0},{"not_picked":["Acrobatics+1","Well Laid Plans+1"],"picked":"AT_KneejerkReflex+1","floor":27.0},{"not_picked":["AT_WindFlip","Acrobatics"],"picked":"Backstab","floor":31.0},{"not_picked":["Grand Finale","Die Die Die","Malaise"],"picked":"Singing Bowl","floor":33},{"not_picked":["AT_KneejerkReflex","Outmaneuver","Eviscerate"],"picked":"Singing Bowl","floor":35},{"not_picked":["Underhanded Strike+1","Masterful Stab","Setup"],"picked":"Singing Bowl","floor":38},{"not_picked":["Prepared","Underhanded Strike+1","Crippling Poison"],"picked":"Singing Bowl","floor":39},{"not_picked":["Noxious Fumes","Poisoned Stab"],"picked":"Adrenaline","floor":41},{"not_picked":["Skewer","Backflip","Cloak And Dagger","AT_WindFlip+1"],"picked":"Singing Bowl","floor":42},{"not_picked":["Blade Dance","Acrobatics","Sucker Punch","Cloak And Dagger"],"picked":"Singing Bowl","floor":45},{"not_picked":["Caltrops+1","Concentrate+1","Distraction","Crippling Poison"],"picked":"Singing Bowl","floor":46},{"not_picked":["Underhanded Strike","Blade Dance+1","Heel Hook","Deflect"],"picked":"Singing Bowl","floor":47},{"not_picked":["Leg Sweep+1","Reflex+1","Dodge and Roll+1"],"picked":"Wraith Form v2+1","floor":47}],"player_experience":614867,"relics_obtained":[{"floor":6.0,"key":"Gremlin Horn"},{"floor":8.0,"key":"Ancient Tea Set"},{"floor":9.0,"key":"Bottled Tornado"},{"floor":10.0,"key":"AT_BladeRuinedKing"},{"floor":14.0,"key":"Thread and Needle"},{"floor":21.0,"key":"Nilry\u0027s Codex"},{"floor":23.0,"key":"AT_LudenTempest"},{"floor":25.0,"key":"CaptainsWheel"},{"floor":26.0,"key":"Singing Bowl"},{"floor":31.0,"key":"Bottled Lightning"},{"floor":39,"key":"Lizard Tail"},{"floor":41,"key":"Akabeko"},{"floor":41,"key":"Question Card"},{"floor":43,"key":"Frozen Egg 2"},{"floor":45,"key":"Prayer Wheel"},{"floor":46,"key":"Girya"},{"floor":46,"key":"Boot"}],"event_choices":[{"damage_healed":0.0,"max_hp_gain":0.0,"max_hp_loss":0.0,"gold_gain":275.0,"event_name":"Golden Shrine","player_choice":"Desecrate","floor":2.0,"gold_loss":0.0,"damage_taken":0.0,"cards_obtained":["Regret"]},{"damage_healed":0.0,"max_hp_gain":0.0,"max_hp_loss":0.0,"gold_gain":100.0,"event_name":"The Joust","player_choice":"Bet on Murderer","floor":19.0,"gold_loss":50.0,"damage_taken":0.0},{"damage_healed":0.0,"max_hp_gain":0.0,"max_hp_loss":0.0,"gold_gain":0.0,"event_name":"Cursed Tome","player_choice":"Obtained Book","floor":21.0,"gold_loss":0.0,"damage_taken":21.0},{"damage_healed":0.0,"max_hp_gain":0.0,"max_hp_loss":0.0,"gold_gain":0.0,"event_name":"Vampires","player_choice":"Ignored","floor":22.0,"gold_loss":0.0,"damage_taken":0.0},{"damage_healed":0.0,"max_hp_gain":0.0,"max_hp_loss":0.0,"gold_gain":275.0,"event_name":"Golden Shrine","player_choice":"Desecrate","floor":29.0,"gold_loss":0.0,"damage_taken":0.0,"cards_obtained":["Regret"]},{"cards_removed":["Flying Knee"],"damage_healed":0,"gold_gain":0,"player_choice":"Removed Attack","damage_taken":0,"max_hp_gain":0,"max_hp_loss":0,"event_name":"Falling","floor":36,"gold_loss":0},{"cards_removed":["Defend_G"],"damage_healed":0,"gold_gain":0,"player_choice":"Offered Basic","damage_taken":0,"max_hp_gain":0,"max_hp_loss":0,"event_name":"Bonfire Elementals","floor":37,"gold_loss":0},{"damage_healed":0,"gold_gain":0,"player_choice":"Fight","damage_taken":0,"max_hp_gain":0,"max_hp_loss":0,"event_name":"MindBloom","floor":39,"gold_loss":0},{"damage_healed":18,"gold_gain":0,"player_choice":"Writhe","damage_taken":0,"max_hp_gain":0,"max_hp_loss":0,"event_name":"Winding Halls","floor":44,"gold_loss":0,"cards_obtained":["Writhe"]},{"damage_healed":0,"gold_gain":0,"player_choice":"Fight","damage_taken":0,"max_hp_gain":0,"max_hp_loss":0,"event_name":"Mysterious Sphere","floor":45,"gold_loss":0}],"is_beta":false,"boss_relics":[{"not_picked":["Ectoplasm","Velvet Choker"],"picked":"Ring of the Serpent"},{"not_picked":["WristBlade","SlaversCollar"],"picked":"Black Star"}],"items_purged_floors":[3,30],"is_endless":false,"potions_floor_spawned":[1,12,13,14,16,27,31,35,45,46],"ascension_level":15}}