{"host":"nlbr7nnijupf3yfg","time":1610483809,"event":{"mods":["AchievementEnabler","BaseMod","Colored Powertips","DeckTracker","Downfall","Hubris","Marisa????????","Minty Spire (QoL Compilation)","Replay The Spire","StSLib","SuperFastMode"],"gold_per_floor":[109,109,129,141,159,194,194,209,209,209,227,177,177,192,192,292,292,308,321,50,66,81,81,99,99,170,170,181,181,181,198,198,297,297,127,139,165,177,189,189],"floor_reached":39,"language":"ENG","playtime":871,"items_purged":["Strike_R"],"score":387,"play_id":"1becc8cd-1b95-4235-82a0-20dfffcb7f6d","local_time":"20210112153649","is_ascension_mode":false,"campfire_choices":[{"floor":7,"key":"REST"},{"floor":13,"key":"DIG"},{"floor":15,"key":"REST"},{"floor":23,"key":"REST"},{"floor":25,"key":"REST"},{"floor":30,"key":"DIG"}],"circlet_count":0,"master_deck":["Strike_R","Strike_R","Strike_R","Defend_R","Defend_R","Defend_R","Defend_R","Replay:Many Hands","hubris:SharpeningStone","Flex","Flex","hubris:DuctTapeCard","Thunderclap+1","Thunderclap","Eclipse","Spot Weakness","hubris:CleavingFinish+1","Wild Strike+1","Rampage+1","hubris:NaturalOne","sneckomod:Bewildered","Searing Blow+1"],"relics":["Burning Blood","hubris:Towel","Shovel","StoneCalendar","hubris:DuctTape","ReplayFunnel","Busted Crown","hubris:SlimyHat","Onion Ring","hubris:Icosahedron","Ornamental Fan","Replay:Ancient Bell","MawBank","HornCleat","Incense Burner"],"acts_visited":["Exordium","TheCity","TheBeyond"],"potions_floor_usage":[6,11,16,19,33,35],"damage_taken":[{"damage":7,"enemies":"2 Louse","floor":1,"turns":3},{"damage":6,"enemies":"Jaw Worm","floor":3,"turns":5},{"damage":10,"enemies":"Cultist","floor":4,"turns":4},{"damage":10,"enemies":"Looter","floor":5,"turns":4},{"damage":57,"enemies":"3 Sentries","floor":6,"turns":14},{"damage":2,"enemies":"Large Slime","floor":8,"turns":5},{"damage":8,"enemies":"Lots of Slimes","floor":11,"turns":5},{"damage":12,"enemies":"Exordium Wildlife","floor":14,"turns":4},{"damage":56,"enemies":"The Guardian","floor":16,"turns":9},{"damage":11,"enemies":"2 Thieves","floor":18,"turns":4},{"damage":19,"enemies":"3 Byrds","floor":19,"turns":7},{"damage":29,"enemies":"Snake Plant","floor":21,"turns":5},{"damage":21,"enemies":"Snecko","floor":22,"turns":4},{"damage":38,"enemies":"Centurion and Healer","floor":24,"turns":6},{"damage":0,"enemies":"Sentry and Sphere","floor":28,"turns":2},{"damage":31,"enemies":"Snake Plant","floor":31,"turns":4},{"damage":41,"enemies":"Champ","floor":33,"turns":8},{"damage":51,"enemies":"3 Shapes","floor":35,"turns":5},{"damage":0,"enemies":"Orb Walker","floor":37,"turns":3},{"damage":46,"enemies":"Spire Growth","floor":39,"turns":3}],"seed_played":"5641992471180814589","potions_obtained":[{"floor":1,"key":"Dexterity Potion"},{"floor":3,"key":"LifebloodPotion"},{"floor":8,"key":"Block Potion"},{"floor":14,"key":"CultistPotion"},{"floor":18,"key":"BlessingOfTheForge"},{"floor":24,"key":"Explosive Potion"},{"floor":31,"key":"DuplicationPotion"},{"floor":33,"key":"SteroidPotion"},{"floor":37,"key":"PowerPotion"}],"is_trial":false,"path_per_floor":["M","?","M","M","M","E","R","M","T","T","M","?","R","M","R","B",null,"M","M","$","M","M","R","M","R","T","?","M","?","R","M","R","B",null,"M","$","M","$","M"],"character_chosen":"IRONCLAD","items_purchased":["hubris:SlimyHat","hubris:CleavingFinish+1"],"campfire_rested":4,"item_purchase_floors":[20,20],"current_hp_per_floor":[79,79,79,75,71,20,44,48,48,48,46,46,46,40,64,14,80,75,62,62,39,24,48,16,40,40,40,46,51,51,26,50,15,80,35,35,41,41,0,0],"gold":189,"neow_bonus":"ONE_RANDOM_RARE_CARD","is_daily":false,"chose_seed":false,"campfire_upgraded":0,"win_rate":0.0,"timestamp":1610483809,"path_taken":["M","?","M","M","M","E","R","M","T","?","M","?","R","?","R","BOSS","M","?","$","M","M","R","M","R","T","?","M","?","R","M","R","BOSS","M","$","M","$","M"],"items_purchased_type":["Relic","Card"],"build_version":"2020-12-22","purchased_purges":1,"victory":false,"max_hp_per_floor":[80,80,80,80,80,80,80,80,80,80,80,80,80,80,80,80,80,80,80,80,80,80,80,80,80,80,80,80,80,80,80,80,80,80,80,80,80,80,80,80],"card_choices":[{"not_picked":["Hemokinesis","True Grit","Armaments"],"picked":"SKIP","floor":1},{"not_picked":["Twin Strike","Defy Death","hubris:ReadiedAction"],"picked":"SKIP","floor":3},{"not_picked":["ReplayTheSpireMod:Strike From Hell","ReplayTheSpireMod:Limb From Limb"],"picked":"Anger","floor":4},{"not_picked":["Hemokinesis","Heavy Blade"],"picked":"hubris:SharpeningStone","floor":5},{"not_picked":["Dropkick","Intimidate"],"picked":"Flex","floor":6},{"not_picked":["Carnage","Clothesline"],"picked":"Flex","floor":8},{"not_picked":["Twin Strike","Havoc"],"picked":"Thunderclap","floor":11},{"not_picked":["True Grit","Havoc"],"picked":"Thunderclap","floor":14},{"not_picked":["Demonic Infusion","Barricade"],"picked":"Eclipse","floor":16},{"not_picked":["ReplayTheSpireMod:Corrosion Curse"],"picked":"SKIP","floor":18},{"not_picked":[],"picked":"Spot Weakness","floor":19},{"not_picked":["ReplayTheSpireMod:Corrosion Curse"],"picked":"SKIP","floor":21},{"not_picked":[],"picked":"Wild Strike+1","floor":22},{"not_picked":[],"picked":"Rampage+1","floor":24},{"not_picked":[],"picked":"Replay:Undeath\u0027s Touch","floor":28},{"not_picked":["Warcry"],"picked":"SKIP","floor":31},{"not_picked":[],"picked":"ReplayTheSpireMod:IOU","floor":34},{"not_picked":[],"picked":"sneckomod:Bewildered","floor":34},{"not_picked":[],"picked":"ReplayTheSpireMod:IOU","floor":34},{"not_picked":[],"picked":"Searing Blow+1","floor":35},{"not_picked":["Wild Strike"],"picked":"SKIP","floor":37}],"player_experience":42115,"relics_obtained":[{"floor":6,"key":"Shovel"},{"floor":9,"key":"StoneCalendar"},{"floor":10,"key":"hubris:DuctTape"},{"floor":13,"key":"ReplayFunnel"},{"floor":26,"key":"Onion Ring"},{"floor":30,"key":"Ornamental Fan"}],"event_choices":[{"cards_removed":["Strike_R"],"damage_healed":0,"gold_gain":0,"player_choice":"Card Removal","damage_taken":0,"max_hp_gain":0,"max_hp_loss":0,"event_name":"The Cleric","floor":12,"gold_loss":50},{"cards_removed":["Replay:Undeath\u0027s Touch"],"damage_healed":5,"gold_gain":0,"player_choice":"Offered Common","damage_taken":0,"max_hp_gain":0,"max_hp_loss":0,"event_name":"Bonfire Elementals","floor":29,"gold_loss":0},{"cards_removed":["Replay:Undeath\u0027s Touch"],"damage_healed":5,"gold_gain":0,"player_choice":"Offered Special","damage_taken":0,"max_hp_gain":0,"max_hp_loss":0,"event_name":"Bonfire Elementals","floor":29,"gold_loss":0}],"is_beta":false,"boss_relics":[{"not_picked":["Runic Pyramid","Honey Jar"],"picked":"Busted Crown"},{"not_picked":["Abe\u0027s Treasure","hubris:TerracottaHorce"],"picked":"Replay:Ancient Bell"},{"not_picked":["Blue Doll","Replay:Wax Seal"],"picked":"MawBank"},{"not_picked":["Replay:WaspNest","Mercury Hourglass"],"picked":"HornCleat"},{"not_picked":["Durian","Girya"],"picked":"Incense Burner"}],"items_purged_floors":[20],"is_endless":false,"potions_floor_spawned":[1,3,8,14,18,24,31,33,37],"killed_by":"Spire Growth","ascension_level":0}}