{"host":"w3q5ijqu8eoknil3","time":1610411852,"event":{"mods":["AchievementEnabler","BaseMod","Block Reminder","Colored Powertips","Curses Come First","Minty Spire (QoL Compilation)","Quick Restart","Relic Stats","StSLib","ojb\u0027s Better Paths Mod","ojb\u0027s Info Mod","slay the spire mod where everything is the same but ironclad has a cowboy hat"],"gold_per_floor":[113,129,129,148,148,179,179,198,198,211,231,241,266,284,284,284,284],"floor_reached":16,"playtime":554,"items_purged":[],"score":268,"play_id":"5ae91b79-2d28-4336-bc77-0c37a483c762","local_time":"20210112003732","is_ascension_mode":true,"campfire_choices":[{"data":"Poisoned Stab","floor":7,"key":"SMITH"},{"data":"Dagger Spray","floor":15,"key":"SMITH"}],"circlet_count":0,"master_deck":["AscendersBane","Strike_G","Strike_G","Strike_G","Strike_G","Strike_G","Defend_G","Defend_G","Defend_G","Defend_G","Defend_G","Survivor","Neutralize","Backstab","Poisoned Stab+1","Choke","Dagger Spray+1","Riddle With Holes","Dash","Doppelganger","Finisher","Backflip"],"relics":["Ring of the Snake","NeowsBlessing","Omamori","Bronze Scales","Paper Crane"],"acts_visited":["Exordium"],"potions_floor_usage":[6,10,13,14,16],"damage_taken":[{"damage":0,"enemies":"Small Slimes","floor":1,"turns":1},{"damage":0,"enemies":"Cultist","floor":2,"turns":1},{"damage":0,"enemies":"Jaw Worm","floor":4,"turns":1},{"damage":40,"enemies":"Lagavulin","floor":6,"turns":8},{"damage":7,"enemies":"3 Louse","floor":8,"turns":3},{"damage":0,"enemies":"2 Fungi Beasts","floor":10,"turns":2},{"damage":0,"enemies":"Looter","floor":11,"turns":2},{"damage":0,"enemies":"Blue Slaver","floor":12,"turns":3},{"damage":0,"enemies":"3 Sentries","floor":13,"turns":5},{"damage":3,"enemies":"3 Louse","floor":14,"turns":3},{"damage":16,"enemies":"Slime Boss","floor":16,"turns":5}],"seed_played":"1915042346907505050","potions_obtained":[{"floor":1,"key":"Swift Potion"},{"floor":8,"key":"Poison Potion"},{"floor":10,"key":"DistilledChaos"},{"floor":12,"key":"Block Potion"},{"floor":13,"key":"Regen Potion"}],"is_trial":false,"path_per_floor":["M","M","?","M","$","E","R","M","T","M","M","M","E","M","R","B"],"character_chosen":"THE_SILENT","items_purchased":[],"campfire_rested":0,"item_purchase_floors":[],"current_hp_per_floor":[59,59,55,55,55,15,15,8,8,8,8,8,8,14,14,0,0],"gold":284,"neow_bonus":"THREE_ENEMY_KILL","is_daily":false,"chose_seed":false,"campfire_upgraded":2,"win_rate":0.0,"timestamp":1610411852,"path_taken":["M","M","?","M","?","E","R","M","T","M","M","M","E","M","R","BOSS"],"items_purchased_type":[],"build_version":"2020-12-22","purchased_purges":0,"victory":false,"max_hp_per_floor":[66,66,66,66,66,66,66,66,66,66,66,66,66,66,66,66,66],"relic_stats":{"counters":[11,34],"Bronze Scales":[30],"obtain_stats":[{"NeowsBlessing":0,"Bronze Scales":9,"Omamori":6,"Paper Crane":13,"Ring of the Snake":0},{"NeowsBlessing":0,"Bronze Scales":5,"Omamori":4,"Paper Crane":9,"Ring of the Snake":0},{"NeowsBlessing":0,"Bronze Scales":14,"Omamori":11,"Paper Crane":26,"Ring of the Snake":0}],"Ring of the Snake":[22]},"card_choices":[{"not_picked":["Heel Hook","Accuracy"],"picked":"Backstab","floor":1},{"not_picked":["Endless Agony","Leg Sweep"],"picked":"Poisoned Stab","floor":2},{"not_picked":["Quick Slash","Endless Agony"],"picked":"Choke","floor":4},{"not_picked":["Deflect","Accuracy","Tactician"],"picked":"SKIP","floor":6},{"not_picked":["Bane","Blade Dance"],"picked":"Dagger Spray","floor":8},{"not_picked":["Acrobatics","Masterful Stab"],"picked":"Riddle With Holes","floor":10},{"not_picked":["Flying Knee","Blade Dance"],"picked":"Dash","floor":11},{"not_picked":["Accuracy","Bane"],"picked":"Doppelganger","floor":12},{"not_picked":["Sucker Punch","Outmaneuver"],"picked":"Finisher","floor":13},{"not_picked":["Slice","Cloak And Dagger"],"picked":"Backflip","floor":14}],"player_experience":964109,"relics_obtained":[{"floor":6,"key":"Omamori"},{"floor":9,"key":"Bronze Scales"},{"floor":13,"key":"Paper Crane"}],"event_choices":[{"damage_healed":0,"gold_gain":0,"player_choice":"Bought 0 Potions","damage_taken":0,"max_hp_gain":0,"max_hp_loss":0,"event_name":"The Woman in Blue","floor":3,"gold_loss":0}],"is_beta":false,"boss_relics":[],"items_purged_floors":[],"is_endless":false,"potions_floor_spawned":[1,8,10,12,13],"killed_by":"Slime Boss","ascension_level":18}}