{"host":"kh6fvhxn285ncg0o","time":1610416601,"event":{"mods":["Act Like it!","BaseMod","Colored Map","Friendly Minions","Keyboard Shortcuts","Minty Spire (QoL Compilation)","Quick Restart","Relic Stats","StSLib","SuperFastMode"],"gold_per_floor":[114,9,29,29,179,179,179,218,245,280,303,316,357,377,377,473,473,497,2,54,72,72,72,72],"floor_reached":23,"playtime":596,"items_purged":["Strike_R"],"score":468,"play_id":"f34281c2-d667-4922-ba78-9f3c5e75a6e8","local_time":"20210112105641","is_ascension_mode":true,"campfire_choices":[{"data":"Flash of Steel","floor":6,"key":"SMITH"},{"data":"Fire Breathing","floor":15,"key":"SMITH"}],"circlet_count":0,"master_deck":["AscendersBane","Strike_R","Strike_R","Strike_R","Strike_R","Defend_R","Defend_R+1","Defend_R+1","Defend_R","Bash","Feel No Pain","Flash of Steel+1","Feed","Flame Barrier","Feed","Fire Breathing+1","Immolate","Rage","Apotheosis","Feel No Pain","Carnage+1"],"relics":["Burning Blood","NeowsBlessing","Golden Idol","Strawberry","Art of War","War Paint","Darkstone Periapt","Philosopher\u0027s Stone","Frozen Eye","MealTicket"],"acts_visited":["Exordium","TheCity"],"potions_floor_usage":[13,16,23],"damage_taken":[{"damage":0,"enemies":"Cultist","floor":1,"turns":1},{"damage":0,"enemies":"2 Louse","floor":3,"turns":1},{"damage":0,"enemies":"Lagavulin","floor":8,"turns":1},{"damage":18,"enemies":"3 Sentries","floor":10,"turns":17},{"damage":14,"enemies":"Small Slimes","floor":11,"turns":6},{"damage":13,"enemies":"3 Louse","floor":12,"turns":4},{"damage":24,"enemies":"Gremlin Nob","floor":13,"turns":4},{"damage":20,"enemies":"Looter","floor":14,"turns":5},{"damage":14,"enemies":"Hexaghost","floor":16,"turns":10},{"damage":46,"enemies":"3 Byrds","floor":18,"turns":5},{"damage":0,"enemies":"Chosen","floor":21,"turns":5},{"damage":63,"enemies":"Gremlin Leader","floor":23,"turns":6}],"seed_played":"722291948509835702","potions_obtained":[{"floor":3,"key":"Weak Potion"},{"floor":14,"key":"HeartOfIron"},{"floor":16,"key":"ElixirPotion"}],"is_trial":false,"path_per_floor":["M","$","M","?","?","R","?","E","T","E","M","M","E","M","R","B",null,"M","$","T","M","?","E"],"character_chosen":"IRONCLAD","items_purchased":["Flash of Steel","Apotheosis","Feel No Pain","Frozen Eye"],"campfire_rested":0,"item_purchase_floors":[2,19,19,19],"current_hp_per_floor":[74,74,75,49,49,49,49,62,62,53,48,44,26,15,15,7,72,32,32,32,38,57,0,0],"gold":72,"neow_bonus":"THREE_ENEMY_KILL","is_daily":false,"chose_seed":false,"campfire_upgraded":2,"win_rate":0.0,"timestamp":1610416601,"path_taken":["M","$","?","?","?","R","?","E","T","E","M","M","E","M","R","BOSS","M","$","?","M","?","E"],"items_purchased_type":["Card","Card","Card","Relic"],"build_version":"2020-12-22","purchased_purges":1,"victory":false,"max_hp_per_floor":[75,75,75,75,75,75,75,82,82,85,88,91,91,94,94,94,94,94,94,94,94,94,94,94],"relic_stats":{"Darkstone Periapt":0,"counters":[12,65],"Golden Idol":63,"MealTicket":0,"Art of War":[7],"War Paint":["Defend_R","Defend_R"],"obtain_stats":[{"Darkstone Periapt":13,"Frozen Eye":19,"NeowsBlessing":0,"Golden Idol":4,"Strawberry":8,"Philosopher\u0027s Stone":17,"MealTicket":20,"Art of War":9,"War Paint":10,"Burning Blood":0},{"Darkstone Periapt":7,"Frozen Eye":10,"NeowsBlessing":0,"Golden Idol":2,"Strawberry":3,"Philosopher\u0027s Stone":9,"MealTicket":10,"Art of War":3,"War Paint":4,"Burning Blood":0},{"Darkstone Periapt":34,"Frozen Eye":54,"NeowsBlessing":0,"Golden Idol":2,"Strawberry":3,"Philosopher\u0027s Stone":49,"MealTicket":54,"Art of War":3,"War Paint":20,"Burning Blood":0}],"Burning Blood":61},"card_choices":[{"not_picked":["Flex","Cleave"],"picked":"Feel No Pain","floor":1},{"not_picked":["Sword Boomerang","Iron Wave"],"picked":"Feed","floor":8},{"not_picked":["Sword Boomerang","Pommel Strike","Warcry"],"picked":"SKIP","floor":10},{"not_picked":["Metallicize","Clothesline"],"picked":"Flame Barrier","floor":11},{"not_picked":["Clash","Sword Boomerang"],"picked":"Feed","floor":12},{"not_picked":["True Grit","Pummel","Rupture"],"picked":"SKIP","floor":13},{"not_picked":["Wild Strike","Heavy Blade"],"picked":"Fire Breathing","floor":14},{"not_picked":["Reaper","Barricade"],"picked":"Immolate","floor":16},{"not_picked":["Dark Embrace","Warcry"],"picked":"Rage","floor":18},{"not_picked":["Iron Wave","Shrug It Off"],"picked":"Carnage+1","floor":21}],"player_experience":3425589,"relics_obtained":[{"floor":8,"key":"Strawberry"},{"floor":9,"key":"Art of War"},{"floor":10,"key":"War Paint"},{"floor":13,"key":"Darkstone Periapt"},{"floor":20,"key":"MealTicket"}],"event_choices":[{"damage_healed":0,"gold_gain":0,"player_choice":"Take Damage","damage_taken":26,"relics_obtained":["Golden Idol"],"max_hp_gain":0,"max_hp_loss":0,"event_name":"Golden Idol","floor":4,"gold_loss":0},{"damage_healed":0,"gold_gain":150,"player_choice":"AGREE","damage_taken":0,"max_hp_gain":0,"max_hp_loss":0,"event_name":"Liars Game","floor":5,"gold_loss":0,"cards_obtained":["Doubt"]},{"cards_removed":["Doubt"],"damage_healed":0,"gold_gain":0,"player_choice":"Removed Curses","damage_taken":0,"max_hp_gain":0,"max_hp_loss":0,"event_name":"Fountain of Cleansing","floor":7,"gold_loss":0},{"damage_healed":19,"gold_gain":0,"player_choice":"Heal","damage_taken":0,"max_hp_gain":0,"max_hp_loss":0,"event_name":"The Library","floor":22,"gold_loss":0}],"is_beta":false,"boss_relics":[{"not_picked":["Calling Bell","Black Star"],"picked":"Philosopher\u0027s Stone"}],"items_purged_floors":[19],"is_endless":false,"potions_floor_spawned":[3,14,16],"killed_by":"Gremlin Leader","ascension_level":20}}