{"host":"1a3cjta80tad0aqj","time":1610424722,"event":{"mods":["2.2 Compatiblity","AchievementEnabler","BaseMod","Colored Map","DeckTracker","KOR Keyword Fix","Keyboard Shortcuts","Minty Spire (QoL Compilation)","Permanent Neow","Quick Restart","Random Character Button","StSLib","SuperFastMode","everything is the same but u backflip on backflip"],"gold_per_floor":[213,223,148,167,117,117,134,164,164,175,175,193,193,16,16,120,120,130,159,59,59,70,70,83,83,131,131,46,64,64,79,79,79,79],"floor_reached":33,"playtime":1153,"items_purged":["Defend_R","Strike_R"],"score":247,"play_id":"f93b68d1-a7fa-445a-a4ff-48ea67e38fc8","local_time":"20210112131202","is_ascension_mode":false,"campfire_choices":[{"data":"Twin Strike","floor":13.0,"key":"SMITH"},{"data":"Twin Strike","floor":15.0,"key":"SMITH"},{"data":"Shrug It Off","floor":23.0,"key":"SMITH"},{"floor":27.0,"key":"REST"},{"floor":32.0,"key":"REST"}],"circlet_count":0,"master_deck":["Strike_R","Strike_R+1","Strike_R","Defend_R","Defend_R","Defend_R","Bash+1","Thunderclap","Flex","Anger","Twin Strike+1","Warcry","Warcry","Twin Strike+1","Flex","Anger+1","Shrug It Off+1","Writhe","Armaments"],"relics":["Burning Blood","Thread and Needle","Girya","Toolbox","Busted Crown","Red Mask","TungstenRod","MutagenicStrength","Whetstone","Anchor","CultistMask"],"acts_visited":["Exordium","TheCity"],"potions_floor_usage":[33,33,33],"damage_taken":[{"damage":5.0,"enemies":"Cultist","floor":1.0,"turns":4.0},{"damage":3.0,"enemies":"2 Louse","floor":2.0,"turns":3.0},{"damage":0.0,"enemies":"Small Slimes","floor":4.0,"turns":3.0},{"damage":4.0,"enemies":"Blue Slaver","floor":7.0,"turns":3.0},{"damage":25.0,"enemies":"Gremlin Nob","floor":8.0,"turns":4.0},{"damage":0.0,"enemies":"Large Slime","floor":10.0,"turns":5.0},{"damage":4.0,"enemies":"2 Fungi Beasts","floor":12.0,"turns":3.0},{"damage":39.0,"enemies":"Hexaghost","floor":16.0,"turns":7.0},{"damage":1.0,"enemies":"Spheric Guardian","floor":18.0,"turns":3.0},{"damage":28.0,"enemies":"Masked Bandits","floor":19.0,"turns":4.0},{"damage":1.0,"enemies":"Chosen","floor":22.0,"turns":3.0},{"damage":25.0,"enemies":"Shelled Parasite and Fungi","floor":24.0,"turns":5.0},{"damage":0.0,"enemies":"3 Cultists","floor":29.0,"turns":5.0},{"damage":23.0,"enemies":"Snecko","floor":31.0,"turns":5.0},{"damage":92,"enemies":"Champ","floor":33,"turns":8}],"seed_played":"6674742260765906288","potions_obtained":[{"floor":2.0,"key":"GamblersBrew"},{"floor":4.0,"key":"Strength Potion"},{"floor":8.0,"key":"Weak Potion"},{"floor":10.0,"key":"Regen Potion"},{"floor":11.0,"key":"Energy Potion"},{"floor":12.0,"key":"Fire Potion"},{"floor":18.0,"key":"Strength Potion"},{"floor":24.0,"key":"DuplicationPotion"},{"floor":29.0,"key":"FearPotion"}],"is_trial":false,"path_per_floor":["M","M","$","M","?","?","M","E","T","M","?","M","R","$","R","B",null,"M","?","$","?","M","R","M","?","T","R","?","M","?","M","R","B"],"character_chosen":"IRONCLAD","items_purchased":["Toolbox","Flex"],"campfire_rested":2,"item_purchase_floors":[14,14],"current_hp_per_floor":[80,80,80,80,80,80,80,61,61,67,67,69,69,69,69,36,80,80,58,58,58,63,63,44,44,44,68,68,74,74,57,80,0,0],"gold":79,"neow_bonus":"HUNDRED_GOLD","is_daily":false,"chose_seed":false,"campfire_upgraded":3,"win_rate":0.0,"timestamp":1610424722,"path_taken":["M","M","$","?","?","?","M","E","T","M","?","?","R","$","R","BOSS","M","?","$","?","M","R","M","?","T","R","?","M","?","M","R","BOSS"],"items_purchased_type":["Relic","Card"],"build_version":"2020-12-22","purchased_purges":2,"victory":false,"max_hp_per_floor":[80,80,80,80,80,80,80,80,80,80,80,80,80,80,80,80,80,80,80,80,80,80,80,80,80,80,80,80,80,80,80,80,80,80],"card_choices":[{"not_picked":["Clash","Clothesline"],"picked":"Thunderclap","floor":1.0},{"not_picked":["Rage","Infernal Blade"],"picked":"Flex","floor":2.0},{"not_picked":["Inflame","Hemokinesis"],"picked":"Anger","floor":4.0},{"not_picked":["Feed","Dual Wield"],"picked":"Twin Strike","floor":7.0},{"not_picked":["Sever Soul","Rage"],"picked":"Warcry","floor":8.0},{"not_picked":["Spot Weakness","Shockwave"],"picked":"Warcry","floor":10.0},{"not_picked":["Intimidate","Dropkick"],"picked":"Twin Strike","floor":12.0},{"not_picked":[],"picked":"Anger+1","floor":18.0},{"not_picked":[],"picked":"Shrug It Off","floor":19.0},{"not_picked":["Evolve"],"picked":"SKIP","floor":22.0},{"not_picked":["Evolve"],"picked":"SKIP","floor":24.0},{"not_picked":[],"picked":"Armaments","floor":29.0},{"not_picked":["Clothesline"],"picked":"SKIP","floor":31.0}],"player_experience":309579,"relics_obtained":[{"floor":8.0,"key":"Thread and Needle"},{"floor":9.0,"key":"Girya"},{"floor":19.0,"key":"Red Mask"},{"floor":26.0,"key":"Whetstone"}],"event_choices":[{"cards_removed":["Strike_R"],"damage_healed":0.0,"max_hp_gain":0.0,"max_hp_loss":0.0,"gold_gain":0.0,"event_name":"The Cleric","player_choice":"Card Removal","floor":5.0,"gold_loss":50.0,"damage_taken":0.0},{"damage_healed":0.0,"max_hp_gain":0.0,"max_hp_loss":0.0,"gold_gain":0.0,"event_name":"Liars Game","player_choice":"Ignored","floor":6.0,"gold_loss":0.0,"damage_taken":0.0},{"damage_healed":0.0,"max_hp_gain":0.0,"max_hp_loss":0.0,"gold_gain":0.0,"event_name":"Lab","player_choice":"Got Potions","floor":11.0,"gold_loss":0.0,"damage_taken":0.0},{"damage_healed":0.0,"max_hp_gain":0.0,"max_hp_loss":0.0,"gold_gain":0.0,"event_name":"Masked Bandits","player_choice":"Fought Bandits","floor":19.0,"gold_loss":0.0,"damage_taken":0.0},{"damage_healed":0.0,"max_hp_gain":0.0,"max_hp_loss":0.0,"gold_gain":0.0,"event_name":"The Mausoleum","player_choice":"Opened","floor":21.0,"gold_loss":0.0,"damage_taken":0.0,"relics_obtained":["TungstenRod"],"cards_obtained":["Writhe"]},{"damage_healed":0.0,"max_hp_gain":0.0,"max_hp_loss":0.0,"gold_gain":0.0,"event_name":"Drug Dealer","player_choice":"Inject Mutagens","floor":25.0,"gold_loss":0.0,"damage_taken":0.0,"relics_obtained":["MutagenicStrength"]},{"damage_healed":0.0,"max_hp_gain":0.0,"max_hp_loss":0.0,"gold_gain":0.0,"event_name":"Addict","player_choice":"Obtained Relic","floor":28.0,"gold_loss":85.0,"damage_taken":0.0,"relics_obtained":["Anchor"]},{"damage_healed":0.0,"max_hp_gain":0.0,"max_hp_loss":0.0,"gold_gain":0.0,"event_name":"FaceTrader","player_choice":"Trade","floor":30.0,"gold_loss":0.0,"damage_taken":0.0,"relics_obtained":["CultistMask"]}],"is_beta":false,"boss_relics":[{"not_picked":["Cursed Key","Calling Bell"],"picked":"Busted Crown"}],"items_purged_floors":[3,20],"is_endless":false,"potions_floor_spawned":[2,4,8,10,12,18,24,29],"killed_by":"Champ","ascension_level":0}}