{"host":"5ezk7t18wcb10u1o","time":1610466055,"event":{"mods":["BaseMod","Bestiary","Colored Powertips","Minty Spire (QoL Compilation)","Relic Sorter"],"gold_per_floor":[113,129,279,294,294,294,328,328,353,353,278,278,292,318,318,394,394,405,405,330,330,346,360,380,380,380,380,380],"floor_reached":27,"playtime":995,"items_purged":["Doubt"],"score":422,"play_id":"8ac084a2-4db5-4f30-9a87-b02888c6d191","local_time":"20210112154055","is_ascension_mode":true,"campfire_choices":[{"data":"Streamline","floor":6,"key":"SMITH"},{"data":"Coolheaded","floor":8,"key":"SMITH"},{"data":"Gash","floor":10,"key":"SMITH"},{"floor":15,"key":"REST"}],"circlet_count":0,"master_deck":["AscendersBane","Strike_B+1","Strike_B+1","Strike_B","Defend_B","Defend_B","Defend_B+1","Zap+1","Dualcast","Conserve Battery","Auto Shields","Streamline+1","Gash+1","Coolheaded+1","Machine Learning","Steam","Hyperbeam","Gash","J.A.X.","Reinforced Body+1","Hologram"],"relics":["FrozenCore","Bronze Scales","War Paint","Odd Mushroom","Omamori"],"acts_visited":["Exordium","TheCity"],"potions_floor_usage":[7,14,14,23,23],"damage_taken":[{"damage":0,"enemies":"Cultist","floor":1,"turns":3},{"damage":2,"enemies":"2 Louse","floor":2,"turns":3},{"damage":1,"enemies":"Small Slimes","floor":4,"turns":3},{"damage":22,"enemies":"Lagavulin","floor":7,"turns":6},{"damage":0,"enemies":"Blue Slaver","floor":13,"turns":2},{"damage":9,"enemies":"The Mushroom Lair","floor":14,"turns":3},{"damage":8,"enemies":"The Guardian","floor":16,"turns":9},{"damage":14,"enemies":"Chosen","floor":18,"turns":6},{"damage":21,"enemies":"Shell Parasite","floor":22,"turns":5},{"damage":11,"enemies":"Shelled Parasite and Fungi","floor":23,"turns":8},{"damage":13,"enemies":"Sentry and Sphere","floor":24,"turns":5},{"damage":7,"enemies":"Snecko","floor":27,"turns":3}],"seed_played":"2966538871281838592","potions_obtained":[{"floor":2,"key":"Dexterity Potion"},{"floor":4,"key":"Dexterity Potion"},{"floor":13,"key":"Energy Potion"},{"floor":18,"key":"AttackPotion"},{"floor":22,"key":"Block Potion"},{"floor":24,"key":"FearPotion"}],"is_trial":false,"path_per_floor":["M","M","?","M","?","R","E","R","T","R","$","?","M","?","R","B",null,"M","?","?","?","M","M","M","?","T","M"],"character_chosen":"DEFECT","items_purchased":[],"campfire_rested":1,"item_purchase_floors":[],"current_hp_per_floor":[64,62,62,61,66,66,44,44,44,44,44,21,21,12,34,26,64,50,50,50,50,29,18,5,5,5,0,0],"gold":380,"neow_bonus":"THREE_CARDS","is_daily":false,"chose_seed":false,"campfire_upgraded":3,"win_rate":0.0,"timestamp":1610466055,"path_taken":["M","?","?","M","?","R","E","R","T","R","$","?","M","?","R","BOSS","M","?","?","?","M","M","M","?","T","?"],"items_purchased_type":[],"build_version":"2020-12-22","purchased_purges":1,"victory":false,"max_hp_per_floor":[71,71,71,71,76,76,76,76,76,76,76,76,76,76,76,76,76,76,76,76,76,76,76,76,76,76,76,76],"card_choices":[{"not_picked":["Turbo","Gash"],"picked":"Conserve Battery","floor":0},{"not_picked":["Steam","Darkness"],"picked":"Auto Shields","floor":1},{"not_picked":["Chaos","Hologram"],"picked":"Streamline","floor":2},{"not_picked":["Coolheaded","Leap"],"picked":"Gash","floor":4},{"not_picked":["Compile Driver","Hologram"],"picked":"Coolheaded","floor":7},{"not_picked":["Beam Cell","Hello World"],"picked":"Machine Learning","floor":13},{"not_picked":["Undo","Storm"],"picked":"Steam","floor":14},{"not_picked":["Creative AI","Amplify"],"picked":"Hyperbeam","floor":16},{"not_picked":["Rebound","Cold Snap"],"picked":"Gash","floor":18},{"not_picked":["Cold Snap","Ball Lightning"],"picked":"Reinforced Body+1","floor":22},{"not_picked":["Darkness","Glacier+1","Steam"],"picked":"SKIP","floor":23},{"not_picked":["Steam","Ball Lightning+1"],"picked":"Hologram","floor":24}],"player_experience":1119962,"relics_obtained":[{"floor":7,"key":"Bronze Scales"},{"floor":9,"key":"War Paint"},{"floor":14,"key":"Odd Mushroom"},{"floor":26,"key":"Omamori"}],"event_choices":[{"damage_healed":0,"gold_gain":150,"player_choice":"AGREE","damage_taken":0,"max_hp_gain":0,"max_hp_loss":0,"event_name":"Liars Game","floor":3,"gold_loss":0,"cards_obtained":["Doubt"]},{"damage_healed":0,"gold_gain":0,"player_choice":"Donut","damage_taken":0,"max_hp_gain":5,"max_hp_loss":0,"event_name":"Big Fish","floor":5,"gold_loss":0},{"damage_healed":0,"gold_gain":0,"player_choice":"Entered Light","damage_taken":23,"max_hp_gain":0,"max_hp_loss":0,"event_name":"Shining Light","floor":12,"gold_loss":0,"cards_upgraded":["Strike_B","Strike_B"]},{"damage_healed":0,"gold_gain":0,"player_choice":"Fought Mushrooms","damage_taken":0,"max_hp_gain":0,"max_hp_loss":0,"event_name":"Mushrooms","floor":14,"gold_loss":0},{"cards_removed":["Defend_B"],"damage_healed":0,"gold_gain":0,"player_choice":"Elegance","damage_taken":0,"max_hp_gain":0,"max_hp_loss":0,"event_name":"Back to Basics","floor":19,"gold_loss":0},{"cards_removed":["Strike_B"],"damage_healed":0,"gold_gain":0,"player_choice":"Gave Gold","damage_taken":0,"max_hp_gain":0,"max_hp_loss":0,"event_name":"Beggar","floor":20,"gold_loss":75},{"damage_healed":0,"gold_gain":0,"player_choice":"Obtain J.A.X.","damage_taken":0,"max_hp_gain":0,"max_hp_loss":0,"event_name":"Drug Dealer","floor":21,"gold_loss":0,"cards_obtained":["J.A.X."]},{"damage_healed":0,"gold_gain":0,"player_choice":"Ignored","damage_taken":0,"max_hp_gain":0,"max_hp_loss":0,"event_name":"Cursed Tome","floor":25,"gold_loss":0}],"is_beta":false,"boss_relics":[{"not_picked":["Snecko Eye","Astrolabe"],"picked":"FrozenCore"}],"items_purged_floors":[11],"is_endless":false,"potions_floor_spawned":[2,4,13,18,22,24],"killed_by":"Snecko","ascension_level":20}}