{"host":"r53pw7z744tg3fxg","time":1610491232,"event":{"mods":["AchievementEnabler","BaseMod","Colored Map","Colored Powertips","Highlight Path","Minty Spire (QoL Compilation)","Quick Restart","Transform Curses"],"gold_per_floor":[10,26,43,43,43,82,82,116,116,132,132,132],"floor_reached":11,"language":"ENG","playtime":347,"items_purged":[],"score":137,"play_id":"4edda6f3-946d-4d51-80ac-f5b261edbc88","local_time":"20210112154032","is_ascension_mode":true,"campfire_choices":[{"floor":7.0,"key":"REST"}],"circlet_count":0,"master_deck":["AscendersBane","Strike_P","Strike_P","Strike_P","Strike_P","Defend_P","Defend_P","Defend_P","Defend_P","Eruption","Vigilance","BattleHymn","Pray","Prostrate","Wallop","Wish"],"relics":["PureWater","Torii","Golden Idol","Kunai","Akabeko","InkBottle"],"acts_visited":["Exordium"],"potions_floor_usage":[11],"damage_taken":[{"damage":0.0,"enemies":"Jaw Worm","floor":1.0,"turns":5.0},{"damage":0.0,"enemies":"2 Louse","floor":2.0,"turns":1.0},{"damage":0.0,"enemies":"Small Slimes","floor":3.0,"turns":3.0},{"damage":22.0,"enemies":"Lagavulin","floor":6.0,"turns":5.0},{"damage":32.0,"enemies":"Gremlin Nob","floor":8.0,"turns":4.0},{"damage":1.0,"enemies":"Red Slaver","floor":10.0,"turns":3.0},{"damage":35,"enemies":"3 Sentries","floor":11,"turns":3}],"seed_played":"-6340742218216807998","potions_obtained":[{"floor":3.0,"key":"Fruit Juice"},{"floor":8.0,"key":"Strength Potion"}],"is_trial":false,"path_per_floor":["M","M","M","?","?","E","R","E","T","M","E"],"character_chosen":"WATCHER","items_purchased":[],"campfire_rested":1,"item_purchase_floors":[],"current_hp_per_floor":[65,65,70,70,63,41,64,32,32,31,0,0],"gold":132,"neow_bonus":"ONE_RARE_RELIC","is_daily":false,"chose_seed":false,"campfire_upgraded":0,"win_rate":0.0,"timestamp":1610491232,"path_taken":["M","M","M","?","?","E","R","E","T","M","E"],"items_purchased_type":[],"build_version":"2020-12-22","purchased_purges":0,"victory":false,"max_hp_per_floor":[72,72,77,77,77,77,77,77,77,77,77,77],"card_choices":[{"not_picked":["Prostrate","Crescendo"],"picked":"BattleHymn","floor":1.0},{"not_picked":["Worship","FlyingSleeves","EmptyMind"],"picked":"SKIP","floor":2.0},{"not_picked":["SashWhip","CutThroughFate"],"picked":"Pray","floor":3.0},{"not_picked":["FlurryOfBlows","SashWhip"],"picked":"Prostrate","floor":6.0},{"not_picked":["FearNoEvil","BowlingBash"],"picked":"Wallop","floor":8.0},{"not_picked":["WaveOfTheHand","WheelKick"],"picked":"Wish","floor":10.0}],"player_experience":1241203,"relics_obtained":[{"floor":6.0,"key":"Kunai"},{"floor":8.0,"key":"Akabeko"},{"floor":9.0,"key":"InkBottle"}],"event_choices":[{"damage_healed":0.0,"max_hp_gain":0.0,"max_hp_loss":0.0,"gold_gain":0.0,"event_name":"Golden Idol","player_choice":"Take Wound","floor":4.0,"gold_loss":0.0,"damage_taken":0.0,"relics_obtained":["Golden Idol"],"cards_obtained":["Injury"]},{"cards_removed":["Injury"],"damage_healed":0.0,"max_hp_gain":0.0,"max_hp_loss":0.0,"gold_gain":0.0,"event_name":"Golden Wing","player_choice":"Card Removal","floor":5.0,"gold_loss":0.0,"damage_taken":7.0}],"is_beta":false,"boss_relics":[],"items_purged_floors":[],"is_endless":false,"potions_floor_spawned":[3,8],"killed_by":"3 Sentries","ascension_level":13}}