{"host":"i7jfea87xc8lz16p","time":1610455540,"event":{"mods":["AchievementEnabler","BaseMod","Colored Powertips","Minty Spire (QoL Compilation)","Relic Stats"],"gold_per_floor":[113,126,136,136,136,136,136,2,27,55,130,130,143,158,158,235,235,248,163,182,182,182],"floor_reached":21,"playtime":835,"items_purged":[],"score":358,"play_id":"236318c9-2d66-4a21-8c33-58a7ed53c163","local_time":"20210112134540","is_ascension_mode":true,"campfire_choices":[{"data":"Strike_G","floor":7,"key":"SMITH"},{"data":"Footwork","floor":12,"key":"SMITH"},{"data":"Neutralize","floor":15,"key":"SMITH"}],"circlet_count":0,"master_deck":["AscendersBane","Strike_G+1","Strike_G","Strike_G","Defend_G","Defend_G","Defend_G","Defend_G","Defend_G","Survivor","Neutralize+1","Cloak And Dagger","Corpse Explosion","Infinite Blades","Footwork+1","Cloak And Dagger","Caltrops","Envenom","Blade Dance"],"relics":["WristBlade","Happy Flower","Pen Nib","Empty Cage","PreservedInsect"],"acts_visited":["Exordium","TheCity"],"potions_floor_usage":[10,14,16,21],"damage_taken":[{"damage":0,"enemies":"2 Louse","floor":1,"turns":3},{"damage":0,"enemies":"Small Slimes","floor":2,"turns":5},{"damage":1,"enemies":"Jaw Worm","floor":3,"turns":5},{"damage":21,"enemies":"Lagavulin","floor":10,"turns":7},{"damage":0,"enemies":"Blue Slaver","floor":13,"turns":3},{"damage":2,"enemies":"Large Slime","floor":14,"turns":6},{"damage":22,"enemies":"The Guardian","floor":16,"turns":13},{"damage":29,"enemies":"2 Thieves","floor":18,"turns":3},{"damage":0,"enemies":"3 Byrds","floor":20,"turns":4},{"damage":23,"enemies":"Cultist and Chosen","floor":21,"turns":3}],"seed_played":"-4446660180593616091","potions_obtained":[{"floor":1,"key":"FearPotion"},{"floor":14,"key":"GhostInAJar"},{"floor":16,"key":"Energy Potion"},{"floor":20,"key":"Explosive Potion"}],"is_trial":false,"path_per_floor":["M","M","M","?","?","?","R","$","T","E","?","R","M","M","R","B",null,"M","?","M","M"],"character_chosen":"THE_SILENT","items_purchased":["Infinite Blades","Block Potion"],"campfire_rested":0,"item_purchase_floors":[8,8],"current_hp_per_floor":[59,59,58,58,58,58,58,58,58,37,26,26,26,24,24,2,50,21,21,21,0,0],"gold":182,"neow_bonus":"BOSS_RELIC","is_daily":false,"chose_seed":false,"campfire_upgraded":3,"win_rate":0.0,"timestamp":1610455540,"path_taken":["M","M","M","?","?","?","R","$","T","E","?","R","?","M","R","BOSS","M","?","M","M"],"items_purchased_type":["Card","Potion"],"build_version":"2020-12-22","purchased_purges":0,"victory":false,"max_hp_per_floor":[66,66,66,66,66,66,66,66,66,66,66,66,66,66,66,66,66,66,66,66,66,66],"relic_stats":{"Happy Flower":[13],"counters":[10,52],"Pen Nib":[6],"PreservedInsect":0,"obtain_stats":[{"WristBlade":0,"Happy Flower":9,"Pen Nib":10,"PreservedInsect":19,"Empty Cage":17,"Ring of the Snake":0},{"WristBlade":0,"Happy Flower":3,"Pen Nib":4,"PreservedInsect":8,"Empty Cage":7,"Ring of the Snake":0},{"WristBlade":0,"Happy Flower":13,"Pen Nib":20,"PreservedInsect":45,"Empty Cage":42,"Ring of the Snake":0}]},"card_choices":[{"not_picked":["Finisher","Dodge and Roll","Bane"],"picked":"SKIP","floor":1},{"not_picked":["Noxious Fumes","Bane"],"picked":"Cloak And Dagger","floor":2},{"not_picked":["Sucker Punch","Dodge and Roll"],"picked":"Corpse Explosion","floor":3},{"not_picked":["Eviscerate","PiercingWail"],"picked":"Footwork","floor":10},{"not_picked":["Prepared","Deflect"],"picked":"Cloak And Dagger","floor":13},{"not_picked":["Dodge and Roll","Skewer"],"picked":"Caltrops","floor":14},{"not_picked":["Die Die Die","Phantasmal Killer"],"picked":"Envenom","floor":16},{"not_picked":["Prepared+1","Dagger Spray"],"picked":"Blade Dance","floor":18},{"not_picked":["Prepared","Masterful Stab","Phantasmal Killer"],"picked":"SKIP","floor":20}],"player_experience":1757521,"relics_obtained":[{"floor":9,"key":"Happy Flower"},{"floor":10,"key":"Pen Nib"}],"event_choices":[{"damage_healed":0,"gold_gain":0,"player_choice":"Ignored","damage_taken":0,"max_hp_gain":0,"max_hp_loss":0,"event_name":"Shining Light","floor":4,"gold_loss":0},{"damage_healed":0,"gold_gain":0,"player_choice":"Leave","damage_taken":0,"max_hp_gain":0,"max_hp_loss":0,"event_name":"The Cleric","floor":5,"gold_loss":0},{"damage_healed":0,"gold_gain":0,"player_choice":"Ignored","damage_taken":0,"max_hp_gain":0,"max_hp_loss":0,"event_name":"Liars Game","floor":6,"gold_loss":0},{"damage_healed":0,"gold_gain":75,"player_choice":"Gather Gold","damage_taken":11,"max_hp_gain":0,"max_hp_loss":0,"event_name":"World of Goop","floor":11,"gold_loss":0},{"damage_healed":0,"gold_gain":0,"player_choice":"Obtained Relic","damage_taken":0,"relics_obtained":["PreservedInsect"],"max_hp_gain":0,"max_hp_loss":0,"event_name":"Addict","floor":19,"gold_loss":85}],"is_beta":false,"boss_relics":[{"not_picked":["Velvet Choker","Runic Dome"],"picked":"Empty Cage"}],"items_purged_floors":[],"is_endless":false,"potions_floor_spawned":[1,14,16,20],"killed_by":"Cultist and Chosen","ascension_level":20}}