{"host":"a8v0czv88scrgx5i","time":1610436203,"event":{"mods":["2.2 Compatiblity","Act Like it!","Aspiration","Astrologer","Bard","BaseMod","Beaked The Cultist","Better Third Choice","BetterRewards","Colored Map","Colored Powertips","Curses Come First","Dota2Spire","Downfall","Friendly Minions","GifTheSpireLib","GungeonMod","Hermit","Hubris","Infinite Spire","Luminous","Marisa????????","Minty Spire (QoL Compilation)","READ ME - Guardian Mod","Rare Cards Sparkle","Relic Sorter","Replay The Spire","Shade Mod","Shop Mod","StSLib","The Animator","The Blackbeard","The Bug Knight","The Construct","The Cursed","The Disciple","The Elementalist","The Hierophant","The Jungle","The Mystic","The Necromancer","The Runesmith","The Servant 0.9.4","The Spell Scribe","vexMod"],"gold_per_floor":[99,99,84,111,111,129,156,182,197,223,273,287,313,330,347,448,448,373,384,399,399,499,499,547,559,579,611,536,556,481,481,500,595,595,595,606,617,45,65,85,85,266,276,276,276,307,307,307,323,323,323,357,57,57,57],"floor_reached":56,"playtime":4050,"items_purged":[],"score":1269,"play_id":"56d92e03-671a-46e3-baf0-c86080ba4944","local_time":"20210112022323","is_ascension_mode":false,"campfire_choices":[{"data":"champ:Taunt","floor":1,"key":"SMITH"},{"data":"champ:BerserkerStyle","floor":18,"key":"SMITH"},{"data":"champ:CalledShot","floor":23,"key":"SMITH"},{"floor":28,"key":"RECALL"},{"data":"champ:AdrenalArmor","floor":30,"key":"SMITH"},{"data":"champ:EndlessRage","floor":35,"key":"SMITH"},{"data":"champ:BerserkerStyle","floor":45,"key":"SMITH"},{"floor":47,"key":"REST"},{"floor":54,"key":"REST"}],"circlet_count":0,"master_deck":["champ:Strike","champ:Strike","champ:Strike","champ:Defend","champ:Defend","champ:Defend","champ:Defend","champ:Execute+1","champ:Taunt+1","champ:BerserkerStyle+1","champ:GutPunch","champ:BerserkerStyle+1","champ:Encircle","champ:ShieldSigil","champ:EndlessRage+1","champ:DeathBlow","champ:LastStand","champ:CalledShot+1","champ:CrookedStrike","champ:AdrenalArmor+1","champ:SwordSigil+1","champ:CrookedStrike+1","champ:BringItOn","champ:StanceDance+1","champ:Aggression","champ:AdrenalArmor","champ:BerserkerStyle","champ:HeartStrike","ReplayTheSpireMod:Brewmster"],"relics":["aspiration:SecretTechniqueScroll","Dota2Spire:Dagon","DemoMod:PoisonVial","Orichalcum","aspiration:HummingbirdHeart","hubris:BottledRain","PreservedInsect","downfall:HeartBlessingGreen","theJungle:WildStrawberry","infinitespire:Eraser","downfall:HeartBlessingBlue","downfall:HeartBlessingRed","DemoMod:RiddleOfLead","The Courier","MerchantsRug","vexMod:ScavengeHelm","Toy Ornithopter","Dota2Spire:OrchidMalevolence"],"acts_visited":["Exordium","Exordium","TheBeyond","TheEnding"],"potions_floor_usage":[13,20,32,40,55,55,55,55,55,55,55,55,55,55,55,55,55,55],"damage_taken":[{"damage":15,"enemies":"downfall:FleeingMerchant","floor":3,"turns":4},{"damage":23,"enemies":"Jaw Worm","floor":6,"turns":4},{"damage":43,"enemies":"3 Sentries","floor":8,"turns":6},{"damage":6,"enemies":"Cultist","floor":9,"turns":3},{"damage":37,"enemies":"Lagavulin","floor":10,"turns":6},{"damage":6,"enemies":"Small Slimes","floor":12,"turns":2},{"damage":19,"enemies":"Gremlin Nob","floor":13,"turns":3},{"damage":17,"enemies":"Blue Slaver","floor":14,"turns":3},{"damage":59,"enemies":"Gremlin Gang","floor":15,"turns":9},{"damage":83,"enemies":"downfall:Silent","floor":16,"turns":6},{"damage":28,"enemies":"Shell Parasite","floor":19,"turns":4},{"damage":56,"enemies":"theJungle:GiantWrat","floor":20,"turns":6},{"damage":72,"enemies":"theJungle:JungleHuntersEncounter","floor":25,"turns":5},{"damage":34,"enemies":"theJungle:2_Snecko_Cultists","floor":26,"turns":4},{"damage":41,"enemies":"theJungle:2_Phrogs","floor":27,"turns":6},{"damage":66,"enemies":"theJungle:2_Flameangoes","floor":29,"turns":4},{"damage":89,"enemies":"theJungle:JungleHuntersEncounter","floor":32,"turns":5},{"damage":89,"enemies":"downfall:Defect","floor":33,"turns":6},{"damage":90,"enemies":"3 Shapes","floor":36,"turns":7},{"damage":39,"enemies":"3 Darklings","floor":37,"turns":5},{"damage":61,"enemies":"downfall:FleeingMerchant","floor":38,"turns":4},{"damage":53,"enemies":"Jaw Worm Horde","floor":39,"turns":5},{"damage":68,"enemies":"Transient","floor":40,"turns":5},{"damage":49,"enemies":"downfall:FleeingMerchant","floor":42,"turns":3},{"damage":67,"enemies":"Maw","floor":43,"turns":6},{"damage":72,"enemies":"beaked:SuperParasite","floor":46,"turns":7},{"damage":27,"enemies":"Jaw Worm Horde","floor":49,"turns":4},{"damage":152,"enemies":"downfall:Watcher","floor":50,"turns":7},{"damage":149,"enemies":"downfall:CharBossMerchant","floor":52,"turns":7},{"damage":257,"enemies":"downfall:NeowBoss","floor":55,"turns":19}],"seed_played":"-5850442207055600278","potions_obtained":[{"floor":6,"key":"SpeedPotion"},{"floor":10,"key":"champ:CounterPotion"},{"floor":12,"key":"Adrenaline Potion"},{"floor":14,"key":"Swift Potion"},{"floor":15,"key":"champ:TechniquePotion"},{"floor":25,"key":"Dexterity Potion"},{"floor":26,"key":"construct:ShiftPotion"},{"floor":33,"key":"champ:CounterPotion"},{"floor":52,"key":"SteroidPotion"}],"is_trial":false,"path_per_floor":["R","?","$","T","T","M","T","E","M","E","?","M","E","M","M","B",null,"R","M","M","?","?","R","T","M","M","E","R","M","R","?","M","B",null,"R","M","M","$","M","M","T","$","M","?","R","E","R","?","M","B",null,"E","$","R","B",null],"character_chosen":"THE_CHAMP","items_purchased":["Dota2Spire:Dagon","MerchantsRug","vexMod:ScavengeHelm","Dota2Spire:OrchidMalevolence","ReplayTheSpireMod:Brewmster"],"campfire_rested":2,"item_purchase_floors":[38,42,42,53,53],"current_hp_per_floor":[90,90,90,90,90,90,90,77,77,68,68,68,68,68,72,57,95,95,88,85,78,78,78,78,70,69,69,79,69,69,69,69,60,127,127,95,92,92,83,87,87,83,80,80,80,76,114,114,114,63,127,56,56,96,134],"gold":57,"neow_bonus":"BOSS_RELIC","is_daily":false,"chose_seed":false,"campfire_upgraded":6,"win_rate":0.0,"timestamp":1610436203,"path_taken":["R","?","$","?","?","M","T","E","M","E","?","?","E","M","M","BOSS","R","M","M","?","?","R","T","?","M","E","R","M","R","?","M","BOSS","R","M","M","$","M","M","T","$","M","?","R","E","R","?","M","BOSS","E","$","R","BOSS"],"items_purchased_type":["Relic","Relic","Relic","Relic","Card"],"build_version":"2020-12-22","purchased_purges":0,"victory":true,"max_hp_per_floor":[90,90,90,90,90,90,90,90,90,90,90,90,90,90,95,95,95,95,95,100,107,107,107,107,107,107,107,117,117,117,117,117,117,127,127,127,127,127,127,127,127,127,127,127,127,127,127,127,127,127,127,134,134,134,134],"card_choices":[{"not_picked":["champ:EnchantCrown","champ:FocusedBerserking"],"picked":"champ:BerserkerStyle","floor":3},{"not_picked":["champ:PerfectedStrike","champ:Riposte"],"picked":"champ:GutPunch","floor":6},{"not_picked":["champ:EnchantSword","champ:BerserkersShout"],"picked":"champ:BerserkerStyle","floor":8},{"not_picked":["champ:Circumvent","champ:GladiatorsShout"],"picked":"champ:Encircle","floor":9},{"not_picked":["champ:ShieldSlam","champ:BerserkersShout"],"picked":"champ:ShieldSigil","floor":10},{"not_picked":["champ:Circumvent","champ:DefensiveShout"],"picked":"champ:EndlessRage","floor":12},{"not_picked":["champ:DefensiveStyle","champ:Circumvent","champ:FalseCounter"],"picked":"SKIP","floor":13},{"not_picked":["champ:FanOfKnives","champ:RageSigil"],"picked":"champ:FightOn","floor":14},{"not_picked":["champ:ShieldSigil","champ:ViciousMockery"],"picked":"champ:DeathBlow","floor":15},{"not_picked":["champ:EnchantSword","champ:HoldFirm"],"picked":"champ:LastStand","floor":16},{"not_picked":["champ:Backstep","champ:CrookedStrike"],"picked":"champ:FightOn","floor":19},{"not_picked":["champ:StanceDance","champ:ShieldSigil"],"picked":"champ:CalledShot","floor":20},{"not_picked":["champ:DefensiveShout","champ:EnragedBash+1"],"picked":"champ:CrookedStrike","floor":25},{"not_picked":["champ:Duel","champ:GladiatorsShout"],"picked":"champ:AdrenalArmor","floor":26},{"not_picked":["champ:Haymaker","champ:BerserkersShout"],"picked":"champ:SwordSigil+1","floor":27},{"not_picked":["champ:DeathBlow+1","champ:FaceSlap","champ:TornadoPunch+1"],"picked":"SKIP","floor":29},{"not_picked":["champ:FanOfKnives+1","champ:BringItOn"],"picked":"champ:CrookedStrike+1","floor":32},{"not_picked":["champ:ShieldWall","champ:FlashCut"],"picked":"champ:BringItOn","floor":36},{"not_picked":["champ:Haymaker","champ:ShieldWall+1"],"picked":"champ:StanceDance+1","floor":37},{"not_picked":["champ:BringItOn+1","champ:Circumvent+1"],"picked":"champ:Aggression","floor":38},{"not_picked":["champ:TornadoPunch","champ:PerfectedStrike+1"],"picked":"champ:AdrenalArmor","floor":39},{"not_picked":["champ:DefensiveStyle+1","champ:SkillfulDodge+1","champ:BerserkersShout"],"picked":"SKIP","floor":40},{"not_picked":["champ:ArenaPreparation+1","champ:DancingMaster","champ:EnGarde+1"],"picked":"SKIP","floor":42},{"not_picked":["champ:GladiatorsShout+1","champ:BladeFlurry+1","champ:RageSigil+1"],"picked":"SKIP","floor":43},{"not_picked":["champ:FocusedBerserking","champ:Shatter+1"],"picked":"champ:BerserkerStyle","floor":46},{"not_picked":["champ:ViciousMockery+1","champ:ShieldSigil+1"],"picked":"champ:HeartStrike","floor":49},{"not_picked":["champ:EnragedBash+1","champ:RageSigil","champ:BringItOn"],"picked":"SKIP","floor":52}],"player_experience":948772,"relics_obtained":[{"floor":4,"key":"DemoMod:PoisonVial"},{"floor":5,"key":"DemoMod:Metronome"},{"floor":7,"key":"Orichalcum"},{"floor":8,"key":"aspiration:HummingbirdHeart"},{"floor":10,"key":"hubris:BottledRain"},{"floor":13,"key":"PreservedInsect"},{"floor":27,"key":"infinitespire:Eraser"},{"floor":41,"key":"The Courier"},{"floor":46,"key":"Toy Ornithopter"},{"floor":52,"key":"DemoMod:MonsterBlood"}],"event_choices":[{"damage_healed":0,"gold_gain":0,"player_choice":"Upgraded","damage_taken":0,"max_hp_gain":0,"max_hp_loss":0,"event_name":"Upgrade Shrine","floor":2,"gold_loss":0,"cards_upgraded":["champ:Execute"]},{"cards_removed":["champ:Strike"],"damage_healed":0,"gold_gain":0,"player_choice":"Removed Attack","damage_taken":0,"max_hp_gain":0,"max_hp_loss":0,"event_name":"Falling","floor":44,"gold_loss":0}],"is_beta":false,"boss_relics":[{"not_picked":["Dota2Spire:Bloodstone","hubris:RunicObelisk"],"picked":"aspiration:RunicSpoon"},{"not_picked":["ReplayTheSpireMod:DimensionalGlitch","Philosopher\u0027s Stone"],"picked":"DemoMod:RiddleOfLead"}],"items_purged_floors":[],"is_endless":false,"potions_floor_spawned":[6,10,12,14,15,25,26,29,33,37,39,52],"ascension_level":0}}