{"host":"toh0bbw446wnuexf","time":1610437815,"event":{"mods":["BaseMod","Downfall","Hermit","Minty Spire (QoL Compilation)","Random Character Button","StSLib"],"gold_per_floor":[99,114,126,156,156,65,89,74,90,90,0,19,19,47,60,158,158,158,176,187,202,87,87,167,167,167,183,283,283,283],"floor_reached":29,"playtime":1680,"items_purged":["sneckomod:Unknown","sneckomod:Unknown"],"score":287,"play_id":"8b574d30-3e51-416d-a43e-89303e3b28a1","local_time":"20210112205015","is_ascension_mode":true,"campfire_choices":[{"data":"sneckomod:TailWhip","floor":1,"key":"SMITH"},{"data":"sneckomod:UnknownStrength","floor":10,"key":"SMITH"},{"data":"sneckomod:UnknownRareAttack","floor":13,"key":"SMITH"},{"data":"sneckomod:Unknown3Cost","floor":18,"key":"SMITH"},{"data":"sneckomod:UnknownUncommonPower","floor":23,"key":"SMITH"},{"data":"sneckomod:Defend","floor":26,"key":"SMITH"}],"circlet_count":0,"master_deck":["sneckomod:Strike","sneckomod:Strike","sneckomod:Strike","sneckomod:Defend+1","sneckomod:Defend","sneckomod:Defend","sneckomod:TailWhip+1","sneckomod:SnekBite","sneckomod:UnknownUncommonPower+1","sneckomod:UnknownStrength+1","sneckomod:UnknownRareAttack+1","sneckomod:Unknown3Cost+1"],"relics":["Coffee Dripper","Centennial Puzzle","Bottled Tornado","Philosopher\u0027s Stone","InkBottle"],"acts_visited":["Exordium","TheCity"],"potions_floor_usage":[],"damage_taken":[{"damage":0,"enemies":"2 Louse","floor":2,"turns":2},{"damage":1,"enemies":"Jaw Worm","floor":3,"turns":2},{"damage":0,"enemies":"downfall:FleeingMerchant","floor":6,"turns":4},{"damage":0,"enemies":"downfall:FleeingMerchant","floor":8,"turns":4},{"damage":4,"enemies":"Cultist","floor":9,"turns":3},{"damage":10,"enemies":"downfall:FleeingMerchant","floor":11,"turns":4},{"damage":6,"enemies":"Large Slime","floor":12,"turns":2},{"damage":18,"enemies":"Lagavulin","floor":14,"turns":5},{"damage":5,"enemies":"Exordium Thugs","floor":15,"turns":3},{"damage":0,"enemies":"downfall:Watcher","floor":16,"turns":10},{"damage":4,"enemies":"Shell Parasite","floor":19,"turns":4},{"damage":6,"enemies":"Spheric Guardian","floor":20,"turns":3},{"damage":35,"enemies":"Centurion and Healer","floor":21,"turns":7},{"damage":15,"enemies":"downfall:FleeingMerchant","floor":22,"turns":4},{"damage":22,"enemies":"Snake Plant","floor":27,"turns":5},{"damage":21,"enemies":"Chosen and Byrds","floor":29,"turns":2}],"seed_played":"-3546903577506020828","potions_obtained":[{"floor":2,"key":"SteroidPotion"},{"floor":3,"key":"Weak Potion"},{"floor":9,"key":"Weak Potion"},{"floor":12,"key":"CultistPotion"},{"floor":16,"key":"Dexterity Potion"},{"floor":25,"key":"CultistPotion"}],"is_trial":false,"path_per_floor":["R","M","M","?","?","$","T","$","M","R","$","M","R","E","M","B",null,"R","M","M","M","$","R","T","?","R","M","?","M"],"character_chosen":"THE_SNECKO","items_purchased":["sneckomod:UnknownStrength"],"campfire_rested":0,"item_purchase_floors":[6],"current_hp_per_floor":[90,90,89,89,89,89,89,89,85,85,75,69,69,51,46,46,90,90,86,87,52,37,37,37,37,37,15,15,0,0],"gold":283,"neow_bonus":"BOSS_RELIC","is_daily":false,"chose_seed":false,"campfire_upgraded":6,"win_rate":0.0,"timestamp":1610437815,"path_taken":["R","M","M","?","?","?","T","$","?","R","$","M","R","E","M","BOSS","R","M","M","M","$","R","T","?","R","M","?","M"],"items_purchased_type":["Card"],"build_version":"2020-12-22","purchased_purges":2,"victory":false,"max_hp_per_floor":[90,90,90,90,90,90,90,90,90,90,90,90,90,90,90,90,90,90,90,90,90,90,90,90,90,90,90,90,90,90],"card_choices":[{"not_picked":["sneckomod:UnknownClassHEXA_GHOST_PURPLE","sneckomod:SoulCleanse","sneckomod:WideSting"],"picked":"SKIP","floor":2},{"not_picked":["sneckomod:CheapStock","sneckomod:UnknownCommonAttack","sneckomod:IronFang"],"picked":"SKIP","floor":3},{"not_picked":["sneckomod:RainOfDice","sneckomod:QuickBite"],"picked":"sneckomod:UnknownUncommonPower","floor":6},{"not_picked":["sneckomod:Unknown1Cost","sneckomod:Nope","sneckomod:SnakeSap"],"picked":"SKIP","floor":8},{"not_picked":["sneckomod:SnakeSap","sneckomod:SoulRoll","sneckomod:SnekBeam"],"picked":"SKIP","floor":9},{"not_picked":["sneckomod:SerpentIdol","sneckomod:Unknown1Cost","sneckomod:QuickBite"],"picked":"SKIP","floor":11},{"not_picked":["sneckomod:Unknown0Cost","sneckomod:QuickBite"],"picked":"sneckomod:UnknownRareAttack","floor":12},{"not_picked":["sneckomod:Nope","sneckomod:WideSting","sneckomod:UnknownExhaust"],"picked":"SKIP","floor":14},{"not_picked":["sneckomod:Rotation","sneckomod:IronFang","sneckomod:UnknownVulnerable"],"picked":"SKIP","floor":15},{"not_picked":["sneckomod:SoulExchange","sneckomod:SerpentMind"],"picked":"sneckomod:Unknown3Cost","floor":16},{"not_picked":["sneckomod:UnknownVulnerable","sneckomod:UnknownClassBLUE","sneckomod:UnknownCommonAttack"],"picked":"SKIP","floor":19},{"not_picked":["sneckomod:SoulRoll","sneckomod:DiceBlock","sneckomod:UnknownStrike"],"picked":"SKIP","floor":20},{"not_picked":["sneckomod:WideSting","sneckomod:UnknownCommonSkill","sneckomod:ImprovisedGuard"],"picked":"SKIP","floor":21},{"not_picked":["sneckomod:UnknownCommonSkill","sneckomod:Cheat","sneckomod:UnknownClassBLUE"],"picked":"SKIP","floor":22},{"not_picked":["sneckomod:UnknownCommonSkill","sneckomod:UnknownClassHEXA_GHOST_PURPLE","sneckomod:UnknownCommonAttack"],"picked":"SKIP","floor":27}],"player_experience":614206,"relics_obtained":[{"floor":7,"key":"Centennial Puzzle"},{"floor":14,"key":"Bottled Tornado"},{"floor":24,"key":"InkBottle"}],"event_choices":[],"is_beta":false,"boss_relics":[{"not_picked":["Empty Cage","downfall:Hecktoplasm"],"picked":"Philosopher\u0027s Stone"}],"items_purged_floors":[11,22],"is_endless":false,"potions_floor_spawned":[2,3,9,12,16,19,20],"killed_by":"Chosen and Byrds","ascension_level":1}}