{"host":"8y2c5mjc7wv5yl9h","time":1610439582,"event":{"mods":["2.2 Compatiblity","ATMod(阿瑾Mod)","Act Like it!","BaseMod","BetterRewards","CapriCore","Colored Map","Colored Powertips","Downfall","Gensokyo","Hallownest","Highlight Path","KomeijiMod","Lobotomy","LobotomyExtend","Mimic Mod","Minty Spire (QoL Compilation)","Pale of the Ancients","Permanent Neow","Quick Restart","Relic Stats","Replay The Spire","RumiaBox-露米娅的神秘盒子","Shop Mod","Spicy Shops","StSLib","The Immortal","Waifu the Spire","【功能Mod】混沌之环修复补丁","【遗物卡牌】REMEMod","篝火指南"],"gold_per_floor":[180,193,193,207,226,253,253,269,321,331,331,100,100,129,129,224,224,439,439,33,33,19,19,33,33,33,33,59,69,80,108,108,206,256,276,291,291,350,350,382,382,208,285,296,206,206,206,206,28,109,109,109,109,3,38,59],"floor_reached":57,"playtime":2662,"items_purged":["Strike_Remiria","Strike_Remiria","Defend_Remirira","Pride","Gensokyo:ImpossibleRequest","Writhe"],"score":1626,"play_id":"cdecc979-5c48-4d36-890d-762bde832b59","local_time":"20210112161942","is_ascension_mode":false,"campfire_choices":[{"floor":7.0,"key":"REST"},{"data":"ThirstForBlood","floor":11.0,"key":"SMITH"},{"floor":15.0,"key":"REST"},{"floor":23.0,"key":"RECALL"},{"data":"BathedInBlood","floor":25.0,"key":"SMITH"},{"data":"BathedInBlood","floor":32.0,"key":"SMITH"},{"data":"Absorbed","floor":41.0,"key":"SMITH"},{"data":"Gensokyo:PrivateSquare","floor":47.0,"key":"SMITH"},{"data":"HeartBreak_Remiria","floor":53.0,"key":"SMITH"}],"circlet_count":0,"master_deck":["Strike_Remiria","Strike_Remiria+1","Defend_Remirira","Defend_Remirira","Absorbed+1","Scratch","BathedInBlood+1","Feint+1","DoubleEdge+1","ThirstForBlood+1","BodyStrengthen","RocketKickup+1","BodyStrengthen","BathedInBlood+1","DoubleEdge","HeartBreak_Remiria+1","DamonLordCradle_Remiria","DoubleEdge","YoungDemonLord+1","StigmaNizer","AllTheWorldInNightmare+1","BodyStrengthen+1","ScarletNetherworld+1","Gensokyo:ReactiveArmor","BloodySuit","Gensokyo:PrivateSquare+1","Gensokyo:CustomPotion","PartStrengthen+1","BathedInBlood","Exsanguinate"],"relics":["ThirstyCrossSpe","REME_ComplimentaryCards","AT_ATBox","BargainBundle","MealTicket","Membership Card","AT_Kusabimaru","LetterFromLob","Gensokyo:LunaticRedEyes","Smiling Mask","AT_ImmortalShieldbow","Black Star","Strange Spoon","ReplayTheSpireMod:EnergyBall","Ring of Peace","Ring of Fury","AT_LudenTempest","ShirouKen","AT_BellDemon","Bronze Scales","RedTeaWithBlood","Bag of Preparation","AT_ForceNature","Replay:WaspNest","Thread and Needle","Shuriken","Snack Pack","Lantern","REME_ArchaeologicalTools","ReplayTheSpireMod:CursedCoin","MerchantsRug","Mirror","Medical Kit","Guide Book","Lizard Tail","ReplayTheSpireMod:Lightbulb"],"acts_visited":["Gensokyo:Gensokyo","Gensokyo:Gensokyoer","Gensokyo:Gensokyoest","TheEnding"],"potions_floor_usage":[],"damage_taken":[{"damage":1.0,"enemies":"Gensokyo:Gryphon","floor":1.0,"turns":3.0},{"damage":9.0,"enemies":"Gensokyo:3_Fairies","floor":2.0,"turns":4.0},{"damage":12.0,"enemies":"Gensokyo:2_Kodama","floor":4.0,"turns":4.0},{"damage":21.0,"enemies":"Gensokyo:5_Fairies","floor":5.0,"turns":5.0},{"damage":16.0,"enemies":"Gensokyo:Mamizou","floor":6.0,"turns":6.0},{"damage":13.0,"enemies":"Gensokyo:Gryphon_and_Rabbit","floor":8.0,"turns":4.0},{"damage":3.0,"enemies":"Gensokyo:2_Rabbits","floor":10.0,"turns":4.0},{"damage":17.0,"enemies":"Gensokyo:Cirno","floor":14.0,"turns":7.0},{"damage":31.0,"enemies":"Gensokyo:Reimu","floor":16.0,"turns":6.0},{"damage":44.0,"enemies":"Gensokyo:AngelMirror","floor":18.0,"turns":4.0},{"damage":0.0,"enemies":"Gensokyo:3_Dogs","floor":24.0,"turns":2.0},{"damage":10.0,"enemies":"Gensokyo:Tenshi","floor":28.0,"turns":3.0},{"damage":27.0,"enemies":"Gensokyo:Wraith","floor":29.0,"turns":4.0},{"damage":6.0,"enemies":"Gensokyo:Slime_Group","floor":30.0,"turns":3.0},{"damage":10.0,"enemies":"Gensokyo:Koishi","floor":31.0,"turns":4.0},{"damage":101.0,"enemies":"Gensokyo:Eternal_Rivals","floor":33.0,"turns":6.0},{"damage":0.0,"enemies":"Gensokyo:3_Bats","floor":35.0,"turns":2.0},{"damage":7.0,"enemies":"Gensokyo:3_Boulders","floor":36.0,"turns":3.0},{"damage":0.0,"enemies":"Gensokyo:Marisa","floor":40.0,"turns":4.0},{"damage":0.0,"enemies":"Gensokyo:Dusk_and_Dawn","floor":44.0,"turns":3.0},{"damage":44.0,"enemies":"Gensokyo:Scarlet_Devils","floor":50.0,"turns":7.0},{"damage":24.0,"enemies":"Shield and Spear","floor":55.0,"turns":4.0},{"damage":48,"enemies":"The Heart","floor":56,"turns":4}],"seed_played":"-8041778671379750739","potions_obtained":[{"floor":1.0,"key":"Fire Potion"},{"floor":6.0,"key":"Elixir"},{"floor":10.0,"key":"SteroidPotion"},{"floor":14.0,"key":"Dexterity Potion"},{"floor":30.0,"key":"Fire Potion"},{"floor":31.0,"key":"Toxic Potion"},{"floor":34.0,"key":"DuplicationPotion"}],"is_trial":false,"path_per_floor":["M","M","?","M","M","E","R","M","T","M","R","COS","?","E","R","B",null,"M","?","COS","?","$","R","M","R","T","?","E","M","M","E","R","B",null,"M","M","?","?","?","E","R","$","T","M","?","?","R","E","R","B",null,null,"R","$","E","B",null],"character_chosen":"RemiriaScarlet","items_purchased":["BargainBundle","BathedInBlood","Feint","MealTicket","Mango","Membership Card","AT_Kusabimaru","DoubleEdge","Shuriken","REME_ArchaeologicalTools","ReplayTheSpireMod:CursedCoin","MerchantsRug","PartStrengthen","Mirror","Replay:Baseball","Medical Kit","Guide Book","BathedInBlood"],"campfire_rested":2,"item_purchase_floors":[0,0,0,0,0,0,0,22,42,49,49,49,49,49,49,49,54,54],"current_hp_per_floor":[61,52,52,41,21,7,41,31,31,30,30,30,30,21,55,109,114,78,78,78,78,93,93,102,102,102,102,107,90,91,98,100,114,119,119,119,119,90,90,119,119,119,119,119,119,119,119,119,119,87,87,119,119,119,108,119],"gold":59,"neow_bonus":"","is_daily":false,"chose_seed":false,"campfire_upgraded":6,"win_rate":0.0,"timestamp":1610439582,"path_taken":["M","M","?","?","M","E","R","M","T","M","R","COS","?","E","R","BOSS","M","?","COS","?","?","R","?","R","T","?","E","M","M","E","R","BOSS","M","M","?","?","?","E","R","$","T","?","?","?","R","E","R","BOSS","R","$","E","BOSS"],"items_purchased_type":["Relic","Card","Card","Relic","Relic","Relic","Relic","Card","Relic","Relic","Relic","Relic","Card","Relic","Relic","Relic","Relic","Card"],"build_version":"2020-12-22","purchased_purges":6,"victory":true,"max_hp_per_floor":[114,114,114,114,114,114,114,114,114,114,114,114,114,114,114,114,114,114,114,114,114,114,114,114,114,114,114,114,114,114,114,114,114,119,119,119,119,119,119,119,119,119,119,119,119,119,119,119,119,119,119,119,119,119,119,119],"relic_stats":{"Strange Spoon":[20],"Lizard Tail":0,"counters":[107,441],"Shuriken":[7],"Bronze Scales":[107],"MealTicket":15,"Black Star":4,"Bag of Preparation":[34],"Smiling Mask":113,"Medical Kit":[3],"obtain_stats":[{"AT_ATBox":0,"ShirouKen":26,"AT_TimeSand":25,"Whetstone":31,"MagicDraw4":40,"Sling":10,"Old Coin":28,"Replay:Ringing Soul":38,"MealTicket":0,"REME_ArchaeologicalTools":48,"Replay:Wax Seal":41,"MerchantsRug":30,"AT_RedTearstoneRing":7,"MagicBullet_r":35,"Blue Candle":2,"UnsealingCross":34,"AT_SpeedBoots":46,"RedTeaWithBlood":27,"AT_BellDemon":0,"Lantern":26,"Regal Pillow":0,"Singing Bowl":30,"Bag of Preparation":40,"Ancient Tea Set":9,"Smiling Mask":36,"Gensokyo:LunaticRedEyes":3,"Hallownest:SheosBrushRelic":4,"AT_Kusabimaru":0,"Ring of Peace":21,"Thread and Needle":25,"PreservedInsect":43,"LastBattle":0,"Frozen Egg 2":47,"ChaoDraw":31,"AT_ImmortalShieldbow":9,"Busted Crown":17,"ThirstyCrossSpe":2,"MokouMod:PhoenixFeather":0,"REME_HandOfSuture":8,"Turnip":17,"AT_SunfireAegis":46,"REME_PuzzleBoxRelic":22,"ReplayTheSpireMod:Lightbulb":55,"REME_ComplimentaryCards":0,"Tiny House":34,"Gremlin Horn":12,"SSSystem":10,"AT_ArchangelStaff":4,"Lizard Tail":55,"Ccalipers":36,"Prayer Wheel":38,"hexamod:SpiritBrand":0,"Girya":0,"Happy Flower":10,"ReplayTheSpireMod:CursedCoin":0,"Dead Branch":45,"hexamod:TheBrokenSeal":38,"AT_PhaseBoots":51,"Replay:Kaleidoscope":6,"Letter Opener":17,"Question Card":6,"Du-Vu Doll":0,"AT_LudenTempest":24,"Replay:Baseball":49,"Shuriken":42,"Bronze Scales":28,"Onion Ring":20,"Simple Rune":26,"GodSword7":2,"ReplayTheSpireMod:TigerMarble":17,"GodSword6":0,"Black Star":17,"AT_DeathDance":7,"GodSword4":13,"Mirror":49,"GodSword1":41,"ReplayFunnel":0,"AT_SeraphEmbrace":33,"Mango":0,"SecretRecord":17,"REME_DuelDisc":0,"Hallownest:DreamNailRelic":8,"Replay:Mystery Machine":33,"Empty Cage":34,"ReplayTheSpireMod:EnergyBall":20,"Frozen Eye":31,"Nunchaku":43,"Tiny Chest":17,"Gremlin Food":28,"AT_ForceNature":38,"BargainBundle":0,"Replay:Towering Pillar of Hats":37,"Quantum Egg":17,"Guide Book":54,"AT_BladeRuinedKing":24,"Replay:WaspNest":40,"Medical Kit":49,"White Beast Statue":28,"Calling Bell":17,"Strange Spoon":21,"ChewingGum":34,"Ring of Fury":21,"RedMistMask":1,"LetterFromLob":5,"Snack Pack":43,"Membership Card":0},{"AT_ATBox":0,"ShirouKen":95,"AT_TimeSand":68,"Whetstone":72,"MagicDraw4":75,"Sling":5,"Old Coin":71,"Replay:Ringing Soul":74,"MealTicket":84,"REME_ArchaeologicalTools":49,"Replay:Wax Seal":21,"MerchantsRug":15,"AT_RedTearstoneRing":3,"MagicBullet_r":73,"Blue Candle":0,"UnsealingCross":73,"AT_SpeedBoots":77,"RedTeaWithBlood":70,"AT_BellDemon":27,"Lantern":40,"Regal Pillow":53,"Singing Bowl":15,"Bag of Preparation":75,"Ancient Tea Set":33,"Smiling Mask":44,"Gensokyo:LunaticRedEyes":86,"Hallownest:SheosBrushRelic":55,"AT_Kusabimaru":84,"Ring of Peace":94,"Thread and Needle":68,"PreservedInsect":75,"LastBattle":53,"Frozen Egg 2":77,"ChaoDraw":72,"AT_ImmortalShieldbow":57,"Busted Crown":37,"ThirstyCrossSpe":54,"MokouMod:PhoenixFeather":0,"REME_HandOfSuture":4,"Turnip":63,"AT_SunfireAegis":24,"REME_PuzzleBoxRelic":66,"ReplayTheSpireMod:Lightbulb":106,"REME_ComplimentaryCards":0,"Tiny House":100,"Gremlin Horn":7,"SSSystem":34,"AT_ArchangelStaff":29,"Lizard Tail":106,"Ccalipers":73,"Prayer Wheel":20,"hexamod:SpiritBrand":0,"Girya":27,"Happy Flower":5,"ReplayTheSpireMod:CursedCoin":27,"Dead Branch":47,"hexamod:TheBrokenSeal":20,"AT_PhaseBoots":84,"Replay:Kaleidoscope":3,"Letter Opener":10,"Question Card":31,"Du-Vu Doll":53,"AT_LudenTempest":95,"Replay:Baseball":104,"Shuriken":103,"Bronze Scales":96,"Onion Ring":38,"Simple Rune":69,"GodSword7":54,"ReplayTheSpireMod:TigerMarble":10,"GodSword6":27,"Black Star":93,"AT_DeathDance":57,"GodSword4":61,"Mirror":104,"GodSword1":75,"ReplayFunnel":27,"AT_SeraphEmbrace":43,"Mango":84,"SecretRecord":10,"REME_DuelDisc":53,"Hallownest:DreamNailRelic":57,"Replay:Mystery Machine":73,"Empty Cage":17,"ReplayTheSpireMod:EnergyBall":94,"Frozen Eye":98,"Nunchaku":46,"Tiny Chest":63,"Gremlin Food":71,"AT_ForceNature":102,"BargainBundle":53,"Replay:Towering Pillar of Hats":74,"Quantum Egg":63,"Guide Book":105,"AT_BladeRuinedKing":12,"Replay:WaspNest":103,"Medical Kit":104,"White Beast Statue":40,"Calling Bell":10,"Strange Spoon":38,"ChewingGum":43,"Ring of Fury":94,"RedMistMask":54,"LetterFromLob":2,"Snack Pack":103,"Membership Card":84},{"AT_ATBox":0,"ShirouKen":395,"AT_TimeSand":275,"Whetstone":293,"MagicDraw4":303,"Sling":25,"Old Coin":290,"Replay:Ringing Soul":301,"MealTicket":347,"REME_ArchaeologicalTools":207,"Replay:Wax Seal":89,"MerchantsRug":64,"AT_RedTearstoneRing":14,"MagicBullet_r":300,"Blue Candle":0,"UnsealingCross":300,"AT_SpeedBoots":307,"RedTeaWithBlood":284,"AT_BellDemon":107,"Lantern":172,"Regal Pillow":237,"Singing Bowl":64,"Bag of Preparation":303,"Ancient Tea Set":138,"Smiling Mask":187,"Gensokyo:LunaticRedEyes":354,"Hallownest:SheosBrushRelic":243,"AT_Kusabimaru":347,"Ring of Peace":393,"Thread and Needle":275,"PreservedInsect":303,"LastBattle":237,"Frozen Egg 2":307,"ChaoDraw":293,"AT_ImmortalShieldbow":249,"Busted Crown":162,"ThirstyCrossSpe":241,"MokouMod:PhoenixFeather":0,"REME_HandOfSuture":20,"Turnip":261,"AT_SunfireAegis":98,"REME_PuzzleBoxRelic":268,"ReplayTheSpireMod:Lightbulb":438,"REME_ComplimentaryCards":0,"Tiny House":415,"Gremlin Horn":34,"SSSystem":146,"AT_ArchangelStaff":113,"Lizard Tail":438,"Ccalipers":300,"Prayer Wheel":87,"hexamod:SpiritBrand":0,"Girya":107,"Happy Flower":25,"ReplayTheSpireMod:CursedCoin":107,"Dead Branch":201,"hexamod:TheBrokenSeal":86,"AT_PhaseBoots":346,"Replay:Kaleidoscope":14,"Letter Opener":44,"Question Card":123,"Du-Vu Doll":237,"AT_LudenTempest":395,"Replay:Baseball":427,"Shuriken":424,"Bronze Scales":398,"Onion Ring":168,"Simple Rune":281,"GodSword7":241,"ReplayTheSpireMod:TigerMarble":44,"GodSword6":107,"Black Star":389,"AT_DeathDance":249,"GodSword4":254,"Mirror":427,"GodSword1":303,"ReplayFunnel":107,"AT_SeraphEmbrace":179,"Mango":347,"SecretRecord":44,"REME_DuelDisc":237,"Hallownest:DreamNailRelic":249,"Replay:Mystery Machine":300,"Empty Cage":73,"ReplayTheSpireMod:EnergyBall":393,"Frozen Eye":405,"Nunchaku":195,"Tiny Chest":261,"Gremlin Food":290,"AT_ForceNature":420,"BargainBundle":237,"Replay:Towering Pillar of Hats":301,"Quantum Egg":261,"Guide Book":434,"AT_BladeRuinedKing":53,"Replay:WaspNest":424,"Medical Kit":427,"White Beast Statue":172,"Calling Bell":44,"Strange Spoon":168,"ChewingGum":185,"Ring of Fury":393,"RedMistMask":241,"LetterFromLob":8,"Snack Pack":424,"Membership Card":347}]},"card_choices":[{"not_picked":["ServantFlier","Warpath"],"picked":"DoubleEdge","floor":1.0},{"not_picked":["Warpath","Reaper_Remiria","ServantFlier"],"picked":"SKIP","floor":2.0},{"not_picked":["LifeBreak","RocketKickup"],"picked":"ThirstForBlood","floor":4.0},{"not_picked":["VampireClaw","FastHealing"],"picked":"BodyStrengthen","floor":5.0},{"not_picked":["DemonLordWalk","Cripple"],"picked":"RocketKickup","floor":6.0},{"not_picked":["DemonsDinnerFork_Remiria","Warpath"],"picked":"BodyStrengthen","floor":8.0},{"not_picked":["BloodCollect","FastHealing"],"picked":"BathedInBlood","floor":10.0},{"not_picked":["BadLadyScramble","ServantFlier"],"picked":"DoubleEdge","floor":14.0},{"not_picked":["RemiliaStalker","FateConcerto"],"picked":"HeartBreak_Remiria","floor":16.0},{"not_picked":["Rewrite","PainBurst+1"],"picked":"DamonLordCradle_Remiria","floor":18.0},{"not_picked":["FierceSweep","FateEnsemble+1","DoubleEdge"],"picked":"SKIP","floor":24.0},{"not_picked":["BodyStrengthen","BloodCollect+1"],"picked":"YoungDemonLord+1","floor":28.0},{"not_picked":["BodyStrengthen","TricksterDevil","DemonsDinnerFork_Remiria"],"picked":"SKIP","floor":29.0},{"not_picked":["Septette","DemonLordWalk"],"picked":"StigmaNizer","floor":30.0},{"not_picked":["BloodCollect","BloodCleaner","ServantFlier"],"picked":"SKIP","floor":31.0},{"not_picked":["MillenniumVampire","ScarletDestiny"],"picked":"AllTheWorldInNightmare","floor":33.0},{"not_picked":["BloodySuit","DemonsDinnerFork_Remiria+1"],"picked":"BodyStrengthen+1","floor":35.0},{"not_picked":["Rewrite+1","BloodCleaner+1"],"picked":"ScarletNetherworld+1","floor":36.0},{"not_picked":["RocketKickup+1","CurseofVladTepes"],"picked":"BloodySuit","floor":38.0},{"not_picked":["SeparateFleshBlood+1","ServantFlier","PainBurst"],"picked":"SKIP","floor":40.0},{"not_picked":["CurseofVladTepes+1","Coercion","ServantFlier+1"],"picked":"SKIP","floor":44.0},{"not_picked":["BodyStrengthen","PainBurst"],"picked":"Exsanguinate","floor":55.0}],"player_experience":336704,"relics_obtained":[{"floor":1.0,"key":"LetterFromLob"},{"floor":6.0,"key":"Smiling Mask"},{"floor":14.0,"key":"AT_ImmortalShieldbow"},{"floor":21.0,"key":"Ring of Peace"},{"floor":21.0,"key":"Ring of Fury"},{"floor":26.0,"key":"ShirouKen"},{"floor":28.0,"key":"AT_BellDemon"},{"floor":28.0,"key":"Bronze Scales"},{"floor":31.0,"key":"Bag of Preparation"},{"floor":31.0,"key":"Whetstone"},{"floor":38.0,"key":"AT_ForceNature"},{"floor":40.0,"key":"Replay:WaspNest"},{"floor":40.0,"key":"Thread and Needle"},{"floor":43.0,"key":"Snack Pack"},{"floor":44.0,"key":"Lantern"},{"floor":55.0,"key":"Lizard Tail"},{"floor":55.0,"key":"ReplayTheSpireMod:Lightbulb"}],"event_choices":[],"is_beta":false,"boss_relics":[{"not_picked":["Philosopher\u0027s Stone","ChewingGum"],"picked":"Black Star"},{"not_picked":["Pandora\u0027s Box","SacredBark"],"picked":"Tiny House"}],"items_purged_floors":[0,0,0,42,49,54],"is_endless":false,"potions_floor_spawned":[1,6,10,14,30,31,33,36,40],"ascension_level":0}}