{"host":"873t0y8ybyo38pfq","time":1610468346,"event":{"mods":["BaseMod","Bestiary","Colored Map","Colored Powertips","Highlight Path","Minty Spire (QoL Compilation)","Quick Restart","RNG Fix","Rare Cards Sparkle","Relic Stats","StSLib"],"gold_per_floor":[116,116,41,41,51,51,83,83,83,115,115,131,146,180,180,251,251,264,281,32,32,32,32,51,77,102,102,119,119,137,153,153,231,231,245,257,257,257,1256,1281,811,811,811,811,811],"floor_reached":44,"playtime":2306,"items_purged":["Regret","Strike_B","Normality"],"score":1023,"play_id":"7515abd2-fcd3-426d-8aed-52a9ce98464a","local_time":"20210112111906","is_ascension_mode":true,"campfire_choices":[{"data":"Doom and Gloom","floor":6,"key":"SMITH"},{"data":"Rainbow","floor":8,"key":"SMITH"},{"floor":11,"key":"REST"},{"data":"Coolheaded","floor":15,"key":"SMITH"},{"floor":23,"key":"REST"},{"floor":29,"key":"REST"},{"floor":32,"key":"REST"}],"circlet_count":0,"master_deck":["AscendersBane","Strike_B+1","Strike_B+1","Defend_B+1","Defend_B+1","Defend_B+1","Zap","Dualcast+1","Leap","Doom and Gloom+1","Rainbow+1","Go for the Eyes","Genetic Algorithm","Defragment","Coolheaded+1","Core Surge","Redo+1","Conserve Battery","Electrodynamics","Fission+1","Beam Cell","Glacier","Conserve Battery","Decay","Glacier","Capacitor","Buffer","Coolheaded","BootSequence+1","Writhe","Finesse","Purity","Good Instincts","Defragment"],"relics":["Cracked Core","NeowsBlessing","Torii","Unceasing Top","Bag of Marbles","Bag of Preparation","Blood Vial","Runic Pyramid","Bronze Scales","War Paint","Nuclear Battery","Ancient Tea Set","Cables"],"acts_visited":["Exordium","TheCity","TheBeyond"],"potions_floor_usage":[13,16,16,33,40,44],"damage_taken":[{"damage":0,"enemies":"Jaw Worm","floor":1,"turns":1},{"damage":0,"enemies":"2 Louse","floor":5,"turns":1},{"damage":0,"enemies":"Lagavulin","floor":7,"turns":1},{"damage":11,"enemies":"Gremlin Nob","floor":10,"turns":3},{"damage":0,"enemies":"Cultist","floor":12,"turns":2},{"damage":0,"enemies":"Lots of Slimes","floor":13,"turns":2},{"damage":29,"enemies":"3 Sentries","floor":14,"turns":6},{"damage":1,"enemies":"The Guardian","floor":16,"turns":8},{"damage":14,"enemies":"Shell Parasite","floor":18,"turns":6},{"damage":21,"enemies":"2 Thieves","floor":19,"turns":3},{"damage":7,"enemies":"Snake Plant","floor":24,"turns":4},{"damage":40,"enemies":"Slavers","floor":25,"turns":3},{"damage":7,"enemies":"Centurion and Healer","floor":28,"turns":4},{"damage":1,"enemies":"Shelled Parasite and Fungi","floor":30,"turns":6},{"damage":0,"enemies":"Snecko","floor":31,"turns":5},{"damage":2,"enemies":"Champ","floor":33,"turns":18},{"damage":13,"enemies":"3 Darklings","floor":35,"turns":4},{"damage":0,"enemies":"Orb Walker","floor":36,"turns":3},{"damage":35,"enemies":"Nemesis","floor":40,"turns":13},{"damage":34,"enemies":"Giant Head","floor":44,"turns":9}],"seed_played":"-2776815667804762704","potions_obtained":[{"floor":5,"key":"Explosive Potion"},{"floor":10,"key":"FocusPotion"},{"floor":13,"key":"FearPotion"},{"floor":14,"key":"FocusPotion"},{"floor":19,"key":"SteroidPotion"},{"floor":24,"key":"Dexterity Potion"},{"floor":31,"key":"DuplicationPotion"},{"floor":35,"key":"Dexterity Potion"},{"floor":40,"key":"Ancient Potion"}],"is_trial":false,"path_per_floor":["M","?","$","?","M","R","E","R","T","E","R","M","M","E","R","B",null,"M","M","$","?","?","R","M","E","T","?","M","R","M","M","R","B",null,"M","M","?","?","?","E","$","?","T","E"],"character_chosen":"DEFECT","items_purchased":["Electrodynamics","Cables","Defragment"],"campfire_rested":4,"item_purchase_floors":[20,41,41],"current_hp_per_floor":[64,64,64,43,43,43,43,43,43,32,53,53,53,24,24,25,60,48,29,29,29,29,50,45,7,7,7,2,23,24,26,47,47,65,54,56,70,60,60,27,27,27,27,0,0],"gold":811,"neow_bonus":"THREE_ENEMY_KILL","is_daily":false,"chose_seed":false,"campfire_upgraded":3,"win_rate":0.0,"timestamp":1610468346,"path_taken":["M","?","$","?","M","R","E","R","T","E","R","M","M","E","R","BOSS","M","M","$","?","?","R","M","E","T","?","?","R","M","M","R","BOSS","M","M","?","?","?","E","$","?","T","E"],"items_purchased_type":["Card","Relic","Card"],"build_version":"2020-12-22","purchased_purges":3,"victory":false,"max_hp_per_floor":[71,71,71,71,71,71,71,71,71,71,71,71,71,71,71,71,71,71,71,71,71,71,71,71,71,71,71,71,71,71,71,71,71,71,71,71,71,71,71,71,71,71,71,71,71],"relic_stats":{"Blood Vial":26,"Torii":19,"counters":[20,102],"Bronze Scales":[160],"Bag of Preparation":[32],"War Paint":["Fission","Dualcast"],"obtain_stats":[{"NeowsBlessing":0,"Torii":2,"Bag of Preparation":10,"War Paint":26,"Ancient Tea Set":40,"Nuclear Battery":34,"Cables":41,"Blood Vial":14,"Bronze Scales":25,"Bag of Marbles":9,"Cracked Core":0,"Unceasing Top":7,"Runic Pyramid":17},{"NeowsBlessing":0,"Torii":1,"Bag of Preparation":4,"War Paint":12,"Ancient Tea Set":19,"Nuclear Battery":16,"Cables":19,"Blood Vial":7,"Bronze Scales":12,"Bag of Marbles":3,"Cracked Core":0,"Unceasing Top":3,"Runic Pyramid":8},{"NeowsBlessing":0,"Torii":1,"Bag of Preparation":6,"War Paint":40,"Ancient Tea Set":93,"Nuclear Battery":73,"Cables":93,"Blood Vial":16,"Bronze Scales":40,"Bag of Marbles":3,"Cracked Core":0,"Unceasing Top":3,"Runic Pyramid":24}],"Unceasing Top":[0],"Cables":[9,1,4,3,1]},"card_choices":[{"not_picked":["Beam Cell","Stack"],"picked":"Leap","floor":1},{"not_picked":["Barrage","Rebound"],"picked":"Doom and Gloom","floor":5},{"not_picked":["Cold Snap","Double Energy"],"picked":"Rainbow","floor":7},{"not_picked":["Sunder","Scrape"],"picked":"Go for the Eyes","floor":10},{"not_picked":["Steam","Streamline"],"picked":"Genetic Algorithm","floor":12},{"not_picked":["Chill","Barrage"],"picked":"Defragment","floor":13},{"not_picked":["Recycle","Blizzard"],"picked":"Coolheaded","floor":14},{"not_picked":["Thunder Strike","Multi-Cast"],"picked":"Core Surge","floor":16},{"not_picked":["Leap","Undo"],"picked":"Redo+1","floor":18},{"not_picked":["Genetic Algorithm","Go for the Eyes+1"],"picked":"Conserve Battery","floor":19},{"not_picked":["Turbo","Fusion+1"],"picked":"Glacier","floor":24},{"not_picked":["Blizzard","Undo"],"picked":"Conserve Battery","floor":25},{"not_picked":["Redo","Stack"],"picked":"Glacier","floor":28},{"not_picked":["Doom and Gloom","Sweeping Beam"],"picked":"Capacitor","floor":30},{"not_picked":["Stack","Streamline","Gash"],"picked":"SKIP","floor":31},{"not_picked":["Thunder Strike","Fission"],"picked":"Buffer","floor":33},{"not_picked":["Go for the Eyes+1","White Noise"],"picked":"Coolheaded","floor":35},{"not_picked":["Go for the Eyes","BootSequence+1","Genetic Algorithm"],"picked":"SKIP","floor":36},{"not_picked":["Go for the Eyes","Genetic Algorithm"],"picked":"BootSequence+1","floor":36},{"not_picked":["Jack Of All Trades","Metamorphosis"],"picked":"Finesse","floor":38},{"not_picked":["Panache","The Bomb"],"picked":"Purity","floor":38},{"not_picked":["The Bomb","Dramatic Entrance"],"picked":"Good Instincts","floor":38},{"not_picked":["Chaos","Compile Driver+1","Ball Lightning"],"picked":"SKIP","floor":40}],"player_experience":1596350,"relics_obtained":[{"floor":7,"key":"Unceasing Top"},{"floor":9,"key":"Bag of Marbles"},{"floor":10,"key":"Bag of Preparation"},{"floor":14,"key":"Blood Vial"},{"floor":25,"key":"Bronze Scales"},{"floor":26,"key":"War Paint"},{"floor":40,"key":"Ancient Tea Set"}],"event_choices":[{"damage_healed":0,"gold_gain":0,"player_choice":"Box","damage_taken":0,"relics_obtained":["Torii"],"max_hp_gain":0,"max_hp_loss":0,"event_name":"Big Fish","floor":2,"gold_loss":0,"cards_obtained":["Regret"]},{"damage_healed":0,"gold_gain":0,"player_choice":"Entered Light","damage_taken":21,"max_hp_gain":0,"max_hp_loss":0,"event_name":"Shining Light","floor":4,"gold_loss":0,"cards_upgraded":["Strike_B","Strike_B"]},{"damage_healed":0,"gold_gain":0,"cards_transformed":["Strike_B","Defend_B"],"player_choice":"Became Test Subject","damage_taken":0,"max_hp_gain":0,"max_hp_loss":0,"event_name":"Drug Dealer","floor":21,"gold_loss":0,"cards_obtained":["Fission","Beam Cell"]},{"damage_healed":0,"gold_gain":0,"player_choice":"Simplicity","damage_taken":0,"max_hp_gain":0,"max_hp_loss":0,"event_name":"Back to Basics","floor":22,"gold_loss":0,"cards_upgraded":["Defend_B","Defend_B","Defend_B"]},{"damage_healed":0,"gold_gain":0,"player_choice":"Smashed Altar","damage_taken":0,"max_hp_gain":0,"max_hp_loss":0,"event_name":"Forgotten Altar","floor":27,"gold_loss":0,"cards_obtained":["Decay"]},{"damage_healed":14,"gold_gain":0,"player_choice":"Writhe","damage_taken":0,"max_hp_gain":0,"max_hp_loss":0,"event_name":"Winding Halls","floor":37,"gold_loss":0,"cards_obtained":["Writhe"]},{"damage_healed":0,"gold_gain":0,"player_choice":"Memory 3","damage_taken":10,"max_hp_gain":0,"max_hp_loss":0,"event_name":"SensoryStone","floor":38,"gold_loss":0},{"damage_healed":0,"gold_gain":999,"player_choice":"Gold","damage_taken":0,"max_hp_gain":0,"max_hp_loss":0,"event_name":"MindBloom","floor":39,"gold_loss":0,"cards_obtained":["Normality","Normality"]},{"cards_removed":["Normality"],"damage_healed":0,"gold_gain":0,"player_choice":"Purged","damage_taken":0,"max_hp_gain":0,"max_hp_loss":0,"event_name":"Purifier","floor":42,"gold_loss":0}],"is_beta":false,"boss_relics":[{"not_picked":["Astrolabe","FrozenCore"],"picked":"Runic Pyramid"},{"not_picked":["Calling Bell","Pandora\u0027s Box"],"picked":"Nuclear Battery"}],"items_purged_floors":[3,20,41],"is_endless":false,"potions_floor_spawned":[5,10,13,14,19,24,31,35,40],"killed_by":"Giant Head","ascension_level":20}}