{"host":"m1hsm1cztz438mir","time":1610460911,"event":{"mods":["2.2 Compatiblity","AchievementEnabler","Act Like it!","BaseMod","Better Altar","Better Match","Better Note","Better Sensory Stone","Better Skull","Better Third Choice","Colored Map","Minty Spire (QoL Compilation)","Relic Stats","Replay The Spire","Shop Mod","StSLib"],"gold_per_floor":[116,136,149,149,166,193,209,20,20,20,20],"floor_reached":10,"playtime":717,"items_purged":[],"score":91,"play_id":"b411fa7c-4d72-4ff6-aa42-4a36aaace5c6","local_time":"20210112141511","is_ascension_mode":true,"campfire_choices":[],"circlet_count":0,"master_deck":["Strike_B","Strike_B","Strike_B","Defend_B","Defend_B","Defend_B","Defend_B","Zap","Dualcast","Auto Shields","Go for the Eyes+1","FIFO Queue+1","Conserve Battery","Reprogram","Rebound","BootSequence","Leap"],"relics":["Cracked Core","Replay:Kaleidoscope","Sling","Molten Egg 2"],"acts_visited":["Exordium"],"potions_floor_usage":[6,6],"damage_taken":[{"damage":2,"enemies":"Jaw Worm","floor":1,"turns":4},{"damage":1,"enemies":"Small Slimes","floor":2,"turns":4},{"damage":0,"enemies":"Cultist","floor":3,"turns":3},{"damage":4,"enemies":"Blue Slaver","floor":5,"turns":4},{"damage":36,"enemies":"Gremlin Nob","floor":6,"turns":5},{"damage":7,"enemies":"Red Slaver","floor":7,"turns":5},{"damage":16,"enemies":"3 Sentries","floor":10,"turns":6}],"seed_played":"4894619059926337384","potions_obtained":[{"floor":5,"key":"SteroidPotion"},{"floor":6,"key":"Fruit Juice"}],"is_trial":false,"path_per_floor":["M","M","M","?","M","E","M","$","T","E"],"character_chosen":"DEFECT","items_purchased":["Sling","Leap"],"campfire_rested":0,"item_purchase_floors":[8,8],"current_hp_per_floor":[66,65,65,50,46,15,8,8,8,0,0],"gold":20,"neow_bonus":"TRANSFORM_CARD","is_daily":false,"chose_seed":false,"campfire_upgraded":0,"win_rate":0.0,"timestamp":1610460911,"path_taken":["M","M","M","?","M","E","M","$","T","E"],"items_purchased_type":["Relic","Card"],"build_version":"2020-12-22","purchased_purges":0,"victory":false,"max_hp_per_floor":[75,75,75,75,75,80,80,80,80,80,80],"relic_stats":{"counters":[7,31],"obtain_stats":[{"Molten Egg 2":9,"Replay:Kaleidoscope":6,"Cracked Core":0,"Sling":8},{"Molten Egg 2":6,"Replay:Kaleidoscope":5,"Cracked Core":0,"Sling":6},{"Molten Egg 2":25,"Replay:Kaleidoscope":20,"Cracked Core":0,"Sling":25}]},"card_choices":[{"not_picked":["Redo","Time Bomb"],"picked":"Go for the Eyes","floor":1},{"not_picked":["Beam Cell","Turbo"],"picked":"FIFO Queue","floor":2},{"not_picked":["Leap","Force Field"],"picked":"Conserve Battery","floor":3},{"not_picked":["Reinforced Body","Conserve Battery"],"picked":"Reprogram","floor":5},{"not_picked":["BasicCrystalCard","Thunder Strike"],"picked":"Rebound","floor":6},{"not_picked":["Hologram","Skim"],"picked":"BootSequence","floor":7}],"player_experience":262535,"relics_obtained":[{"floor":6,"key":"Replay:Kaleidoscope"},{"floor":9,"key":"Molten Egg 2"}],"event_choices":[{"damage_healed":65,"gold_gain":0,"player_choice":"Upgrade","damage_taken":15,"max_hp_gain":0,"max_hp_loss":75,"event_name":"betterThird:BetterShining","floor":4,"gold_loss":0,"cards_upgraded":["Go for the Eyes","FIFO Queue"]}],"is_beta":false,"boss_relics":[],"items_purged_floors":[],"is_endless":false,"potions_floor_spawned":[5,6],"killed_by":"3 Sentries","ascension_level":6}}