{"host":"Sumable","time":1610474517,"event":{"mods":["AchievementEnabler","BaseMod","Better Note","BetterRewards","Googly Eyes","Hermit","Minty Spire (QoL Compilation)","Quick Restart","Shop Mod","StSLib","The Cursed","everything is the same but u backflip on backflip","slay the spire mod where everything is the same but ironclad has a cowboy hat"],"gold_per_floor":[115,87,87,14,14,14,34,65,91,103,115,152,339,371,383,495,507,535,547,559,590,602,614,626,626],"floor_reached":24,"playtime":3042,"items_purged":[],"score":360,"play_id":"8582b210-296d-4ed2-b487-b5fe59276580","local_time":"20210112110157","is_ascension_mode":true,"campfire_choices":[{"floor":6.0,"key":"REST"},{"floor":10.0,"key":"REST"},{"floor":15.0,"key":"REST"},{"floor":23.0,"key":"RECALL"}],"circlet_count":0,"master_deck":["TheCursedMod:Strike_TheCursed","TheCursedMod:Strike_TheCursed","TheCursedMod:Strike_TheCursed","TheCursedMod:Strike_TheCursed","TheCursedMod:Defend_TheCursed","TheCursedMod:Defend_TheCursed","TheCursedMod:Defend_TheCursed","TheCursedMod:Defend_TheCursed","TheCursedMod:CursedWand","TheCursedMod:CleanUpWorkshop","TheCursedMod:Dregs","TheCursedMod:HellsGateOpen","TheCursedMod:CursedBlade","TheCursedMod:SmokeScreen","TheCursedMod:HellsGateOpen+1","TheCursedMod:Stretching","TheCursedMod:FleshFromBone","TheCursedMod:StunningStrike","Pain","TheCursedMod:LuckyCharm","TheCursedMod:RapidMovement","TheCursedMod:ReleasedStrength","TheCursedMod:StunningStrike","Doubt","TheCursedMod:CursedArmor","TheCursedMod:ForbiddenAlchemy","TheCursedMod:FleshFromBone","TheCursedMod:TroublousMinions+1","TheCursedMod:FleshFromBone+1"],"relics":["TheCursedMod:BlackMagic101","TheCursedMod:SoulVessel","Prayer Wheel","Dead Branch","Membership Card","Unceasing Top","Torii","WarpedTongs","Akabeko","MawBank","Ginger","TheCursedMod:FourLeafCloverCharm","HornCleat"],"acts_visited":["Exordium","TheCity"],"potions_floor_usage":[],"damage_taken":[{"damage":1.0,"enemies":"Small Slimes","floor":1.0,"turns":3.0},{"damage":2.0,"enemies":"Jaw Worm","floor":7.0,"turns":5.0},{"damage":25.0,"enemies":"3 Sentries","floor":8.0,"turns":4.0},{"damage":8.0,"enemies":"Gremlin Nob","floor":12.0,"turns":5.0},{"damage":2.0,"enemies":"Cultist","floor":14.0,"turns":4.0},{"damage":20.0,"enemies":"The Guardian","floor":16.0,"turns":8.0},{"damage":21.0,"enemies":"Chosen","floor":18.0,"turns":6.0},{"damage":10.0,"enemies":"Shell Parasite","floor":21.0,"turns":7.0},{"damage":0,"enemies":"Gremlin Leader","floor":24,"turns":1}],"seed_played":"9120532458627996473","potions_obtained":[{"floor":1.0,"key":"SkillPotion"},{"floor":14.0,"key":"Energy Potion"}],"is_trial":false,"path_per_floor":["M","?","?","$","?","R","M","E","T","R","$","E","?","M","R","B",null,"M","?","$","M","?","R","E"],"character_chosen":"THE_CURSED","items_purchased":["Prayer Wheel","TheCursedMod:HellsGateOpen","Membership Card","TheCursedMod:CursedBlade","Torii","TheCursedMod:SmokeScreen","TheCursedMod:HellsGateOpen","TheCursedMod:StunningStrike"],"campfire_rested":3,"item_purchase_floors":[0,0,0,0,0,0,0,4],"current_hp_per_floor":[28,28,28,28,28,50,51,28,28,50,50,46,46,47,69,54,75,56,56,56,47,72,72,72,72],"gold":626,"neow_bonus":"","is_daily":false,"chose_seed":false,"campfire_upgraded":0,"win_rate":0.0,"timestamp":1610474517,"path_taken":["M","?","?","$","?","R","?","E","T","R","?","E","?","M","R","BOSS","M","?","$","M","?","R","E"],"items_purchased_type":["Relic","Card","Relic","Card","Relic","Card","Card","Card"],"build_version":"2020-12-18","purchased_purges":0,"victory":false,"max_hp_per_floor":[75,75,75,75,75,75,75,75,75,75,75,75,75,75,75,75,75,75,75,75,75,75,75,75,75],"card_choices":[{"not_picked":["TheCursedMod:Torture","TheCursedMod:PrepareRite"],"picked":"TheCursedMod:Stretching","floor":1.0},{"not_picked":["TheCursedMod:ReleasedKnowledge","TheCursedMod:CircleOfCorruption"],"picked":"TheCursedMod:FleshFromBone","floor":1.0},{"not_picked":["TheCursedMod:SpitefulStrike","TheCursedMod:FleshFromBone"],"picked":"TheCursedMod:LuckyCharm","floor":7.0},{"not_picked":["TheCursedMod:CursedBlade","TheCursedMod:CircleOfCorruption"],"picked":"TheCursedMod:RapidMovement","floor":7.0},{"not_picked":["TheCursedMod:CircleOfFocus","TheCursedMod:Stigma"],"picked":"TheCursedMod:ReleasedStrength","floor":8.0},{"not_picked":["TheCursedMod:ReleasedStrength","TheCursedMod:Stretching"],"picked":"TheCursedMod:StunningStrike","floor":12.0},{"not_picked":["TheCursedMod:Stretching","TheCursedMod:SmokeScreen"],"picked":"TheCursedMod:CursedArmor","floor":14.0},{"not_picked":["TheCursedMod:CursedAmulet","TheCursedMod:RapidMovement","TheCursedMod:Stretching"],"picked":"SKIP","floor":14.0},{"not_picked":["TheCursedMod:StunningStrike","TheCursedMod:ManaCirculation"],"picked":"TheCursedMod:ForbiddenAlchemy","floor":16.0},{"not_picked":["TheCursedMod:Obscuration","TheCursedMod:RavingStaff"],"picked":"TheCursedMod:FleshFromBone","floor":18.0},{"not_picked":["TheCursedMod:RapidMovement+1","TheCursedMod:Obscuration"],"picked":"TheCursedMod:TroublousMinions+1","floor":18.0},{"not_picked":["TheCursedMod:Stigma","TheCursedMod:TroublousMinions+1"],"picked":"TheCursedMod:FleshFromBone+1","floor":21.0},{"not_picked":["TheCursedMod:SpreadPlague","TheCursedMod:SmokeScreen","TheCursedMod:Torture"],"picked":"SKIP","floor":21.0}],"player_experience":1062262,"relics_obtained":[{"floor":8.0,"key":"Akabeko"},{"floor":9.0,"key":"MawBank"},{"floor":12.0,"key":"Ginger"}],"event_choices":[{"damage_healed":0.0,"max_hp_gain":0.0,"max_hp_loss":0.0,"gold_gain":0.0,"event_name":"World of Goop","player_choice":"Left Gold","floor":2.0,"gold_loss":28.0,"damage_taken":0.0},{"damage_healed":0.0,"max_hp_gain":0.0,"max_hp_loss":0.0,"gold_gain":0.0,"event_name":"Living Wall","player_choice":"Grow","floor":3.0,"gold_loss":0.0,"damage_taken":0.0,"cards_upgraded":["TheCursedMod:HellsGateOpen"]},{"damage_healed":0.0,"max_hp_gain":0.0,"max_hp_loss":0.0,"gold_gain":0.0,"event_name":"Accursed Blacksmith","player_choice":"Rummage","floor":5.0,"gold_loss":0.0,"damage_taken":0.0,"relics_obtained":["WarpedTongs"],"cards_obtained":["Pain"]},{"damage_healed":0.0,"max_hp_gain":0.0,"max_hp_loss":0.0,"gold_gain":175.0,"event_name":"Liars Game","player_choice":"AGREE","floor":13.0,"gold_loss":0.0,"damage_taken":0.0,"cards_obtained":["Doubt"]},{"damage_healed":0.0,"max_hp_gain":0.0,"max_hp_loss":0.0,"gold_gain":0.0,"event_name":"The Mausoleum","player_choice":"Opened","floor":19.0,"gold_loss":0.0,"damage_taken":0.0,"relics_obtained":["HornCleat"]},{"damage_healed":25.0,"max_hp_gain":0.0,"max_hp_loss":0.0,"gold_gain":0.0,"event_name":"The Library","player_choice":"Heal","floor":22.0,"gold_loss":0.0,"damage_taken":0.0}],"is_beta":true,"boss_relics":[{"not_picked":["Astrolabe","SlaversCollar"],"picked":"TheCursedMod:FourLeafCloverCharm"}],"items_purged_floors":[],"is_endless":false,"potions_floor_spawned":[1,14],"killed_by":"Gremlin Leader","ascension_level":4}}