{"host":"5h7tnviy6ct1qpjn","time":1610481475,"event":{"mods":["AchievementEnabler","BaseMod","BetterRewards","Colored Powertips","Minty Spire (QoL Compilation)","Shop Mod","StSLib"],"gold_per_floor":[109,120,140,153,167,167,192,204,261,307,335,361,386,423,435,547,559,589,601,630,99,117,149,160,160,160,160,16,35,63,83,83,186,186,203,219,219,233,251,277,38,38,65,76,76,16,16,29,29,29],"floor_reached":51,"playtime":5583,"items_purged":["Rupture","Strike_R"],"score":770,"play_id":"d9c2a753-93cc-4fa2-a810-5bea492a5383","local_time":"20210112205755","is_ascension_mode":false,"campfire_choices":[{"data":"Seeing Red","floor":6,"key":"SMITH"},{"data":"Uppercut","floor":15,"key":"SMITH"},{"floor":25,"key":"REST"},{"data":"Bash","floor":27,"key":"SMITH"},{"data":"Headbutt","floor":32,"key":"SMITH"},{"floor":42,"key":"REST"},{"floor":47,"key":"REST"},{"data":"Cleave","floor":49,"key":"SMITH"}],"circlet_count":0,"master_deck":["Strike_R","Strike_R","Defend_R","Defend_R","Defend_R","Bash+1","Seeing Red+1","Cleave+1","Headbutt+1","Infernal Blade+1","Intimidate+1","Ghostly Armor+1","Limit Break+1","Flex+1","Uppercut+1","Armaments+1","Flex+1","Double Tap+1","Chrysalis+1","Shrug It Off+1","Shrug It Off+1","Limit Break+1","Thunderclap+1","Limit Break+1","Heavy Blade+1","Battle Trance+1","Shrug It Off+1"],"relics":["Burning Blood","MerchantsRug","FaceOfCleric","Toxic Egg 2","Omamori","Matryoshka","Nunchaku","Runic Pyramid","Frozen Eye","PreservedInsect","Ginger","Self Forming Clay","Paper Frog","Meat on the Bone","Lantern","Gremlin Horn","Calipers","Bag of Preparation","Ancient Tea Set","Pen Nib"],"acts_visited":["Exordium","TheCity","TheBeyond"],"potions_floor_usage":[12,16,16,16,23,38,40,40,40],"damage_taken":[{"damage":6,"enemies":"Cultist","floor":1,"turns":4},{"damage":6,"enemies":"Jaw Worm","floor":2,"turns":4},{"damage":3,"enemies":"2 Louse","floor":3,"turns":3},{"damage":15,"enemies":"Gremlin Gang","floor":4,"turns":4},{"damage":6,"enemies":"3 Louse","floor":5,"turns":2},{"damage":9,"enemies":"3 Sentries","floor":7,"turns":8},{"damage":26,"enemies":"Lagavulin","floor":10,"turns":6},{"damage":2,"enemies":"Large Slime","floor":11,"turns":4},{"damage":4,"enemies":"Gremlin Gang","floor":12,"turns":3},{"damage":7,"enemies":"3 Louse","floor":13,"turns":3},{"damage":13,"enemies":"3 Sentries","floor":14,"turns":6},{"damage":55,"enemies":"Slime Boss","floor":16,"turns":11},{"damage":24,"enemies":"Shell Parasite","floor":18,"turns":4},{"damage":7,"enemies":"3 Byrds","floor":20,"turns":4},{"damage":6,"enemies":"Snecko","floor":22,"turns":5},{"damage":10,"enemies":"Slavers","floor":23,"turns":4},{"damage":18,"enemies":"Centurion and Healer","floor":24,"turns":6},{"damage":0,"enemies":"Snake Plant","floor":29,"turns":4},{"damage":2,"enemies":"Book of Stabbing","floor":30,"turns":5},{"damage":6,"enemies":"Snecko","floor":31,"turns":5},{"damage":33,"enemies":"Champ","floor":33,"turns":9},{"damage":7,"enemies":"3 Shapes","floor":35,"turns":5},{"damage":24,"enemies":"3 Darklings","floor":36,"turns":3},{"damage":24,"enemies":"Maw","floor":38,"turns":6},{"damage":25,"enemies":"Writhing Mass","floor":39,"turns":3},{"damage":26,"enemies":"Reptomancer","floor":40,"turns":4},{"damage":9,"enemies":"3 Darklings","floor":44,"turns":3},{"damage":1,"enemies":"Transient","floor":48,"turns":5},{"damage":70,"enemies":"Time Eater","floor":50,"turns":7}],"seed_played":"6440870129797453743","potions_obtained":[{"floor":2,"key":"FearPotion"},{"floor":3,"key":"Fire Potion"},{"floor":10,"key":"Explosive Potion"},{"floor":11,"key":"AttackPotion"},{"floor":12,"key":"Energy Potion"},{"floor":18,"key":"BlessingOfTheForge"},{"floor":19,"key":"HeartOfIron"},{"floor":19,"key":"CultistPotion"},{"floor":30,"key":"CultistPotion"},{"floor":33,"key":"ColorlessPotion"},{"floor":39,"key":"EssenceOfSteel"},{"floor":44,"key":"PowerPotion"}],"is_trial":false,"path_per_floor":["M","M","M","M","M","R","E","?","T","E","M","M","M","E","R","B",null,"M","?","M","$","M","E","M","R","T","R","$","M","E","M","R","B",null,"M","M","?","M","M","E","$","R","T","M","?","?","R","M","R","B",null],"character_chosen":"IRONCLAD","items_purchased":["MerchantsRug","Seeing Red","Toxic Egg 2","Chrysalis+1","Shrug It Off+1","Frozen Eye","PreservedInsect","Limit Break+1","Bag of Preparation","Weak Potion"],"campfire_rested":3,"item_purchase_floors":[0,0,0,21,21,21,21,28,41,41],"current_hp_per_floor":[81,82,83,75,76,76,74,74,74,55,60,63,63,57,57,9,92,75,75,75,75,76,73,62,91,91,91,91,98,99,100,100,74,101,101,84,84,67,61,54,54,85,85,83,83,83,107,108,108,57],"gold":29,"neow_bonus":"","is_daily":false,"chose_seed":false,"campfire_upgraded":5,"win_rate":0.0,"timestamp":1610481475,"path_taken":["M","?","M","M","M","R","E","?","T","E","M","M","M","E","R","BOSS","M","?","M","$","M","E","M","R","T","R","$","M","E","M","R","BOSS","M","?","?","M","M","E","$","R","T","?","?","?","R","?","R","BOSS"],"items_purchased_type":["Relic","Card","Relic","Card","Card","Relic","Relic","Card","Relic","Potion"],"build_version":"2020-12-22","purchased_purges":2,"victory":true,"max_hp_per_floor":[81,82,83,84,85,85,86,86,86,87,88,89,90,91,91,92,92,93,93,94,94,95,96,97,97,97,97,97,98,99,100,100,101,101,102,103,103,104,105,106,106,106,106,107,107,107,107,108,108,109],"card_choices":[{"not_picked":["Combust","Blood for Blood"],"picked":"Cleave","floor":1},{"not_picked":["Fire Breathing","Rupture"],"picked":"Headbutt","floor":2},{"not_picked":["Headbutt","Rupture"],"picked":"Infernal Blade+1","floor":3},{"not_picked":["Fire Breathing","Heavy Blade"],"picked":"Intimidate+1","floor":4},{"not_picked":["Clothesline","Warcry+1"],"picked":"Ghostly Armor+1","floor":5},{"not_picked":["Disarm+1","Heavy Blade","Cleave"],"picked":"SKIP","floor":7},{"not_picked":["Shrug It Off+1","Sword Boomerang"],"picked":"Flex+1","floor":10},{"not_picked":["Dropkick","Perfected Strike"],"picked":"Uppercut","floor":11},{"not_picked":["Burning Pact+1","Headbutt"],"picked":"Rupture","floor":12},{"not_picked":["Clash","Rampage"],"picked":"Armaments+1","floor":13},{"not_picked":["Dropkick","Shrug It Off+1"],"picked":"Flex+1","floor":14},{"not_picked":["Fiend Fire","Corruption"],"picked":"Double Tap+1","floor":16},{"not_picked":["Pommel Strike","Clothesline","Burning Pact+1"],"picked":"SKIP","floor":18},{"not_picked":["Twin Strike","Warcry+1","Anger"],"picked":"SKIP","floor":20},{"not_picked":["Barricade","Headbutt"],"picked":"Shrug It Off+1","floor":22},{"not_picked":["Second Wind+1","Thunderclap","Feed"],"picked":"SKIP","floor":23},{"not_picked":["Fire Breathing","Burning Pact+1","Warcry+1"],"picked":"SKIP","floor":24},{"not_picked":["Cleave","Perfected Strike","Intimidate+1"],"picked":"SKIP","floor":29},{"not_picked":["Perfected Strike+1","Searing Blow"],"picked":"Thunderclap+1","floor":30},{"not_picked":["Feel No Pain","Thunderclap","Anger+1"],"picked":"SKIP","floor":31},{"not_picked":["Impervious+1","Reaper"],"picked":"Limit Break+1","floor":33},{"not_picked":["Flex+1","Shockwave+1","Headbutt+1"],"picked":"SKIP","floor":35},{"not_picked":["Iron Wave+1","Cleave+1","Anger+1"],"picked":"SKIP","floor":36},{"not_picked":["Body Slam","Combust+1"],"picked":"Heavy Blade+1","floor":38},{"not_picked":["Flex+1","Rage+1","Whirlwind+1"],"picked":"SKIP","floor":39},{"not_picked":["Clash","Impervious+1","Combust+1"],"picked":"SKIP","floor":40},{"not_picked":["Thunderclap+1","Uppercut+1","Shockwave+1"],"picked":"SKIP","floor":44},{"not_picked":["Power Through+1","Clothesline+1","Rage+1"],"picked":"SKIP","floor":48}],"player_experience":22168,"relics_obtained":[{"floor":7,"key":"MawBank"},{"floor":9,"key":"Omamori"},{"floor":10,"key":"Matryoshka"},{"floor":14,"key":"Nunchaku"},{"floor":23,"key":"Ginger"},{"floor":26,"key":"Self Forming Clay"},{"floor":26,"key":"Paper Frog"},{"floor":30,"key":"Meat on the Bone"},{"floor":34,"key":"Lantern"},{"floor":34,"key":"Gremlin Horn"},{"floor":34,"key":"Calipers"},{"floor":40,"key":"Centennial Puzzle"},{"floor":43,"key":"Ancient Tea Set"},{"floor":43,"key":"Pen Nib"}],"event_choices":[{"damage_healed":0,"gold_gain":0,"cards_transformed":["Strike_R"],"player_choice":"Transformed","damage_taken":0,"max_hp_gain":0,"max_hp_loss":0,"event_name":"Transmorgrifier","floor":8,"gold_loss":0,"cards_obtained":["Limit Break"]},{"damage_healed":0,"gold_gain":0,"player_choice":"Got Potions","damage_taken":0,"max_hp_gain":0,"max_hp_loss":0,"event_name":"Lab","floor":19,"gold_loss":0},{"damage_healed":0,"gold_gain":0,"player_choice":"Ignored","damage_taken":0,"max_hp_gain":0,"max_hp_loss":0,"event_name":"Duplicator","floor":37,"gold_loss":0},{"damage_healed":0,"gold_gain":0,"player_choice":"Ignored","damage_taken":0,"max_hp_gain":0,"max_hp_loss":0,"event_name":"Mysterious Sphere","floor":45,"gold_loss":0},{"damage_healed":0,"gold_gain":0,"cards_transformed":["Strike_R","Defend_R"],"player_choice":"Transformed Cards","damage_taken":0,"max_hp_gain":0,"max_hp_loss":0,"event_name":"Designer","floor":46,"gold_loss":60,"cards_obtained":["Battle Trance","Shrug It Off"]}],"is_beta":false,"boss_relics":[{"not_picked":["Astrolabe","Coffee Dripper"],"picked":"Runic Pyramid"},{"not_picked":["SlaversCollar","Black Star"],"picked":"Calling Bell"}],"items_purged_floors":[21,41],"is_endless":false,"potions_floor_spawned":[2,3,10,11,12,14,18,22,30,33,36,39,44],"ascension_level":0}}