{"host":"bydnmyvf669xu6ab","time":1610479367,"event":{"mods":["BaseMod","BetterRewards","Colored Map","Infinite Spire","Minty Spire (QoL Compilation)","Poor People Problems","Rare Cards Sparkle","Relic Stats","Shop Mod","Spikes Relics","StSLib","SuperFastMode"],"gold_per_floor":[114,128,147,163,175,175,175,9,9,9,27,91,91,105,105,205,205,215,21,21,31,41,66,83,95,95,95,113,130,130,141,141,243,243,261,273,273,273,283,318,338,350,403,420,420,420,420,420],"floor_reached":47,"playtime":3602,"items_purged":[],"score":736,"play_id":"55304be2-73a7-4e61-b2c7-379f598934f8","local_time":"20210112112247","is_ascension_mode":true,"campfire_choices":[{"data":"Berserk","floor":6,"key":"SMITH"},{"data":"infinitespire:OneForAll","floor":10,"key":"SMITH"},{"data":"Inflame","floor":13,"key":"SMITH"},{"data":"Rampage","floor":15,"key":"SMITH"},{"floor":30,"key":"RECALL"},{"floor":32,"key":"REST"},{"floor":45,"key":"REST"}],"circlet_count":0,"master_deck":["Strike_R","Strike_R","Strike_R","Strike_R","Strike_R","Defend_R","Defend_R+1","Defend_R+1","Defend_R","Bash","Feel No Pain","Rampage+1","Armaments+1","infinitespire:OneForAll+1","Flex+1","Berserk+1","Heavy Blade","Entrench+1","Inflame+1","Rage+1","Warcry+1","Limit Break+1","Flame Barrier+1","Double Tap+1","Armaments+1","Body Slam","Limit Break+1","Shrug It Off+1","Shrug It Off+1","Flex+1","Berserk","Flex+1","Headbutt+1","Entrench+1","Battle Trance+1","Dual Wield+1"],"relics":["Black Blood","Dead Branch","War Paint","Membership Card","Toxic Egg 2","Pen Nib","MerchantsRug","Omamori","Fusion Hammer","Shuriken","Bird Faced Urn","infinitespire:Lychee Nut","Potion Belt","Gambling Chip","SnailShell","infinitespire:WardingShard"],"acts_visited":["Exordium","TheCity","TheBeyond"],"potions_floor_usage":[5,12,14,23,28,33,33,40],"damage_taken":[{"damage":13,"enemies":"infinitespire:Voidling","floor":1,"turns":3},{"damage":2,"enemies":"Small Slimes","floor":2,"turns":3},{"damage":5,"enemies":"2 Louse","floor":3,"turns":3},{"damage":4,"enemies":"Exordium Wildlife","floor":4,"turns":3},{"damage":0,"enemies":"Large Slime","floor":5,"turns":5},{"damage":17,"enemies":"Exordium Thugs","floor":11,"turns":4},{"damage":24,"enemies":"Gremlin Nob","floor":12,"turns":3},{"damage":0,"enemies":"2 Fungi Beasts","floor":14,"turns":2},{"damage":13,"enemies":"Hexaghost","floor":16,"turns":8},{"damage":10,"enemies":"Chosen","floor":18,"turns":2},{"damage":20,"enemies":"2 Thieves","floor":21,"turns":3},{"damage":19,"enemies":"Shelled Parasite and Fungi","floor":22,"turns":4},{"damage":0,"enemies":"Gremlin Leader","floor":23,"turns":5},{"damage":0,"enemies":"Snecko","floor":24,"turns":2},{"damage":0,"enemies":"Cultist and Chosen","floor":25,"turns":4},{"damage":2,"enemies":"Snake Plant","floor":28,"turns":2},{"damage":12,"enemies":"Centurion and Healer","floor":29,"turns":5},{"damage":18,"enemies":"Shelled Parasite and Fungi","floor":31,"turns":5},{"damage":15,"enemies":"Collector","floor":33,"turns":9},{"damage":21,"enemies":"3 Darklings","floor":35,"turns":6},{"damage":13,"enemies":"Orb Walker","floor":36,"turns":3},{"damage":17,"enemies":"Spire Growth","floor":39,"turns":3},{"damage":13,"enemies":"Giant Head","floor":40,"turns":6},{"damage":25,"enemies":"Sphere and 2 Shapes","floor":41,"turns":4},{"damage":50,"enemies":"Writhing Mass","floor":42,"turns":5},{"damage":0,"enemies":"Transient","floor":44,"turns":5},{"damage":65,"enemies":"Nightmare","floor":47,"turns":4}],"seed_played":"-6541243549612388237","potions_obtained":[{"floor":1,"key":"BlessingOfTheForge"},{"floor":3,"key":"Explosive Potion"},{"floor":4,"key":"Fire Potion"},{"floor":11,"key":"Explosive Potion"},{"floor":16,"key":"Swift Potion"},{"floor":22,"key":"AttackPotion"},{"floor":24,"key":"DuplicationPotion"},{"floor":28,"key":"EssenceOfSteel"},{"floor":33,"key":"CultistPotion"},{"floor":35,"key":"BloodPotion"},{"floor":39,"key":"DuplicationPotion"},{"floor":41,"key":"SpeedPotion"}],"is_trial":false,"path_per_floor":["M","M","M","M","M","R","?","$","T","R","M","?","R","M","R","B",null,"M","$","?","M","M","E","M","M","T","AVR","M","M","R","M","R","B",null,"M","M","?","?","M","E","M","M","T","M","R","AVR","NM"],"character_chosen":"IRONCLAD","items_purchased":["Dead Branch","Feel No Pain","Rampage","War Paint","Membership Card","Toxic Egg 2","Entrench+1","Pen Nib","MerchantsRug","Shuriken","Double Tap+1"],"campfire_rested":2,"item_purchase_floors":[0,0,0,0,0,0,8,8,8,19,19],"current_hp_per_floor":[37,41,42,44,50,50,55,55,55,55,44,26,26,32,32,25,85,81,81,81,67,54,60,66,74,63,63,63,63,63,55,63,56,63,56,62,62,62,60,63,53,23,23,49,63,63,0,0],"gold":420,"neow_bonus":"","is_daily":false,"chose_seed":false,"campfire_upgraded":4,"win_rate":0.0,"timestamp":1610479367,"path_taken":["M","?","M","M","M","R","?","$","T","R","M","?","R","M","R","BOSS","M","$","?","M","M","E","M","M","T","AVR","M","M","R","M","R","BOSS","M","M","?","?","M","E","?","M","T","M","R","AVR","NM"],"items_purchased_type":["Relic","Card","Card","Relic","Relic","Relic","Card","Relic","Relic","Relic","Card"],"build_version":"2020-12-22","purchased_purges":0,"victory":false,"max_hp_per_floor":[80,80,80,80,80,80,85,85,85,85,85,85,85,85,85,85,85,85,85,85,85,85,85,85,85,63,63,63,63,63,63,63,63,63,63,63,63,63,63,63,63,63,63,63,63,63,63,63],"relic_stats":{"counters":[27,111],"Shuriken":[15],"Dead Branch":[37],"Bird Faced Urn":[30],"Gambling Chip":[7],"Black Blood":190,"Pen Nib":[15],"War Paint":["Defend_R","Defend_R"],"obtain_stats":[{"Potion Belt":38,"MerchantsRug":8,"SnailShell":43,"Dead Branch":0,"Black Blood":34,"Pen Nib":8,"Omamori":12,"War Paint":0,"Burning Blood":0,"infinitespire:WardingShard":46,"Shuriken":19,"infinitespire:Lychee Nut":26,"Bird Faced Urn":23,"Gambling Chip":40,"Fusion Hammer":17,"Membership Card":0,"Toxic Egg 2":0},{"Potion Belt":21,"MerchantsRug":5,"SnailShell":25,"Dead Branch":0,"Black Blood":19,"Pen Nib":5,"Omamori":6,"War Paint":0,"Burning Blood":0,"infinitespire:WardingShard":26,"Shuriken":10,"infinitespire:Lychee Nut":15,"Bird Faced Urn":13,"Gambling Chip":23,"Fusion Hammer":9,"Membership Card":0,"Toxic Egg 2":0},{"Potion Belt":84,"MerchantsRug":17,"SnailShell":102,"Dead Branch":0,"Black Blood":75,"Pen Nib":17,"Omamori":21,"War Paint":0,"Burning Blood":0,"infinitespire:WardingShard":107,"Shuriken":36,"infinitespire:Lychee Nut":54,"Bird Faced Urn":48,"Gambling Chip":93,"Fusion Hammer":34,"Membership Card":0,"Toxic Egg 2":0}]},"card_choices":[{"not_picked":["Shockwave+1","Heavy Blade"],"picked":"Armaments+1","floor":1},{"not_picked":["Intimidate+1","Body Slam"],"picked":"infinitespire:OneForAll","floor":2},{"not_picked":["Searing Blow","Body Slam"],"picked":"Flex+1","floor":3},{"not_picked":["Body Slam","Pommel Strike"],"picked":"Berserk","floor":4},{"not_picked":["Sword Boomerang","infinitespire:OneForAll"],"picked":"Heavy Blade","floor":5},{"not_picked":["Reckless Charge","Thunderclap"],"picked":"Inflame","floor":11},{"not_picked":["Blood for Blood","Uppercut"],"picked":"Rage+1","floor":12},{"not_picked":["Blood for Blood","Hemokinesis"],"picked":"Warcry+1","floor":14},{"not_picked":["Offering+1","Bludgeon"],"picked":"Limit Break+1","floor":16},{"not_picked":["Evolve","Thunderclap"],"picked":"Flame Barrier+1","floor":18},{"not_picked":["Sword Boomerang+1","Clothesline"],"picked":"Armaments+1","floor":21},{"not_picked":["Dark Embrace+1","Thunderclap"],"picked":"Body Slam","floor":22},{"not_picked":["Thunderclap+1","Sword Boomerang"],"picked":"Limit Break+1","floor":23},{"not_picked":["Headbutt","Twin Strike"],"picked":"Shrug It Off+1","floor":24},{"not_picked":["Pommel Strike","Body Slam+1"],"picked":"Shrug It Off+1","floor":25},{"not_picked":["Immolate","Thunderclap+1"],"picked":"Clothesline+1","floor":28},{"not_picked":["Sever Soul","Burning Pact+1"],"picked":"Flex+1","floor":29},{"not_picked":["Anger+1","Infernal Blade+1","Thunderclap"],"picked":"SKIP","floor":31},{"not_picked":["Brutality","Immolate"],"picked":"Berserk","floor":33},{"not_picked":["Seeing Red+1","Carnage+1","Combust"],"picked":"SKIP","floor":35},{"not_picked":["Clash+1","Thunderclap"],"picked":"Flex+1","floor":36},{"not_picked":["Anger+1","infinitespire:OneForAll"],"picked":"Headbutt+1","floor":39},{"not_picked":["Thunderclap+1","Blood for Blood","Feed"],"picked":"SKIP","floor":40},{"not_picked":["Heavy Blade+1","Intimidate+1"],"picked":"Entrench+1","floor":41},{"not_picked":["Searing Blow","Twin Strike"],"picked":"Battle Trance+1","floor":42},{"not_picked":["Combust","Searing Blow+1"],"picked":"Dual Wield+1","floor":44}],"player_experience":2208203,"relics_obtained":[{"floor":23,"key":"Bird Faced Urn"},{"floor":26,"key":"infinitespire:Lychee Nut"},{"floor":40,"key":"Gambling Chip"},{"floor":43,"key":"SnailShell"}],"event_choices":[{"damage_healed":0,"gold_gain":0,"player_choice":"Donut","damage_taken":0,"max_hp_gain":5,"max_hp_loss":0,"event_name":"Big Fish","floor":7,"gold_loss":0},{"damage_healed":0,"gold_gain":0,"player_choice":"Searched \u00272\u0027 times","damage_taken":0,"relics_obtained":["Omamori"],"max_hp_gain":0,"max_hp_loss":0,"event_name":"Dead Adventurer","floor":12,"gold_loss":0},{"cards_removed":["Clothesline"],"damage_healed":0,"gold_gain":0,"player_choice":"Removed Attack","damage_taken":0,"max_hp_gain":0,"max_hp_loss":0,"event_name":"Falling","floor":37,"gold_loss":0},{"damage_healed":0,"gold_gain":0,"player_choice":"Gave Potion","damage_taken":0,"relics_obtained":["Potion Belt"],"max_hp_gain":0,"max_hp_loss":0,"event_name":"WeMeetAgain","floor":38,"gold_loss":0}],"is_beta":false,"boss_relics":[{"not_picked":["infinitespire:Burning Sword","HailfireSword"],"picked":"Fusion Hammer"},{"not_picked":["Empty Cage","Runic Cube"],"picked":"Black Blood"}],"items_purged_floors":[],"is_endless":false,"potions_floor_spawned":[1,3,4,11,16,22,24,28,31,33,35,36,39,41],"killed_by":"Nightmare","ascension_level":1}}