{"host":"627up2rvtmm0cf0r","time":1610451595,"event":{"mods":["100% Spire Juice","ATMod(阿瑾Mod)","Act Like it!","BaseMod","Better Vampires","CapriCore","Card Filter","Card Forge","Colored Powertips","DeckTracker","Dota2Spire","Friendly Minions","Highlight Path","Infinite Spire","Jedi Mod","Marked Mod","Mimic Mod","Minty Spire (QoL Compilation)","MostiFishMod","Permanent Neow","Practice Mode","Quick Restart","Relic Stats","Shop Mod","Spicy Shops","StSLib","SuperFastMode","TestMod","The Marked","【遗物卡牌】REMEMod","残留之物","篝火指南"],"gold_per_floor":[14,34,309,323,736,736,736,736,136,136,136,136,136,86,86,86,86,86,71,177,177,197,197,240,240,282,282,282,282,369,409,7,108,108,137,167,167,167,167,67,125,179,224,99,0,69,69,69,33,55],"floor_reached":51,"playtime":1814,"items_purged":["Regret","Regret","Moonworks:Strike","Moonworks:Strike","Moonworks:Strike","Moonworks:Defend","Moonworks:Defend","Moonworks:Defend","Pride","Moonworks:Ambush"],"score":1152,"play_id":"b706ec58-3a90-4784-ae40-a9fb1ec18e2d","local_time":"20210112193955","is_ascension_mode":false,"campfire_choices":[{"data":"AT_MachinaRedman","floor":6,"key":"SMITH"},{"data":"Moonworks:EvilSpyWorkPreparation","floor":10,"key":"SMITH"},{"floor":15,"key":"RECALL"},{"data":"Seek","floor":29,"key":"SMITH"}],"circlet_count":0,"master_deck":["Moonworks:LongDistanceShot","AT_MachinaRedman+1","Seek+1","Moonworks:EvilSpyWorkPreparation+1","Moonworks:EvilSpyWorkPreparation+1","Moonworks:EvilSpyWorkPreparation+1"],"relics":["Moonworks:BrokenBomb","Moonworks:Homemark","Hammer of Thor","Seething Fire","Anvil of the Gods","DaveBox","testmod-TestBox","AT_ATBox","Dead Branch","testmod-TheFather","DiscerningMonocle","SynthV:TestCard","AT_GuinsooRageblade","infinitespire:PuzzleCube","jedi:ominousloannote","Dota2Spire:MantaStyle","infinitespire:Satchel","Chemical X","BionicSphere","WingedGreaves","testmod-InfectionSource","Juzu Bracelet","Moonworks:LittleGull","MostiFishMod:AdaptiveDefenses","Dota2Spire:PhaseBoots","jedi:heavyjacket","testmod-FatalChain","Boot","Dota2Spire:MagicBottle","Frozen Eye","testmod-Fanaticism","jedi:kaleidoscope","PreservedInsect","Meat on the Bone","OrangePellets","BirthdayGift-Icosahedron","SynthV:C4","AT_RedNoBalance","REME_ArchaeologicalTools","Bag of Marbles","jedi:crownofsimplicity","Medical Kit","testmod-Register","testmod-DeterminationOfClimber","Membership Card","testmod-RealStoneCalender","Dota2Spire:Vanguard","Dota2Spire:Satanic","AT_SpeedBoots","Sling","Dota2Spire:HandOfMidas","jedi:Pinwheel","testmod-Déjàvu","DollysMirror","Dota2Spire:OrchidMalevolence","Red Mask","Akabeko","ClockworkSouvenir","Dota2Spire:BladeMail","Dota2Spire:ShivaGuard","Ornamental Fan","BirthdayGift-Tetrahedron","Membership Card","CeramicFish","Dota2Spire:CrimsonGuard","Ice Cream","AT_SunfireAegis","Dodecahedron"],"acts_visited":["Exordium","TheCity","TheBeyond"],"potions_floor_usage":[19],"damage_taken":[{"damage":0,"enemies":"2 Louse","floor":1,"turns":2},{"damage":0,"enemies":"Cultist","floor":2,"turns":1},{"damage":1,"enemies":"Jaw Worm","floor":4,"turns":2},{"damage":0,"enemies":"3 Louse","floor":9,"turns":3},{"damage":0,"enemies":"3 Louse","floor":11,"turns":2},{"damage":0,"enemies":"Gremlin Gang","floor":12,"turns":2},{"damage":0,"enemies":"Slime Boss","floor":16,"turns":3},{"damage":0,"enemies":"Shell Parasite","floor":18,"turns":2},{"damage":0,"enemies":"2 Thieves","floor":19,"turns":2},{"damage":5,"enemies":"Snake Plant","floor":22,"turns":2},{"damage":0,"enemies":"Slavers","floor":24,"turns":1},{"damage":0,"enemies":"Cultist and Chosen","floor":26,"turns":2},{"damage":0,"enemies":"Gremlin Leader","floor":30,"turns":1},{"damage":0,"enemies":"Cultist and Chosen","floor":31,"turns":1},{"damage":0,"enemies":"Collector","floor":33,"turns":1},{"damage":0,"enemies":"3 Shapes","floor":35,"turns":1},{"damage":0,"enemies":"Orb Walker","floor":36,"turns":1},{"damage":0,"enemies":"Giant Head","floor":41,"turns":1},{"damage":0,"enemies":"Mind Bloom Boss Battle","floor":42,"turns":1},{"damage":0,"enemies":"Nemesis","floor":46,"turns":1},{"damage":0,"enemies":"Time Eater","floor":50,"turns":1}],"seed_played":"-5289097324195405094","potions_obtained":[{"floor":4,"key":"ColorlessPotion"},{"floor":12,"key":"EntropicBrew"},{"floor":19,"key":"REME_GoldPotion"},{"floor":22,"key":"jedi:wingpotion"}],"is_trial":false,"path_per_floor":["M","M","?","M","$","R","?","$","MIM","R","M","M","$","?","R","B",null,"M","M","?","?","M","R","E","$","MIM","R","?","R","E","M","R","B",null,"M","M","?","?","AVR","R","E","?","T","$","?","E","$","$","R","B",null],"character_chosen":"THE_STARBREAKER","items_purchased":["AT_GuinsooRageblade","infinitespire:PuzzleCube","jedi:ominousloannote","Dota2Spire:MantaStyle","infinitespire:Satchel","Chemical X","Moonworks:EvilSpyWorkPreparation","ColorlessPotion","WingedGreaves","testmod-InfectionSource","Juzu Bracelet","Moonworks:LittleGull","MostiFishMod:AdaptiveDefenses","jedi:heavyjacket","testmod-FatalChain","Boot","Dota2Spire:MagicBottle","Frozen Eye","PreservedInsect","Meat on the Bone","OrangePellets","BirthdayGift-Icosahedron","SynthV:C4","AT_SilverBalance","Medical Kit","testmod-Register","testmod-RealStoneCalender","Sling","Dota2Spire:HandOfMidas","jedi:Pinwheel","testmod-Déjàvu","DollysMirror","Dota2Spire:OrchidMalevolence","ColorlessPotion","ClockworkSouvenir","Dota2Spire:BladeMail","Dota2Spire:ShivaGuard","Ornamental Fan","BirthdayGift-Tetrahedron","Membership Card","CeramicFish","Dota2Spire:CrimsonGuard","Ice Cream","AT_SunfireAegis","Dodecahedron"],"campfire_rested":0,"item_purchase_floors":[5,5,5,5,5,5,5,5,8,8,8,8,8,13,13,13,13,13,25,25,25,25,25,25,32,32,40,44,44,44,44,44,44,44,47,47,47,47,47,48,48,48,48,48,49],"current_hp_per_floor":[60,60,60,59,59,59,59,59,59,59,59,59,59,59,59,59,60,60,60,60,60,60,60,60,60,43,43,43,43,43,43,43,44,60,60,60,60,60,60,60,60,60,60,60,60,60,60,60,60,60],"gold":55,"neow_bonus":"ONE_RARE_RELIC","is_daily":false,"chose_seed":false,"campfire_upgraded":3,"win_rate":0.0,"timestamp":1610451595,"path_taken":["M","M","?","?","$","R","?","?","MIM","R","M","M","$","?","R","BOSS","M","M","?","?","M","R","E","$","MIM","R","?","R","E","M","R","BOSS","M","M","?","?","AVR","R","E","?","T","?","?","E","$","$","R","BOSS"],"items_purchased_type":["Relic","Relic","Relic","Relic","Relic","Relic","Card","Potion","Relic","Relic","Relic","Relic","Relic","Relic","Relic","Relic","Relic","Relic","Relic","Relic","Relic","Relic","Relic","Relic","Relic","Relic","Relic","Relic","Relic","Relic","Relic","Relic","Relic","Potion","Relic","Relic","Relic","Relic","Relic","Relic","Relic","Relic","Relic","Relic","Relic"],"build_version":"2020-12-22","purchased_purges":10,"victory":true,"max_hp_per_floor":[60,60,60,60,60,60,60,60,60,60,60,60,60,60,60,60,60,60,60,60,60,60,60,60,60,60,60,60,60,60,60,60,60,60,60,60,60,60,60,60,60,60,60,60,60,60,60,60,60,60],"relic_stats":{"OrangePellets":[8],"counters":[21,33],"Ornamental Fan":[12],"Dead Branch":[78],"CeramicFish":0,"PreservedInsect":217,"Juzu Bracelet":3,"Chemical X":[8],"Boot":[317],"Medical Kit":[0],"obtain_stats":[{"Ice Cream":48,"AT_ATBox":0,"CeramicFish":48,"MostiFishMod:AdaptiveDefenses":8,"Hammer of Thor":0,"BirthdayGift-Icosahedron":25,"Boot":13,"Sling":44,"Dota2Spire:MagicBottle":13,"testmod-Fanaticism":17,"Dota2Spire:Satanic":42,"Dota2Spire:CrimsonGuard":48,"DollysMirror":44,"REME_ArchaeologicalTools":26,"testmod-InfectionSource":8,"AT_RedNoBalance":31,"AT_GuinsooRageblade":5,"Dota2Spire:HandOfMidas":44,"testmod-TestBox":0,"Moonworks:LittleGull":8,"Dodecahedron":49,"testmod-Register":32,"Dead Branch":0,"testmod-FatalChain":13,"Dota2Spire:ShivaGuard":47,"AT_SilverBalance":25,"Akabeko":46,"jedi:heavyjacket":13,"OrangePellets":25,"testmod-RealStoneCalender":40,"AT_SpeedBoots":43,"Anvil of the Gods":0,"Moonworks:Homemark":0,"BionicSphere":7,"infinitespire:PuzzleCube":5,"Dota2Spire:PhaseBoots":9,"Meat on the Bone":25,"DaveBox":0,"DiscerningMonocle":0,"Dota2Spire:OrchidMalevolence":44,"Dota2Spire:Vanguard":41,"Juzu Bracelet":8,"jedi:Pinwheel":44,"SynthV:C4":25,"ClockworkSouvenir":47,"Frozen Eye":13,"Dota2Spire:BladeMail":47,"testmod-TheFather":0,"WingedGreaves":8,"testmod-Déjàvu":44,"testmod-DeterminationOfClimber":34,"Red Mask":45,"Chemical X":5,"BirthdayGift-Tetrahedron":47,"Dota2Spire:MantaStyle":5,"PreservedInsect":25,"Seething Fire":0,"jedi:crownofsimplicity":30,"Medical Kit":32,"SynthV:TestCard":1,"jedi:kaleidoscope":24,"jedi:ominousloannote":5,"Ornamental Fan":47,"infinitespire:Satchel":5,"Bag of Marbles":28,"Membership Card":39,"AT_SunfireAegis":48,"Moonworks:BrokenBomb":0,"REME_ComplimentaryCards":0},{"Ice Cream":20,"AT_ATBox":0,"CeramicFish":20,"MostiFishMod:AdaptiveDefenses":3,"Hammer of Thor":0,"BirthdayGift-Icosahedron":11,"Boot":6,"Sling":19,"Dota2Spire:MagicBottle":6,"testmod-Fanaticism":7,"Dota2Spire:Satanic":19,"Dota2Spire:CrimsonGuard":20,"DollysMirror":19,"REME_ArchaeologicalTools":12,"testmod-InfectionSource":3,"AT_RedNoBalance":14,"AT_GuinsooRageblade":3,"Dota2Spire:HandOfMidas":19,"testmod-TestBox":0,"Moonworks:LittleGull":3,"Dodecahedron":20,"testmod-Register":14,"Dead Branch":0,"testmod-FatalChain":6,"Dota2Spire:ShivaGuard":20,"AT_SilverBalance":11,"Akabeko":20,"jedi:heavyjacket":6,"OrangePellets":11,"testmod-RealStoneCalender":17,"AT_SpeedBoots":19,"Anvil of the Gods":0,"Moonworks:Homemark":0,"BionicSphere":3,"infinitespire:PuzzleCube":3,"Dota2Spire:PhaseBoots":4,"Meat on the Bone":11,"DaveBox":0,"DiscerningMonocle":0,"Dota2Spire:OrchidMalevolence":19,"Dota2Spire:Vanguard":18,"Juzu Bracelet":3,"jedi:Pinwheel":19,"SynthV:C4":11,"ClockworkSouvenir":20,"Frozen Eye":6,"Dota2Spire:BladeMail":20,"testmod-TheFather":0,"WingedGreaves":3,"testmod-Déjàvu":19,"testmod-DeterminationOfClimber":15,"Red Mask":19,"Chemical X":3,"BirthdayGift-Tetrahedron":20,"Dota2Spire:MantaStyle":3,"PreservedInsect":11,"Seething Fire":0,"jedi:crownofsimplicity":13,"Medical Kit":14,"SynthV:TestCard":1,"jedi:kaleidoscope":11,"jedi:ominousloannote":3,"Ornamental Fan":20,"infinitespire:Satchel":3,"Bag of Marbles":12,"Membership Card":17,"AT_SunfireAegis":20,"Moonworks:BrokenBomb":0,"REME_ComplimentaryCards":0},{"Ice Cream":32,"AT_ATBox":0,"CeramicFish":32,"MostiFishMod:AdaptiveDefenses":5,"Hammer of Thor":0,"BirthdayGift-Icosahedron":22,"Boot":12,"Sling":31,"Dota2Spire:MagicBottle":12,"testmod-Fanaticism":15,"Dota2Spire:Satanic":31,"Dota2Spire:CrimsonGuard":32,"DollysMirror":31,"REME_ArchaeologicalTools":24,"testmod-InfectionSource":5,"AT_RedNoBalance":25,"AT_GuinsooRageblade":5,"Dota2Spire:HandOfMidas":31,"testmod-TestBox":0,"Moonworks:LittleGull":5,"Dodecahedron":32,"testmod-Register":26,"Dead Branch":0,"testmod-FatalChain":12,"Dota2Spire:ShivaGuard":32,"AT_SilverBalance":22,"Akabeko":32,"jedi:heavyjacket":12,"OrangePellets":22,"testmod-RealStoneCalender":29,"AT_SpeedBoots":31,"Anvil of the Gods":0,"Moonworks:Homemark":0,"BionicSphere":5,"infinitespire:PuzzleCube":5,"Dota2Spire:PhaseBoots":8,"Meat on the Bone":22,"DaveBox":0,"DiscerningMonocle":0,"Dota2Spire:OrchidMalevolence":31,"Dota2Spire:Vanguard":30,"Juzu Bracelet":5,"jedi:Pinwheel":31,"SynthV:C4":22,"ClockworkSouvenir":32,"Frozen Eye":12,"Dota2Spire:BladeMail":32,"testmod-TheFather":0,"WingedGreaves":5,"testmod-Déjàvu":31,"testmod-DeterminationOfClimber":27,"Red Mask":31,"Chemical X":5,"BirthdayGift-Tetrahedron":32,"Dota2Spire:MantaStyle":5,"PreservedInsect":22,"Seething Fire":0,"jedi:crownofsimplicity":25,"Medical Kit":26,"SynthV:TestCard":2,"jedi:kaleidoscope":22,"jedi:ominousloannote":5,"Ornamental Fan":32,"infinitespire:Satchel":5,"Bag of Marbles":24,"Membership Card":29,"AT_SunfireAegis":32,"Moonworks:BrokenBomb":0,"REME_ComplimentaryCards":0}],"Meat on the Bone":36},"card_choices":[{"not_picked":["Moonworks:ImOnFire","Moonworks:SealedMemories","Moonworks:NicePresent"],"picked":"SKIP","floor":1},{"not_picked":["Moonworks:Poppoformation","Moonworks:BigMagnum","Moonworks:CloudOfSeagulls","Moonworks:JonathanRush","Moonworks:ForcedRevival"],"picked":"SKIP","floor":2},{"not_picked":["Moonworks:DeployBits","Moonworks:IntelligenceOfficer","Moonworks:AwakeningOfTalent","Moonworks:SealedMemories","Moonworks:SakisCookie"],"picked":"SKIP","floor":4},{"not_picked":["Moonworks:BeyondHell","Moonworks:IndiscriminateFireSupport","Moonworks:UnluckyCharm","Moonworks:CompletionReward","Moonworks:ReproductionOfRecords"],"picked":"SKIP","floor":11},{"not_picked":["Moonworks:NicePresent","Moonworks:SakisCookie","Moonworks:Poppoformation","Moonworks:IndiscriminateFireSupport","Moonworks:CloudOfSeagulls"],"picked":"SKIP","floor":12},{"not_picked":["Moonworks:LulusLuckyEgg","Moonworks:UnluckyCharm","Moonworks:Flamethrower","Moonworks:AwakeningOfTalent","Moonworks:MiracleWalker"],"picked":"SKIP","floor":18},{"not_picked":["Moonworks:DeployBits","Moonworks:Dinner","Moonworks:TacticalRetreat","Moonworks:Poppoformation","Moonworks:BigMagnum"],"picked":"SKIP","floor":19},{"not_picked":["Moonworks:ImmovableObject","Moonworks:FullSpeedAlicianrone","Moonworks:LulusLuckyEgg","Moonworks:IndiscriminateFireSupport","Moonworks:x16BigRocket"],"picked":"SKIP","floor":22},{"not_picked":["Moonworks:Assault","Moonworks:ImOnFire","Moonworks:HolyNight","Moonworks:DeployBits","Moonworks:SakisCookie"],"picked":"SKIP","floor":24},{"not_picked":["Moonworks:Assault","Moonworks:ExtendedPhotonRifle","Moonworks:CrystalBarrier","Moonworks:UnluckyCharm","Moonworks:BindingChains"],"picked":"SKIP","floor":30},{"not_picked":["Moonworks:DeployBits","Moonworks:IndiscriminateFireSupport+1","Moonworks:ReproductionOfRecords","Moonworks:BackdoorTrade","Moonworks:TacticalRetreat"],"picked":"SKIP","floor":31},{"not_picked":["Moonworks:ForcedRevival+1","Moonworks:SakisCookie","Moonworks:NicePresent","Moonworks:EvilSpyWorkPreparation","Moonworks:WindyEnchantment"],"picked":"SKIP","floor":35},{"not_picked":["Moonworks:JonathanRush+1","Moonworks:SakisCookie+1","Moonworks:Assault","Moonworks:MixPhenomenon+1","Moonworks:RedAndBlue"],"picked":"SKIP","floor":36},{"not_picked":["Moonworks:FinalSurgery","Moonworks:ImOnFire+1","Moonworks:SweetBattle","Moonworks:DeployBits+1"],"picked":"Moonworks:EvilSpyWorkPreparation+1","floor":41},{"not_picked":["Moonworks:SakisCookie","Moonworks:ReflectiveShell","Moonworks:Assault+1","Moonworks:CookingTime+1","Moonworks:JonathanRush+1"],"picked":"SKIP","floor":46}],"player_experience":88566,"relics_obtained":[{"floor":1,"key":"SynthV:TestCard"},{"floor":9,"key":"Dota2Spire:PhaseBoots"},{"floor":24,"key":"jedi:kaleidoscope"},{"floor":26,"key":"REME_ArchaeologicalTools"},{"floor":28,"key":"Bag of Marbles"},{"floor":30,"key":"jedi:crownofsimplicity"},{"floor":41,"key":"Dota2Spire:Vanguard"},{"floor":42,"key":"Dota2Spire:Satanic"},{"floor":43,"key":"AT_SpeedBoots"},{"floor":46,"key":"Akabeko"}],"event_choices":[{"damage_healed":0,"gold_gain":275,"player_choice":"Desecrate","damage_taken":0,"max_hp_gain":0,"max_hp_loss":0,"event_name":"Golden Shrine","floor":3,"gold_loss":0,"cards_obtained":["Regret"]},{"damage_healed":0,"gold_gain":0,"player_choice":"Box","damage_taken":0,"relics_obtained":["BionicSphere"],"max_hp_gain":0,"max_hp_loss":0,"event_name":"Big Fish","floor":7,"gold_loss":0,"cards_obtained":["Regret"]},{"cards_removed":["Moonworks:Strike"],"damage_healed":0,"gold_gain":0,"player_choice":"Card Removal","damage_taken":0,"max_hp_gain":0,"max_hp_loss":0,"event_name":"The Cleric","floor":14,"gold_loss":50},{"damage_healed":0,"gold_gain":400,"player_choice":"Sell","damage_taken":0,"max_hp_gain":0,"max_hp_loss":0,"event_name":"恩洛斯的盘子","floor":20,"relics_lost":["REME_ComplimentaryCards"],"gold_loss":0},{"cards_removed":["Moonworks:Defend"],"damage_healed":0,"gold_gain":0,"player_choice":"Offered Basic","damage_taken":0,"max_hp_gain":0,"max_hp_loss":0,"event_name":"Bonfire Elementals","floor":37,"gold_loss":0},{"damage_healed":0,"gold_gain":0,"player_choice":"Ignored","damage_taken":0,"max_hp_gain":0,"max_hp_loss":0,"event_name":"给自己的盒子","floor":38,"gold_loss":0},{"damage_healed":0,"gold_gain":0,"player_choice":"Fight","damage_taken":0,"max_hp_gain":0,"max_hp_loss":0,"event_name":"MindBloom","floor":42,"gold_loss":0},{"damage_healed":0,"gold_gain":0,"player_choice":"Paid","damage_taken":0,"relics_obtained":["Red Mask"],"max_hp_gain":0,"max_hp_loss":0,"event_name":"Tomb of Lord Red Mask","floor":45,"gold_loss":99}],"is_beta":false,"boss_relics":[{"not_picked":["JellyFishMachine","REME_LowDesire"],"picked":"testmod-Fanaticism"},{"not_picked":["Velvet Choker","ChiXiaoBlade"],"picked":"testmod-DeterminationOfClimber"}],"items_purged_floors":[5,8,13,25,32,39,40,44,44,47],"is_endless":false,"potions_floor_spawned":[4,12,16,19,22,30,31,33,36,41],"ascension_level":0}}