{"host":"r2xhbz7xmd090pnn","time":1610451155,"event":{"mods":["2.2 Compatiblity","AchievementEnabler","BaseMod","Better Third Choice","Block Reminder","Card Forge","Dark Map","Downfall","Hermit","Marisa????????","Minty Spire (QoL Compilation)","Rare Cards Sparkle","Replay The Spire","StSLib","SuperFastMode","The Bug Knight","The Necromancer","The Runesmith","The Servant 0.9.4"],"gold_per_floor":[117,137,92,108,120,155,155,155,203,153,153,187,187,208,208,311,311,322,91,91,102,112,112,122,122,202,217,235,267,22,42,42,146,146,163,216,291,307,357,382,382,416,416,104,104,115,126,137,137,137],"floor_reached":51,"playtime":1423,"items_purged":["Deadly Poison+1"],"score":929,"play_id":"9a310800-5132-4437-b90f-65f745f90ced","local_time":"20210112033235","is_ascension_mode":true,"campfire_choices":[{"floor":8,"key":"REST"},{"floor":11,"key":"REST"},{"floor":13,"key":"REST"},{"floor":15,"key":"DIG"},{"floor":23,"key":"REST"},{"floor":25,"key":"REST"},{"floor":32,"key":"REST"},{"floor":41,"key":"REST"},{"floor":49,"key":"REST"}],"circlet_count":0,"master_deck":["Neutralize+1","Pot Of Greed+1","A Thousand Cuts+1","Skewer+1","Blade Dance+1","Blade Dance+1","Blade Dance+1","Accuracy+1","Outmaneuver+1","Storm of Steel+1","Leg Sweep+1","Backflip+1","Pot Of Greed+1","Finisher+1","Infinite Blades+1"],"relics":["Ring of the Snake","Hammer of Thor","Seething Fire","Anvil of the Gods","White Beast Statue","Grinning Jar","Tiny Chest","Odd Mushroom","HollowMod:LifeEnderRelic","Sozu","Oddly Smooth Stone","Molten Egg 2","Pear","Toxic Egg 2","Divine Protection","WristBlade","CatCart","Replay:Bottled Steam","Thread and Needle","Ginger","MealTicket","Replay:Wax Seal","Counterbalance"],"acts_visited":["Exordium","TheCity","TheBeyond"],"potions_floor_usage":[16,16,16,50],"damage_taken":[{"damage":0,"enemies":"Cultist","floor":1,"turns":2},{"damage":0,"enemies":"2 Louse","floor":2,"turns":1},{"damage":0,"enemies":"Small Slimes","floor":4,"turns":2},{"damage":0,"enemies":"3 Louse","floor":5,"turns":2},{"damage":9,"enemies":"3 Sentries","floor":6,"turns":6},{"damage":4,"enemies":"Replay:BlueRogue","floor":12,"turns":3},{"damage":1,"enemies":"The Mushroom Lair","floor":14,"turns":3},{"damage":57,"enemies":"Slime Boss","floor":16,"turns":12},{"damage":0,"enemies":"Spheric Guardian","floor":18,"turns":3},{"damage":10,"enemies":"2 Thieves","floor":21,"turns":2},{"damage":0,"enemies":"Snecko","floor":22,"turns":3},{"damage":10,"enemies":"Snake Plant","floor":24,"turns":3},{"damage":17,"enemies":"Centurion and Healer","floor":27,"turns":2},{"damage":11,"enemies":"Snecko","floor":28,"turns":4},{"damage":0,"enemies":"Gremlin Leader","floor":29,"turns":3},{"damage":0,"enemies":"3 Cultists","floor":31,"turns":3},{"damage":0,"enemies":"Collector","floor":33,"turns":3},{"damage":17,"enemies":"3 Shapes","floor":35,"turns":2},{"damage":6,"enemies":"Orin","floor":36,"turns":4},{"damage":0,"enemies":"3 Darklings","floor":38,"turns":2},{"damage":0,"enemies":"Mind Bloom Boss Battle","floor":39,"turns":2},{"damage":0,"enemies":"Giant Head","floor":40,"turns":2},{"damage":0,"enemies":"Reptomancer","floor":42,"turns":2},{"damage":0,"enemies":"Transient","floor":46,"turns":5},{"damage":0,"enemies":"Jaw Worm Horde","floor":47,"turns":2},{"damage":8,"enemies":"3 Darklings","floor":48,"turns":2},{"damage":51,"enemies":"Time Eater","floor":50,"turns":6}],"seed_played":"7324960101729563567","potions_obtained":[{"floor":6,"key":"Toxic Potion"},{"floor":12,"key":"Venom Potion"},{"floor":14,"key":"Flashbang"},{"floor":16,"key":"SpeedPotion"}],"is_trial":false,"path_per_floor":["M","M","$","M","M","E","?","R","T","?","R","E","R","?","R","B",null,"M","$","?","M","M","R","M","R","T","M","M","E","$","M","R","B",null,"M","?","T","M","?","E","R","E","T","$","$","M","M","M","R","B",null],"character_chosen":"THE_SILENT","items_purchased":["Flying Knee","Oddly Smooth Stone","Divine Protection","Counterbalance"],"campfire_rested":8,"item_purchase_floors":[3,19,30,44],"current_hp_per_floor":[70,70,70,70,70,61,61,70,70,70,70,66,70,69,69,12,70,70,70,70,60,60,70,60,70,80,63,52,52,52,52,76,76,80,63,57,57,57,57,57,80,80,80,80,80,80,80,72,80,29],"gold":137,"neow_bonus":"THREE_CARDS","is_daily":false,"chose_seed":false,"campfire_upgraded":0,"win_rate":0.0,"timestamp":1610451155,"path_taken":["M","M","$","M","?","E","?","R","T","?","R","E","R","?","R","BOSS","M","$","?","M","M","R","M","R","T","M","M","E","$","M","R","BOSS","M","?","?","M","?","E","R","E","T","?","$","?","M","M","R","BOSS"],"items_purchased_type":["Card","Relic","Relic","Relic"],"build_version":"2020-12-22","purchased_purges":1,"victory":true,"max_hp_per_floor":[70,70,70,70,70,70,70,70,70,70,70,70,70,70,70,70,70,70,70,70,70,70,70,70,70,80,80,80,80,80,80,80,80,80,80,80,80,80,80,80,80,80,80,80,80,80,80,80,80,80],"card_choices":[{"not_picked":["Accuracy","Deadly Poison"],"picked":"Quick Slash","floor":0},{"not_picked":["PiercingWail","Outmaneuver"],"picked":"Quick Slash","floor":1},{"not_picked":["Fluid Movement","Outmaneuver"],"picked":"Deadly Poison","floor":2},{"not_picked":["Outmaneuver","Acrobatics"],"picked":"Accuracy","floor":4},{"not_picked":["Tactician","Dagger Throw"],"picked":"Slice","floor":5},{"not_picked":["Fluid Movement","ReplayTheSpireMod:Speed Training"],"picked":"Dodge and Roll","floor":6},{"not_picked":["ReplayTheSpireMod:Shiv Toss","Sneak Up"],"picked":"Quick Slash","floor":12},{"not_picked":["ReplayTheSpireMod:Necrosis","Storm of Steel"],"picked":"A Thousand Cuts","floor":16},{"not_picked":["Bane","Escape Plan"],"picked":"Skewer","floor":18},{"not_picked":["Dodge and Roll","Backflip+1"],"picked":"Blade Dance","floor":21},{"not_picked":["Outmaneuver","Sneak Up"],"picked":"Blade Dance","floor":22},{"not_picked":["Quick Slash+1","Crippling Poison","Skewer+1"],"picked":"SKIP","floor":24},{"not_picked":["ReplayTheSpireMod:Tripwire+1","Well Laid Plans"],"picked":"Blade Dance","floor":27},{"not_picked":["Flying Knee+1","Hidden Blade"],"picked":"Choke+1","floor":28},{"not_picked":["Blade Dance+1","Dagger Throw+1"],"picked":"Accuracy","floor":29},{"not_picked":["Tactician+1","Deflect+1"],"picked":"Outmaneuver+1","floor":31},{"not_picked":["Bullet Time+1","Corpse Explosion+1"],"picked":"Storm of Steel+1","floor":33},{"not_picked":["Caltrops","Blade Dance+1"],"picked":"Leg Sweep+1","floor":35},{"not_picked":["Infinite Blades","Well Laid Plans"],"picked":"Backflip+1","floor":36},{"not_picked":["Backflip+1","Dagger Spray+1","Hidden Blade+1"],"picked":"SKIP","floor":38},{"not_picked":["Poisoned Stab+1","Sucker Punch+1"],"picked":"Finisher+1","floor":39},{"not_picked":["Hidden Blade+1","Reflex+1","Escape Plan+1"],"picked":"SKIP","floor":40},{"not_picked":["Burst+1","Sucker Punch+1","Deadly Poison+1"],"picked":"SKIP","floor":42},{"not_picked":["Blur+1","Dagger Spray+1","ReplayTheSpireMod:Tripwire+1"],"picked":"SKIP","floor":46},{"not_picked":["Dagger Throw+1","Flying Knee+1"],"picked":"Infinite Blades","floor":47},{"not_picked":["Catalyst+1","Backflip+1","Poisoned Stab+1"],"picked":"SKIP","floor":48}],"player_experience":11019,"relics_obtained":[{"floor":6,"key":"White Beast Statue"},{"floor":9,"key":"Grinning Jar"},{"floor":12,"key":"Tiny Chest"},{"floor":14,"key":"Odd Mushroom"},{"floor":15,"key":"HollowMod:LifeEnderRelic"},{"floor":26,"key":"Pear"},{"floor":29,"key":"Toxic Egg 2"},{"floor":36,"key":"CatCart"},{"floor":37,"key":"Replay:Bottled Steam"},{"floor":39,"key":"Thread and Needle"},{"floor":40,"key":"Ginger"},{"floor":42,"key":"MealTicket"},{"floor":43,"key":"Replay:Wax Seal"}],"event_choices":[{"damage_healed":0,"gold_gain":0,"cards_transformed":["Accuracy"],"player_choice":"Change","damage_taken":0,"max_hp_gain":0,"max_hp_loss":0,"event_name":"Living Wall","floor":7,"gold_loss":0,"cards_obtained":["Draining Mist"]},{"cards_removed":["Defend_G"],"damage_healed":0,"gold_gain":0,"player_choice":"Card Removal","damage_taken":0,"max_hp_gain":0,"max_hp_loss":0,"event_name":"The Cleric","floor":10,"gold_loss":50},{"damage_healed":0,"gold_gain":0,"player_choice":"Fought Mushrooms","damage_taken":0,"max_hp_gain":0,"max_hp_loss":0,"event_name":"Mushrooms","floor":14,"gold_loss":0},{"damage_healed":0,"gold_gain":0,"player_choice":"Fight","damage_taken":0,"max_hp_gain":0,"max_hp_loss":0,"event_name":"OrinTheCat","floor":36,"gold_loss":0},{"damage_healed":0,"gold_gain":0,"player_choice":"Fight","damage_taken":0,"max_hp_gain":0,"max_hp_loss":0,"event_name":"MindBloom","floor":39,"gold_loss":0}],"is_beta":false,"boss_relics":[{"not_picked":["Fusion Hammer","HoveringKite"],"picked":"Sozu"},{"not_picked":["Runesmith:UraniumAnvil","Kintsugi"],"picked":"WristBlade"}],"items_purged_floors":[19],"is_endless":false,"potions_floor_spawned":[6,12,14,16,18,21,22,24,27,28,29,31,33,35,36,38,39,40,42,46,47,48],"ascension_level":1}}