{"host":"l84l8xigz5v5foa2","time":1610424118,"event":{"mods":["2.2 Compatiblity","AchievementEnabler","BaseMod","Better Note","Better Vampires","Card Filter","Colored Map","DeckTracker","Downfall","Gremlin Skip","Highlight Path","Keyboard Shortcuts","Minty Spire (QoL Compilation)","Permanent Neow","Quick Restart","Relic Filter","Relic Stats","StSLib","SuperFastMode","Transform Curses","Unknown Chances"],"gold_per_floor":[99,118,131,151,251,251,276,276,286,286,319,329,362,423,433,510,510,360,20,20,20,120,120,147,147,158,158,243,256,256,290,308,380,380,380,400,400,415,432,432,432,467,392,404,421,44,72,91,106,106,106,131,6,6,6],"floor_reached":56,"playtime":6628,"items_purged":["Guardian:Strike_Guardian","Doubt","Guardian:Strike_Guardian"],"score":2749,"play_id":"a5d1837f-e970-4c13-a209-6195cd1097fa","local_time":"20210112130158","is_ascension_mode":true,"campfire_choices":[{"data":"Guardian:CurlUp","floor":1.0,"key":"SMITH"},{"data":"Guardian:PrismaticBeam","floor":6.0,"key":"SMITH"},{"floor":10.0,"key":"RECALL"},{"data":"Guardian:Preprogram","floor":18.0,"key":"SMITH"},{"data":"Guardian:Suspension","floor":23.0,"key":"SMITH"},{"data":"Guardian:Clone","floor":27.0,"key":"SMITH"},{"data":"Guardian:EvasiveProtocol","floor":30.0,"key":"SMITH"},{"data":"Guardian:DonusPower","floor":35.0,"key":"SMITH"},{"data":"Guardian:PolyBeam","floor":40.0,"key":"SMITH"},{"data":"Guardian:TemporalShield","floor":43.0,"key":"SMITH"},{"data":"Guardian:StasisEngine","floor":54,"key":"SMITH"}],"circlet_count":0,"master_deck":["AscendersBane","Guardian:Defend_Guardian","Guardian:Defend_Guardian","Guardian:Defend_Guardian","Guardian:Defend_Guardian","Guardian:CurlUp+1","Guardian:TwinSlam+1","Guardian:PrismaticBeam+1","Guardian:BronzeOrb","Slimebound:Icky","Guardian:ShieldCharger","Guardian:FloatingOrbs","Guardian:Preprogram+1","Guardian:ShieldSpikes","Guardian:PolyBeam+1","Guardian:PrimingBeam","Guardian:EvasiveProtocol+1","Guardian:Suspension+1","Guardian:Clone+1","Guardian:DonusPower+1","Guardian:Incinerate","Guardian:TemporalShield+1","Guardian:Reroute","Guardian:Recover+1","Guardian:MultiBeam","Thinking Ahead","Finesse","Guardian:Preprogram+1","Guardian:StasisEngine+1","Guardian:Clone"],"relics":["Guardian:ModeShifter","Guardian:PocketSentry","Boot","Bronze Scales","MealTicket","expansioncontent:StudyCardRelic","downfall:HeartBlessingRed","downfall:HeartBlessingGreen","Guardian:StasisUpgradeRelic","MutagenicStrength","PreservedInsect","Question Card","Cursed Key","Guardian:DefensiveModeMoreBlock","downfall:HeartBlessingBlue","Bottled Lightning","Calipers","Ginger"],"acts_visited":["TheCity","TheBeyond","TheEnding"],"potions_floor_usage":[52,55,55],"damage_taken":[{"damage":7.0,"enemies":"Jaw Worm","floor":2.0,"turns":5.0},{"damage":3.0,"enemies":"Small Slimes","floor":3.0,"turns":3.0},{"damage":0.0,"enemies":"Cultist","floor":4.0,"turns":3.0},{"damage":6.0,"enemies":"Exordium Wildlife","floor":9.0,"turns":5.0},{"damage":3.0,"enemies":"Lagavulin","floor":11.0,"turns":8.0},{"damage":0.0,"enemies":"2 Fungi Beasts","floor":12.0,"turns":2.0},{"damage":0.0,"enemies":"Gremlin Nob","floor":13.0,"turns":2.0},{"damage":5.0,"enemies":"3 Sentries","floor":14.0,"turns":5.0},{"damage":4.0,"enemies":"Blue Slaver","floor":15.0,"turns":2.0},{"damage":15.0,"enemies":"downfall:Silent","floor":16.0,"turns":6.0},{"damage":0.0,"enemies":"downfall:FleeingMerchant","floor":19.0,"turns":4.0},{"damage":0.0,"enemies":"downfall:Augmenter","floor":22.0,"turns":3.0},{"damage":0.0,"enemies":"Chosen","floor":26.0,"turns":4.0},{"damage":0.0,"enemies":"Centurion and Healer","floor":29.0,"turns":5.0},{"damage":0.0,"enemies":"Slavers","floor":31.0,"turns":3.0},{"damage":0.0,"enemies":"Snake Plant","floor":32.0,"turns":3.0},{"damage":0.0,"enemies":"downfall:Watcher","floor":33.0,"turns":6.0},{"damage":0.0,"enemies":"3 Shapes","floor":36.0,"turns":3.0},{"damage":0.0,"enemies":"3 Darklings","floor":38.0,"turns":4.0},{"damage":0.0,"enemies":"Sphere and 2 Shapes","floor":39.0,"turns":4.0},{"damage":0.0,"enemies":"Giant Head","floor":42.0,"turns":4.0},{"damage":0.0,"enemies":"Jaw Worm Horde","floor":44.0,"turns":4.0},{"damage":6.0,"enemies":"Transient","floor":45.0,"turns":6.0},{"damage":9,"enemies":"downfall:FleeingMerchant","floor":46,"turns":3},{"damage":2,"enemies":"Nemesis","floor":47,"turns":3},{"damage":0,"enemies":"Spire Growth","floor":48,"turns":3},{"damage":0,"enemies":"Writhing Mass","floor":49,"turns":4},{"damage":0,"enemies":"downfall:Ironclad","floor":50,"turns":9},{"damage":0,"enemies":"downfall:CharBossMerchant","floor":52,"turns":4},{"damage":0,"enemies":"downfall:NeowBoss","floor":55,"turns":9}],"seed_played":"-8283991983949863157","potions_obtained":[{"floor":3.0,"key":"PowerPotion"},{"floor":4.0,"key":"Weak Potion"},{"floor":9.0,"key":"ColorlessPotion"},{"floor":11.0,"key":"champ:CounterPotion"},{"floor":14.0,"key":"SpeedPotion"},{"floor":26.0,"key":"Ancient Potion"},{"floor":29.0,"key":"PowerPotion"},{"floor":31.0,"key":"Guardian:BlockOnCardUsePotion"},{"floor":38.0,"key":"DuplicationPotion"},{"floor":45.0,"key":"Guardian:DefensiveModePotion"},{"floor":52,"key":"PowerPotion"}],"is_trial":false,"path_per_floor":["R","M","M","M","?","R","T","?","M","R","E","M","E","?","M","B",null,"R","$","?","?","?","R","T","?","M","R","?","M","R","E","M","B",null,"R","M","?","M","M","R","T","E","R","M","M","$","E","M","M","B",null,"E","$","R","B",null],"character_chosen":"GUARDIAN","items_purchased":["Guardian:StasisUpgradeRelic","Guardian:EvasiveProtocol","Bottled Lightning","Thinking Ahead","Finesse"],"campfire_rested":0,"item_purchase_floors":[19,19,46,46,46],"current_hp_per_floor":[65,58,55,55,55,55,55,55,49,49,46,46,46,41,37,22,60,60,72,72,72,72,72,72,72,72,72,40,40,40,40,40,40,64,64,64,64,64,64,64,64,64,74,74,68,73,71,71,71,71,79,79,82,82,82],"gold":6,"neow_bonus":"UPGRADE_CARD","is_daily":false,"chose_seed":false,"campfire_upgraded":10,"win_rate":0.0,"timestamp":1610424118,"path_taken":["R","M","M","M","?","R","T","?","M","R","E","?","E","?","M","BOSS","R","$","?","?","?","R","T","?","?","R","?","M","R","E","M","BOSS","R","M","?","?","M","R","T","E","R","M","M","$","E","M","M","BOSS","E","$","R","BOSS"],"items_purchased_type":["Relic","Card","Relic","Card","Card"],"build_version":"2020-12-22","purchased_purges":3,"victory":true,"max_hp_per_floor":[72,72,72,72,72,72,72,72,72,72,72,72,72,72,72,72,72,72,72,72,72,72,72,72,72,72,72,72,72,72,72,72,72,72,72,72,72,72,72,72,72,72,82,82,82,82,82,82,82,82,82,82,82,82,82],"relic_stats":{"counters":[30,129],"Bronze Scales":[217],"MealTicket":29,"PreservedInsect":325,"Ginger":[3],"Boot":[188],"Question Card":13,"Cursed Key":1,"obtain_stats":[{"Guardian:DefensiveModeMoreBlock":42,"Calipers":47,"downfall:HeartBlessingRed":18,"Guardian:ModeShifter":0,"downfall:HeartBlessingGreen":18,"PreservedInsect":24,"Guardian:PocketSentry":7,"expansioncontent:StudyCardRelic":17,"Ginger":52,"Boot":11,"Question Card":31,"Cursed Key":34,"Guardian:StasisUpgradeRelic":19,"downfall:HeartBlessingBlue":43,"Bronze Scales":13,"MutagenicStrength":22,"MealTicket":14,"Bottled Lightning":46},{"Guardian:DefensiveModeMoreBlock":21,"Calipers":25,"downfall:HeartBlessingRed":10,"Guardian:ModeShifter":0,"downfall:HeartBlessingGreen":10,"PreservedInsect":12,"Guardian:PocketSentry":3,"expansioncontent:StudyCardRelic":10,"Ginger":29,"Boot":5,"Question Card":15,"Cursed Key":17,"Guardian:StasisUpgradeRelic":11,"downfall:HeartBlessingBlue":21,"Bronze Scales":7,"MutagenicStrength":12,"MealTicket":8,"Bottled Lightning":24},{"Guardian:DefensiveModeMoreBlock":84,"Calipers":100,"downfall:HeartBlessingRed":41,"Guardian:ModeShifter":0,"downfall:HeartBlessingGreen":41,"PreservedInsect":48,"Guardian:PocketSentry":11,"expansioncontent:StudyCardRelic":41,"Ginger":120,"Boot":24,"Question Card":60,"Cursed Key":69,"Guardian:StasisUpgradeRelic":45,"downfall:HeartBlessingBlue":84,"Bronze Scales":28,"MutagenicStrength":48,"MealTicket":33,"Bottled Lightning":97}]},"card_choices":[{"not_picked":["Guardian:Planning","Guardian:FloatingOrbs"],"picked":"Guardian:PrismaticBeam","floor":2.0},{"not_picked":["Guardian:TemporalStrike","Guardian:Planning"],"picked":"Guardian:BronzeOrb","floor":3.0},{"not_picked":["Guardian:EvasiveProtocol","Guardian:TimeBomb"],"picked":"Guardian:Gem_Cyan","floor":4.0},{"not_picked":["Guardian:PrimingBeam","Guardian:TemporalShield"],"picked":"Guardian:Gem_Red","floor":9.0},{"not_picked":["Guardian:Gem_Crimson","Guardian:RollAttack"],"picked":"Guardian:ShieldCharger","floor":11.0},{"not_picked":["Guardian:GatlingBeam","Guardian:DecasProtection"],"picked":"Guardian:FloatingOrbs","floor":12.0},{"not_picked":["Guardian:EvasiveProtocol","Guardian:ArmoredProtocol"],"picked":"Guardian:Preprogram","floor":13.0},{"not_picked":["Guardian:ShieldCharger","Guardian:WalkerClaw"],"picked":"Guardian:ShieldSpikes","floor":14.0},{"not_picked":["Guardian:VentSteam","Guardian:BronzeOrb"],"picked":"Guardian:PolyBeam","floor":15.0},{"not_picked":["Guardian:ExploitGems","Guardian:ConstructionForm"],"picked":"Guardian:Gem_Synthetic","floor":16.0},{"not_picked":["Guardian:VentSteam","Guardian:DecasProtection"],"picked":"Guardian:PrimingBeam","floor":19.0},{"not_picked":["Guardian:FierceBash","Guardian:ShieldCharger"],"picked":"Guardian:Gem_Red","floor":22.0},{"not_picked":["Guardian:TimeBomb","Guardian:Preprogram"],"picked":"Guardian:Incinerate","floor":26.0},{"not_picked":["Guardian:CrystalBeam","Guardian:TemporalShield"],"picked":"Guardian:Gem_White","floor":29.0},{"not_picked":["Guardian:CrystalBeam","Guardian:VentSteam"],"picked":"Guardian:TemporalShield","floor":31.0},{"not_picked":["Guardian:PrimingBeam","Guardian:ShieldCharger","Guardian:VentSteam"],"picked":"Guardian:Reroute","floor":32.0},{"not_picked":["Guardian:HyperBeam_Guardian","Guardian:FastForward","Guardian:RevengeProtocol"],"picked":"Guardian:Gem_Synthetic","floor":33.0},{"not_picked":["Guardian:GuardianWhirl","Guardian:Gem_Cyan","Guardian:VentSteam"],"picked":"Guardian:Gem_Purple","floor":36.0},{"not_picked":["Guardian:Gem_Yellow","Guardian:Gem_Green","Guardian:FuturePlans"],"picked":"Guardian:Recover+1","floor":38.0},{"not_picked":["Guardian:RefractedBeam","Guardian:PrimingBeam","Guardian:Gem_Crimson"],"picked":"Guardian:Gem_Green","floor":39.0},{"not_picked":["Guardian:PrimingBeam","Guardian:DonusPower+1","Guardian:PolyBeam","Guardian:GuardianWhirl"],"picked":"SKIP","floor":42.0},{"not_picked":["Guardian:Suspension","Guardian:FloatingOrbs+1","Guardian:Planning"],"picked":"Guardian:MultiBeam","floor":44.0},{"not_picked":["Guardian:ShieldSpikes+1","Guardian:PiercingHide+1","Guardian:TemporalShield","Guardian:RefractedBeam"],"picked":"SKIP","floor":45.0},{"not_picked":["Guardian:PiercingHide","Guardian:PrimingBeam","Guardian:Planning"],"picked":"Guardian:Gem_White","floor":46},{"not_picked":["Guardian:ChargeUp","Guardian:TimeBomb","Guardian:Gem_Blue"],"picked":"Guardian:Preprogram+1","floor":47},{"not_picked":["Guardian:CrystalBeam","Guardian:RollAttack","Guardian:Gem_Cyan"],"picked":"Guardian:StasisEngine","floor":48},{"not_picked":["Guardian:Gem_Red","Guardian:WalkerClaw","Guardian:ChargeUp","Guardian:ArmoredProtocol"],"picked":"SKIP","floor":49},{"not_picked":["Guardian:StasisField","Guardian:DecasProtection","Guardian:PiercingHide"],"picked":"Guardian:Clone","floor":52}],"player_experience":3099978,"relics_obtained":[{"floor":7.0,"key":"Guardian:PocketSentry"},{"floor":11.0,"key":"Boot"},{"floor":13.0,"key":"Bronze Scales"},{"floor":14.0,"key":"MealTicket"},{"floor":22.0,"key":"MutagenicStrength"},{"floor":24.0,"key":"PreservedInsect"},{"floor":31.0,"key":"Question Card"},{"floor":42.0,"key":"Guardian:DefensiveModeMoreBlock"},{"floor":47,"key":"Calipers"},{"floor":52,"key":"Ginger"}],"event_choices":[{"damage_healed":0.0,"max_hp_gain":0.0,"max_hp_loss":0.0,"gold_gain":0.0,"event_name":"The Library","player_choice":"Read","floor":21.0,"gold_loss":0.0,"damage_taken":0.0,"cards_obtained":["Guardian:Suspension"]},{"damage_healed":0.0,"max_hp_gain":0.0,"max_hp_loss":0.0,"gold_gain":0.0,"event_name":"Vampires","player_choice":"Ignored","floor":25.0,"gold_loss":0.0,"damage_taken":0.0}],"is_beta":false,"boss_relics":[{"not_picked":["Runic Pyramid","Empty Cage"],"picked":"expansioncontent:StudyCardRelic"},{"not_picked":["Fusion Hammer","Guardian:ModeShifterPlus"],"picked":"Cursed Key"}],"items_purged_floors":[19,46,53],"is_endless":false,"potions_floor_spawned":[3,4,9,11,14,26,29,31,38,39,45,47,48,52],"ascension_level":20}}