{"host":"kig4ty9d1aubg29s","time":1610457760,"event":{"mods":["BaseMod","Minty Spire (QoL Compilation)","READ ME - Guardian Mod","READ ME - Snecko Mod","StSLib","The Cursed","The Gatherer","The Hierophant","The Runesmith"],"gold_per_floor":[112,112,112,126,142,183,183,216,216,249,249,8,8,23,23,116,116,141,165,188,188,202,202,243,262,262,177,177,202,217,240,240,329,329,345,366,366,382,382,382,422,422,422],"floor_reached":42,"playtime":1653,"items_purged":["Injury"],"score":940,"play_id":"4f8ab96d-4f07-43aa-856e-60971b824a8b","local_time":"20210112222240","is_ascension_mode":true,"campfire_choices":[{"floor":7,"key":"REST"},{"floor":11,"key":"REST"},{"data":"Zap","floor":13,"key":"SMITH"},{"data":"Rip and Tear","floor":15,"key":"SMITH"},{"floor":23,"key":"REST"},{"data":"Redo","floor":32,"key":"SMITH"},{"floor":40,"key":"REST"}],"circlet_count":0,"master_deck":["AscendersBane","Strike_B","Strike_B","Strike_B","Strike_B","Defend_B","Defend_B","Defend_B","Defend_B","Zap+1","Dualcast+1","Bandage Up","Go for the Eyes","Coolheaded","FTL","BootSequence","Coolheaded","Rip and Tear+1","Defragment+1","Electrodynamics+1","Rebound+1","Defragment+1","Coolheaded+1","Buffer+1","Storm+1","Redo+1","Creative AI+1","Amplify","CurseOfTheBell","Redo+1","Mayhem+1","Madness","Madness","All For One"],"relics":["Cracked Core","Golden Idol","Meat on the Bone","Frozen Egg 2","Letter Opener","Gremlin Horn","Question Card","Lee\u0027s Waffle","Nuclear Battery","Dead Branch","Matryoshka","Akabeko","Singing Bowl","War Paint","Calling Bell","Dream Catcher","The Courier","Emotion Chip","PreservedInsect"],"acts_visited":["Exordium","TheCity","TheBeyond"],"potions_floor_usage":[16,18,24,24,29,30,33,33,38,41,42],"damage_taken":[{"damage":1,"enemies":"Small Slimes","floor":1,"turns":3},{"damage":7,"enemies":"Jaw Worm","floor":4,"turns":3},{"damage":4,"enemies":"2 Louse","floor":5,"turns":3},{"damage":45,"enemies":"Lagavulin","floor":6,"turns":9},{"damage":32,"enemies":"Gremlin Nob","floor":8,"turns":4},{"damage":22,"enemies":"Lagavulin","floor":10,"turns":9},{"damage":0,"enemies":"2 Fungi Beasts","floor":14,"turns":2},{"damage":50,"enemies":"Hexaghost","floor":16,"turns":12},{"damage":14,"enemies":"Shell Parasite","floor":18,"turns":3},{"damage":0,"enemies":"Spheric Guardian","floor":19,"turns":3},{"damage":0,"enemies":"3 Cultists","floor":20,"turns":2},{"damage":32,"enemies":"Cultist and Chosen","floor":22,"turns":5},{"damage":28,"enemies":"Slavers","floor":24,"turns":3},{"damage":11,"enemies":"Centurion and Healer","floor":25,"turns":4},{"damage":0,"enemies":"Sentry and Sphere","floor":29,"turns":3},{"damage":16,"enemies":"Snecko","floor":30,"turns":4},{"damage":0,"enemies":"Chosen and Byrds","floor":31,"turns":4},{"damage":4,"enemies":"Collector","floor":33,"turns":6},{"damage":18,"enemies":"3 Darklings","floor":35,"turns":2},{"damage":4,"enemies":"Orb Walker","floor":36,"turns":3},{"damage":28,"enemies":"3 Darklings","floor":38,"turns":3},{"damage":36,"enemies":"Giant Head","floor":41,"turns":6},{"damage":51,"enemies":"2 Orb Walkers","floor":42,"turns":3}],"seed_played":"-7317924466830899065","potions_obtained":[{"floor":1,"key":"EssenceOfSteel"},{"floor":14,"key":"SpeedPotion"},{"floor":16,"key":"SteroidPotion"},{"floor":22,"key":"CultistPotion"},{"floor":25,"key":"SpeedPotion"},{"floor":29,"key":"AttackPotion"},{"floor":31,"key":"EntropicBrew"},{"floor":33,"key":"LiquidMemories"},{"floor":41,"key":"FearPotion"}],"is_trial":false,"path_per_floor":["M","?","?","M","M","E","R","E","T","E","R","$","R","M","R","B",null,"M","M","M","?","M","R","E","M","T","?","?","M","M","M","R","B",null,"M","M","?","M","?","R","E","?"],"character_chosen":"DEFECT","items_purchased":["Lee\u0027s Waffle"],"campfire_rested":4,"item_purchase_floors":[12],"current_hp_per_floor":[67,67,62,59,59,30,51,35,35,29,50,78,78,78,78,44,70,56,60,60,60,44,67,43,48,48,48,48,48,50,52,52,52,75,57,55,55,45,30,57,37,0,0],"gold":422,"neow_bonus":"RANDOM_COLORLESS","is_daily":false,"chose_seed":false,"campfire_upgraded":3,"win_rate":0.0,"timestamp":1610457760,"path_taken":["M","?","?","M","M","E","R","E","T","E","R","?","R","M","R","BOSS","M","M","M","?","M","R","E","M","T","?","?","?","?","?","R","BOSS","M","M","?","M","?","R","E","?"],"items_purchased_type":["Relic"],"build_version":"2020-12-22","purchased_purges":1,"victory":false,"max_hp_per_floor":[71,71,71,71,71,71,71,71,71,71,71,78,78,78,78,78,78,78,78,78,78,78,78,78,78,78,78,78,78,80,82,82,82,82,82,84,84,86,86,88,88,88,88],"card_choices":[{"not_picked":["Finesse","Flash of Steel"],"picked":"Bandage Up","floor":0},{"not_picked":["Barrage","Coolheaded"],"picked":"Go for the Eyes","floor":1},{"not_picked":["Turbo","Rebound"],"picked":"Coolheaded","floor":4},{"not_picked":["Capacitor","Doom and Gloom"],"picked":"FTL","floor":5},{"not_picked":["Hologram","Skim"],"picked":"BootSequence","floor":6},{"not_picked":["Leap","Turbo"],"picked":"Coolheaded","floor":8},{"not_picked":["Reprogram","Hologram"],"picked":"Rip and Tear","floor":10},{"not_picked":["Barrage","Blizzard","Rebound"],"picked":"Defragment+1","floor":14},{"not_picked":["Rainbow","Fission","All For One"],"picked":"Electrodynamics+1","floor":16},{"not_picked":["Turbo+1","Sweeping Beam","Skim"],"picked":"Rebound+1","floor":18},{"not_picked":["Reinforced Body","Barrage","Cold Snap+1"],"picked":"Defragment+1","floor":19},{"not_picked":["Compile Driver","Genetic Algorithm","BootSequence"],"picked":"Coolheaded","floor":20},{"not_picked":["Stack","Compile Driver","Rebound+1"],"picked":"Buffer+1","floor":22},{"not_picked":["Scrape","Go for the Eyes","Beam Cell"],"picked":"Storm+1","floor":24},{"not_picked":["Rip and Tear","Hologram","Turbo"],"picked":"Redo","floor":25},{"not_picked":["Ball Lightning","Streamline+1","Go for the Eyes"],"picked":"Creative AI+1","floor":29},{"not_picked":["Ball Lightning","Hologram","Barrage+1","Steam"],"picked":"Singing Bowl","floor":30},{"not_picked":["Beam Cell","Doom and Gloom","Redo","Barrage"],"picked":"Singing Bowl","floor":31},{"not_picked":["Fission","Rainbow","Seek"],"picked":"Amplify","floor":33},{"not_picked":["FTL","Rebound","Tempest"],"picked":"Redo+1","floor":35},{"not_picked":["Redo","Hello World+1","Blizzard","Gash"],"picked":"Singing Bowl","floor":36},{"not_picked":["PanicButton","Purity","Mind Blast"],"picked":"Mayhem+1","floor":37},{"not_picked":["Hologram","Chaos","Ball Lightning","Lockon"],"picked":"Singing Bowl","floor":38},{"not_picked":["Rebound","Recycle","Hologram","Barrage"],"picked":"Singing Bowl","floor":40},{"not_picked":["Turbo","Streamline+1","Cold Snap"],"picked":"All For One","floor":41}],"player_experience":1937317,"relics_obtained":[{"floor":6,"key":"Frozen Egg 2"},{"floor":8,"key":"Letter Opener"},{"floor":9,"key":"Gremlin Horn"},{"floor":10,"key":"Question Card"},{"floor":24,"key":"Matryoshka"},{"floor":26,"key":"Akabeko"},{"floor":26,"key":"Singing Bowl"},{"floor":34,"key":"Dream Catcher"},{"floor":34,"key":"The Courier"},{"floor":34,"key":"Emotion Chip"},{"floor":41,"key":"PreservedInsect"}],"event_choices":[{"damage_healed":0,"gold_gain":0,"player_choice":"Take Wound","damage_taken":0,"relics_obtained":["Golden Idol"],"max_hp_gain":0,"max_hp_loss":0,"event_name":"Golden Idol","floor":2,"gold_loss":0,"cards_obtained":["Injury"]},{"damage_healed":0,"gold_gain":0,"player_choice":"Success","damage_taken":5,"relics_obtained":["Meat on the Bone"],"max_hp_gain":0,"max_hp_loss":0,"event_name":"Scrap Ooze","floor":3,"gold_loss":0},{"damage_healed":0,"gold_gain":0,"player_choice":"Opened","damage_taken":0,"relics_obtained":["Dead Branch"],"max_hp_gain":0,"max_hp_loss":0,"event_name":"The Mausoleum","floor":21,"gold_loss":0,"cards_obtained":["Writhe"]},{"damage_healed":0,"gold_gain":0,"player_choice":"Obtained Relic","damage_taken":0,"relics_obtained":["War Paint"],"max_hp_gain":0,"max_hp_loss":0,"event_name":"Addict","floor":27,"gold_loss":85},{"cards_removed":["Writhe"],"damage_healed":0,"gold_gain":0,"player_choice":"Removed Curses","damage_taken":0,"max_hp_gain":0,"max_hp_loss":0,"event_name":"Fountain of Cleansing","floor":28,"gold_loss":0},{"damage_healed":0,"gold_gain":0,"player_choice":"Memory 1","damage_taken":0,"max_hp_gain":0,"max_hp_loss":0,"event_name":"SensoryStone","floor":37,"gold_loss":0},{"damage_healed":0,"gold_gain":0,"player_choice":"Embrace Madness","damage_taken":15,"max_hp_gain":0,"max_hp_loss":0,"event_name":"Winding Halls","floor":39,"gold_loss":0,"cards_obtained":["Madness","Madness"]},{"damage_healed":0,"gold_gain":0,"player_choice":"Fight","damage_taken":0,"max_hp_gain":0,"max_hp_loss":0,"event_name":"Mysterious Sphere","floor":42,"gold_loss":0}],"is_beta":false,"boss_relics":[{"not_picked":["SacredBark","FrozenCore"],"picked":"Nuclear Battery"},{"not_picked":["SlaversCollar","Runic Dome"],"picked":"Calling Bell"}],"items_purged_floors":[12],"is_endless":false,"potions_floor_spawned":[1,14,16,22,25,29,31,33,41],"killed_by":"2 Orb Walkers","ascension_level":20}}