{"host":"v1m5rkjj38qutr02","time":1610457862,"event":{"mods":["Act Like it!","BaseMod","Challenge The Spire","Conspire","Gensokyo","GungeonMod","Hallownest","Minty Spire (QoL Compilation)","Replay The Spire","StSLib","The Bug Knight","Youmu£®ªÍ∆«—˝√Œ£©"],"gold_per_floor":[116,116,39,114,149,149,168,204,228,247,247,287,169,202,202,326,326,340,340,340,365,365,365],"floor_reached":22,"playtime":974,"items_purged":[],"score":236,"play_id":"0a98c5ad-879e-4ca2-8081-28d30c8845fb","local_time":"20210112212422","is_ascension_mode":true,"campfire_choices":[{"data":"Seeing Red","floor":6.0,"key":"SMITH"},{"data":"Body Slam","floor":11.0,"key":"SMITH"},{"floor":15.0,"key":"REST"}],"circlet_count":0,"master_deck":["Strike_R","Strike_R","Strike_R+1","Strike_R","Strike_R","Defend_R","Defend_R","Defend_R","Defend_R","Bash","Injury","Seeing Red+1","ReplayTheSpireMod:Strike From Hell+1","Evolve","Body Slam+1","Rupture","Clumsy","Fiend Fire","Shrug It Off","Dark Embrace","Brutality","Demon Form","Power Through+1","Havoc+1"],"relics":["Burning Blood","NeowsBlessing","Golden Idol","Replay:Kaleidoscope","DemoMod:AgedBell","Potion Belt","Whetstone","ReplayTheSpireMod:CursedCoin","HollowMod:PaleOreRelic","Honey Jar"],"acts_visited":["Exordium","TheCity"],"potions_floor_usage":[18],"damage_taken":[{"damage":0.0,"enemies":"Jaw Worm","floor":1.0,"turns":1.0},{"damage":0.0,"enemies":"2 Louse","floor":7.0,"turns":1.0},{"damage":0.0,"enemies":"Lagavulin","floor":8.0,"turns":1.0},{"damage":8.0,"enemies":"Small Slimes","floor":10.0,"turns":4.0},{"damage":21.0,"enemies":"Gremlin Nob","floor":12.0,"turns":5.0},{"damage":31.0,"enemies":"3 Sentries","floor":14.0,"turns":8.0},{"damage":14.0,"enemies":"Fading Forest","floor":16.0,"turns":11.0},{"damage":37,"enemies":"3 Byrds","floor":18,"turns":6},{"damage":7,"enemies":"Shell Parasite","floor":21,"turns":4},{"damage":0,"enemies":"Snake Plant","floor":22,"turns":2}],"seed_played":"-8654987166775098063","potions_obtained":[{"floor":1.0,"key":"Block Potion"},{"floor":12.0,"key":"BlessingOfTheForge"},{"floor":14.0,"key":"ElixirPotion"},{"floor":18,"key":"Elixir"}],"is_trial":false,"path_per_floor":["M","?","$","?","?","R","M","E","T","M","R","E","$","E","R","B",null,"M","?","?","M","M"],"character_chosen":"IRONCLAD","items_purchased":["Seeing Red","ReplayTheSpireMod:CursedCoin","Fiend Fire","Shrug It Off","Dark Embrace"],"campfire_rested":1,"item_purchase_floors":[3,13,13,13,13],"current_hp_per_floor":[80,80,80,69,69,69,75,80,80,78,78,63,63,38,62,54,80,49,49,43,42,42,42],"gold":365,"neow_bonus":"THREE_ENEMY_KILL","is_daily":false,"chose_seed":false,"campfire_upgraded":2,"win_rate":0.0,"timestamp":1610457862,"path_taken":["M","?","$","?","?","R","M","E","T","M","R","E","$","E","R","BOSS","M","?","?","?","M"],"items_purchased_type":["Card","Relic","Card","Card","Card"],"build_version":"2020-12-22","purchased_purges":0,"victory":false,"max_hp_per_floor":[80,80,80,80,80,80,80,80,80,80,80,80,80,80,80,80,80,80,80,80,80,80,80],"card_choices":[{"not_picked":["Intimidate","Heavy Blade","Anger"],"picked":"SKIP","floor":1.0},{"not_picked":["Clash","Battle Trance"],"picked":"ReplayTheSpireMod:Strike From Hell","floor":5.0},{"not_picked":["Anger","Dual Wield"],"picked":"Evolve","floor":7.0},{"not_picked":["Cleave","Abandon"],"picked":"Body Slam","floor":8.0},{"not_picked":["Twin Strike","Blood for Blood","Perfected Strike"],"picked":"SKIP","floor":10.0},{"not_picked":["Havoc","Flame Barrier"],"picked":"Rupture","floor":12.0},{"not_picked":["Flex","Twin Strike"],"picked":"Brutality","floor":14.0},{"not_picked":["Impervious","Fiend Fire"],"picked":"Demon Form","floor":16.0},{"not_picked":["Sword Boomerang","conspire:ExplosiveBarrier","ReplayTheSpireMod:Strike From Hell"],"picked":"Power Through+1","floor":18},{"not_picked":["ReplayTheSpireMod:Limb From Limb","DemoMod:WhiteBlade","Perfected Strike+1"],"picked":"Havoc+1","floor":21}],"player_experience":402000,"relics_obtained":[{"floor":5.0,"key":"Replay:Kaleidoscope"},{"floor":8.0,"key":"DemoMod:AgedBell"},{"floor":9.0,"key":"Potion Belt"},{"floor":12.0,"key":"Whetstone"},{"floor":14.0,"key":"HollowMod:PaleOreRelic"}],"event_choices":[{"damage_healed":0.0,"max_hp_gain":0.0,"max_hp_loss":0.0,"gold_gain":0.0,"event_name":"Golden Idol","player_choice":"Take Wound","floor":2.0,"gold_loss":0.0,"damage_taken":0.0,"relics_obtained":["Golden Idol"],"cards_obtained":["Injury"]},{"damage_healed":0.0,"max_hp_gain":0.0,"max_hp_loss":0.0,"gold_gain":75.0,"event_name":"World of Goop","player_choice":"Gather Gold","floor":4.0,"gold_loss":0.0,"damage_taken":11.0},{"damage_healed":0,"gold_gain":0,"player_choice":"Ignored","damage_taken":0,"max_hp_gain":0,"max_hp_loss":0,"event_name":"Vampires","floor":19,"gold_loss":0},{"damage_healed":0,"gold_gain":0,"player_choice":"","damage_taken":6,"max_hp_gain":0,"max_hp_loss":0,"event_name":"Knowing Skull","floor":20,"potions_obtained":[],"gold_loss":0,"cards_obtained":[]}],"is_beta":false,"boss_relics":[{"not_picked":["Replay:Bronze Core","conspire:SeveredTorchhead"],"picked":"Honey Jar"}],"items_purged_floors":[],"is_endless":false,"potions_floor_spawned":[1,12,14,18],"killed_by":"Snake Plant","ascension_level":1}}