{"host":"5ddwedapke4fsx0r","time":1610481347,"event":{"mods":["BaseMod","Better Third Choice","Downfall","Infinite Spire","Minty Spire (QoL Compilation)","Replay The Spire","Shade Mod","StSLib","The Cursed","The Servant 0.9.4"],"gold_per_floor":[119,119,139,153,153,186,186,226,226,245,245,276,38,73,73,192,192,215,165,165,165,165,220,220,283,283,340,378,428,428,482,482,510,510],"floor_reached":33,"language":"ENG","playtime":2833,"items_purged":[],"score":422,"play_id":"4f5bb7a8-ab78-4bd1-9d3a-38d08fe996f9","local_time":"20210112205547","is_ascension_mode":true,"campfire_choices":[{"data":"Cloak And Dagger","floor":7,"key":"SMITH"},{"floor":11,"key":"REST"},{"floor":15,"key":"REST"},{"data":"Noxious Fumes","floor":24,"key":"SMITH"},{"floor":32,"key":"REST"}],"circlet_count":0,"master_deck":["Strike_G","Strike_G","Strike_G","Strike_G","Strike_G","Defend_G","Defend_G","Defend_G","Defend_G","Defend_G","Survivor","Neutralize","Cloak And Dagger+1","Hidden Blade","Dagger Spray","Draining Mist","Endless Agony","Backflip","Flechettes+1","Noxious Fumes+1","Endless Agony+1","ReplayTheSpireMod:Necrosis","sneckomod:Bewildered","sneckomod:TailWhip+1","Venomology","Replay:SS_fish_2","infinitespire:Menacing","Cloak And Dagger","Fluid Movement+1","Doubt","infinitespire:FutureSight","Shame","Dash+1","Finisher+1","Slice+1","Expertise+1","Deadly Poison","Accuracy"],"relics":["Honey Jar","Golden Idol","Oddly Smooth Stone","Replay:WaspNest","ReplayTheSpireMod:Lightbulb","Molten Egg 2","Blue Doll","infinitespire:Lucky Rock","ReplayTheSpireMod:SealedPack","Nunchaku","Replay:Bandana","Mirror","Akabeko","Bottled Flame","Snake Skull"],"acts_visited":["Exordium","TheCity"],"potions_floor_usage":[6,8,12,23,23,25,25,27,27,28,31,33,33],"damage_taken":[{"damage":0,"enemies":"Small Slimes","floor":1,"turns":4},{"damage":1,"enemies":"Cultist","floor":3,"turns":5},{"damage":2,"enemies":"Jaw Worm","floor":4,"turns":4},{"damage":10,"enemies":"Replay:BlueRogue","floor":6,"turns":5},{"damage":13,"enemies":"Gremlin Nob","floor":8,"turns":4},{"damage":6,"enemies":"Lots of Slimes","floor":10,"turns":2},{"damage":24,"enemies":"3 Sentries","floor":12,"turns":7},{"damage":17,"enemies":"Gremlin Nob","floor":14,"turns":4},{"damage":21,"enemies":"Slime Boss","floor":16,"turns":8},{"damage":0,"enemies":"Chosen","floor":18,"turns":5},{"damage":35,"enemies":"Gremlin Leader","floor":23,"turns":7},{"damage":23,"enemies":"Book of Stabbing","floor":25,"turns":6},{"damage":15,"enemies":"Slavers","floor":27,"turns":8},{"damage":7,"enemies":"2 Thieves","floor":28,"turns":4},{"damage":7,"enemies":"Centurion and Healer","floor":29,"turns":5},{"damage":0,"enemies":"Cultist and Chosen","floor":31,"turns":6},{"damage":46,"enemies":"Champ","floor":33,"turns":10}],"seed_played":"-6615276515994665716","potions_obtained":[{"floor":1,"key":"Strength Potion"},{"floor":4,"key":"AttackPotion"},{"floor":8,"key":"sneckomod:MuddlingPotion"},{"floor":12,"key":"GamblersBrew"},{"floor":18,"key":"LiquidMemories"},{"floor":25,"key":"Fire Potion"},{"floor":29,"key":"AttackPotion"}],"is_trial":false,"path_per_floor":["M","?","M","M","?","E","R","E","T","M","R","E","$","E","R","B",null,"M","$","?","AVR","?","E","R","E","T","E","M","M","?","M","R","B"],"character_chosen":"THE_SILENT","items_purchased":["Blue Doll","Noxious Fumes","Fluid Movement+1"],"campfire_rested":3,"item_purchase_floors":[13,13,19],"current_hp_per_floor":[70,70,69,67,67,57,57,44,44,38,59,35,35,18,39,18,70,70,70,70,70,70,43,43,20,20,13,14,15,6,14,35,0,0],"gold":510,"neow_bonus":"BOSS_RELIC","is_daily":false,"chose_seed":false,"campfire_upgraded":2,"win_rate":0.0,"timestamp":1610481347,"path_taken":["M","?","M","M","?","E","R","E","T","M","R","E","$","E","R","BOSS","M","?","?","AVR","?","E","R","E","T","E","M","M","?","M","R","BOSS"],"items_purchased_type":["Relic","Card","Card"],"build_version":"2020-12-22","purchased_purges":0,"victory":false,"max_hp_per_floor":[70,70,70,70,70,70,70,70,70,70,70,70,70,70,70,70,70,70,70,70,70,70,70,70,70,70,70,70,70,70,70,70,70,70],"card_choices":[{"not_picked":["Deflect","Bane","Flechettes"],"picked":"Cloak And Dagger","floor":1},{"not_picked":["Well Laid Plans","Blade Dance","Slice"],"picked":"Hidden Blade","floor":3},{"not_picked":["Slice","Dagger Throw","Poisoned Stab"],"picked":"Dagger Spray","floor":4},{"not_picked":["Poisoned Stab","Tools of the Trade","Deflect"],"picked":"Draining Mist","floor":6},{"not_picked":["Backstab","Expertise","Sucker Punch"],"picked":"Endless Agony","floor":8},{"not_picked":["PiercingWail","Deadly Poison","Hidden Blade"],"picked":"Backflip","floor":10},{"not_picked":["Dagger Throw+1","Riddle With Holes+1","Eviscerate+1"],"picked":"Flechettes+1","floor":12},{"not_picked":["Replay:Poison Smokescreen","Tactician","Backflip"],"picked":"Endless Agony+1","floor":14},{"not_picked":["ReplayTheSpireMod:From All Sides+1","Unload+1","Replay:Bag of Tricks"],"picked":"ReplayTheSpireMod:Necrosis","floor":16},{"not_picked":["Guardian:CurlUp","hexamod:Float","Replay:GuardianBash"],"picked":"sneckomod:TailWhip","floor":17},{"not_picked":["Storm of Steel","Doppelganger","Wraith Form v2"],"picked":"Venomology","floor":17},{"not_picked":["Jack Of All Trades","expansioncontent:YouAreMine","Discovery"],"picked":"Replay:SS_fish_2","floor":17},{"not_picked":["infinitespire:UltimateForm","infinitespire:Starlight","infinitespire:SevenWalls"],"picked":"infinitespire:Menacing","floor":17},{"not_picked":["Dagger Spray+1","Deadly Poison","Distraction"],"picked":"Cloak And Dagger","floor":18},{"not_picked":["Backflip","Sucker Punch+1","PiercingWail"],"picked":"Dash+1","floor":23},{"not_picked":["PiercingWail","Outmaneuver","Poisoned Stab+1"],"picked":"Finisher+1","floor":25},{"not_picked":["Bouncing Flask","Expertise","Quick Slash+1"],"picked":"Slice+1","floor":27},{"not_picked":["Sucker Punch+1","Tools of the Trade","Backflip"],"picked":"Expertise+1","floor":28},{"not_picked":["Flying Knee+1","Calculated Gamble+1","Heel Hook+1"],"picked":"Deadly Poison","floor":29},{"not_picked":["Dagger Spray+1","Deflect","Reflex"],"picked":"Accuracy","floor":31}],"player_experience":403706,"relics_obtained":[{"floor":6,"key":"Oddly Smooth Stone"},{"floor":8,"key":"Replay:WaspNest"},{"floor":9,"key":"ReplayTheSpireMod:Lightbulb"},{"floor":12,"key":"Molten Egg 2"},{"floor":14,"key":"infinitespire:Lucky Rock"},{"floor":23,"key":"Akabeko"},{"floor":25,"key":"Bottled Flame"},{"floor":27,"key":"Snake Skull"}],"event_choices":[{"damage_healed":0,"gold_gain":0,"player_choice":"Take Wound","damage_taken":0,"relics_obtained":["Golden Idol"],"max_hp_gain":0,"max_hp_loss":0,"event_name":"Golden Idol","floor":2,"gold_loss":0,"cards_obtained":["Injury"]},{"cards_removed":["Injury"],"damage_healed":0,"gold_gain":0,"player_choice":"Removed Curses","damage_taken":0,"max_hp_gain":0,"max_hp_loss":0,"event_name":"Fountain of Cleansing","floor":5,"gold_loss":0},{"damage_healed":0,"gold_gain":0,"player_choice":"Stole Relic","damage_taken":0,"relics_obtained":["Mirror"],"max_hp_gain":0,"max_hp_loss":0,"event_name":"Addict","floor":22,"gold_loss":0,"cards_obtained":["Shame"]},{"damage_healed":0,"gold_gain":0,"player_choice":"Stopped","damage_taken":9,"max_hp_gain":0,"max_hp_loss":0,"event_name":"Cursed Tome","floor":30,"gold_loss":0}],"is_beta":false,"boss_relics":[{"not_picked":["Tiny House","ReplayTheSpireMod:DimensionalGlitch"],"picked":"ReplayTheSpireMod:SealedPack"}],"items_purged_floors":[],"is_endless":false,"potions_floor_spawned":[1,4,8,12,18,25,29],"killed_by":"Champ","ascension_level":4}}