{"host":"z9grmtg2w0nmz8n1","time":1610418251,"event":{"mods":["Aspiration","Bard","BaseMod","Beaked The Cultist","Better Altar","Better Match","Better Note","Better Sensory Stone","Better Skull","Better Third Choice","BetterRewards","CCEM","Colored Map","Conspire","Downfall","GifTheSpireLib","Googly Eyes","Halation","Hermit","Highlight Path","Hubris","Hunter ??","Jedi Mod","Jorbs\u0027s Wanderer Trilogy","Mad Scientist","Marisa????????","Minty Spire (QoL Compilation)","Permanent Neow","Replay The Spire","Shade Mod","Shop Mod","Spicy Shops","StSLib","Stuff the Spire","The Bug Knight","The Construct","The Necromancer","The Runesmith","The Witch"],"gold_per_floor":[116,116,134,152,162,194,194,219,219,144,69,82,95,107,107,203,203,222,233,133,58,58,58,93,112,136,165,181,202,221,38,38,147,147,171,191,200,259,109,145,145,181,181,199,199,199],"floor_reached":45,"playtime":2478,"items_purged":["Strike_G","Strike_G","Strike_G","Distraction"],"score":553,"play_id":"0f577924-d305-4b05-886c-ca6d8c5c317b","local_time":"20210112002411","is_ascension_mode":true,"campfire_choices":[{"floor":15,"key":"REST"},{"floor":23,"key":"REST"},{"floor":32,"key":"REST"},{"floor":41,"key":"RECALL"}],"circlet_count":0,"master_deck":["Defend_G","Defend_G","Defend_G","Defend_G","Defend_G","Survivor","Neutralize","Infinite Blades+1","Blade Dance","jedi:studyshivs","Blade Dance","StuffTheSpire:DoubleShiv","Cloak And Dagger","Cloak And Dagger","Dagger Spray+1","Accuracy","Adrenaline","ReplayTheSpireMod:Speed Training+1","expansioncontent:SuperHexaguard","ReplayTheSpireMod:Shiv Toss","Cloak And Dagger+1","StuffTheSpire:DoubleShiv"],"relics":["Ring of the Snake","ReplayTheSpireMod:Lightbulb","aspiration:FetidBarrel","aspiration:RitualDagger","Runesmith:AutoHammer","Molten Egg 2","CeramicFish","PreservedInsect","construct:WeddingRing","halation:PenCase","Bronze Scales","CCEMRelics:GrapeVine","conspire:BottledYoYo"],"acts_visited":["Exordium","TheCity","TheBeyond"],"potions_floor_usage":[6,6,24,24,29,29,30,35,36],"damage_taken":[{"damage":0,"enemies":"Jaw Worm","floor":1,"turns":5},{"damage":0,"enemies":"Cultist","floor":3,"turns":4},{"damage":0,"enemies":"2 Louse","floor":4,"turns":3},{"damage":4,"enemies":"Red Slaver","floor":5,"turns":6},{"damage":22,"enemies":"Gremlin Nob","floor":6,"turns":4},{"damage":20,"enemies":"Lagavulin","floor":8,"turns":9},{"damage":4,"enemies":"Gremlin Gang","floor":12,"turns":2},{"damage":10,"enemies":"Exordium Thugs","floor":13,"turns":3},{"damage":0,"enemies":"Looter","floor":14,"turns":3},{"damage":32,"enemies":"Fading Forest","floor":16,"turns":11},{"damage":12,"enemies":"Chosen","floor":18,"turns":4},{"damage":17,"enemies":"Shell Parasite","floor":19,"turns":5},{"damage":43,"enemies":"Slavers","floor":24,"turns":2},{"damage":26,"enemies":"Snake Plant","floor":25,"turns":4},{"damage":37,"enemies":"Gremlin Leader","floor":27,"turns":4},{"damage":23,"enemies":"Centurion and Healer","floor":28,"turns":4},{"damage":12,"enemies":"Cultist and Chosen","floor":29,"turns":4},{"damage":12,"enemies":"Chosen and Byrds","floor":30,"turns":4},{"damage":49,"enemies":"hubris:MusketHawk","floor":33,"turns":7},{"damage":8,"enemies":"Orb Walker","floor":35,"turns":2},{"damage":10,"enemies":"3 Darklings","floor":36,"turns":3},{"damage":12,"enemies":"Mind Bloom Boss Battle","floor":38,"turns":4},{"damage":34,"enemies":"Reptomancer","floor":40,"turns":4},{"damage":43,"enemies":"Nemesis","floor":42,"turns":3},{"damage":28,"enemies":"4 Shapes","floor":44,"turns":5},{"damage":13,"enemies":"Writhing Mass","floor":45,"turns":1}],"seed_played":"-6928954576949020340","potions_obtained":[{"floor":1,"key":"ColorlessPotion"},{"floor":5,"key":"Languid Potion"},{"floor":8,"key":"SteroidPotion"},{"floor":12,"key":"jedi:hoardpotion"},{"floor":13,"key":"Death Potion"},{"floor":16,"key":"jedi:StrikingPotion"},{"floor":27,"key":"SteroidPotion"},{"floor":29,"key":"Poison Potion"},{"floor":33,"key":"AttackPotion"},{"floor":35,"key":"Fire Potion"}],"is_trial":false,"path_per_floor":["M","?","M","M","M","E","?","E","T","$","?","M","M","M","R","B",null,"M","M","$","?","?","R","E","M","T","E","M","M","M","$","R","B",null,"M","M","?","?","$","E","R","E","T","M","M"],"character_chosen":"THE_SILENT","items_purchased":["Accuracy"],"campfire_rested":3,"item_purchase_floors":[31],"current_hp_per_floor":[70,70,70,70,66,44,37,17,17,17,17,13,3,3,24,2,70,58,41,41,41,24,45,2,53,53,32,27,28,30,30,51,32,70,70,70,70,70,70,54,54,23,23,10,0,0],"gold":199,"neow_bonus":"REMOVE_CARD","is_daily":false,"chose_seed":false,"campfire_upgraded":0,"win_rate":0.0,"timestamp":1610418251,"path_taken":["M","?","M","M","?","E","?","E","T","$","?","M","M","M","R","BOSS","M","?","?","?","?","R","E","M","T","E","?","M","?","$","R","BOSS","M","M","?","?","$","E","R","E","T","M","?"],"items_purchased_type":["Card"],"build_version":"2020-12-22","purchased_purges":4,"victory":false,"max_hp_per_floor":[70,70,70,70,70,70,70,70,70,70,70,70,70,70,70,70,70,70,70,70,70,70,70,70,70,70,70,70,70,70,70,70,70,70,70,70,70,70,70,70,70,70,70,70,70,70],"card_choices":[{"not_picked":["Choke","StuffTheSpire:BumpUp"],"picked":"Infinite Blades","floor":1},{"not_picked":["StuffTheSpire:Python","hubris:SlightOfHand","Tactician"],"picked":"SKIP","floor":3},{"not_picked":["StuffTheSpire:MirrorStance","Choke"],"picked":"Distraction","floor":4},{"not_picked":["Slice","Poisoned Stab"],"picked":"Blade Dance","floor":5},{"not_picked":["Doppelganger","Flying Knee"],"picked":"jedi:studyshivs","floor":6},{"not_picked":["jedi:poisonivy","Backflip"],"picked":"Blade Dance","floor":8},{"not_picked":["Sucker Punch","StuffTheSpire:DoubleShiv","StuffTheSpire:Injection"],"picked":"SKIP","floor":12},{"not_picked":["Prepared","Dodge and Roll"],"picked":"StuffTheSpire:DoubleShiv","floor":13},{"not_picked":["Toxin Wave","Caltrops","Backflip"],"picked":"SKIP","floor":14},{"not_picked":["StuffTheSpire:BumpUp","Hidden Blade","Flying Knee+1"],"picked":"SKIP","floor":18},{"not_picked":["StuffTheSpire:BumpUp","Poisoned Stab+1"],"picked":"Cloak And Dagger","floor":19},{"not_picked":["Unload+1","Backflip","Underhanded Strike+1"],"picked":"SKIP","floor":24},{"not_picked":["Replay:Poison Smokescreen","StuffTheSpire:ClusterCrunch+1","Deadly Poison"],"picked":"SKIP","floor":25},{"not_picked":["Heel Hook+1","ReplayTheSpireMod:The Works+1","Bouncing Flask"],"picked":"SKIP","floor":27},{"not_picked":["Poisoned Stab+1","Escape Plan","Replay:Bag of Tricks"],"picked":"SKIP","floor":28},{"not_picked":["StuffTheSpire:Python","Reflex"],"picked":"Cloak And Dagger","floor":29},{"not_picked":["StuffTheSpire:Injection+1","StuffTheSpire:ReptileScales"],"picked":"Dagger Spray+1","floor":30},{"not_picked":["Storm of Steel","jedi:brewingpoison"],"picked":"Adrenaline","floor":33},{"not_picked":["Dagger Throw+1","Replay:Poison Smokescreen"],"picked":"ReplayTheSpireMod:Speed Training+1","floor":35},{"not_picked":["PiercingWail","Slice+1","Acrobatics"],"picked":"SKIP","floor":36},{"not_picked":["ReplayTheSpireMod:Uncanny Aura","jedi:cleanse"],"picked":"expansioncontent:SuperHexaguard","floor":37},{"not_picked":["hubris:SlightOfHand+1","Sucker Punch+1"],"picked":"ReplayTheSpireMod:Shiv Toss","floor":38},{"not_picked":["Quick Slash+1","StuffTheSpire:Python+1"],"picked":"Cloak And Dagger+1","floor":40},{"not_picked":["StuffTheSpire:BumpUp+1","Backflip+1"],"picked":"StuffTheSpire:DoubleShiv","floor":42},{"not_picked":["Bouncing Flask","ReplayTheSpireMod:Tripwire+1","Replay:Poison Smokescreen"],"picked":"SKIP","floor":44}],"player_experience":844134,"relics_obtained":[{"floor":6,"key":"ReplayTheSpireMod:Lightbulb"},{"floor":8,"key":"aspiration:FetidBarrel"},{"floor":24,"key":"Molten Egg 2"},{"floor":26,"key":"CeramicFish"},{"floor":27,"key":"PreservedInsect"},{"floor":38,"key":"halation:PenCase"},{"floor":40,"key":"Bronze Scales"},{"floor":42,"key":"CCEMRelics:GrapeVine"},{"floor":43,"key":"conspire:BottledYoYo"}],"event_choices":[{"damage_healed":0,"gold_gain":0,"player_choice":"Upgraded","damage_taken":0,"max_hp_gain":0,"max_hp_loss":0,"event_name":"Upgrade Shrine","floor":2,"gold_loss":0,"cards_upgraded":["Infinite Blades"]},{"cards_removed":["Strike_G"],"damage_healed":0,"gold_gain":0,"player_choice":"Card Removal","damage_taken":7,"max_hp_gain":0,"max_hp_loss":0,"event_name":"Golden Wing","floor":7,"gold_loss":0},{"damage_healed":0,"gold_gain":0,"player_choice":"1","damage_taken":0,"max_hp_gain":0,"max_hp_loss":0,"event_name":"betterMatch:BetterMatch","floor":11,"gold_loss":0,"cards_obtained":["betterMatch:RareCard","betterMatch:ColorlessUncommonCard"]},{"damage_healed":0,"gold_gain":0,"player_choice":"1","damage_taken":0,"max_hp_gain":0,"max_hp_loss":0,"event_name":"betterMatch:BetterMatch","floor":21,"gold_loss":0,"cards_obtained":["betterMatch:UncommonCard","betterMatch:ColorlessUncommonCard","betterMatch:CommonCard"]},{"damage_healed":0,"gold_gain":0,"player_choice":"RE ","damage_taken":19,"relics_obtained":["Runesmith:AutoHammer"],"max_hp_gain":0,"max_hp_loss":0,"event_name":"betterSkull:BetterSkull","floor":22,"gold_loss":0,"cards_upgraded":[]},{"damage_healed":0,"gold_gain":3,"player_choice":"1","damage_taken":0,"max_hp_gain":0,"max_hp_loss":0,"event_name":"betterStone:BetterStone","floor":37,"gold_loss":0},{"damage_healed":0,"gold_gain":0,"player_choice":"Fight","damage_taken":0,"max_hp_gain":0,"max_hp_loss":0,"event_name":"MindBloom","floor":38,"gold_loss":0}],"is_beta":false,"boss_relics":[{"not_picked":["StuffTheSpire:RunicConfusion","Pandora\u0027s Box"],"picked":"aspiration:RitualDagger"},{"not_picked":["Kintsugi","hubris:TerracottaHorce"],"picked":"construct:WeddingRing"}],"items_purged_floors":[10,20,31,39],"is_endless":false,"potions_floor_spawned":[1,5,8,12,13,16,18,27,29,33,35],"killed_by":"Writhing Mass","ascension_level":1}}