{"host":"z9mq1tf06lkrncmk","time":1610417251,"event":{"mods":["BaseMod","Downfall","Minty Spire (QoL Compilation)","StSLib"],"gold_per_floor":[199,214,214,224,62,62,62,75,75,102,102,127,138,178,205,315,315,315,16,16,16,16,1,1,1,1,1,1,1,1,1,1,1,1,1,1,1,1,1,1,1,1,1,1,1,1,1,1,1,1],"floor_reached":51,"playtime":2642,"items_purged":[],"score":870,"play_id":"8725c9b9-3a73-49c7-b0fc-221da777fd7d","local_time":"20210111210731","is_ascension_mode":false,"campfire_choices":[{"data":"hexamod:Sear","floor":1,"key":"SMITH"},{"floor":11,"key":"REST"},{"data":"hexamod:EmpoweringStance","floor":18,"key":"SMITH"},{"data":"hexamod:TimeOfNeed","floor":28,"key":"SMITH"},{"floor":35,"key":"REST"},{"floor":40,"key":"REST"},{"floor":43,"key":"REST"},{"floor":47,"key":"REST"}],"circlet_count":0,"master_deck":["hexamod:Strike+1","hexamod:Strike+1","hexamod:Strike","hexamod:Defend","hexamod:Defend","hexamod:Defend","hexamod:Defend","hexamod:Sear+1","hexamod:Float","hexamod:ExtraCrispy+1","hexamod:HauntingEcho","hexamod:DynamicBlow+1","hexamod:RadiantFlame","hexamod:BurningTouch","hexamod:ChargedBarrage","hexamod:Firestarter","hexamod:EmpoweringStance+1","hexamod:CrushingStance","hexamod:TimeOfNeed+1","hexamod:HeatShield+1","hexamod:ThermalTransfer+1","hexamod:SearingWound"],"relics":["hexamod:SpiritBrand","Sling","Kunai","CeramicFish","FossilizedHelix","downfall:Hecktoplasm","downfall:HeartBlessingGreen","Happy Flower","Meat on the Bone","hexamod:TheBrokenSeal","Dream Catcher","Ancient Tea Set","Fusion Hammer","Dead Branch","Frozen Egg 2"],"acts_visited":["Exordium","TheCity","TheBeyond"],"potions_floor_usage":[8,10,16,20,26,29,29,31,39,45,46],"damage_taken":[{"damage":0,"enemies":"Small Slimes","floor":2,"turns":3},{"damage":0,"enemies":"Cultist","floor":4,"turns":3},{"damage":0,"enemies":"downfall:FleeingMerchant","floor":5,"turns":4},{"damage":0,"enemies":"Jaw Worm","floor":8,"turns":3},{"damage":2,"enemies":"Large Slime","floor":10,"turns":3},{"damage":16,"enemies":"Gremlin Gang","floor":12,"turns":4},{"damage":4,"enemies":"Exordium Wildlife","floor":13,"turns":3},{"damage":8,"enemies":"Gremlin Nob","floor":14,"turns":3},{"damage":1,"enemies":"2 Fungi Beasts","floor":15,"turns":3},{"damage":22,"enemies":"downfall:Watcher","floor":16,"turns":8},{"damage":0,"enemies":"downfall:FleeingMerchant","floor":19,"turns":4},{"damage":10,"enemies":"Shell Parasite","floor":20,"turns":4},{"damage":0,"enemies":"Chosen","floor":22,"turns":3},{"damage":16,"enemies":"downfall:FleeingMerchant","floor":23,"turns":4},{"damage":9,"enemies":"Snecko","floor":25,"turns":6},{"damage":27,"enemies":"Snake Plant","floor":26,"turns":6},{"damage":0,"enemies":"3 Cultists","floor":27,"turns":6},{"damage":29,"enemies":"Gremlin Leader","floor":29,"turns":6},{"damage":0,"enemies":"Centurion and Healer","floor":30,"turns":4},{"damage":21,"enemies":"Slavers","floor":31,"turns":6},{"damage":0,"enemies":"Shelled Parasite and Fungi","floor":32,"turns":3},{"damage":0,"enemies":"downfall:Defect","floor":33,"turns":8},{"damage":0,"enemies":"Orb Walker","floor":36,"turns":3},{"damage":0,"enemies":"downfall:FleeingMerchant","floor":39,"turns":3},{"damage":0,"enemies":"3 Darklings","floor":42,"turns":4},{"damage":21,"enemies":"Jaw Worm Horde","floor":44,"turns":6},{"damage":0,"enemies":"Transient","floor":45,"turns":5},{"damage":18,"enemies":"Sphere and 2 Shapes","floor":46,"turns":6},{"damage":0,"enemies":"3 Darklings","floor":49,"turns":6},{"damage":6,"enemies":"downfall:Ironclad","floor":50,"turns":9}],"seed_played":"-690461975676794221","potions_obtained":[{"floor":2,"key":"Block Potion"},{"floor":8,"key":"BlessingOfTheForge"},{"floor":15,"key":"CultistPotion"},{"floor":16,"key":"Fire Potion"},{"floor":25,"key":"Block Potion"},{"floor":26,"key":"PowerPotion"},{"floor":27,"key":"hexamod:DoubleChargePotion"},{"floor":30,"key":"FearPotion"},{"floor":33,"key":"DistilledChaos"},{"floor":44,"key":"AttackPotion"},{"floor":45,"key":"PowerPotion"},{"floor":49,"key":"FearPotion"}],"is_trial":false,"path_per_floor":["R","M","?","M","$","?","T","M","?","M","R","M","M","E","M","B",null,"R","$","M","?","M","$","T","M","M","M","R","E","M","E","M","B",null,"R","M","?","?","$","R","T","M","R","M","M","M","R","?","M","B",null],"character_chosen":"THE_SPIRIT","items_purchased":["Sling","hexamod:CrushingStance","hexamod:FirstSeal","Happy Flower"],"campfire_rested":5,"item_purchase_floors":[5,19,19,19],"current_hp_per_floor":[70,70,70,70,70,70,70,70,52,50,70,54,50,42,41,19,70,70,70,67,67,70,61,61,59,71,71,71,42,42,33,45,45,80,80,80,80,80,80,80,80,80,80,59,59,41,65,65,65,59],"gold":1,"neow_bonus":"HUNDRED_GOLD","is_daily":false,"chose_seed":false,"campfire_upgraded":3,"win_rate":0.0,"timestamp":1610417251,"path_taken":["R","M","?","M","$","?","T","?","?","M","R","M","M","E","M","BOSS","R","$","M","?","M","$","T","M","M","M","R","E","?","E","M","BOSS","R","M","?","?","$","R","T","?","R","?","M","M","R","?","M","BOSS"],"items_purchased_type":["Relic","Card","Card","Relic"],"build_version":"2020-12-22","purchased_purges":0,"victory":true,"max_hp_per_floor":[70,70,70,70,70,70,70,70,70,70,70,70,70,70,70,70,70,70,70,70,70,70,70,70,70,80,80,80,80,80,80,80,80,80,80,80,80,80,80,80,80,80,80,80,80,80,80,80,80,80],"card_choices":[{"not_picked":["hexamod:ShieldOfDarkness","hexamod:AdvancingGuard"],"picked":"hexamod:ExtraCrispy","floor":2},{"not_picked":["hexamod:NightmareGuise","hexamod:ShieldOfDarkness"],"picked":"hexamod:HauntingEcho","floor":4},{"not_picked":["hexamod:InspiringFlames","hexamod:AdvancingGuard"],"picked":"hexamod:DynamicBlow","floor":5},{"not_picked":["hexamod:SpectersWail","hexamod:GhostOfSpireFuture"],"picked":"hexamod:RadiantFlame","floor":8},{"not_picked":["hexamod:NightmareStrike","hexamod:SpectersWail"],"picked":"hexamod:BurningTouch","floor":10},{"not_picked":["hexamod:SpectersWail","hexamod:RetreatToShadows"],"picked":"hexamod:ChargedBarrage","floor":12},{"not_picked":["hexamod:RecurringNightmare","hexamod:NightmareGuise","hexamod:FourthSeal"],"picked":"SKIP","floor":13},{"not_picked":["hexamod:RainOfEmbers","hexamod:SpectralAdrenaline"],"picked":"hexamod:FifthSeal","floor":14},{"not_picked":["hexamod:SwordOfDarkness","hexamod:GhostShield"],"picked":"hexamod:Firestarter","floor":15},{"not_picked":["hexamod:ParanormalForm","hexamod:TurnItUp"],"picked":"hexamod:EmpoweringStance","floor":16},{"not_picked":["hexamod:ThirdSeal","hexamod:FirstSeal"],"picked":"hexamod:SixthSeal","floor":19},{"not_picked":["hexamod:NightmareStrike","hexamod:HauntingEcho","hexamod:BurningTouch"],"picked":"SKIP","floor":19},{"not_picked":["hexamod:SixthSeal","hexamod:FirstSeal"],"picked":"hexamod:ThirdSeal","floor":20},{"not_picked":["hexamod:GhostShield","hexamod:SpectersWail","hexamod:FlamesFromBeyond"],"picked":"SKIP","floor":20},{"not_picked":["hexamod:NecessarySacrifice+1","hexamod:SpectersWail+1","hexamod:FlamesFromBeyond+1"],"picked":"SKIP","floor":22},{"not_picked":["hexamod:FirstSeal","hexamod:ThirdSeal"],"picked":"hexamod:FourthSeal","floor":23},{"not_picked":["hexamod:RetreatToShadows","hexamod:HauntingEcho","hexamod:NightmareStrike"],"picked":"SKIP","floor":23},{"not_picked":["hexamod:Haunt","hexamod:Firestarter","hexamod:StepThrough"],"picked":"SKIP","floor":23},{"not_picked":["hexamod:SixthSeal","hexamod:FirstSeal"],"picked":"hexamod:SecondSeal","floor":25},{"not_picked":["hexamod:FirstSeal","hexamod:EmpoweredFlame"],"picked":"hexamod:TimeOfNeed","floor":25},{"not_picked":["hexamod:DynamicBlow","hexamod:RainOfEmbers","hexamod:Haunt"],"picked":"SKIP","floor":25},{"not_picked":["hexamod:Firestarter","hexamod:ShieldOfDarkness"],"picked":"hexamod:HeatShield+1","floor":26},{"not_picked":["hexamod:FlamesFromBeyond","hexamod:SwordOfDarkness","hexamod:Rewind+1"],"picked":"SKIP","floor":27},{"not_picked":["hexamod:RainOfEmbers","hexamod:GhostShield"],"picked":"hexamod:ThermalTransfer+1","floor":29},{"not_picked":["hexamod:SkipABeat","hexamod:GhostOfSpireFuture","hexamod:GhostLash"],"picked":"SKIP","floor":30},{"not_picked":["hexamod:GhostLash","hexamod:NightmareGuise+1","hexamod:Firestarter"],"picked":"SKIP","floor":31},{"not_picked":["hexamod:ChargedBarrage","hexamod:NightmareGuise","hexamod:ThirdSeal"],"picked":"SKIP","floor":32},{"not_picked":["hexamod:GiftsFromTheDead","hexamod:CrushingStance"],"picked":"hexamod:SearingWound","floor":33},{"not_picked":["hexamod:ThermalTransfer","hexamod:FlamesFromBeyond","hexamod:SwordOfDarkness"],"picked":"SKIP","floor":36},{"not_picked":["hexamod:InspiringFlames+1","hexamod:BurningTouch","hexamod:ThirdSeal"],"picked":"SKIP","floor":39},{"not_picked":["hexamod:GhostflameInferno","hexamod:RainOfEmbers+1","hexamod:NightmareGuise"],"picked":"SKIP","floor":42},{"not_picked":["hexamod:ThermalTransfer+1","hexamod:SwordOfDarkness","hexamod:FlamesFromBeyond+1"],"picked":"SKIP","floor":44},{"not_picked":["hexamod:SwordOfDarkness+1","hexamod:BacktrackSmack","hexamod:GhostOfSpireFuture+1"],"picked":"SKIP","floor":45},{"not_picked":["hexamod:DynamicBlow+1","hexamod:HeatMetal+1","hexamod:SwordOfDarkness+1"],"picked":"SKIP","floor":46},{"not_picked":["hexamod:FastForward+1","hexamod:BurningTouch","hexamod:PhantomCloak+1"],"picked":"SKIP","floor":49}],"player_experience":337128,"relics_obtained":[{"floor":7,"key":"Kunai"},{"floor":14,"key":"FossilizedHelix"},{"floor":24,"key":"Meat on the Bone"},{"floor":29,"key":"Dream Catcher"},{"floor":31,"key":"Ancient Tea Set"},{"floor":37,"key":"Dead Branch"},{"floor":41,"key":"Frozen Egg 2"}],"event_choices":[{"damage_healed":0,"gold_gain":0,"player_choice":"Forge","damage_taken":0,"max_hp_gain":0,"max_hp_loss":0,"event_name":"Accursed Blacksmith","floor":6,"gold_loss":0,"cards_upgraded":["hexamod:DynamicBlow"]},{"damage_healed":0,"gold_gain":0,"player_choice":"Success","damage_taken":18,"relics_obtained":["CeramicFish"],"max_hp_gain":0,"max_hp_loss":0,"event_name":"Scrap Ooze","floor":9,"gold_loss":0},{"cards_removed":["hexamod:Strike"],"damage_healed":0,"gold_gain":0,"player_choice":"Purged","damage_taken":0,"max_hp_gain":0,"max_hp_loss":0,"event_name":"Purifier","floor":21,"gold_loss":0},{"damage_healed":0,"gold_gain":0,"player_choice":"Ignored","damage_taken":0,"max_hp_gain":0,"max_hp_loss":0,"event_name":"Transmorgrifier","floor":38,"gold_loss":0},{"damage_healed":0,"gold_gain":0,"player_choice":"Ignored","damage_taken":0,"max_hp_gain":0,"max_hp_loss":0,"event_name":"Mysterious Sphere","floor":48,"gold_loss":0}],"is_beta":false,"boss_relics":[{"not_picked":["Snecko Eye","Pandora\u0027s Box"],"picked":"downfall:Hecktoplasm"},{"not_picked":["Black Star","Runic Pyramid"],"picked":"Fusion Hammer"}],"items_purged_floors":[],"is_endless":false,"potions_floor_spawned":[2,8,15,16,25,26,27,30,33,44,45,49],"ascension_level":0}}