{"host":"6749gst1gzuv21qf","time":1610490078,"event":{"mods":["Aspiration","BaseMod","Better Altar","Better Match","Better Note","Better Sensory Stone","Better Skull","Better Third Choice","BetterRewards","Colored Map","Colored Powertips","Downfall","Highlight Path","Minty Spire (QoL Compilation)","Permanent Neow","Replay The Spire","Shop Mod","Spicy Shops","StSLib","The Cursed"],"gold_per_floor":[99,115,115,115,134,148,148,588,43,56,75,75,75],"floor_reached":12,"language":"ENG","playtime":526,"items_purged":[],"score":70,"play_id":"1727ad90-19e6-4ab6-8939-d7fa6f6cd9fa","local_time":"20210112172118","is_ascension_mode":false,"campfire_choices":[{"floor":1,"key":"RECALL"}],"circlet_count":0,"master_deck":["sneckomod:Strike","sneckomod:Strike","sneckomod:Defend","sneckomod:Defend","sneckomod:TailWhip+1","sneckomod:SnekBite","sneckomod:Unknown","sneckomod:Unknown","sneckomod:SnakeSap","sneckomod:UnknownClassSLIMEBOUND","sneckomod:SerpentIdol","TheCursedMod:CursedWand","sneckomod:UnknownExhaust","sneckomod:QuickBite","sneckomod:IronFang","sneckomod:UnknownRareAttack","sneckomod:CheapStock","sneckomod:UnknownClassHEXA_GHOST_PURPLE","sneckomod:DiceCrush"],"relics":["sneckomod:SneckoSoul","Mercury Hourglass","Nunchaku"],"acts_visited":["Exordium"],"potions_floor_usage":[12,12],"damage_taken":[{"damage":0,"enemies":"Jaw Worm","floor":2,"turns":4},{"damage":2,"enemies":"Small Slimes","floor":5,"turns":3},{"damage":4,"enemies":"Cultist","floor":6,"turns":3},{"damage":15,"enemies":"downfall:FleeingMerchant","floor":9,"turns":4},{"damage":1,"enemies":"2 Fungi Beasts","floor":10,"turns":3},{"damage":23,"enemies":"Exordium Thugs","floor":11,"turns":4},{"damage":9,"enemies":"Lagavulin","floor":12,"turns":3}],"seed_played":"-8678655883718377330","potions_obtained":[{"floor":5,"key":"Languid Potion"},{"floor":10,"key":"ColorlessPotion"}],"is_trial":false,"path_per_floor":["R","M","?","?","M","M","T","?","$","M","M","E"],"character_chosen":"THE_SNECKO","items_purchased":["sneckomod:UnknownRareAttack","sneckomod:CheapStock","Nunchaku"],"campfire_rested":0,"item_purchase_floors":[9,9,9],"current_hp_per_floor":[82,82,82,82,81,81,81,38,28,30,7,0,0],"gold":75,"neow_bonus":"TRANSFORM_TWO_CARDS","is_daily":false,"chose_seed":false,"campfire_upgraded":0,"win_rate":0.0,"timestamp":1610490078,"path_taken":["R","M","?","?","?","M","T","?","$","M","M","E"],"items_purchased_type":["Card","Card","Relic"],"build_version":"2020-12-22","purchased_purges":0,"victory":false,"max_hp_per_floor":[82,82,82,82,83,83,83,83,84,85,85,85,85],"card_choices":[{"not_picked":["sneckomod:SoulRoll","sneckomod:SlitherStrike"],"picked":"sneckomod:SerpentIdol","floor":2},{"not_picked":["sneckomod:SoulRoll","sneckomod:IronFang"],"picked":"sneckomod:UnknownExhaust","floor":5},{"not_picked":["sneckomod:UnknownBlock","sneckomod:UnknownClassGREEN"],"picked":"sneckomod:QuickBite","floor":6},{"not_picked":["sneckomod:SnekBeam","sneckomod:UnknownClassGUARDIAN"],"picked":"sneckomod:IronFang","floor":9},{"not_picked":["sneckomod:SoulDraw","sneckomod:UnknownStrike"],"picked":"sneckomod:UnknownClassHEXA_GHOST_PURPLE","floor":10},{"not_picked":["sneckomod:UnknownUncommonSkill","sneckomod:IronFang"],"picked":"sneckomod:DiceCrush","floor":11}],"player_experience":702975,"relics_obtained":[{"floor":7,"key":"Mercury Hourglass"}],"event_choices":[{"cards_removed":["sneckomod:SnekBite"],"damage_healed":0,"gold_gain":0,"player_choice":"Take \u0026 Give","damage_taken":0,"max_hp_gain":0,"max_hp_loss":0,"event_name":"betterNote:BetterNote","floor":4,"gold_loss":0,"cards_obtained":["TheCursedMod:CursedWand"]},{"damage_healed":0,"gold_gain":440,"player_choice":"GO GO GO GO ","damage_taken":47,"relics_obtained":[],"max_hp_gain":0,"max_hp_loss":0,"event_name":"betterSkull:BetterSkull","floor":8,"gold_loss":0,"cards_upgraded":[]}],"is_beta":false,"boss_relics":[],"items_purged_floors":[],"is_endless":false,"potions_floor_spawned":[5,10],"killed_by":"Lagavulin","ascension_level":0}}