{"host":"ELF","time":1610429531,"event":{"mods":["BaseMod","Minty Spire (QoL Compilation)"],"gold_per_floor":[114,27,38,38,113,113,113,142,142,142,171,188,338,349,349,349,349],"floor_reached":16,"playtime":601,"items_purged":[],"score":259,"play_id":"8a22c047-5799-4ea1-bc25-0fe5cfe41551","local_time":"20210111233211","is_ascension_mode":true,"campfire_choices":[{"floor":6,"key":"REST"},{"floor":10,"key":"REST"},{"data":"Defragment","floor":15,"key":"SMITH"}],"circlet_count":0,"master_deck":["AscendersBane","Strike_B","Strike_B","Strike_B","Defend_B+1","Defend_B","Defend_B+1","Defend_B","Zap","Dualcast","Gash","Defragment+1","Coolheaded","Force Field","Double Energy","Fusion","Doubt","Gash"],"relics":["Cracked Core","NeowsBlessing","Calipers","Mummified Hand","Ice Cream"],"acts_visited":["Exordium"],"potions_floor_usage":[14,16,16],"damage_taken":[{"damage":0,"enemies":"Cultist","floor":1,"turns":1},{"damage":0,"enemies":"2 Louse","floor":3,"turns":1},{"damage":0,"enemies":"Lagavulin","floor":8,"turns":1},{"damage":17,"enemies":"3 Sentries","floor":11,"turns":9},{"damage":1,"enemies":"Small Slimes","floor":12,"turns":3},{"damage":25,"enemies":"2 Fungi Beasts","floor":14,"turns":4},{"damage":25,"enemies":"Hexaghost","floor":16,"turns":9}],"seed_played":"-7415854616807020341","potions_obtained":[{"floor":8,"key":"Weak Potion"},{"floor":12,"key":"Fire Potion"},{"floor":14,"key":"AttackPotion"}],"is_trial":false,"path_per_floor":["M","$","M","?","?","R","?","E","T","R","E","M","?","M","R","B"],"character_chosen":"DEFECT","items_purchased":["Defragment"],"campfire_rested":2,"item_purchase_floors":[2],"current_hp_per_floor":[64,64,64,57,46,67,46,46,46,67,50,49,49,24,24,0,0],"gold":349,"neow_bonus":"THREE_ENEMY_KILL","is_daily":false,"chose_seed":false,"campfire_upgraded":1,"win_rate":0.0,"timestamp":1610429531,"path_taken":["M","?","M","?","?","R","?","E","T","R","E","M","?","M","R","BOSS"],"items_purchased_type":["Card"],"build_version":"2020-12-18","purchased_purges":0,"victory":false,"max_hp_per_floor":[71,71,71,71,71,71,71,71,71,71,71,71,71,71,71,71,71],"card_choices":[{"not_picked":["Sweeping Beam","Conserve Battery"],"picked":"Gash","floor":1},{"not_picked":["Chill","Auto Shields"],"picked":"Coolheaded","floor":3},{"not_picked":["Multi-Cast","Hologram"],"picked":"Force Field","floor":8},{"not_picked":["Redo","Rip and Tear"],"picked":"Double Energy","floor":11},{"not_picked":["Compile Driver","Steam"],"picked":"Fusion","floor":12},{"not_picked":["Beam Cell","Double Energy"],"picked":"Gash","floor":14}],"player_experience":3177594,"relics_obtained":[{"floor":8,"key":"Calipers"},{"floor":9,"key":"Mummified Hand"},{"floor":11,"key":"Ice Cream"}],"event_choices":[{"cards_removed":["Strike_B"],"damage_healed":0,"gold_gain":0,"player_choice":"Card Removal","damage_taken":7,"max_hp_gain":0,"max_hp_loss":0,"event_name":"Golden Wing","floor":4,"gold_loss":0},{"damage_healed":0,"gold_gain":75,"player_choice":"Gather Gold","damage_taken":11,"max_hp_gain":0,"max_hp_loss":0,"event_name":"World of Goop","floor":5,"gold_loss":0},{"damage_healed":0,"gold_gain":0,"player_choice":"Entered Light","damage_taken":21,"max_hp_gain":0,"max_hp_loss":0,"event_name":"Shining Light","floor":7,"gold_loss":0,"cards_upgraded":["Defend_B","Defend_B"]},{"damage_healed":0,"gold_gain":150,"player_choice":"AGREE","damage_taken":0,"max_hp_gain":0,"max_hp_loss":0,"event_name":"Liars Game","floor":13,"gold_loss":0,"cards_obtained":["Doubt"]}],"is_beta":true,"boss_relics":[],"items_purged_floors":[],"is_endless":false,"potions_floor_spawned":[8,12,14],"killed_by":"Hexaghost","ascension_level":19}}