{"host":"yn1175etg9ni8l0q","time":1610488366,"event":{"mods":["AchievementEnabler","BaseMod","Colored Map","Colored Powertips","DeckTracker","Minty Spire (QoL Compilation)","Rare Cards Sparkle","Relic Stats","SuperFastMode","everything is the same but u backflip on backflip"],"gold_per_floor":[362,41,216,232,252,277,277,31,31,50,50,0,0,75,75,175,225,243,254,268,16,16,16,51,51,51,66,49,81,93,107,107,206,206,226,238,254,268,182,182,81,99,126,141,141,141,170,170,170,170,170,170,66,91,91],"floor_reached":56,"language":"KOR","playtime":2018,"items_purged":["Defend_B","Defend_B","Cold Snap"],"score":1292,"play_id":"27a50e0c-041f-4d58-a77e-24089a6a9eed","local_time":"20210113065246","is_ascension_mode":false,"campfire_choices":[{"data":"Doubt","floor":7.0,"key":"PURGE"},{"data":"Strike_B","floor":11.0,"key":"PURGE"},{"data":"Defend_B","floor":13.0,"key":"PURGE"},{"floor":15.0,"key":"REST"},{"data":"Apotheosis","floor":23.0,"key":"SMITH"},{"data":"Strike_B","floor":32.0,"key":"PURGE"},{"data":"Heatsinks","floor":40.0,"key":"SMITH"},{"floor":45.0,"key":"RECALL"},{"data":"Sunder","floor":49,"key":"PURGE"},{"data":"Echo Form","floor":52,"key":"SMITH"}],"circlet_count":0,"master_deck":["Zap","Dualcast+1","Cold Snap","Defragment","Chill+1","Self Repair","Capacitor","Apotheosis+1","Loop","Ball Lightning+1","Defragment","Coolheaded+1","Loop","Echo Form+1","Defragment+1","Skim+1","Go for the Eyes+1","Heatsinks+1","Glacier","Capacitor+1","Thunder Strike+1","Hologram+1"],"relics":["Cracked Core","Peace Pipe","Gambling Chip","Membership Card","DataDisk","Girya","Tiny House","Mummified Hand","Prayer Wheel","Anchor","Torii","War Paint","Empty Cage","Whetstone","OrangePellets","FossilizedHelix"],"acts_visited":["Exordium","TheCity","TheBeyond","TheEnding"],"potions_floor_usage":[55,55,55],"damage_taken":[{"damage":0.0,"enemies":"Cultist","floor":1.0,"turns":3.0},{"damage":0.0,"enemies":"Small Slimes","floor":4.0,"turns":3.0},{"damage":0.0,"enemies":"Jaw Worm","floor":5.0,"turns":3.0},{"damage":17.0,"enemies":"Lagavulin","floor":6.0,"turns":11.0},{"damage":8.0,"enemies":"Lots of Slimes","floor":10.0,"turns":3.0},{"damage":5.0,"enemies":"The Guardian","floor":16.0,"turns":13.0},{"damage":4.0,"enemies":"3 Byrds","floor":18.0,"turns":4.0},{"damage":6.0,"enemies":"Shell Parasite","floor":19.0,"turns":6.0},{"damage":0.0,"enemies":"Chosen and Byrds","floor":20.0,"turns":9.0},{"damage":12.0,"enemies":"Gremlin Leader","floor":24.0,"turns":8.0},{"damage":3.0,"enemies":"3 Cultists","floor":27.0,"turns":6.0},{"damage":22.0,"enemies":"Slavers","floor":29.0,"turns":5.0},{"damage":0.0,"enemies":"Centurion and Healer","floor":30.0,"turns":5.0},{"damage":0.0,"enemies":"Sentry and Sphere","floor":31.0,"turns":5.0},{"damage":15.0,"enemies":"Collector","floor":33.0,"turns":7.0},{"damage":1.0,"enemies":"3 Darklings","floor":35.0,"turns":6.0},{"damage":12.0,"enemies":"Orb Walker","floor":36.0,"turns":3.0},{"damage":1.0,"enemies":"Transient","floor":37.0,"turns":5.0},{"damage":2.0,"enemies":"4 Shapes","floor":38.0,"turns":5.0},{"damage":0.0,"enemies":"Jaw Worm Horde","floor":42.0,"turns":3.0},{"damage":0.0,"enemies":"3 Darklings","floor":44.0,"turns":3.0},{"damage":0.0,"enemies":"Reptomancer","floor":47.0,"turns":5.0},{"damage":0,"enemies":"Time Eater","floor":50,"turns":9},{"damage":39,"enemies":"Shield and Spear","floor":54,"turns":5},{"damage":7,"enemies":"The Heart","floor":55,"turns":7}],"seed_played":"1616186160569905691","potions_obtained":[{"floor":5.0,"key":"Dexterity Potion"},{"floor":6.0,"key":"EssenceOfSteel"},{"floor":17.0,"key":"PowerPotion"}],"is_trial":false,"path_per_floor":["M","$","?","M","M","E","R","$","T","M","R","?","R","?","R","B",null,"M","M","M","$","?","R","E","?","T","M","$","E","M","M","R","B",null,"M","M","M","M","$","R","$","M","T","M","R","?","E","?","R","B",null,"R","$","E","B",null],"character_chosen":"DEFECT","items_purchased":["Peace Pipe","Sunder","Membership Card","DataDisk","Defragment","Apotheosis","Mummified Hand","Defragment","Heatsinks","Regen Potion","PowerPotion","OrangePellets"],"campfire_rested":1,"item_purchase_floors":[2,2,8,8,8,21,21,28,39,41,53,53],"current_hp_per_floor":[54,54,54,54,54,37,37,37,37,29,29,29,29,22,44,39,80,76,77,80,80,80,80,78,78,78,80,80,68,78,80,80,75,80,80,68,77,80,80,80,80,80,80,80,80,80,80,80,80,80,80,80,80,51,69],"gold":91,"neow_bonus":"TWO_FIFTY_GOLD","is_daily":false,"chose_seed":false,"campfire_upgraded":3,"win_rate":0.0,"timestamp":1610488366,"path_taken":["M","$","?","M","M","E","R","$","T","M","R","?","R","?","R","BOSS","M","?","M","$","?","R","E","?","T","M","$","E","M","M","R","BOSS","M","M","M","M","$","R","$","M","T","M","R","?","E","?","R","BOSS","R","$","E","BOSS"],"items_purchased_type":["Relic","Card","Relic","Relic","Card","Card","Relic","Card","Card","Potion","Potion","Relic"],"build_version":"2020-12-22","purchased_purges":3,"victory":true,"max_hp_per_floor":[75,75,75,75,75,75,75,75,75,75,75,75,75,75,75,75,80,80,80,80,80,80,80,80,80,80,80,80,80,80,80,80,80,80,80,80,80,80,80,80,80,80,80,80,80,80,80,80,80,80,80,80,80,80,80],"relic_stats":{"Peace Pipe":6,"OrangePellets":[4],"Torii":18,"counters":[25,142],"Mummified Hand":[156],"Gambling Chip":[41],"Prayer Wheel":9,"Whetstone":["Thunder Strike","Ball Lightning"],"War Paint":["Dualcast","Chill"],"obtain_stats":[{"Girya":9,"Tiny House":17,"Torii":26,"Whetstone":47,"War Paint":29,"Empty Cage":34,"Peace Pipe":2,"OrangePellets":53,"DataDisk":8,"Anchor":24,"Mummified Hand":21,"Gambling Chip":6,"Prayer Wheel":22,"Membership Card":8,"Cracked Core":0,"FossilizedHelix":54},{"Girya":4,"Tiny House":6,"Torii":10,"Whetstone":22,"War Paint":12,"Empty Cage":15,"Peace Pipe":1,"OrangePellets":23,"DataDisk":4,"Anchor":10,"Mummified Hand":9,"Gambling Chip":4,"Prayer Wheel":9,"Membership Card":4,"Cracked Core":0,"FossilizedHelix":24},{"Girya":20,"Tiny House":36,"Torii":63,"Whetstone":121,"War Paint":74,"Empty Cage":91,"Peace Pipe":3,"OrangePellets":130,"DataDisk":20,"Anchor":63,"Mummified Hand":55,"Gambling Chip":20,"Prayer Wheel":55,"Membership Card":20,"Cracked Core":0,"FossilizedHelix":135}]},"card_choices":[{"not_picked":["Compile Driver","Steam"],"picked":"Cold Snap","floor":1.0},{"not_picked":["Leap","Consume","Stack"],"picked":"SKIP","floor":4.0},{"not_picked":["Beam Cell","Chaos","Rip and Tear"],"picked":"SKIP","floor":5.0},{"not_picked":["Double Energy","White Noise"],"picked":"FTL","floor":6.0},{"not_picked":["Leap","Reinforced Body"],"picked":"Cold Snap","floor":10.0},{"not_picked":["Rebound","Compile Driver"],"picked":"Chill","floor":17.0},{"not_picked":["Rebound+1","Compile Driver"],"picked":"Self Repair","floor":18.0},{"not_picked":["Stack","Rebound+1"],"picked":"Capacitor","floor":19.0},{"not_picked":["Fusion","Redo+1","Compile Driver"],"picked":"SKIP","floor":20.0},{"not_picked":["Biased Cognition","Leap","Barrage"],"picked":"SKIP","floor":24.0},{"not_picked":["White Noise","Stack"],"picked":"Loop","floor":27.0},{"not_picked":["Sweeping Beam+1","Leap"],"picked":"Ball Lightning","floor":27.0},{"not_picked":["Ball Lightning","Creative AI"],"picked":"Coolheaded+1","floor":29.0},{"not_picked":["Compile Driver","FTL"],"picked":"Loop","floor":30.0},{"not_picked":["Turbo+1","Cold Snap","Stack"],"picked":"SKIP","floor":30.0},{"not_picked":["Static Discharge","Conserve Battery+1"],"picked":"Echo Form","floor":31.0},{"not_picked":["Coolheaded","Streamline+1","Static Discharge+1"],"picked":"SKIP","floor":31.0},{"not_picked":["Go for the Eyes+1","Static Discharge+1"],"picked":"Defragment+1","floor":35.0},{"not_picked":["Aggregate","Compile Driver","Streamline"],"picked":"SKIP","floor":35.0},{"not_picked":["Sunder","Stack+1"],"picked":"Skim+1","floor":36.0},{"not_picked":["Gash+1","Stack+1","Turbo"],"picked":"SKIP","floor":36.0},{"not_picked":["Barrage+1","Ball Lightning+1"],"picked":"Go for the Eyes+1","floor":37.0},{"not_picked":["Self Repair","Hologram+1","Sweeping Beam"],"picked":"SKIP","floor":37.0},{"not_picked":["Static Discharge+1","Machine Learning","Darkness+1"],"picked":"SKIP","floor":38.0},{"not_picked":["Melter","Go for the Eyes+1","Gash"],"picked":"SKIP","floor":38.0},{"not_picked":["Turbo+1","Rebound+1"],"picked":"Glacier","floor":42.0},{"not_picked":["Auto Shields+1","Conserve Battery+1"],"picked":"Capacitor+1","floor":42.0},{"not_picked":["White Noise+1","Steam+1"],"picked":"Thunder Strike","floor":44.0},{"not_picked":["Static Discharge+1","Cold Snap","Go for the Eyes"],"picked":"SKIP","floor":44.0},{"not_picked":["Barrage","Beam Cell+1","Cold Snap"],"picked":"SKIP","floor":47.0},{"not_picked":["Rainbow","Streamline+1"],"picked":"Hologram+1","floor":54}],"player_experience":321997,"relics_obtained":[{"floor":6.0,"key":"Gambling Chip"},{"floor":9.0,"key":"Girya"},{"floor":24.0,"key":"Anchor"},{"floor":26.0,"key":"Torii"},{"floor":29.0,"key":"War Paint"},{"floor":47.0,"key":"Whetstone"},{"floor":54,"key":"FossilizedHelix"}],"event_choices":[{"damage_healed":0.0,"max_hp_gain":0.0,"max_hp_loss":0.0,"gold_gain":175.0,"event_name":"Liars Game","player_choice":"AGREE","floor":3.0,"gold_loss":0.0,"damage_taken":0.0,"cards_obtained":["Doubt"]},{"cards_removed":["Strike_B"],"damage_healed":0.0,"max_hp_gain":0.0,"max_hp_loss":0.0,"gold_gain":0.0,"event_name":"The Cleric","player_choice":"Card Removal","floor":12.0,"gold_loss":50.0,"damage_taken":0.0},{"damage_healed":0.0,"max_hp_gain":0.0,"max_hp_loss":0.0,"gold_gain":75.0,"event_name":"FaceTrader","player_choice":"Touch","floor":14.0,"gold_loss":0.0,"damage_taken":7.0},{"damage_healed":0.0,"max_hp_gain":0.0,"max_hp_loss":0.0,"gold_gain":0.0,"event_name":"The Mausoleum","player_choice":"Opened","floor":22.0,"gold_loss":0.0,"damage_taken":0.0,"relics_obtained":["Prayer Wheel"]},{"damage_healed":0.0,"max_hp_gain":0.0,"max_hp_loss":0.0,"gold_gain":0.0,"event_name":"Ghosts","player_choice":"Ignored","floor":25.0,"gold_loss":0.0,"damage_taken":0.0},{"damage_healed":0.0,"max_hp_gain":0.0,"max_hp_loss":0.0,"gold_gain":0.0,"event_name":"Tomb of Lord Red Mask","player_choice":"Ignored","floor":46.0,"gold_loss":0.0,"damage_taken":0.0},{"cards_removed":["FTL"],"damage_healed":0,"gold_gain":0,"player_choice":"Removed Attack","damage_taken":0,"max_hp_gain":0,"max_hp_loss":0,"event_name":"Falling","floor":48,"gold_loss":0}],"is_beta":false,"boss_relics":[{"not_picked":["Runic Dome","Calling Bell"],"picked":"Tiny House"},{"not_picked":["Pandora\u0027s Box","Black Star"],"picked":"Empty Cage"}],"items_purged_floors":[21,39,41],"is_endless":false,"potions_floor_spawned":[5,6,18,27,29,31,36,38,42,44,54],"ascension_level":0}}