{"host":"pf47v7h0307523iy","time":1610486984,"event":{"mods":["BaseMod","Minty Spire (QoL Compilation)"],"gold_per_floor":[113,113,126,49,49,74,93,93,93,109,134,150,150,169,169,243,243,254,266,280,280,299,299,327,73,73,73,100,100,128,148,148,220,220,230,245,245,262,87,114,142,185,209,244,262,292,292,317,317,317,317,317,317,18,50,50,50],"floor_reached":56,"language":"ENG","playtime":6104,"items_purged":["Strike_G"],"score":2470,"play_id":"756b2262-b88c-4634-a2e2-dad37414bbc6","local_time":"20210112232944","is_ascension_mode":true,"campfire_choices":[{"data":"Neutralize","floor":8,"key":"SMITH"},{"data":"Predator","floor":15,"key":"SMITH"},{"floor":23,"key":"REST"},{"data":"Storm of Steel","floor":27,"key":"SMITH"},{"data":"Quick Slash","floor":29,"key":"SMITH"},{"data":"Blade Dance","floor":32,"key":"SMITH"},{"floor":47,"key":"RECALL"},{"data":"Madness","floor":49,"key":"SMITH"},{"data":"Madness","floor":53,"key":"SMITH"}],"circlet_count":0,"master_deck":["AscendersBane","Strike_G","Strike_G","Strike_G","Strike_G","Defend_G","Defend_G","Defend_G","Defend_G","Defend_G","Survivor","Neutralize+1","Quick Slash+1","PiercingWail","Predator+1","Distraction+1","Calculated Gamble","Storm of Steel+1","Endless Agony","Discovery","Blade Dance+1","Master of Strategy","PiercingWail","PiercingWail","Madness+1","Madness+1","Secret Technique"],"relics":["Ring of the Snake","NeowsBlessing","FaceOfCleric","Dead Branch","Potion Belt","Pear","Paper Crane","Busted Crown","FossilizedHelix","Calipers","HornCleat","Orichalcum","Coffee Dripper","CeramicFish","Mummified Hand","Centennial Puzzle","Ginger","Incense Burner","Turnip","Letter Opener"],"acts_visited":["Exordium","TheCity","TheBeyond","TheEnding"],"potions_floor_usage":[11,11,16,24,28,36,42,51,51,56,56,56,56],"damage_taken":[{"damage":0,"enemies":"2 Louse","floor":1,"turns":1},{"damage":0,"enemies":"Cultist","floor":3,"turns":1},{"damage":0,"enemies":"Lagavulin","floor":6,"turns":1},{"damage":0,"enemies":"Small Slimes","floor":7,"turns":4},{"damage":9,"enemies":"Exordium Wildlife","floor":10,"turns":4},{"damage":11,"enemies":"3 Sentries","floor":11,"turns":6},{"damage":1,"enemies":"Looter","floor":12,"turns":3},{"damage":0,"enemies":"Lots of Slimes","floor":14,"turns":5},{"damage":33,"enemies":"Hexaghost","floor":16,"turns":9},{"damage":0,"enemies":"3 Byrds","floor":18,"turns":2},{"damage":0,"enemies":"Chosen","floor":19,"turns":2},{"damage":2,"enemies":"Snake Plant","floor":20,"turns":3},{"damage":7,"enemies":"Centurion and Healer","floor":22,"turns":7},{"damage":8,"enemies":"Gremlin Leader","floor":24,"turns":4},{"damage":7,"enemies":"Slavers","floor":28,"turns":5},{"damage":0,"enemies":"Gremlin Leader","floor":30,"turns":5},{"damage":0,"enemies":"Sentry and Sphere","floor":31,"turns":2},{"damage":10,"enemies":"Collector","floor":33,"turns":8},{"damage":0,"enemies":"Orb Walker","floor":35,"turns":1},{"damage":0,"enemies":"3 Darklings","floor":36,"turns":3},{"damage":0,"enemies":"Transient","floor":38,"turns":6},{"damage":0,"enemies":"Reptomancer","floor":40,"turns":2},{"damage":0,"enemies":"4 Shapes","floor":41,"turns":2},{"damage":0,"enemies":"Nemesis","floor":42,"turns":7},{"damage":0,"enemies":"Giant Head","floor":44,"turns":3},{"damage":0,"enemies":"Reptomancer","floor":46,"turns":2},{"damage":0,"enemies":"Mind Bloom Boss Battle","floor":48,"turns":3},{"damage":26,"enemies":"Awakened One","floor":50,"turns":12},{"damage":14,"enemies":"Donu and Deca","floor":51,"turns":8},{"damage":4,"enemies":"Shield and Spear","floor":55,"turns":4},{"damage":93,"enemies":"The Heart","floor":56,"turns":6}],"seed_played":"-3511797379986268973","potions_obtained":[{"floor":6,"key":"PowerPotion"},{"floor":10,"key":"Weak Potion"},{"floor":11,"key":"GhostInAJar"},{"floor":14,"key":"Fire Potion"},{"floor":22,"key":"Explosive Potion"},{"floor":28,"key":"Strength Potion"},{"floor":30,"key":"DistilledChaos"},{"floor":33,"key":"DuplicationPotion"},{"floor":35,"key":"AttackPotion"},{"floor":40,"key":"SpeedPotion"},{"floor":44,"key":"SkillPotion"}],"is_trial":false,"path_per_floor":["M","?","M","$","?","E","M","R","T","M","E","M","?","M","R","B",null,"M","M","M","?","M","R","E","$","T","R","E","R","E","M","R","B",null,"M","M","?","M","$","E","M","E","T","E","?","E","R","?","R","B","B",null,"R","$","E","B"],"character_chosen":"THE_SILENT","items_purchased":["Leg Sweep","Endless Agony","Discovery","Master of Strategy","Secret Technique","PowerPotion","FearPotion"],"campfire_rested":1,"item_purchase_floors":[4,25,25,39,54,54,54],"current_hp_per_floor":[59,59,60,60,60,61,62,62,72,64,54,54,54,55,55,23,69,70,71,70,45,39,66,59,59,59,59,53,53,54,55,55,46,85,86,87,87,88,88,89,90,91,91,92,73,74,74,75,75,50,37,91,91,91,88,0,0],"gold":50,"neow_bonus":"THREE_ENEMY_KILL","is_daily":false,"chose_seed":false,"campfire_upgraded":7,"win_rate":0.0,"timestamp":1610486984,"path_taken":["M","?","?","$","?","E","?","R","T","M","E","M","?","?","R","BOSS","M","M","M","?","M","R","E","$","T","R","E","R","E","M","R","BOSS","M","M","?","?","$","E","M","E","T","E","?","E","R","?","R","BOSS","BOSS","R","$","E","BOSS"],"items_purchased_type":["Card","Card","Card","Card","Card","Potion","Potion"],"build_version":"2020-12-22","purchased_purges":1,"victory":false,"max_hp_per_floor":[66,66,67,67,67,68,69,69,79,80,81,82,82,83,83,84,84,85,86,87,92,93,93,94,94,94,94,95,95,96,97,97,98,98,99,100,100,101,101,102,103,104,104,105,105,106,106,107,107,108,109,109,109,109,110,110,110],"card_choices":[{"not_picked":["Deflect","Prepared","Acrobatics"],"picked":"SKIP","floor":1},{"not_picked":["Cloak And Dagger","Concentrate"],"picked":"Quick Slash","floor":3},{"not_picked":["Choke","Distraction"],"picked":"PiercingWail","floor":6},{"not_picked":["Expertise","Slice","Flechettes"],"picked":"SKIP","floor":7},{"not_picked":["Expertise","Slice","Flechettes"],"picked":"SKIP","floor":7},{"not_picked":["Deadly Poison","Acrobatics"],"picked":"Predator","floor":10},{"not_picked":["Bouncing Flask","Envenom"],"picked":"Distraction","floor":11},{"not_picked":["Prepared","Flechettes","Quick Slash"],"picked":"SKIP","floor":12},{"not_picked":["Backflip","Accuracy"],"picked":"Calculated Gamble","floor":14},{"not_picked":["Glass Knife","Tools of the Trade"],"picked":"Storm of Steel","floor":16},{"not_picked":["Outmaneuver"],"picked":"SKIP","floor":18},{"not_picked":["Accuracy"],"picked":"SKIP","floor":19},{"not_picked":["Skewer"],"picked":"SKIP","floor":20},{"not_picked":["Underhanded Strike"],"picked":"SKIP","floor":22},{"not_picked":["Backflip"],"picked":"SKIP","floor":24},{"not_picked":["Outmaneuver"],"picked":"SKIP","floor":28},{"not_picked":["Setup"],"picked":"SKIP","floor":30},{"not_picked":[],"picked":"Blade Dance","floor":31},{"not_picked":["Outmaneuver"],"picked":"SKIP","floor":35},{"not_picked":["Expertise"],"picked":"SKIP","floor":36},{"not_picked":["Expertise"],"picked":"SKIP","floor":36},{"not_picked":["Choke"],"picked":"SKIP","floor":38},{"not_picked":["Quick Slash"],"picked":"SKIP","floor":40},{"not_picked":[],"picked":"PiercingWail","floor":41},{"not_picked":[],"picked":"PiercingWail","floor":42},{"not_picked":["Reflex"],"picked":"SKIP","floor":44},{"not_picked":["Setup+1"],"picked":"SKIP","floor":46},{"not_picked":["Sucker Punch"],"picked":"SKIP","floor":55}],"player_experience":1622938,"relics_obtained":[{"floor":6,"key":"Potion Belt"},{"floor":9,"key":"Pear"},{"floor":11,"key":"Paper Crane"},{"floor":24,"key":"FossilizedHelix"},{"floor":26,"key":"Calipers"},{"floor":28,"key":"HornCleat"},{"floor":30,"key":"Orichalcum"},{"floor":37,"key":"CeramicFish"},{"floor":40,"key":"Mummified Hand"},{"floor":42,"key":"Centennial Puzzle"},{"floor":44,"key":"Ginger"},{"floor":46,"key":"Incense Burner"},{"floor":48,"key":"Turnip"},{"floor":55,"key":"Letter Opener"}],"event_choices":[{"damage_healed":0,"gold_gain":0,"player_choice":"Trade","damage_taken":0,"relics_obtained":["FaceOfCleric"],"max_hp_gain":0,"max_hp_loss":0,"event_name":"FaceTrader","floor":2,"gold_loss":0},{"cards_removed":["Leg Sweep"],"damage_healed":0,"gold_gain":0,"player_choice":"Gave Card","damage_taken":0,"relics_obtained":["Dead Branch"],"max_hp_gain":0,"max_hp_loss":0,"event_name":"WeMeetAgain","floor":5,"gold_loss":0},{"damage_healed":0,"gold_gain":0,"player_choice":"Upgraded","damage_taken":0,"max_hp_gain":0,"max_hp_loss":0,"event_name":"Upgrade Shrine","floor":13,"gold_loss":0,"cards_upgraded":["Distraction"]},{"damage_healed":0,"gold_gain":0,"player_choice":"Shed Blood","damage_taken":30,"max_hp_gain":5,"max_hp_loss":0,"event_name":"Forgotten Altar","floor":21,"gold_loss":0},{"damage_healed":0,"gold_gain":0,"player_choice":"Relic","damage_taken":0,"max_hp_gain":0,"max_hp_loss":0,"event_name":"Wheel of Change","floor":37,"gold_loss":0},{"damage_healed":0,"gold_gain":0,"player_choice":"Embrace Madness","damage_taken":19,"max_hp_gain":0,"max_hp_loss":0,"event_name":"Winding Halls","floor":45,"gold_loss":0,"cards_obtained":["Madness","Madness"]},{"damage_healed":0,"gold_gain":0,"player_choice":"Fight","damage_taken":0,"max_hp_gain":0,"max_hp_loss":0,"event_name":"MindBloom","floor":48,"gold_loss":0}],"is_beta":false,"boss_relics":[{"not_picked":["Ring of the Serpent","Black Star"],"picked":"Busted Crown"},{"not_picked":["SlaversCollar","SacredBark"],"picked":"Coffee Dripper"}],"items_purged_floors":[25],"is_endless":false,"potions_floor_spawned":[6,10,11,14,22,28,30,33,35,40,44,46],"killed_by":"The Heart","ascension_level":20}}