{"host":"t9zjxed0utvsfjwc","time":1610446322,"event":{"mods":["2.2 Compatiblity","Aspiration","BaseMod","Block Reminder","Colored Map","Colored Powertips","Highlight Path","Hubris","Infinite Spire","Minty Spire (QoL Compilation)","Quick Restart","Replay The Spire","StSLib","The Marked","Unceasing Turn Reminder","everything is the same but u backflip on backflip"],"gold_per_floor":[115,65,85,85,99,132,132,165,192,111,126,126,126,161,161,263,263,282,282,382,399,399,399],"floor_reached":22,"playtime":1063,"items_purged":[],"score":192,"play_id":"1da27f66-349f-42e7-87fe-83b8a1ca9ae0","local_time":"20210112101202","is_ascension_mode":false,"campfire_choices":[{"data":"theMarked:SoldierOfQuellstein","floor":7,"key":"SMITH"},{"data":"theMarked:EmpowerWeapon","floor":13,"key":"SMITH"},{"floor":15,"key":"REST"}],"circlet_count":0,"master_deck":["theMarked:Strike","theMarked:Strike","theMarked:Strike","theMarked:Strike","theMarked:Defend","theMarked:SoldierOfQuellstein+1","theMarked:SwordAndMagic","theMarked:EmpowerWeapon+1","theMarked:Overcharge","theMarked:Overcharge","theMarked:SoldierForm","Writhe","Injury","Amnesia","theMarked:SelfDefenseTraining","theMarked:Seal"],"relics":["theMarked:SpiritSword","Boot","Replay:Ancient Bell","ReplayTheSpireMod:TigerMarble","hubris:Metronome","infinitespire:Lychee Nut"],"acts_visited":["Exordium","TheCity"],"potions_floor_usage":[3,6,6,10,14,14,16,21],"damage_taken":[{"damage":2,"enemies":"Small Slimes","floor":1,"turns":3},{"damage":0,"enemies":"2 Louse","floor":3,"turns":2},{"damage":1,"enemies":"Cultist","floor":5,"turns":3},{"damage":5,"enemies":"Lagavulin","floor":6,"turns":6},{"damage":0,"enemies":"2 Fungi Beasts","floor":11,"turns":2},{"damage":7,"enemies":"Gremlin Nob","floor":14,"turns":3},{"damage":54,"enemies":"Hexaghost","floor":16,"turns":6},{"damage":32,"enemies":"2 Thieves","floor":18,"turns":4},{"damage":19,"enemies":"3 Byrds","floor":21,"turns":5},{"damage":21,"enemies":"Snake Plant","floor":22,"turns":1}],"seed_played":"-5534865085967039296","potions_obtained":[{"floor":1,"key":"DistilledChaos"},{"floor":3,"key":"Weak Potion"},{"floor":5,"key":"BlessingOfTheForge"},{"floor":8,"key":"Fruit Juice"},{"floor":8,"key":"LifebloodPotion"},{"floor":8,"key":"ColorlessPotion"},{"floor":14,"key":"Regen Potion"},{"floor":18,"key":"Swift Potion"}],"is_trial":false,"path_per_floor":["M","?","M","?","M","E","R","?","T","$","M","?","R","E","R","B",null,"M","?","?","M","M"],"character_chosen":"THE_DEFAULT","items_purchased":["theMarked:Overcharge"],"campfire_rested":1,"item_purchase_floors":[10],"current_hp_per_floor":[68,68,68,68,67,62,62,45,45,50,50,50,50,43,65,23,56,27,27,27,14,0,0],"gold":399,"neow_bonus":"BOSS_RELIC","is_daily":false,"chose_seed":false,"campfire_upgraded":2,"win_rate":0.0,"timestamp":1610446322,"path_taken":["M","?","M","?","?","E","R","?","T","$","M","?","R","E","R","BOSS","M","?","?","?","M"],"items_purchased_type":["Card"],"build_version":"2020-12-22","purchased_purges":0,"victory":false,"max_hp_per_floor":[70,70,70,70,70,70,70,70,70,75,75,75,75,75,75,75,56,56,56,56,56,56,56],"card_choices":[{"not_picked":["theMarked:DeterminationOfTheMarked","theMarked:HeightenedSenses","theMarked:Parkour"],"picked":"SKIP","floor":1},{"not_picked":["theMarked:ShockingTouch","theMarked:WastefulDefense","theMarked:TakeCover"],"picked":"SKIP","floor":3},{"not_picked":["theMarked:ReduceFriction","theMarked:LightningStrikesTwice"],"picked":"theMarked:SwordAndMagic","floor":5},{"not_picked":["theMarked:PowerFlow","theMarked:Overcharge"],"picked":"theMarked:EmpowerWeapon","floor":6},{"not_picked":["theMarked:Challenge","theMarked:Frustration"],"picked":"theMarked:Overcharge","floor":8},{"not_picked":["theMarked:ShockingTouch","theMarked:WardOff","theMarked:BanishingStrike"],"picked":"SKIP","floor":11},{"not_picked":["theMarked:WastefulAttack","theMarked:Aftermath","theMarked:ChainLightning"],"picked":"SKIP","floor":14},{"not_picked":["theMarked:Vacuum","theMarked:TurnInvisible"],"picked":"theMarked:SoldierForm","floor":16},{"not_picked":["Replay:Hysterical Blindness","hubris:Wrath"],"picked":"Writhe","floor":17},{"not_picked":["hubris:Compulsion","hubris:Lust"],"picked":"Injury","floor":17},{"not_picked":["Replay:Hysterical Blindness","Decay"],"picked":"Amnesia","floor":17},{"not_picked":["theMarked:KeepCalmAndFightOn","theMarked:MaelstromOfLightning","theMarked:ReduceFriction"],"picked":"SKIP","floor":18},{"not_picked":["theMarked:Polarize","theMarked:Indomitable","theMarked:Overcharge"],"picked":"SKIP","floor":21}],"player_experience":256743,"relics_obtained":[{"floor":14,"key":"Boot"}],"event_choices":[{"cards_removed":["theMarked:Defend"],"damage_healed":0,"gold_gain":0,"player_choice":"Card Removal","damage_taken":0,"max_hp_gain":0,"max_hp_loss":0,"event_name":"The Cleric","floor":2,"gold_loss":50},{"cards_removed":["theMarked:Strike"],"damage_healed":0,"gold_gain":0,"player_choice":"Offered Basic","damage_taken":0,"max_hp_gain":0,"max_hp_loss":0,"event_name":"Bonfire Elementals","floor":4,"gold_loss":0},{"damage_healed":0,"gold_gain":0,"cards_transformed":["theMarked:Defend","theMarked:Defend"],"player_choice":"Became Test Subject","damage_taken":0,"max_hp_gain":0,"max_hp_loss":0,"event_name":"Drug Dealer","floor":19,"gold_loss":0,"cards_obtained":["theMarked:SelfDefenseTraining","theMarked:Seal"]},{"damage_healed":0,"gold_gain":100,"player_choice":"Pray","damage_taken":0,"max_hp_gain":0,"max_hp_loss":0,"event_name":"Golden Shrine","floor":20,"gold_loss":0}],"is_beta":false,"boss_relics":[{"not_picked":["Runic Pyramid","hubris:VirtuousBlindfold"],"picked":"Replay:Ancient Bell"},{"not_picked":["Happy Flower","hubris:ToyBattleship"],"picked":"ReplayTheSpireMod:TigerMarble"},{"not_picked":["hubris:MysteriousPyramids","Sundial"],"picked":"hubris:Metronome"},{"not_picked":["Lizard Tail","Du-Vu Doll"],"picked":"infinitespire:Lychee Nut"}],"items_purged_floors":[],"is_endless":false,"potions_floor_spawned":[1,3,5,14,18],"killed_by":"Snake Plant","ascension_level":0}}