{"host":"tzyzz5n7hg2ni9q2","time":1610456688,"event":{"mods":["BaseMod","Minty Spire (QoL Compilation)","Quick Restart"],"gold_per_floor":[119,294,244,244,256,285,10,10,10,25,25,58,69,100,100,204,204,215,215,226,242,253,282,297,297,324,187,205,145,174,187,187,187,187],"floor_reached":33,"playtime":1120,"items_purged":["Strike_G"],"score":432,"play_id":"c2d9c68f-3927-4af2-a4f5-5e7fa49b6efd","local_time":"20210112140448","is_ascension_mode":true,"campfire_choices":[{"data":"Backstab","floor":8.0,"key":"SMITH"},{"data":"Dagger Spray","floor":11.0,"key":"SMITH"},{"data":"Noxious Fumes","floor":15.0,"key":"SMITH"},{"floor":25.0,"key":"REST"},{"floor":32.0,"key":"REST"}],"circlet_count":0,"master_deck":["Strike_G","Strike_G","Strike_G","Strike_G","Defend_G","Defend_G","Defend_G","Defend_G","Defend_G","Survivor","Neutralize+1","Poisoned Stab","Backstab+1","Dagger Spray+1","Leg Sweep","Catalyst","Noxious Fumes+1","Adrenaline","Quick Slash+1","Necronomicurse","Escape Plan+1","Backflip","Escape Plan+1"],"relics":["Ring of the Snake","NeowsBlessing","Snake Skull","Mummified Hand","Boot","Bottled Tornado","Fusion Hammer","Necronomicon","The Courier","Akabeko","MealTicket","Strawberry"],"acts_visited":["Exordium","TheCity"],"potions_floor_usage":[33],"damage_taken":[{"damage":0.0,"enemies":"Jaw Worm","floor":1.0,"turns":1.0},{"damage":0.0,"enemies":"Small Slimes","floor":5.0,"turns":1.0},{"damage":0.0,"enemies":"Gremlin Nob","floor":6.0,"turns":1.0},{"damage":0.0,"enemies":"2 Louse","floor":10.0,"turns":2.0},{"damage":14.0,"enemies":"Lagavulin","floor":12.0,"turns":5.0},{"damage":5.0,"enemies":"Large Slime","floor":13.0,"turns":5.0},{"damage":12.0,"enemies":"Gremlin Nob","floor":14.0,"turns":4.0},{"damage":11.0,"enemies":"Slime Boss","floor":16.0,"turns":7.0},{"damage":0.0,"enemies":"Shell Parasite","floor":18.0,"turns":3.0},{"damage":1.0,"enemies":"3 Byrds","floor":20.0,"turns":3.0},{"damage":2.0,"enemies":"Snecko","floor":21.0,"turns":5.0},{"damage":0.0,"enemies":"Centurion and Healer","floor":22.0,"turns":5.0},{"damage":16.0,"enemies":"Book of Stabbing","floor":23.0,"turns":6.0},{"damage":7.0,"enemies":"Snake Plant","floor":24.0,"turns":3.0},{"damage":7.0,"enemies":"Sentry and Sphere","floor":28.0,"turns":5.0},{"damage":23.0,"enemies":"Gremlin Leader","floor":30.0,"turns":6.0},{"damage":0.0,"enemies":"Chosen and Byrds","floor":31.0,"turns":3.0},{"damage":43,"enemies":"Champ","floor":33,"turns":10}],"seed_played":"271927834516199601","potions_obtained":[{"floor":5.0,"key":"EssenceOfSteel"},{"floor":10.0,"key":"BlessingOfTheForge"},{"floor":12.0,"key":"PowerPotion"},{"floor":14.0,"key":"SneckoOil"},{"floor":18.0,"key":"Fire Potion"},{"floor":23.0,"key":"Dexterity Potion"},{"floor":28.0,"key":"Fire Potion"},{"floor":31.0,"key":"SpeedPotion"}],"is_trial":false,"path_per_floor":["M","?","?","?","M","E","$","R","T","M","R","E","M","E","R","B",null,"M","?","M","M","M","E","M","R","T","$","M","$","E","M","R","B"],"character_chosen":"THE_SILENT","items_purchased":["Mummified Hand","Leg Sweep","MealTicket","Backflip"],"campfire_rested":2,"item_purchase_floors":[7,7,27,27],"current_hp_per_floor":[63,63,63,63,63,63,63,63,63,63,63,49,44,32,32,21,58,58,42,41,39,39,23,16,37,37,37,30,45,29,29,52,9,9],"gold":187,"neow_bonus":"THREE_ENEMY_KILL","is_daily":false,"chose_seed":false,"campfire_upgraded":3,"win_rate":0.0,"timestamp":1610456688,"path_taken":["M","?","?","?","M","E","$","R","T","M","R","E","M","E","R","BOSS","M","?","M","M","M","E","M","R","T","$","M","$","E","M","R","BOSS"],"items_purchased_type":["Relic","Card","Relic","Card"],"build_version":"2020-12-22","purchased_purges":1,"victory":false,"max_hp_per_floor":[70,70,70,70,70,70,70,70,70,70,70,70,70,70,70,70,70,70,70,70,70,70,70,70,70,70,70,70,70,77,77,77,77,77],"card_choices":[{"not_picked":["Prepared","Underhanded Strike"],"picked":"Poisoned Stab","floor":1.0},{"not_picked":["Dagger Spray","Terror"],"picked":"Backstab","floor":5.0},{"not_picked":["Flechettes","Masterful Stab"],"picked":"Dagger Spray","floor":6.0},{"not_picked":["Cloak And Dagger","Deadly Poison","Expertise"],"picked":"SKIP","floor":10.0},{"not_picked":["Acrobatics","Cloak And Dagger"],"picked":"Catalyst","floor":12.0},{"not_picked":["Prepared","Acrobatics"],"picked":"Noxious Fumes","floor":13.0},{"not_picked":["Sucker Punch","Bane","Caltrops"],"picked":"SKIP","floor":14.0},{"not_picked":["Doppelganger","Malaise"],"picked":"Adrenaline","floor":16.0},{"not_picked":["Deadly Poison+1","Flying Knee"],"picked":"Quick Slash+1","floor":18.0},{"not_picked":["Flying Knee","Dagger Spray","Acrobatics"],"picked":"SKIP","floor":20.0},{"not_picked":["Sucker Punch","PiercingWail","Blade Dance"],"picked":"SKIP","floor":21.0},{"not_picked":["Eviscerate","Poisoned Stab"],"picked":"Escape Plan+1","floor":22.0},{"not_picked":["Crippling Poison+1","Poisoned Stab","Tactician"],"picked":"SKIP","floor":23.0},{"not_picked":["Blade Dance","Outmaneuver+1","Cloak And Dagger"],"picked":"SKIP","floor":24.0},{"not_picked":["Backflip","Prepared"],"picked":"Escape Plan+1","floor":28.0},{"not_picked":["Backflip","Reflex+1","Setup"],"picked":"SKIP","floor":30.0},{"not_picked":["Acrobatics","Well Laid Plans","PiercingWail"],"picked":"SKIP","floor":31.0}],"player_experience":275116,"relics_obtained":[{"floor":6.0,"key":"Snake Skull"},{"floor":12.0,"key":"Boot"},{"floor":14.0,"key":"Bottled Tornado"},{"floor":19.0,"key":"Necronomicon"},{"floor":23.0,"key":"The Courier"},{"floor":26.0,"key":"Akabeko"},{"floor":30.0,"key":"Strawberry"}],"event_choices":[{"damage_healed":0.0,"max_hp_gain":0.0,"max_hp_loss":0.0,"gold_gain":175.0,"event_name":"Liars Game","player_choice":"AGREE","floor":2.0,"gold_loss":0.0,"damage_taken":0.0,"cards_obtained":["Doubt"]},{"cards_removed":["Doubt"],"damage_healed":0.0,"max_hp_gain":0.0,"max_hp_loss":0.0,"gold_gain":0.0,"event_name":"The Cleric","player_choice":"Card Removal","floor":3.0,"gold_loss":50.0,"damage_taken":0.0},{"damage_healed":0.0,"max_hp_gain":0.0,"max_hp_loss":0.0,"gold_gain":0.0,"event_name":"Living Wall","player_choice":"Grow","floor":4.0,"gold_loss":0.0,"damage_taken":0.0,"cards_upgraded":["Neutralize"]},{"damage_healed":0.0,"max_hp_gain":0.0,"max_hp_loss":0.0,"gold_gain":0.0,"event_name":"Cursed Tome","player_choice":"Obtained Book","floor":19.0,"gold_loss":0.0,"damage_taken":16.0}],"is_beta":false,"boss_relics":[{"not_picked":["Philosopher\u0027s Stone","Ectoplasm"],"picked":"Fusion Hammer"}],"items_purged_floors":[29],"is_endless":false,"potions_floor_spawned":[5,10,12,14,18,23,28,31],"killed_by":"Champ","ascension_level":6}}