{"host":"fdzt26oh6i4vaxrk","time":1610476040,"event":{"mods":["BaseMod","Colored Map","Minty Spire (QoL Compilation)"],"gold_per_floor":[111,124,151,171,171,171,204,219,266,279,290,290,324,337,337,337,337],"floor_reached":16,"playtime":1079,"items_purged":[],"score":222,"play_id":"88d14867-eb60-4ba0-894a-23167501a7c8","local_time":"20210112192720","is_ascension_mode":true,"campfire_choices":[{"data":"Static Discharge","floor":6,"key":"SMITH"},{"floor":12,"key":"REST"},{"data":"1","floor":15,"key":"LIFT"}],"circlet_count":0,"master_deck":["AscendersBane","Strike_B","Strike_B","Strike_B","Defend_B+1","Defend_B","Defend_B+1","Defend_B","Zap","Dualcast","Leap","Static Discharge+1","Turbo","Rebound","Hello World","Hologram","Coolheaded","Go for the Eyes","Heatsinks"],"relics":["Cracked Core","War Paint","Girya","Anchor","Juzu Bracelet"],"acts_visited":["Exordium"],"potions_floor_usage":[7,13],"damage_taken":[{"damage":2,"enemies":"Cultist","floor":1,"turns":4},{"damage":0,"enemies":"Jaw Worm","floor":2,"turns":4},{"damage":1,"enemies":"Small Slimes","floor":4,"turns":3},{"damage":51,"enemies":"Gremlin Nob","floor":7,"turns":4},{"damage":0,"enemies":"Exordium Wildlife","floor":8,"turns":3},{"damage":4,"enemies":"3 Louse","floor":10,"turns":5},{"damage":0,"enemies":"2 Fungi Beasts","floor":11,"turns":4},{"damage":12,"enemies":"Lagavulin","floor":13,"turns":6},{"damage":11,"enemies":"Lots of Slimes","floor":14,"turns":3},{"damage":31,"enemies":"Hexaghost","floor":16,"turns":9}],"seed_played":"-6506984541008453689","potions_obtained":[{"floor":2,"key":"BlessingOfTheForge"},{"floor":4,"key":"FairyPotion"},{"floor":7,"key":"Fire Potion"}],"is_trial":false,"path_per_floor":["M","M","T","M","?","R","E","M","T","M","M","R","E","M","R","B"],"character_chosen":"DEFECT","items_purchased":[],"campfire_rested":1,"item_purchase_floors":[],"current_hp_per_floor":[69,69,69,68,61,61,10,10,10,6,6,29,17,6,6,0,0],"gold":337,"neow_bonus":"TEN_PERCENT_HP_BONUS","is_daily":false,"chose_seed":false,"campfire_upgraded":1,"win_rate":0.0,"timestamp":1610476040,"path_taken":["M","M","?","M","?","R","E","M","T","M","M","R","E","M","R","BOSS"],"items_purchased_type":[],"build_version":"2020-12-22","purchased_purges":0,"victory":false,"max_hp_per_floor":[78,78,78,78,78,78,78,78,78,78,78,78,78,78,78,78,78],"card_choices":[{"not_picked":["FTL","Doom and Gloom"],"picked":"Leap","floor":1},{"not_picked":["Rip and Tear","Hologram"],"picked":"Static Discharge","floor":2},{"not_picked":["Cold Snap","Beam Cell"],"picked":"Turbo","floor":4},{"not_picked":["Rip and Tear","Turbo"],"picked":"Rebound","floor":7},{"not_picked":["Barrage","Redo"],"picked":"Hello World","floor":8},{"not_picked":["Tempest","Rip and Tear"],"picked":"Hologram","floor":10},{"not_picked":["Turbo","Gash"],"picked":"Coolheaded","floor":11},{"not_picked":["Steam","Hologram"],"picked":"Go for the Eyes","floor":13},{"not_picked":["Coolheaded","Static Discharge"],"picked":"Heatsinks","floor":14}],"player_experience":578316,"relics_obtained":[{"floor":3,"key":"War Paint"},{"floor":7,"key":"Girya"},{"floor":9,"key":"Anchor"},{"floor":13,"key":"Juzu Bracelet"}],"event_choices":[{"cards_removed":["Strike_B"],"damage_healed":0,"gold_gain":0,"player_choice":"Card Removal","damage_taken":7,"max_hp_gain":0,"max_hp_loss":0,"event_name":"Golden Wing","floor":5,"gold_loss":0}],"is_beta":false,"boss_relics":[],"items_purged_floors":[],"is_endless":false,"potions_floor_spawned":[2,4,7],"killed_by":"Hexaghost","ascension_level":19}}