{"host":"fxrgx7wt2cpkbhka","time":1610432189,"event":{"mods":["AchievementEnabler","BaseMod","Colored Powertips","Minty Spire (QoL Compilation)","Permanent Neow","Slay-I","StSLib","Waifu the Spire"],"gold_per_floor":[115,65,76,26,42,69,87,38,38,38,52,52,83,98,98,198,198,198,198],"floor_reached":18,"playtime":508,"items_purged":[],"score":275,"play_id":"b17161c8-9ee3-4c1e-b101-e57af0fd368a","local_time":"20210111221629","is_ascension_mode":true,"campfire_choices":[{"data":"Inflame","floor":10,"key":"SMITH"},{"floor":12,"key":"REST"},{"floor":15,"key":"REST"}],"circlet_count":0,"master_deck":["AscendersBane","Strike_R","Strike_R","Strike_R","Strike_R","Defend_R","Defend_R","Defend_R","Defend_R","Bash+1","Inflame+1","Clash","Flex","Inflame","Spot Weakness","Clash","Sword Boomerang","Inflame","Reaper","CurseOfTheBell"],"relics":["Burning Blood","Question Card","Pantograph","Calling Bell","Bag of Preparation","Sundial","Peace Pipe"],"acts_visited":["Exordium","TheCity"],"potions_floor_usage":[14],"damage_taken":[{"damage":0,"enemies":"2 Louse","floor":1,"turns":3},{"damage":12,"enemies":"Small Slimes","floor":3,"turns":4},{"damage":12,"enemies":"Jaw Worm","floor":5,"turns":2},{"damage":20,"enemies":"Lagavulin","floor":6,"turns":4},{"damage":20,"enemies":"Gremlin Gang","floor":7,"turns":4},{"damage":21,"enemies":"3 Louse","floor":11,"turns":5},{"damage":16,"enemies":"Gremlin Nob","floor":13,"turns":3},{"damage":10,"enemies":"Exordium Thugs","floor":14,"turns":4},{"damage":38,"enemies":"Slime Boss","floor":16,"turns":7},{"damage":99,"enemies":"3 Byrds","floor":18,"turns":5}],"seed_played":"-6605856334476221743","potions_obtained":[{"floor":1,"key":"Dexterity Potion"},{"floor":11,"key":"Block Potion"},{"floor":14,"key":"Regen Potion"}],"is_trial":false,"path_per_floor":["M","?","M","$","M","E","M","$","T","R","M","R","E","M","R","B",null,"M"],"character_chosen":"IRONCLAD","items_purchased":["Flex","Clash"],"campfire_rested":2,"item_purchase_floors":[4,8],"current_hp_per_floor":[78,78,72,72,66,52,38,38,38,38,23,47,37,33,57,48,72,0,0],"gold":198,"neow_bonus":"UPGRADE_CARD","is_daily":false,"chose_seed":false,"campfire_upgraded":1,"win_rate":0.0,"timestamp":1610432189,"path_taken":["M","?","M","$","M","E","M","$","T","R","M","R","E","M","R","BOSS","M"],"items_purchased_type":["Card","Card"],"build_version":"2020-12-22","purchased_purges":0,"victory":false,"max_hp_per_floor":[80,80,80,80,80,80,80,80,80,80,80,80,80,80,80,80,80,80,80],"card_choices":[{"not_picked":["Heavy Blade","Warcry"],"picked":"Inflame","floor":1},{"not_picked":["Clothesline","Iron Wave"],"picked":"Clash","floor":3},{"not_picked":["Fiend Fire","Anger","Shrug It Off"],"picked":"SKIP","floor":5},{"not_picked":["Dual Wield","Havoc"],"picked":"Inflame","floor":6},{"not_picked":["Wild Strike","Pommel Strike","Anger"],"picked":"Spot Weakness","floor":7},{"not_picked":["Thunderclap","Heavy Blade","Flex"],"picked":"Sword Boomerang","floor":11},{"not_picked":["Sword Boomerang","Cleave","Double Tap"],"picked":"Inflame","floor":13},{"not_picked":["Perfected Strike","Cleave","True Grit","Anger"],"picked":"SKIP","floor":14},{"not_picked":["Immolate","Feed","Berserk"],"picked":"Reaper","floor":16}],"player_experience":700789,"relics_obtained":[{"floor":6,"key":"Question Card"},{"floor":13,"key":"Pantograph"},{"floor":17,"key":"Bag of Preparation"},{"floor":17,"key":"Sundial"},{"floor":17,"key":"Peace Pipe"}],"event_choices":[{"cards_removed":["Strike_R"],"damage_healed":0,"gold_gain":0,"player_choice":"Card Removal","damage_taken":0,"max_hp_gain":0,"max_hp_loss":0,"event_name":"The Cleric","floor":2,"gold_loss":50}],"is_beta":false,"boss_relics":[{"not_picked":["Ectoplasm","Sozu"],"picked":"Calling Bell"}],"items_purged_floors":[],"is_endless":false,"potions_floor_spawned":[1,11,13,14],"killed_by":"3 Byrds","ascension_level":12}}