{"host":"coel31jtabpraq8l","time":1610443486,"event":{"mods":["BaseMod","Highlight Path","Minty Spire (QoL Compilation)","SuperFastMode"],"gold_per_floor":[113,132,57,57,74,74,74,74,74,74,85,16,16,16,16,115,115,125,25,25,44,60,60,8,8,8,27,27,27,39,49,49,152,152,170,170,130,142,158,158,170,202,255,268,268,72,72,89,89,89,89],"floor_reached":50,"playtime":1267,"items_purged":["Strike_B","Defend_B","Strike_B"],"score":508,"play_id":"79b47ec4-e32c-4594-9758-28494810a66d","local_time":"20210112042446","is_ascension_mode":true,"campfire_choices":[{"data":"Electrodynamics","floor":7,"key":"SMITH"},{"data":"Dualcast","floor":10,"key":"SMITH"},{"floor":13,"key":"REST"},{"data":"Chaos","floor":15,"key":"SMITH"},{"floor":23,"key":"REST"},{"floor":25,"key":"REST"},{"data":"Electrodynamics","floor":32,"key":"SMITH"},{"floor":40,"key":"REST"},{"floor":45,"key":"REST"},{"floor":47,"key":"REST"},{"floor":49,"key":"REST"}],"circlet_count":0,"master_deck":["Defend_B","Defend_B","Zap","Dualcast+1","Electrodynamics+1","Chill","Rebound","Self Repair","Chaos+1","Machine Learning+1","Leap+1","Leap","Conserve Battery","Self Repair","Electrodynamics+1","Writhe","Tempest+1"],"relics":["Cracked Core","Letter Opener","Pantograph","Matryoshka","Velvet Choker","Strawberry","Bird Faced Urn","Empty Cage","Omamori","Smiling Mask","PreservedInsect","ClockworkSouvenir"],"acts_visited":["Exordium","TheCity","TheBeyond"],"potions_floor_usage":[16,16,33,42,44,50,50,50],"damage_taken":[{"damage":1,"enemies":"Cultist","floor":1,"turns":3},{"damage":2,"enemies":"Jaw Worm","floor":2,"turns":3},{"damage":9,"enemies":"Small Slimes","floor":5,"turns":3},{"damage":7,"enemies":"Red Slaver","floor":11,"turns":3},{"damage":56,"enemies":"Hexaghost","floor":16,"turns":11},{"damage":28,"enemies":"2 Thieves","floor":18,"turns":3},{"damage":7,"enemies":"3 Byrds","floor":21,"turns":2},{"damage":17,"enemies":"Sentry and Sphere","floor":22,"turns":4},{"damage":25,"enemies":"Centurion and Healer","floor":27,"turns":6},{"damage":6,"enemies":"Snake Plant","floor":30,"turns":4},{"damage":25,"enemies":"Shelled Parasite and Fungi","floor":31,"turns":5},{"damage":30,"enemies":"Automaton","floor":33,"turns":11},{"damage":17,"enemies":"3 Shapes","floor":35,"turns":3},{"damage":10,"enemies":"Orb Walker","floor":38,"turns":4},{"damage":39,"enemies":"Maw","floor":39,"turns":10},{"damage":35,"enemies":"4 Shapes","floor":41,"turns":3},{"damage":70,"enemies":"Nemesis","floor":42,"turns":9},{"damage":38,"enemies":"Writhing Mass","floor":44,"turns":6},{"damage":37,"enemies":"Jaw Worm Horde","floor":48,"turns":3},{"damage":91,"enemies":"Awakened One","floor":50,"turns":8}],"seed_played":"-3846988775473555806","potions_obtained":[{"floor":2,"key":"Fire Potion"},{"floor":11,"key":"FearPotion"},{"floor":21,"key":"FearPotion"},{"floor":27,"key":"ColorlessPotion"},{"floor":33,"key":"Dexterity Potion"},{"floor":37,"key":"FairyPotion"},{"floor":37,"key":"FocusPotion"},{"floor":37,"key":"CultistPotion"},{"floor":42,"key":"DistilledChaos"},{"floor":44,"key":"CultistPotion"},{"floor":48,"key":"PotionOfCapacity"}],"is_trial":false,"path_per_floor":["M","M","$","T","M","?","R","?","T","R","M","$","R","$","R","B",null,"M","$","?","M","M","R","$","R","T","M","?","?","M","M","R","B",null,"M","?","?","M","M","R","M","E","T","M","R","$","R","M","R","B"],"character_chosen":"DEFECT","items_purchased":["Chaos","PowerPotion","ClockworkSouvenir"],"campfire_rested":7,"item_purchase_floors":[12,24,46],"current_hp_per_floor":[74,72,72,72,63,63,63,63,63,63,56,56,75,75,75,26,75,54,54,54,47,30,52,52,74,81,66,66,82,82,77,77,63,82,69,82,82,82,63,82,67,21,21,31,55,55,79,64,82,0,0],"gold":89,"neow_bonus":"THREE_RARE_CARDS","is_daily":false,"chose_seed":false,"campfire_upgraded":4,"win_rate":0.0,"timestamp":1610443486,"path_taken":["M","M","?","?","?","?","R","?","T","R","M","$","R","$","R","BOSS","M","$","?","?","M","R","?","R","T","M","?","?","?","M","R","BOSS","M","?","?","M","?","R","M","E","T","M","R","$","R","M","R","BOSS"],"items_purchased_type":["Card","Potion","Relic"],"build_version":"2020-12-22","purchased_purges":3,"victory":false,"max_hp_per_floor":[75,75,75,75,75,75,75,75,75,75,75,75,75,75,75,75,75,75,75,75,75,75,75,75,75,82,82,82,82,82,82,82,82,82,82,82,82,82,82,82,82,82,82,82,82,82,82,82,82,82,82],"card_choices":[{"not_picked":["Echo Form","All For One"],"picked":"Electrodynamics","floor":0},{"not_picked":["Compile Driver","Coolheaded"],"picked":"Chill","floor":1},{"not_picked":["Hologram","Sweeping Beam","Gash"],"picked":"SKIP","floor":2},{"not_picked":["Rip and Tear","Cold Snap"],"picked":"Rebound","floor":5},{"not_picked":["Storm","Beam Cell"],"picked":"Self Repair","floor":11},{"not_picked":["Multi-Cast","Hyperbeam"],"picked":"Machine Learning","floor":16},{"not_picked":["Compile Driver","Go for the Eyes"],"picked":"Leap+1","floor":18},{"not_picked":["Consume","Stack"],"picked":"Leap","floor":21},{"not_picked":["Redo","Force Field","Beam Cell+1"],"picked":"SKIP","floor":22},{"not_picked":["Ball Lightning","White Noise"],"picked":"Conserve Battery","floor":27},{"not_picked":["Turbo+1","White Noise"],"picked":"Electrodynamics","floor":30},{"not_picked":["Reprogram+1","Coolheaded","Gash"],"picked":"SKIP","floor":31},{"not_picked":["Rip and Tear+1","Redo+1","Undo+1"],"picked":"SKIP","floor":35},{"not_picked":["Hologram","Leap+1","Sweeping Beam"],"picked":"SKIP","floor":38},{"not_picked":["Coolheaded+1","Reboot","Auto Shields+1"],"picked":"SKIP","floor":39},{"not_picked":["Rip and Tear","Reinforced Body+1"],"picked":"Tempest+1","floor":41},{"not_picked":["Redo","Go for the Eyes+1","Sweeping Beam+1"],"picked":"SKIP","floor":42},{"not_picked":["Coolheaded","Undo+1","Biased Cognition"],"picked":"SKIP","floor":44},{"not_picked":["Turbo","BootSequence+1","Lockon"],"picked":"SKIP","floor":48}],"player_experience":627458,"relics_obtained":[{"floor":4,"key":"Letter Opener"},{"floor":9,"key":"Matryoshka"},{"floor":26,"key":"Strawberry"},{"floor":26,"key":"Bird Faced Urn"},{"floor":42,"key":"Omamori"},{"floor":43,"key":"Smiling Mask"},{"floor":43,"key":"PreservedInsect"}],"event_choices":[{"damage_healed":0,"gold_gain":0,"player_choice":"Box","damage_taken":0,"relics_obtained":["Pantograph"],"max_hp_gain":0,"max_hp_loss":0,"event_name":"Big Fish","floor":6,"gold_loss":0,"cards_obtained":["Regret"]},{"cards_removed":["Regret","Writhe"],"damage_healed":0,"gold_gain":0,"player_choice":"Removed Curses","damage_taken":0,"max_hp_gain":0,"max_hp_loss":0,"event_name":"Fountain of Cleansing","floor":8,"gold_loss":0},{"damage_healed":0,"gold_gain":0,"player_choice":"Upgraded","damage_taken":0,"max_hp_gain":0,"max_hp_loss":0,"event_name":"Upgrade Shrine","floor":20,"gold_loss":0,"cards_upgraded":["Machine Learning"]},{"damage_healed":0,"gold_gain":0,"cards_transformed":["Strike_B","Defend_B"],"player_choice":"Became Test Subject","damage_taken":0,"max_hp_gain":0,"max_hp_loss":0,"event_name":"Drug Dealer","floor":28,"gold_loss":0,"cards_obtained":["Self Repair","Aggregate"]},{"damage_healed":27,"gold_gain":0,"player_choice":"Heal","damage_taken":0,"max_hp_gain":0,"max_hp_loss":0,"event_name":"The Library","floor":29,"gold_loss":0},{"damage_healed":21,"gold_gain":0,"player_choice":"Writhe","damage_taken":0,"max_hp_gain":0,"max_hp_loss":0,"event_name":"Winding Halls","floor":36,"gold_loss":0,"cards_obtained":["Writhe"]},{"damage_healed":0,"gold_gain":0,"player_choice":"Bought 3 Potions","damage_taken":0,"max_hp_gain":0,"max_hp_loss":0,"event_name":"The Woman in Blue","floor":37,"gold_loss":0}],"is_beta":false,"boss_relics":[{"not_picked":["FrozenCore","Cursed Key"],"picked":"Velvet Choker"},{"not_picked":["Runic Pyramid","Astrolabe"],"picked":"Empty Cage"}],"items_purged_floors":[3,19,46],"is_endless":false,"potions_floor_spawned":[2,11,21,27,33,39,42,44,48],"killed_by":"Awakened One","ascension_level":2}}