{"host":"lxihx0b6awoz2w1j","time":1610475361,"event":{"mods":["Aspiration","BaseMod","Better Third Choice","CapriCore","Colored Powertips","Downfall","Hermit","Hubris","Infinite Spire","JesterMod","Luminous","Marisa????????","Melee Mod","Minty Spire (QoL Compilation)","Prisma Mod","Quick Restart","Relic Stats","Replay The Spire","Shade Mod","Spicy Shops","StSLib","The Alterego","The Blue Laboratory","The Cursed","The Disciple","The Forsaken","The Immortal","The Jungle","The Marked","The Runesmith","The Senshi","The Servant 0.9.4","Waifu the Spire"],"gold_per_floor":[119,130,147,147,147,181,193,193,193,210,224,224,224,48,48,148,148,163,183,193,13,13,39,54,54,77,77,89,89,121,46,46,146,146,167,167,167,167,195,195,235,264,264,264,291,34,34,7,7,107,107,128,128,146,146,165,165,136,136,136,136,136,136,144,175,191,191,191,281,281,281],"floor_reached":70,"playtime":2757,"items_purged":[],"score":1555,"play_id":"f22c67d3-65c8-43d1-928e-aacb3947bb45","local_time":"20210112191601","is_ascension_mode":false,"campfire_choices":[{"data":"Barricade","floor":8.0,"key":"SMITH"},{"data":"Reaper","floor":12.0,"key":"SMITH"},{"data":"Heavy Blade","floor":15.0,"key":"SMITH"},{"floor":25.0,"key":"DIG"},{"data":"Hemokinesis","floor":29.0,"key":"SMITH"},{"data":"infinitespire:SevenWalls","floor":32.0,"key":"SMITH"},{"floor":40.0,"key":"DIG"},{"data":"1","floor":44.0,"key":"LIFT"},{"data":"2","floor":47.0,"key":"LIFT"},{"floor":49.0,"key":"DIG"},{"floor":57,"key":"DIG"},{"floor":59,"key":"DIG"},{"data":"3","floor":63,"key":"LIFT"},{"data":"Rupture","floor":68,"key":"SMITH"}],"circlet_count":0,"master_deck":["Strike_R","Strike_R","Strike_R","Strike_R","Strike_R","Defend_R+1","Defend_R","Defend_R+1","Defend_R+1","Bash","Flex","Heavy Blade","Reaper+1","Barricade+1","Inflame+1","Heavy Blade+1","Pommel Strike","Body Slam","Limit Break","Iron Wave","Shrug It Off","Entrench+1","Hemokinesis+1","RitualDagger","hubris:CleavingFinish","Armaments","infinitespire:SevenWalls+1","Replay:Undeath\u0027s Touch+1","Clothesline","Double Tap","expansioncontent:PolyBeam","Power Through+1","Battle Trance+1","Shrug It Off+1","Inflame+1","Twin Strike","ReplayReversal","ReplayReversal","Uppercut","Impervious","ReplayTheSpireMod:Stacked","Wild Strike","Hemokinesis","Shrug It Off","ReplayTheSpireMod:LeadingStrike","Anger","ReplayTheSpireMod:Strike From Hell","Blood for Blood","Rupture+1","Iron Wave","Cleave","Double Tap"],"relics":["Burning Blood","Pet Ghost","infinitespire:ShieldingShard","Blue Doll","Velvet Choker","theSenshi:FeatherClipsRelic","Replay:Multitool","hubris:Metronome","Replay:Wax Seal","War Paint","Mirror","infinitespire:EvilPickle","SlaversCollar","Replay:WaspNest","Onion Ring","King of Hearts","Girya","MealTicket","Blue Candle","Sozu","Kunai","Pocketwatch","hubris:DeckOfHolding","infinitespire:Bottled Soul","ReplayTheSpireMod:Ninjato","ReplayTheSpireMod:TigerMarble","theForsaken:PaleLantern"],"acts_visited":["Exordium","TheCity","TheBeyond","Exordium"],"potions_floor_usage":[],"damage_taken":[{"damage":2.0,"enemies":"Small Slimes","floor":1.0,"turns":4.0},{"damage":1.0,"enemies":"Cultist","floor":2.0,"turns":3.0},{"damage":0.0,"enemies":"2 Louse","floor":3.0,"turns":3.0},{"damage":19.0,"enemies":"Replay:BlueRogue","floor":6.0,"turns":6.0},{"damage":0.0,"enemies":"2 Fungi Beasts","floor":7.0,"turns":3.0},{"damage":9.0,"enemies":"Exordium Wildlife","floor":10.0,"turns":3.0},{"damage":19.0,"enemies":"Exordium Thugs","floor":11.0,"turns":6.0},{"damage":87.0,"enemies":"Fading Forest","floor":16.0,"turns":11.0},{"damage":4.0,"enemies":"Chosen","floor":18.0,"turns":2.0},{"damage":7.0,"enemies":"Spheric Guardian","floor":19.0,"turns":4.0},{"damage":12.0,"enemies":"Snake Plant","floor":20.0,"turns":4.0},{"damage":24.0,"enemies":"Nightmare","floor":23.0,"turns":6.0},{"damage":1.0,"enemies":"Centurion and Healer","floor":24.0,"turns":5.0},{"damage":1.0,"enemies":"Snecko","floor":28.0,"turns":3.0},{"damage":37.0,"enemies":"Slavers","floor":30.0,"turns":6.0},{"damage":0.0,"enemies":"Pondfish","floor":33.0,"turns":7.0},{"damage":0.0,"enemies":"3 Darklings","floor":35.0,"turns":3.0},{"damage":6.0,"enemies":"Orb Walker","floor":39.0,"turns":2.0},{"damage":53.0,"enemies":"Nightmare","floor":41.0,"turns":8.0},{"damage":0.0,"enemies":"Transient","floor":42.0,"turns":5.0},{"damage":13.0,"enemies":"3 Darklings","floor":45.0,"turns":4.0},{"damage":57.0,"enemies":"Donu and Deca","floor":50.0,"turns":7.0},{"damage":0.0,"enemies":"Cultist","floor":52.0,"turns":2.0},{"damage":0.0,"enemies":"Jaw Worm","floor":54.0,"turns":2.0},{"damage":0,"enemies":"Small Slimes","floor":56,"turns":2},{"damage":0,"enemies":"Gremlin Gang","floor":64,"turns":4},{"damage":0,"enemies":"Lagavulin","floor":65,"turns":3},{"damage":0,"enemies":"Looter","floor":66,"turns":1},{"damage":0,"enemies":"Slime Boss","floor":69,"turns":5}],"seed_played":"-6619664999919826400","potions_obtained":[{"floor":2.0,"key":"DistilledChaos"},{"floor":3.0,"key":"Venom Potion"},{"floor":6.0,"key":"SteroidPotion"},{"floor":19.0,"key":"SteroidPotion"},{"floor":23.0,"key":"AttackPotion"},{"floor":28.0,"key":"blueLaboratory:PyrophylliteBrew"},{"floor":33.0,"key":"Explosive Potion"},{"floor":35.0,"key":"SteroidPotion"},{"floor":45.0,"key":"Reflective Coating"},{"floor":50.0,"key":"Energy Potion"}],"is_trial":false,"path_per_floor":["M","M","M","?","?","E","M","R","T","M","M","R","?","$","R","B",null,"M","M","M","$","?","NM","M","R","T","AVR","M","R","E","?","R","B",null,"M","?","AVR","?","M","R","NM","M","T","R","M","$","R","$","R","B",null,"M","?","M","T","M","R","$","R","PTL","PTL","T","R","M","E","M","AVR","R","B",null],"character_chosen":"IRONCLAD","items_purchased":["Blue Doll","Body Slam","theSenshi:FeatherClipsRelic","Hemokinesis","MealTicket","Inflame+1","Twin Strike","ReplayReversal","Uppercut","Rupture"],"campfire_rested":0,"item_purchase_floors":[14,14,21,21,46,46,46,46,48,58],"current_hp_per_floor":[88,88,88,70,70,63,77,77,77,78,70,70,70,70,70,15,88,88,87,81,81,75,63,85,85,85,85,88,88,72,72,72,88,88,88,88,88,88,88,88,54,72,72,72,71,71,71,86,86,43,88,88,88,88,88,88,88,88,88,88,88,88,88,88,88,88,88,88,88,88,88],"gold":281,"neow_bonus":"TEN_PERCENT_HP_BONUS","is_daily":false,"chose_seed":false,"campfire_upgraded":6,"win_rate":0.0,"timestamp":1610475361,"path_taken":["M","M","M","?","?","E","?","R","T","M","M","R","?","$","R","BOSS","M","M","M","$","?","NM","M","R","T","AVR","M","R","E","?","R","BOSS","M","?","AVR","?","M","R","NM","M","T","R","M","$","R","?","R","BOSS","M","?","M","?","M","R","?","R","PTL","PTL","T","R","M","E","M","AVR","R","BOSS"],"items_purchased_type":["Relic","Card","Relic","Card","Relic","Card","Card","Card","Card","Card"],"build_version":"2020-12-22","purchased_purges":0,"victory":false,"max_hp_per_floor":[88,88,88,88,88,88,88,88,88,88,88,88,88,88,88,88,88,88,88,88,88,88,88,88,88,88,88,88,88,88,88,88,88,88,88,88,88,88,88,88,88,88,88,88,88,88,88,88,88,88,88,88,88,88,88,88,88,88,88,88,88,88,88,88,88,88,88,88,88,88,88],"relic_stats":{"Sozu":4,"counters":[29,124],"Blue Candle":[0],"MealTicket":15,"Kunai":[6],"War Paint":["Defend_R","Entrench"],"obtain_stats":[{"hubris:Metronome":25,"Blue Doll":14,"King of Hearts":41,"theSenshi:FeatherClipsRelic":21,"Replay:Multitool":23,"Burning Blood":0,"Pet Ghost":6,"Sozu":51,"infinitespire:ShieldingShard":9,"infinitespire:Bottled Soul":62,"MealTicket":46,"hubris:DeckOfHolding":59,"Kunai":55,"Replay:Wax Seal":26,"Girya":43,"ReplayTheSpireMod:Ninjato":65,"Blue Candle":49,"Velvet Choker":17,"Replay:WaspNest":37,"theForsaken:PaleLantern":70,"War Paint":27,"infinitespire:EvilPickle":33,"SlaversCollar":34,"Onion Ring":40,"ReplayTheSpireMod:TigerMarble":67,"Mirror":30,"Pocketwatch":57},{"hubris:Metronome":13,"Blue Doll":7,"King of Hearts":19,"theSenshi:FeatherClipsRelic":11,"Replay:Multitool":12,"Burning Blood":0,"Pet Ghost":4,"Sozu":22,"infinitespire:ShieldingShard":5,"infinitespire:Bottled Soul":25,"MealTicket":21,"hubris:DeckOfHolding":25,"Kunai":24,"Replay:Wax Seal":13,"Girya":20,"ReplayTheSpireMod:Ninjato":27,"Blue Candle":21,"Velvet Choker":8,"Replay:WaspNest":17,"theForsaken:PaleLantern":29,"War Paint":13,"infinitespire:EvilPickle":16,"SlaversCollar":16,"Onion Ring":18,"ReplayTheSpireMod:TigerMarble":28,"Mirror":15,"Pocketwatch":25},{"hubris:Metronome":60,"Blue Doll":28,"King of Hearts":89,"theSenshi:FeatherClipsRelic":49,"Replay:Multitool":55,"Burning Blood":0,"Pet Ghost":16,"Sozu":105,"infinitespire:ShieldingShard":19,"infinitespire:Bottled Soul":111,"MealTicket":98,"hubris:DeckOfHolding":111,"Kunai":109,"Replay:Wax Seal":60,"Girya":94,"ReplayTheSpireMod:Ninjato":118,"Blue Candle":98,"Velvet Choker":39,"Replay:WaspNest":79,"theForsaken:PaleLantern":124,"War Paint":60,"infinitespire:EvilPickle":76,"SlaversCollar":76,"Onion Ring":81,"ReplayTheSpireMod:TigerMarble":119,"Mirror":69,"Pocketwatch":111}],"Burning Blood":101,"Pocketwatch":[3]},"card_choices":[{"not_picked":["Entrench","Headbutt"],"picked":"Flex","floor":1.0},{"not_picked":["True Grit","Wild Strike"],"picked":"Heavy Blade","floor":2.0},{"not_picked":["Rampage","Clothesline"],"picked":"Reaper","floor":3.0},{"not_picked":["Perfected Strike","Seeing Red"],"picked":"Barricade","floor":6.0},{"not_picked":["Sever Soul","Intimidate"],"picked":"Inflame","floor":7.0},{"not_picked":["Clothesline","Havoc"],"picked":"Heavy Blade","floor":10.0},{"not_picked":["Replay:Undeath\u0027s Touch","Clash"],"picked":"Pommel Strike","floor":11.0},{"not_picked":["Fiend Fire","Immolate"],"picked":"Limit Break","floor":16.0},{"not_picked":["Flex","Sentinel"],"picked":"Iron Wave","floor":18.0},{"not_picked":["Wild Strike","Warcry+1"],"picked":"Shrug It Off","floor":19.0},{"not_picked":["ReplayTheSpireMod:Strike From Hell","Warcry"],"picked":"Entrench","floor":20.0},{"not_picked":["True Grit","Bloodletting"],"picked":"hubris:CleavingFinish","floor":23.0},{"not_picked":["Clash+1","Massacre"],"picked":"Armaments","floor":24.0},{"not_picked":["Clash","Headbutt"],"picked":"Replay:Undeath\u0027s Touch+1","floor":28.0},{"not_picked":["Warcry","Bludgeon"],"picked":"Clothesline","floor":30.0},{"not_picked":["Replay:Many Hands","Reaper"],"picked":"Double Tap","floor":33.0},{"not_picked":["Run Through","Havoc+1","Seeing Red"],"picked":"SKIP","floor":35.0},{"not_picked":["PanicButton","expansioncontent:SlimeTackle"],"picked":"expansioncontent:PolyBeam","floor":36.0},{"not_picked":["Pummel+1","Clash"],"picked":"Power Through+1","floor":39.0},{"not_picked":["Carnage","Rampage+1"],"picked":"Battle Trance+1","floor":41.0},{"not_picked":["Entrench+1","Wild Strike"],"picked":"Shrug It Off+1","floor":42.0},{"not_picked":["Havoc","Wild Strike+1","Massacre+1"],"picked":"SKIP","floor":45.0},{"not_picked":["Limit Break","Bludgeon"],"picked":"Impervious","floor":50.0},{"not_picked":["Abandon","True Grit"],"picked":"ReplayTheSpireMod:Stacked","floor":52.0},{"not_picked":["ReplayTheSpireMod:Stacked","Searing Blow"],"picked":"ReplayTheSpireMod:Strike From Hell","floor":54.0},{"not_picked":["Infernal Blade","Thunderclap"],"picked":"Blood for Blood","floor":56},{"not_picked":["Whirlwind","Havoc","Searing Blow"],"picked":"SKIP","floor":64},{"not_picked":["Havoc","Armaments"],"picked":"Iron Wave","floor":65},{"not_picked":["Thunderclap","Dual Wield"],"picked":"Cleave","floor":66},{"not_picked":["Corruption","Eclipse"],"picked":"Double Tap","floor":69}],"player_experience":584684,"relics_obtained":[{"floor":6.0,"key":"Pet Ghost"},{"floor":9.0,"key":"infinitespire:ShieldingShard"},{"floor":23.0,"key":"Replay:Multitool"},{"floor":25.0,"key":"hubris:Metronome"},{"floor":26.0,"key":"Replay:Wax Seal"},{"floor":30.0,"key":"Mirror"},{"floor":40.0,"key":"Onion Ring"},{"floor":41.0,"key":"King of Hearts"},{"floor":43.0,"key":"Girya"},{"floor":49.0,"key":"Blue Candle"},{"floor":55.0,"key":"Kunai"},{"floor":57,"key":"Pocketwatch"},{"floor":59,"key":"hubris:DeckOfHolding"},{"floor":62,"key":"infinitespire:Bottled Soul"},{"floor":65,"key":"ReplayTheSpireMod:Ninjato"}],"event_choices":[{"damage_healed":88.0,"max_hp_gain":0.0,"max_hp_loss":88.0,"gold_gain":0.0,"event_name":"betterThird:BetterShining","player_choice":"Upgrade","floor":4.0,"gold_loss":0.0,"damage_taken":18.0,"cards_upgraded":["Defend_R","Defend_R"]},{"damage_healed":0.0,"max_hp_gain":0.0,"max_hp_loss":0.0,"gold_gain":0.0,"event_name":"Wheel of Change","player_choice":"Cursed","floor":5.0,"gold_loss":0.0,"damage_taken":0.0,"cards_obtained":["Decay"]},{"damage_healed":0.0,"max_hp_gain":0.0,"max_hp_loss":0.0,"gold_gain":0.0,"event_name":"betterThird:BetterNest","player_choice":"Dagger","floor":22.0,"gold_loss":0.0,"damage_taken":6.0,"cards_obtained":["RitualDagger"]},{"cards_removed":["Decay"],"damage_healed":0.0,"max_hp_gain":0.0,"max_hp_loss":0.0,"gold_gain":0.0,"event_name":"Beggar","player_choice":"Gave Gold","floor":31.0,"gold_loss":75.0,"damage_taken":0.0},{"damage_healed":0.0,"max_hp_gain":0.0,"max_hp_loss":0.0,"gold_gain":0.0,"event_name":"SensoryStone","player_choice":"Memory 1","floor":36.0,"gold_loss":0.0,"damage_taken":0.0}],"is_beta":false,"boss_relics":[{"not_picked":["hubris:GrandSneckoEye","Busted Crown"],"picked":"Velvet Choker"},{"not_picked":["aspiration:RunicSpoon","Fusion Hammer"],"picked":"SlaversCollar"},{"not_picked":["Replay:Bronze Core","Replay:Drink Me"],"picked":"Sozu"},{"not_picked":["hubris:CrackedHourglass","ReplayTheSpireMod:Onyx Gauntlets"],"picked":"theForsaken:PaleLantern"}],"items_purged_floors":[],"is_endless":true,"potions_floor_spawned":[2,3,6,19,23,28,33,35,45,50,52,56,65,66],"ascension_level":0}}