{"host":"m5bsg12zcyqnofur","time":1610448318,"event":{"mods":["AchievementEnabler","BaseMod","BetterRewards","Colored Powertips","Downfall","Hermit","Highlight Path","Minty Spire (QoL Compilation)","Quick Restart","Replay The Spire","Shop Mod","StSLib","The Bug Knight"],"gold_per_floor":[117,128,47,47,12,46,59,84,84,104,144,165,184,209,209,209,209],"floor_reached":16,"playtime":971,"items_purged":["HollowMod:NailStrikeStart"],"score":166,"play_id":"39ea1eb0-5a9d-40cb-9bca-4b547c8c5dcd","local_time":"20210112044518","is_ascension_mode":false,"campfire_choices":[{"data":"HollowMod:AwokenDreamNail","floor":15,"key":"SMITH"}],"circlet_count":0,"master_deck":["HollowMod:NailStrikeStart","HollowMod:NailStrikeStart","HollowMod:NailStrikeStart","HollowMod:QuickDashStart","HollowMod:QuickDashStart","HollowMod:QuickDashStart","HollowMod:QuickDashStart","HollowMod:FocusHealStart","HollowMod:PogoStrike","HollowMod:PureNailStrike","HollowMod:CycloneSlash","HollowMod:ElderbugsWisdom","HollowMod:BaldurShell","HollowMod:AwokenDreamNail+1","HollowMod:DashSlash","HollowMod:DesolateDive"],"relics":["HollowMod:VesselMask","Golden Idol","Question Card","Meat on the Bone"],"acts_visited":["Exordium"],"potions_floor_usage":[12,16],"damage_taken":[{"damage":0.0,"enemies":"2 Louse","floor":1.0,"turns":2.0},{"damage":1.0,"enemies":"Jaw Worm","floor":2.0,"turns":4.0},{"damage":31.0,"enemies":"Lagavulin","floor":6.0,"turns":7.0},{"damage":2.0,"enemies":"Small Slimes","floor":7.0,"turns":2.0},{"damage":10.0,"enemies":"Red Slaver","floor":8.0,"turns":6.0},{"damage":14.0,"enemies":"3 Louse","floor":10.0,"turns":4.0},{"damage":26.0,"enemies":"3 Sentries","floor":11.0,"turns":7.0},{"damage":5,"enemies":"Large Slime","floor":12,"turns":5},{"damage":5,"enemies":"Gremlin Gang","floor":13,"turns":3},{"damage":11,"enemies":"Looter","floor":14,"turns":3},{"damage":41,"enemies":"Hexaghost","floor":16,"turns":9}],"seed_played":"5359464612706366131","potions_obtained":[{"floor":7.0,"key":"SpeedPotion"},{"floor":8.0,"key":"Venom Potion"},{"floor":11.0,"key":"Energy Potion"},{"floor":13,"key":"Explosive Potion"},{"floor":14,"key":"Fruit Juice"}],"is_trial":false,"path_per_floor":["M","M","$","?","?","E","M","M","T","M","E","M","M","M","R","B"],"character_chosen":"THE_BUGKNIGHT","items_purchased":["HollowMod:ElderbugsWisdom"],"campfire_rested":0,"item_purchase_floors":[3],"current_hp_per_floor":[75,75,75,57,75,44,42,38,38,30,14,27,34,35,35,0,0],"gold":209,"neow_bonus":"","is_daily":false,"chose_seed":false,"campfire_upgraded":1,"win_rate":0.0,"timestamp":1610448318,"path_taken":["M","M","$","?","?","E","M","M","T","M","E","M","M","M","R","BOSS"],"items_purchased_type":["Card"],"build_version":"2020-12-22","purchased_purges":1,"victory":false,"max_hp_per_floor":[75,75,75,75,75,75,75,75,75,75,75,75,75,75,75,80,80],"card_choices":[{"not_picked":["HollowMod:GoodIntentions","HollowMod:DashSlash"],"picked":"HollowMod:PureNailStrike","floor":1.0},{"not_picked":["HollowMod:ChannelNail","HollowMod:DashSlash"],"picked":"HollowMod:CycloneSlash","floor":2.0},{"not_picked":["HollowMod:InfectedCysts","HollowMod:SharpenedNail","HollowMod:AbyssShriek"],"picked":"SKIP","floor":6.0},{"not_picked":["HollowMod:HowlingWraiths","HollowMod:NewLittleFool","HollowMod:ChannelNail"],"picked":"HollowMod:BaldurShell","floor":7.0},{"not_picked":["HollowMod:VengefulVoid","HollowMod:CornifersMapStart","HollowMod:ShadowDash","HollowMod:GreatSlash"],"picked":"SKIP","floor":8.0},{"not_picked":["HollowMod:HowlingWraiths","HollowMod:CornifersMapStart","HollowMod:DreamGate"],"picked":"HollowMod:AwokenDreamNail","floor":10.0},{"not_picked":["HollowMod:NewGlowingWomb","HollowMod:HowlingWraiths","HollowMod:DescendingDark"],"picked":"HollowMod:DashSlash","floor":11.0},{"not_picked":["HollowMod:MawleksShell","HollowMod:HowlingWraiths","HollowMod:FallenFury"],"picked":"HollowMod:DesolateDive","floor":12},{"not_picked":["HollowMod:BaldurShell","HollowMod:ChannelNail","HollowMod:SiblingsShadow","HollowMod:LifebloodCocoon"],"picked":"SKIP","floor":13},{"not_picked":["HollowMod:InfectedCysts","HollowMod:NewInfectedGuardian","HollowMod:HeavyBlow","HollowMod:SiblingsSouls"],"picked":"SKIP","floor":14}],"player_experience":176616,"relics_obtained":[{"floor":6.0,"key":"Question Card"},{"floor":11.0,"key":"Meat on the Bone"}],"event_choices":[{"damage_healed":0.0,"max_hp_gain":0.0,"max_hp_loss":0.0,"gold_gain":0.0,"event_name":"Golden Idol","player_choice":"Take Damage","floor":4.0,"gold_loss":0.0,"damage_taken":18.0,"relics_obtained":["Golden Idol"]},{"damage_healed":18.0,"max_hp_gain":0.0,"max_hp_loss":0.0,"gold_gain":0.0,"event_name":"The Cleric","player_choice":"Healed","floor":5.0,"gold_loss":35.0,"damage_taken":0.0}],"is_beta":false,"boss_relics":[],"items_purged_floors":[0],"is_endless":false,"potions_floor_spawned":[7,8,11,13,14],"killed_by":"Hexaghost","ascension_level":0}}