{"host":"eejrqhjknvwl59ep","time":1610443828,"event":{"mods":["BaseMod","Hubris","Infinite Spire","Minty Spire (QoL Compilation)","StSLib"],"gold_per_floor":[117,131,131,149,149,180,180,199,199,209,209,209,235,245,245,341,341,358,298,33,44,44,69,85,85,140,153,172,206,221,235,235,333,333,346,346,346,364,264,296,296,308,355,384,396,396,396],"floor_reached":46,"playtime":3531,"items_purged":["Wraith Form v2","Infernal Blade"],"score":634,"play_id":"6a91c87c-c898-47ab-b37d-a4ee395624e2","local_time":"20210112103028","daily_mods":["Draft","Heirloom"],"is_ascension_mode":false,"campfire_choices":[{"data":"Armaments","floor":7,"key":"SMITH"},{"data":"Armaments","floor":11,"key":"SMITH"},{"data":"Barricade","floor":15,"key":"SMITH"},{"data":"Mayhem","floor":32,"key":"SMITH"},{"data":"Echo Form","floor":41,"key":"SMITH"}],"circlet_count":0,"master_deck":["Demon Form","Echo Form+1","DevaForm","Pommel Strike","Spot Weakness","Metallicize","Evolve","Armaments+1","Metallicize","Shrug It Off+1","Disarm","Heavy Blade","Body Slam","True Grit","Cleave","Armaments+1","Inflame","Power Through","Metallicize","Fire Breathing","Metallicize","Cleave","Evolve","Shrug It Off","Power Through+1","Barricade+1","Berserk","Body Slam+1","Mayhem+1","Battle Trance","Twin Strike+1","Dual Wield+1","Entrench","Power Through+1","Reckless Charge","Juggernaut","Madness","Madness"],"relics":["Burning Blood","Prayer Wheel","Du-Vu Doll","Meat on the Bone","infinitespire:BottledMercury","Ginger","Coffee Dripper","Regal Pillow","Gambling Chip","Boot","War Paint","Black Star","hubris:Icosahedron","Strawberry","PreservedInsect","Nunchaku","infinitespire:Eraser","Potion Belt"],"acts_visited":["Exordium","TheCity","TheBeyond"],"potions_floor_usage":[10,13,16,19,33],"damage_taken":[{"damage":2,"enemies":"Jaw Worm","floor":1,"turns":6},{"damage":0,"enemies":"2 Louse","floor":2,"turns":5},{"damage":0,"enemies":"Small Slimes","floor":4,"turns":6},{"damage":16,"enemies":"3 Sentries","floor":6,"turns":6},{"damage":8,"enemies":"Red Slaver","floor":8,"turns":5},{"damage":16,"enemies":"Exordium Thugs","floor":10,"turns":5},{"damage":4,"enemies":"Gremlin Nob","floor":13,"turns":6},{"damage":11,"enemies":"Looter","floor":14,"turns":4},{"damage":1,"enemies":"Hexaghost","floor":16,"turns":10},{"damage":37,"enemies":"3 Byrds","floor":18,"turns":6},{"damage":0,"enemies":"2 Thieves","floor":19,"turns":4},{"damage":8,"enemies":"Snecko","floor":21,"turns":8},{"damage":4,"enemies":"Nightmare","floor":23,"turns":8},{"damage":27,"enemies":"Chosen and Byrds","floor":24,"turns":6},{"damage":6,"enemies":"Sentry and Sphere","floor":27,"turns":6},{"damage":13,"enemies":"Snecko","floor":28,"turns":7},{"damage":0,"enemies":"Book of Stabbing","floor":29,"turns":7},{"damage":0,"enemies":"Snake Plant","floor":30,"turns":6},{"damage":0,"enemies":"3 Cultists","floor":31,"turns":6},{"damage":50,"enemies":"Collector","floor":33,"turns":7},{"damage":13,"enemies":"3 Shapes","floor":35,"turns":6},{"damage":12,"enemies":"Orb Walker","floor":38,"turns":7},{"damage":55,"enemies":"Nemesis","floor":40,"turns":7},{"damage":43,"enemies":"3 Darklings","floor":42,"turns":8},{"damage":13,"enemies":"Giant Head","floor":44,"turns":9},{"damage":18,"enemies":"Sphere and 2 Shapes","floor":45,"turns":9},{"damage":48,"enemies":"Nemesis","floor":46,"turns":5}],"seed_played":"5874456681229575512","potions_obtained":[{"floor":2,"key":"ColorlessPotion"},{"floor":4,"key":"Fire Potion"},{"floor":6,"key":"LiquidBronze"},{"floor":16,"key":"Swift Potion"},{"floor":21,"key":"FairyPotion"},{"floor":23,"key":"EssenceOfSteel"},{"floor":27,"key":"HeartOfIron"},{"floor":29,"key":"EntropicBrew"},{"floor":33,"key":"CultistPotion"},{"floor":44,"key":"GamblersBrew"}],"is_trial":true,"path_per_floor":["M","M","?","M","?","E","R","M","T","M","R","?","E","M","R","B",null,"M","M","$","M","?","NM","M","T","T","M","M","E","M","M","R","B",null,"M","?","?","M","$","E","R","M","T","E","M","E"],"character_chosen":"IRONCLAD","items_purchased":["Mayhem"],"campfire_rested":0,"item_purchase_floors":[20],"current_hp_per_floor":[80,80,80,80,73,63,63,61,61,51,51,51,53,48,48,53,80,49,55,55,53,53,55,46,46,46,58,51,57,63,69,69,37,80,73,73,63,57,57,27,27,31,31,36,36,0,0],"gold":396,"neow_bonus":"","is_daily":false,"chose_seed":false,"campfire_upgraded":5,"win_rate":0.0,"timestamp":1610443828,"path_taken":["M","M","?","M","?","E","R","M","T","M","R","?","E","M","R","BOSS","M","M","$","M","?","NM","M","?","T","M","M","E","?","M","R","BOSS","M","?","?","M","?","E","R","M","T","E","M","E"],"items_purchased_type":["Card"],"build_version":"2020-12-22","purchased_purges":2,"victory":false,"max_hp_per_floor":[80,80,80,80,80,80,80,80,80,80,80,80,80,80,80,80,80,80,80,80,80,80,80,80,80,80,80,80,80,80,80,80,80,80,80,80,80,80,80,87,87,87,87,87,87,87,87],"card_choices":[{"not_picked":["Warcry","Dropkick"],"picked":"Pommel Strike","floor":0},{"not_picked":["Body Slam","Flex"],"picked":"Spot Weakness","floor":0},{"not_picked":["Battle Trance","Heavy Blade"],"picked":"Metallicize","floor":0},{"not_picked":["Twin Strike","Anger"],"picked":"Evolve","floor":0},{"not_picked":["Dual Wield","Headbutt"],"picked":"Armaments","floor":0},{"not_picked":["Clothesline","Flex"],"picked":"Metallicize","floor":0},{"not_picked":["Power Through","Perfected Strike"],"picked":"Shrug It Off","floor":0},{"not_picked":["Bloodletting","Twin Strike"],"picked":"Disarm","floor":0},{"not_picked":["Bloodletting","Anger"],"picked":"Heavy Blade","floor":0},{"not_picked":["Second Wind","Perfected Strike"],"picked":"Body Slam","floor":0},{"not_picked":["Hemokinesis","Clash"],"picked":"True Grit","floor":0},{"not_picked":["Rage","Thunderclap"],"picked":"Cleave","floor":0},{"not_picked":["Warcry","Perfected Strike"],"picked":"Infernal Blade","floor":0},{"not_picked":["Perfected Strike","Havoc"],"picked":"Armaments","floor":0},{"not_picked":["Blood for Blood","Warcry"],"picked":"Inflame","floor":0},{"not_picked":["Warcry","Armaments"],"picked":"Power Through","floor":1},{"not_picked":["hubris:ReadiedAction","Headbutt","Combust"],"picked":"SKIP","floor":1},{"not_picked":["Perfected Strike","Combust"],"picked":"Metallicize","floor":2},{"not_picked":["Wild Strike","Seeing Red"],"picked":"Fire Breathing","floor":2},{"not_picked":["Shrug It Off","Headbutt"],"picked":"Metallicize","floor":4},{"not_picked":["Clash","Havoc"],"picked":"Cleave","floor":4},{"not_picked":["Corruption","Blood for Blood"],"picked":"Evolve","floor":6},{"not_picked":["Clash","Flex","Twin Strike"],"picked":"SKIP","floor":8},{"not_picked":["Pummel","Uppercut","Heavy Blade"],"picked":"SKIP","floor":8},{"not_picked":["Clash","Warcry"],"picked":"Shrug It Off","floor":10},{"not_picked":["Pommel Strike","Exhume"],"picked":"Power Through","floor":10},{"not_picked":["hubris:SharpeningStone","Body Slam","Pommel Strike"],"picked":"SKIP","floor":13},{"not_picked":["Armaments","infinitespire:OneForAll"],"picked":"Barricade","floor":14},{"not_picked":["Whirlwind","Wild Strike","Twin Strike"],"picked":"SKIP","floor":14},{"not_picked":["Brutality","Reaper"],"picked":"Berserk","floor":16},{"not_picked":["Cleave","hubris:ReadiedAction"],"picked":"Body Slam+1","floor":18},{"not_picked":["Searing Blow","True Grit","Headbutt"],"picked":"SKIP","floor":18},{"not_picked":["Headbutt","Infernal Blade","Whirlwind+1"],"picked":"SKIP","floor":19},{"not_picked":["Shrug It Off","Armaments+1","Anger"],"picked":"SKIP","floor":19},{"not_picked":["Thunderclap","Immolate"],"picked":"Battle Trance","floor":21},{"not_picked":["Cleave","True Grit"],"picked":"Twin Strike+1","floor":21},{"not_picked":["Flex","Armaments"],"picked":"Dual Wield+1","floor":23},{"not_picked":["Rupture+1","Carnage","Sword Boomerang"],"picked":"SKIP","floor":24},{"not_picked":["Heavy Blade+1","Wild Strike","Pummel"],"picked":"SKIP","floor":24},{"not_picked":["Seeing Red","Searing Blow+1"],"picked":"Entrench","floor":27},{"not_picked":["Clash+1","True Grit","Headbutt+1"],"picked":"SKIP","floor":27},{"not_picked":["Iron Wave","Cleave"],"picked":"Power Through+1","floor":28},{"not_picked":["Whirlwind","Dark Embrace","Bloodletting"],"picked":"SKIP","floor":28},{"not_picked":["Rampage+1","Hemokinesis","Intimidate"],"picked":"SKIP","floor":29},{"not_picked":["hubris:ReadiedAction","Heavy Blade+1"],"picked":"Reckless Charge","floor":30},{"not_picked":["Dual Wield","Searing Blow","Exhume"],"picked":"SKIP","floor":30},{"not_picked":["Dual Wield","Havoc","Heavy Blade"],"picked":"SKIP","floor":31},{"not_picked":["Uppercut","Perfected Strike","Heavy Blade"],"picked":"SKIP","floor":31},{"not_picked":["Fiend Fire","hubris:StunningStrike"],"picked":"Juggernaut","floor":33},{"not_picked":["Shrug It Off","Dropkick+1","Clash"],"picked":"SKIP","floor":35},{"not_picked":["Armaments","Inflame+1","Feel No Pain"],"picked":"SKIP","floor":35},{"not_picked":["Evolve","Warcry+1","Armaments+1"],"picked":"SKIP","floor":38},{"not_picked":["Clash","Thunderclap+1","Havoc+1"],"picked":"SKIP","floor":38},{"not_picked":["Headbutt+1","Iron Wave+1","Bludgeon"],"picked":"SKIP","floor":40},{"not_picked":["Havoc","Pommel Strike","Blood for Blood"],"picked":"SKIP","floor":42},{"not_picked":["hubris:SharpeningStone+1","Second Wind","Disarm+1"],"picked":"SKIP","floor":42},{"not_picked":["Clothesline","Wild Strike+1","True Grit+1"],"picked":"SKIP","floor":44},{"not_picked":["Exhume","Clothesline+1","Intimidate"],"picked":"SKIP","floor":45},{"not_picked":["Sword Boomerang","Uppercut","Intimidate"],"picked":"SKIP","floor":45}],"player_experience":228546,"relics_obtained":[{"floor":6,"key":"Meat on the Bone"},{"floor":9,"key":"infinitespire:BottledMercury"},{"floor":13,"key":"Ginger"},{"floor":23,"key":"Regal Pillow"},{"floor":25,"key":"Gambling Chip"},{"floor":26,"key":"Boot"},{"floor":29,"key":"War Paint"},{"floor":40,"key":"Strawberry"},{"floor":40,"key":"PreservedInsect"},{"floor":43,"key":"Nunchaku"},{"floor":44,"key":"infinitespire:Eraser"},{"floor":44,"key":"Potion Belt"}],"event_choices":[{"damage_healed":0,"gold_gain":0,"player_choice":"Success","damage_taken":7,"relics_obtained":["Du-Vu Doll"],"max_hp_gain":0,"max_hp_loss":0,"event_name":"Scrap Ooze","floor":5,"gold_loss":0},{"damage_healed":0,"gold_gain":0,"player_choice":"Bought 0 Potions","damage_taken":0,"max_hp_gain":0,"max_hp_loss":0,"event_name":"The Woman in Blue","floor":12,"gold_loss":0},{"damage_healed":0,"gold_gain":0,"player_choice":"Ignored","damage_taken":0,"max_hp_gain":0,"max_hp_loss":0,"event_name":"Ghosts","floor":22,"gold_loss":0},{"damage_healed":0,"gold_gain":0,"player_choice":"Embrace Madness","damage_taken":10,"max_hp_gain":0,"max_hp_loss":0,"event_name":"Winding Halls","floor":37,"gold_loss":0,"cards_obtained":["Madness","Madness"]}],"is_beta":false,"boss_relics":[{"not_picked":["Busted Crown","Ectoplasm"],"picked":"Coffee Dripper"},{"not_picked":["hubris:GrandSneckoEye","Runic Dome"],"picked":"Black Star"}],"items_purged_floors":[20,39],"is_endless":true,"potions_floor_spawned":[2,4,6,16,21,23,27,29,30,33,35,40,44],"killed_by":"Nemesis","ascension_level":0}}