{"host":"6p0attdrtjqaih7v","time":1610481275,"event":{"mods":["2.2 Compatiblity","AchievementEnabler","Bard","BaseMod","Better Skull","Better Third Choice","Colored Powertips","Hermit","Highlight Path","Jorbs\u0027s Wanderer Trilogy","Key Reminder","Minty Spire (QoL Compilation)","Permanent Neow","Quick Restart","Random Character Button","Relic Stats","Replay The Spire","Robot Space Explorer","StSLib"],"gold_per_floor":[119,139,139,89,103,130,130,161,173,38,38,57,85,105,105,203,203,223,243,49,49,61,61,90,90,117,134,134,164,181,195,195,291,291,308,308,328,328,341,341,371,104,104,104,137,154,165,209,209,209],"floor_reached":51,"playtime":2082,"items_purged":["RobotSpaceExplorer:Defend","RobotSpaceExplorer:Strike"],"score":1224,"play_id":"30eaf361-014a-44de-8aca-be330fa4e3a6","local_time":"20210112145435","is_ascension_mode":true,"campfire_choices":[{"data":"RobotSpaceExplorer:PowerCollector","floor":11,"key":"SMITH"},{"data":"RobotSpaceExplorer:ExhaustFan","floor":15,"key":"SMITH"},{"data":"RobotSpaceExplorer:LaserBurst","floor":23,"key":"SMITH"},{"data":"RobotSpaceExplorer:MiniLasers","floor":25,"key":"SMITH"},{"data":"RobotSpaceExplorer:Accelerator","floor":28,"key":"SMITH"},{"floor":32,"key":"REST"},{"floor":40,"key":"REST"},{"floor":44,"key":"REST"},{"floor":49,"key":"REST"}],"circlet_count":0,"master_deck":["RobotSpaceExplorer:Strike","RobotSpaceExplorer:Strike","RobotSpaceExplorer:Defend","RobotSpaceExplorer:Defend","RobotSpaceExplorer:Defend","RobotSpaceExplorer:Scan","RobotSpaceExplorer:MiniLasers+1","RobotSpaceExplorer:DroneSwarm","RobotSpaceExplorer:PowerCollector+1","RobotSpaceExplorer:MiniDrones","RobotSpaceExplorer:Probe","RobotSpaceExplorer:FrostMissile","RobotSpaceExplorer:ExhaustFan+1","RobotSpaceExplorer:ScrapShield","RobotSpaceExplorer:ScrapToss","RobotSpaceExplorer:TrailblazerForm","RobotSpaceExplorer:MiniDrones","RobotSpaceExplorer:PowerCollector","RobotSpaceExplorer:PowerCollector","RobotSpaceExplorer:LaserBurst+1","RobotSpaceExplorer:Accelerator+1","RobotSpaceExplorer:ScrapToss","RobotSpaceExplorer:MiniDrones","RobotSpaceExplorer:Smokescreen+1","RobotSpaceExplorer:FreezeRay","RobotSpaceExplorer:FreezeRay","RobotSpaceExplorer:DualCore+1","RobotSpaceExplorer:StarDust+1"],"relics":["RobotSpaceExplorer:RoboCore","RobotSpaceExplorer:FoglandsKnife","Mummified Hand","MawBank","Blue Doll","ReplayTheSpireMod:TigerMarble","Velvet Choker","Membership Card","Simple Rune","Akabeko","Regal Pillow","Fusion Hammer","Ancient Tea Set","Anchor","Garlic","FossilizedHelix","Frozen Egg 2","Quantum Egg"],"acts_visited":["Exordium","TheCity","TheBeyond"],"potions_floor_usage":[6,8,16,19,30,50,50,50],"damage_taken":[{"damage":1,"enemies":"Small Slimes","floor":1,"turns":4},{"damage":0,"enemies":"Cultist","floor":2,"turns":4},{"damage":2,"enemies":"Jaw Worm","floor":5,"turns":4},{"damage":8,"enemies":"Gremlin Nob","floor":6,"turns":5},{"damage":1,"enemies":"Lagavulin","floor":8,"turns":6},{"damage":0,"enemies":"3 Louse","floor":12,"turns":2},{"damage":0,"enemies":"3 Sentries","floor":13,"turns":4},{"damage":0,"enemies":"Large Slime","floor":14,"turns":2},{"damage":0,"enemies":"Hexaghost","floor":16,"turns":4},{"damage":2,"enemies":"Shell Parasite","floor":18,"turns":6},{"damage":3,"enemies":"3 Byrds","floor":19,"turns":4},{"damage":6,"enemies":"Snake Plant","floor":22,"turns":3},{"damage":16,"enemies":"Replay:Snechameleon","floor":24,"turns":4},{"damage":5,"enemies":"Centurion and Healer","floor":27,"turns":5},{"damage":13,"enemies":"Slavers","floor":29,"turns":3},{"damage":0,"enemies":"Snecko","floor":30,"turns":3},{"damage":0,"enemies":"3 Cultists","floor":31,"turns":3},{"damage":8,"enemies":"Pondfish","floor":33,"turns":7},{"damage":0,"enemies":"Orb Walker","floor":35,"turns":1},{"damage":14,"enemies":"3 Darklings","floor":37,"turns":4},{"damage":30,"enemies":"Writhing Mass","floor":39,"turns":5},{"damage":27,"enemies":"Reptomancer","floor":41,"turns":4},{"damage":0,"enemies":"Nemesis","floor":45,"turns":4},{"damage":0,"enemies":"4 Shapes","floor":46,"turns":3},{"damage":0,"enemies":"Maw","floor":47,"turns":5},{"damage":0,"enemies":"Time Eater","floor":50,"turns":6}],"seed_played":"-5097195258181168803","potions_obtained":[{"floor":1,"key":"Cursed Concoction"},{"floor":5,"key":"Adrenaline Potion"},{"floor":14,"key":"AttackPotion"},{"floor":16,"key":"EssenceOfSteel"},{"floor":18,"key":"ColorlessPotion"},{"floor":24,"key":"GamblersBrew"},{"floor":27,"key":"SpeedPotion"},{"floor":30,"key":"Toxic Potion"},{"floor":38,"key":"LiquidMemories"},{"floor":45,"key":"Flashbang"}],"is_trial":false,"path_per_floor":["M","M","?","$","M","E","?","E","T","$","R","M","E","M","R","B",null,"M","M","$","?","M","R","E","R","T","M","R","E","M","M","R","B",null,"M","?","M","?","M","R","E","$","T","R","E","M","M","?","R","B",null],"character_chosen":"RobotSpaceExplorer","items_purchased":["Adrenaline Potion","RobotSpaceExplorer:ExhaustFan","RobotSpaceExplorer:PowerCollector","Membership Card","Anchor","Garlic","RobotSpaceExplorer:FreezeRay"],"campfire_rested":4,"item_purchase_floors":[4,10,20,20,42,42,42],"current_hp_per_floor":[53,53,46,46,44,36,36,35,35,35,35,35,35,35,35,35,75,73,70,70,70,64,64,48,48,48,43,43,30,30,30,67,59,75,75,75,61,61,31,68,41,41,41,75,75,75,75,75,75,75],"gold":209,"neow_bonus":"THREE_RARE_CARDS","is_daily":false,"chose_seed":false,"campfire_upgraded":5,"win_rate":0.0,"timestamp":1610481275,"path_taken":["M","M","?","$","M","E","?","E","T","$","R","?","E","M","R","BOSS","M","M","$","?","M","R","E","R","T","M","R","E","M","M","R","BOSS","M","?","M","?","?","R","E","$","T","R","E","M","M","?","R","BOSS"],"items_purchased_type":["Potion","Card","Card","Relic","Relic","Relic","Card"],"build_version":"2020-12-22","purchased_purges":2,"victory":true,"max_hp_per_floor":[75,75,75,75,75,75,75,75,75,75,75,75,75,75,75,75,75,75,75,75,75,75,75,75,75,75,75,75,75,75,75,75,75,75,75,75,75,75,75,75,75,75,75,75,75,75,75,75,75,75],"relic_stats":{"Regal Pillow":42,"counters":[26,105],"Mummified Hand":[127],"MawBank":24,"obtain_stats":[{"Regal Pillow":29,"Quantum Egg":48,"Velvet Choker":17,"RobotSpaceExplorer:RoboCore":0,"Blue Doll":9,"Frozen Egg 2":45,"MawBank":8,"Ancient Tea Set":41,"Akabeko":26,"RobotSpaceExplorer:FoglandsKnife":6,"Anchor":42,"Mummified Hand":7,"Simple Rune":24,"Fusion Hammer":34,"ReplayTheSpireMod:TigerMarble":13,"Garlic":42,"Membership Card":20,"FossilizedHelix":43},{"Regal Pillow":15,"Quantum Egg":25,"Velvet Choker":9,"RobotSpaceExplorer:RoboCore":0,"Blue Doll":5,"Frozen Egg 2":23,"MawBank":5,"Ancient Tea Set":22,"Akabeko":13,"RobotSpaceExplorer:FoglandsKnife":4,"Anchor":22,"Mummified Hand":4,"Simple Rune":13,"Fusion Hammer":18,"ReplayTheSpireMod:TigerMarble":7,"Garlic":22,"Membership Card":11,"FossilizedHelix":22},{"Regal Pillow":60,"Quantum Egg":99,"Velvet Choker":35,"RobotSpaceExplorer:RoboCore":0,"Blue Doll":23,"Frozen Egg 2":91,"MawBank":23,"Ancient Tea Set":87,"Akabeko":52,"RobotSpaceExplorer:FoglandsKnife":17,"Anchor":87,"Mummified Hand":17,"Simple Rune":52,"Fusion Hammer":73,"ReplayTheSpireMod:TigerMarble":29,"Garlic":87,"Membership Card":45,"FossilizedHelix":87}]},"card_choices":[{"not_picked":["RobotSpaceExplorer:Scanner","RobotSpaceExplorer:TrailblazerForm"],"picked":"RobotSpaceExplorer:DroneSwarm","floor":0},{"not_picked":["RobotSpaceExplorer:ImprovisedAttack","RobotSpaceExplorer:FrostMissile"],"picked":"RobotSpaceExplorer:PowerCollector","floor":1},{"not_picked":["RobotSpaceExplorer:SlimeMissile","RobotSpaceExplorer:Reload","RobotSpaceExplorer:BigMissile"],"picked":"SKIP","floor":2},{"not_picked":["RobotSpaceExplorer:SurgingShield","RobotSpaceExplorer:ExhaustFan"],"picked":"RobotSpaceExplorer:MiniDrones","floor":5},{"not_picked":["RobotSpaceExplorer:Fix","RobotSpaceExplorer:StarDust"],"picked":"RobotSpaceExplorer:Probe","floor":6},{"not_picked":["RobotSpaceExplorer:PlasmaMissile","RobotSpaceExplorer:Ammunition"],"picked":"RobotSpaceExplorer:FrostMissile","floor":8},{"not_picked":["RobotSpaceExplorer:GlueSpray","RobotSpaceExplorer:PowerGlove"],"picked":"RobotSpaceExplorer:ScrapShield","floor":12},{"not_picked":["RobotSpaceExplorer:FrostMissile","RobotSpaceExplorer:Electropulse","RobotSpaceExplorer:Ammunition"],"picked":"SKIP","floor":13},{"not_picked":["RobotSpaceExplorer:BigMissile","RobotSpaceExplorer:MetalStrike"],"picked":"RobotSpaceExplorer:ScrapToss","floor":14},{"not_picked":["RobotSpaceExplorer:BlastShield","RobotSpaceExplorer:Autoloader"],"picked":"RobotSpaceExplorer:TrailblazerForm","floor":16},{"not_picked":["RobotSpaceExplorer:ImprovisedAttack","RobotSpaceExplorer:ShockKick+1","RobotSpaceExplorer:FrostMissile"],"picked":"SKIP","floor":18},{"not_picked":["RobotSpaceExplorer:ScrapMissile","RobotSpaceExplorer:StunGrenade"],"picked":"RobotSpaceExplorer:MiniDrones","floor":19},{"not_picked":["RobotSpaceExplorer:JunkDive","RobotSpaceExplorer:GlueShot"],"picked":"RobotSpaceExplorer:LaserBurst","floor":22},{"not_picked":["RobotSpaceExplorer:StunGrenade","RobotSpaceExplorer:ImprovisedAttack","RobotSpaceExplorer:MetalStrike"],"picked":"SKIP","floor":24},{"not_picked":["RobotSpaceExplorer:Blitz+1","RobotSpaceExplorer:SwiftStep"],"picked":"RobotSpaceExplorer:Accelerator","floor":27},{"not_picked":["RobotSpaceExplorer:StunGrenade+1","RobotSpaceExplorer:ShovelStrike"],"picked":"RobotSpaceExplorer:ScrapToss","floor":29},{"not_picked":["RobotSpaceExplorer:SurgingShield","RobotSpaceExplorer:MiniDrones"],"picked":"RobotSpaceExplorer:LuckyStrike","floor":30},{"not_picked":["RobotSpaceExplorer:GlueShot+1","RobotSpaceExplorer:SwiftStep"],"picked":"RobotSpaceExplorer:MiniDrones","floor":31},{"not_picked":["RobotSpaceExplorer:SlimeMissile+1","RobotSpaceExplorer:MetalStrike","RobotSpaceExplorer:SurgingShield+1"],"picked":"SKIP","floor":35},{"not_picked":["RobotSpaceExplorer:MetalStrike","RobotSpaceExplorer:Probe+1"],"picked":"RobotSpaceExplorer:Smokescreen+1","floor":37},{"not_picked":["RobotSpaceExplorer:MetalStrike+1","RobotSpaceExplorer:ShockKick+1","RobotSpaceExplorer:Counterblock"],"picked":"SKIP","floor":39},{"not_picked":["RobotSpaceExplorer:Fix","RobotSpaceExplorer:Counterblock+1","RobotSpaceExplorer:Reload"],"picked":"SKIP","floor":41},{"not_picked":["RobotSpaceExplorer:GlueShot+1","RobotSpaceExplorer:Probe+1"],"picked":"RobotSpaceExplorer:DualCore+1","floor":45},{"not_picked":["RobotSpaceExplorer:MetalStrike","RobotSpaceExplorer:FrostMissile","RobotSpaceExplorer:ShockKick+1"],"picked":"SKIP","floor":46},{"not_picked":["RobotSpaceExplorer:SlimeMissile+1","RobotSpaceExplorer:Blaster"],"picked":"RobotSpaceExplorer:StarDust+1","floor":47}],"player_experience":814125,"relics_obtained":[{"floor":6,"key":"RobotSpaceExplorer:FoglandsKnife"},{"floor":7,"key":"Mummified Hand"},{"floor":8,"key":"MawBank"},{"floor":9,"key":"Blue Doll"},{"floor":13,"key":"ReplayTheSpireMod:TigerMarble"},{"floor":24,"key":"Simple Rune"},{"floor":26,"key":"Akabeko"},{"floor":29,"key":"Regal Pillow"},{"floor":41,"key":"Ancient Tea Set"},{"floor":43,"key":"FossilizedHelix"},{"floor":45,"key":"Frozen Egg 2"},{"floor":48,"key":"Quantum Egg"}],"event_choices":[{"cards_removed":["RobotSpaceExplorer:Strike"],"damage_healed":0,"gold_gain":0,"player_choice":"Card Removal","damage_taken":7,"max_hp_gain":0,"max_hp_loss":0,"event_name":"Golden Wing","floor":3,"gold_loss":0},{"damage_healed":0,"gold_gain":0,"player_choice":"Relic","damage_taken":0,"max_hp_gain":0,"max_hp_loss":0,"event_name":"Wheel of Change","floor":7,"gold_loss":0},{"cards_removed":["RobotSpaceExplorer:LuckyStrike"],"damage_healed":0,"gold_gain":0,"player_choice":"Removed Attack","damage_taken":0,"max_hp_gain":0,"max_hp_loss":0,"event_name":"Falling","floor":36,"gold_loss":0},{"damage_healed":0,"gold_gain":0,"player_choice":"Got Potions","damage_taken":0,"max_hp_gain":0,"max_hp_loss":0,"event_name":"Lab","floor":38,"gold_loss":0}],"is_beta":false,"boss_relics":[{"not_picked":["Black Star","RobotSpaceExplorer:Reprocessor"],"picked":"Velvet Choker"},{"not_picked":["RobotSpaceExplorer:TurboCore","SlaversCollar"],"picked":"Fusion Hammer"}],"items_purged_floors":[10,42],"is_endless":false,"potions_floor_spawned":[1,5,14,16,18,24,27,30,35,41,45],"ascension_level":2}}