{"host":"m2106ztvmcgfoyc9","time":1610465615,"event":{"mods":["BaseMod","Minty Spire (QoL Compilation)","Relic Stats"],"gold_per_floor":[116,134,134,134,151,151,171,207,232,232,27,71,71,97,97,180,189,212,233,233,259,269,269,305,305,305,333,9,18,18,43,43,127,127,148,166,189,198,198,198,198],"floor_reached":40,"playtime":1404,"items_purged":["Strike_B"],"score":836,"play_id":"071eecb1-034e-4a80-871e-a4af18c1081f","local_time":"20210112163335","is_ascension_mode":true,"campfire_choices":[{"data":"Static Discharge","floor":6,"key":"SMITH"},{"floor":10,"key":"REST"},{"data":"Defragment","floor":13,"key":"SMITH"},{"floor":15,"key":"REST"},{"floor":23,"key":"REST"},{"floor":25,"key":"REST"},{"data":"Loop","floor":32,"key":"SMITH"},{"floor":40,"key":"REST"}],"circlet_count":0,"master_deck":["AscendersBane","Strike_B","Strike_B","Defend_B","Defend_B","Defend_B","Zap","Dualcast","Static Discharge+1","Conserve Battery","Cold Snap","Streamline","Static Discharge","Defragment+1","Cold Snap","Cold Snap","Echo Form","CurseOfTheBell","Sunder+1","Doom and Gloom","Fusion","Meteor Strike","Loop+1","Capacitor","Tempest","Seek","Turbo","Ball Lightning+1","Master of Strategy"],"relics":["Cracked Core","Ice Cream","CeramicFish","Potion Belt","Happy Flower","Calling Bell","Bag of Marbles","HornCleat","Peace Pipe","Smiling Mask","Gremlin Horn","Lee\u0027s Waffle","Runic Dome"],"acts_visited":["Exordium","TheCity","TheBeyond"],"potions_floor_usage":[7,12,12,16,22,22,37,37,37,37,37,37,37],"damage_taken":[{"damage":7,"enemies":"Small Slimes","floor":1,"turns":3},{"damage":4,"enemies":"2 Louse","floor":2,"turns":2},{"damage":1,"enemies":"Cultist","floor":5,"turns":3},{"damage":22,"enemies":"Exordium Thugs","floor":7,"turns":5},{"damage":21,"enemies":"Lagavulin","floor":8,"turns":6},{"damage":12,"enemies":"3 Sentries","floor":12,"turns":6},{"damage":11,"enemies":"Looter","floor":14,"turns":2},{"damage":15,"enemies":"Hexaghost","floor":16,"turns":7},{"damage":4,"enemies":"Spheric Guardian","floor":18,"turns":4},{"damage":4,"enemies":"3 Byrds","floor":19,"turns":2},{"damage":8,"enemies":"Cultist and Chosen","floor":21,"turns":5},{"damage":23,"enemies":"Snecko","floor":22,"turns":4},{"damage":26,"enemies":"Book of Stabbing","floor":24,"turns":4},{"damage":17,"enemies":"Snake Plant","floor":27,"turns":2},{"damage":28,"enemies":"Centurion and Healer","floor":31,"turns":6},{"damage":77,"enemies":"Collector","floor":33,"turns":8},{"damage":16,"enemies":"3 Shapes","floor":35,"turns":2},{"damage":35,"enemies":"3 Darklings","floor":36,"turns":4},{"damage":6,"enemies":"Sphere and 2 Shapes","floor":37,"turns":4}],"seed_played":"6024362870002088004","potions_obtained":[{"floor":1,"key":"BlessingOfTheForge"},{"floor":2,"key":"SkillPotion"},{"floor":5,"key":"Fire Potion"},{"floor":12,"key":"Strength Potion"},{"floor":19,"key":"Strength Potion"},{"floor":24,"key":"FairyPotion"},{"floor":27,"key":"Explosive Potion"},{"floor":37,"key":"DuplicationPotion"}],"is_trial":false,"path_per_floor":["M","M","?","?","M","R","M","E","T","R","$","E","R","M","R","B",null,"M","M","?","M","M","R","E","R","T","M","$","?","?","M","R","B",null,"M","M","M","?","?","R"],"character_chosen":"DEFECT","items_purchased":["Defragment","Regen Potion","Explosive Potion","Lee\u0027s Waffle","EntropicBrew"],"campfire_rested":5,"item_purchase_floors":[11,11,11,28,28],"current_hp_per_floor":[57,53,46,46,45,45,23,2,2,21,21,24,24,13,32,17,52,48,44,44,36,13,32,6,25,25,8,71,71,71,43,43,21,59,43,8,2,2,2,22,22],"gold":198,"neow_bonus":"ONE_RARE_RELIC","is_daily":false,"chose_seed":false,"campfire_upgraded":3,"win_rate":0.0,"timestamp":1610465615,"path_taken":["M","M","?","?","M","R","M","E","T","R","$","E","R","M","R","BOSS","M","M","?","M","?","R","E","R","T","M","$","?","?","M","R","BOSS","M","M","?","?","?","R"],"items_purchased_type":["Card","Potion","Potion","Relic","Potion"],"build_version":"2020-12-22","purchased_purges":1,"victory":false,"max_hp_per_floor":[64,64,64,64,64,64,64,64,64,64,64,64,64,64,64,64,64,64,64,64,64,64,64,64,64,64,64,71,71,71,71,71,71,71,71,71,71,71,67,67,67],"relic_stats":{"Peace Pipe":0,"Lee\u0027s Waffle":63,"Happy Flower":[18],"Gremlin Horn":[10,10],"counters":[19,79],"CeramicFish":153,"Smiling Mask":25,"obtain_stats":[{"Ice Cream":0,"Potion Belt":9,"Lee\u0027s Waffle":28,"Happy Flower":12,"Gremlin Horn":26,"CeramicFish":8,"Smiling Mask":24,"Calling Bell":17,"Peace Pipe":17,"Runic Dome":34,"HornCleat":17,"Bag of Marbles":17,"Cracked Core":0},{"Ice Cream":0,"Potion Belt":5,"Lee\u0027s Waffle":14,"Happy Flower":6,"Gremlin Horn":13,"CeramicFish":5,"Smiling Mask":13,"Calling Bell":8,"Peace Pipe":8,"Runic Dome":16,"HornCleat":8,"Bag of Marbles":8,"Cracked Core":0},{"Ice Cream":0,"Potion Belt":19,"Lee\u0027s Waffle":55,"Happy Flower":25,"Gremlin Horn":53,"CeramicFish":19,"Smiling Mask":53,"Calling Bell":34,"Peace Pipe":34,"Runic Dome":69,"HornCleat":34,"Bag of Marbles":34,"Cracked Core":0}]},"card_choices":[{"not_picked":["Aggregate","Skim"],"picked":"Static Discharge","floor":1},{"not_picked":["Barrage","Go for the Eyes"],"picked":"Conserve Battery","floor":2},{"not_picked":["Redo","Chill"],"picked":"Cold Snap","floor":5},{"not_picked":["Reprogram","Darkness"],"picked":"Streamline","floor":7},{"not_picked":["Streamline","Multi-Cast"],"picked":"Static Discharge","floor":8},{"not_picked":["Rebound","Barrage"],"picked":"Cold Snap","floor":12},{"not_picked":["Streamline","Beam Cell"],"picked":"Cold Snap","floor":14},{"not_picked":["Amplify","Core Surge"],"picked":"Echo Form","floor":16},{"not_picked":["Stack","Lockon"],"picked":"Sunder","floor":18},{"not_picked":["Compile Driver","Hello World+1"],"picked":"Doom and Gloom","floor":19},{"not_picked":["Cold Snap","Auto Shields"],"picked":"Fusion","floor":21},{"not_picked":["Streamline","Hello World+1","Rebound"],"picked":"SKIP","floor":22},{"not_picked":["Stack","Sweeping Beam"],"picked":"Meteor Strike","floor":24},{"not_picked":["Lockon","Compile Driver"],"picked":"Loop","floor":27},{"not_picked":["Consume","Gash"],"picked":"Tempest","floor":31},{"not_picked":["Electrodynamics","Reboot"],"picked":"Seek","floor":33},{"not_picked":["Fusion","Gash"],"picked":"Turbo","floor":35},{"not_picked":["Barrage","Stack","Beam Cell+1"],"picked":"SKIP","floor":36},{"not_picked":["Rebound","Redo"],"picked":"Ball Lightning+1","floor":37},{"not_picked":["Apotheosis","Deep Breath"],"picked":"Master of Strategy","floor":38}],"player_experience":976651,"relics_obtained":[{"floor":8,"key":"CeramicFish"},{"floor":9,"key":"Potion Belt"},{"floor":12,"key":"Happy Flower"},{"floor":17,"key":"Bag of Marbles"},{"floor":17,"key":"HornCleat"},{"floor":17,"key":"Peace Pipe"},{"floor":24,"key":"Smiling Mask"},{"floor":26,"key":"Gremlin Horn"}],"event_choices":[{"cards_removed":["Defend_B"],"damage_healed":0,"gold_gain":0,"player_choice":"Card Removal","damage_taken":7,"max_hp_gain":0,"max_hp_loss":0,"event_name":"Golden Wing","floor":3,"gold_loss":0},{"damage_healed":0,"gold_gain":0,"player_choice":"Ignored","damage_taken":0,"max_hp_gain":0,"max_hp_loss":0,"event_name":"Liars Game","floor":4,"gold_loss":0},{"damage_healed":0,"gold_gain":0,"player_choice":"Upgraded","damage_taken":0,"max_hp_gain":0,"max_hp_loss":0,"event_name":"Upgrade Shrine","floor":20,"gold_loss":0,"cards_upgraded":["Sunder"]},{"damage_healed":0,"gold_gain":0,"player_choice":"Read","damage_taken":0,"max_hp_gain":0,"max_hp_loss":0,"event_name":"The Library","floor":29,"gold_loss":0,"cards_obtained":["Capacitor"]},{"cards_removed":["Strike_B"],"damage_healed":0,"gold_gain":0,"player_choice":"Purged","damage_taken":0,"max_hp_gain":0,"max_hp_loss":0,"event_name":"Purifier","floor":30,"gold_loss":0},{"damage_healed":0,"gold_gain":0,"player_choice":"Memory 1","damage_taken":0,"max_hp_gain":0,"max_hp_loss":0,"event_name":"SensoryStone","floor":38,"gold_loss":0},{"damage_healed":0,"gold_gain":0,"player_choice":"Max HP","damage_taken":0,"max_hp_gain":0,"max_hp_loss":4,"event_name":"Winding Halls","floor":39,"gold_loss":0}],"is_beta":false,"boss_relics":[{"not_picked":["FrozenCore","Empty Cage"],"picked":"Calling Bell"},{"not_picked":["Black Star","SlaversCollar"],"picked":"Runic Dome"}],"items_purged_floors":[28],"is_endless":false,"potions_floor_spawned":[1,2,5,12,19,24,27,37],"ascension_level":20}}