{"host":"poshtwjux72eqzmy","time":1610418886,"event":{"mods":["BaseMod","Bestiary","Block Reminder","Downfall","Highlight Path","Minty Spire (QoL Compilation)","Relic Stats","StSLib","ojb\u0027s Info Mod"],"gold_per_floor":[99,117,117,128,228,228,275,288,213,10,30,63,22,52,64,169,169,94,94,41,59,78,92,92,119,119,34,134,134,215,248,264,369,369,369,384,384,398,449,449,449,14,114,132,144,144,160,187,210,222],"floor_reached":51,"playtime":6292,"items_purged":["Guardian:Defend_Guardian","Guardian:Strike_Guardian","Guardian:Strike_Guardian"],"score":800,"play_id":"f0cb5a92-0bbe-4b5e-87a6-55c71dbfdb2e","local_time":"20210112043446","is_ascension_mode":false,"campfire_choices":[{"floor":1,"key":"RECALL"},{"data":"Guardian:RollAttack","floor":9,"key":"SMITH"},{"data":"Guardian:SphericShield","floor":18,"key":"SMITH"},{"data":"Guardian:Planning","floor":26,"key":"SMITH"},{"data":"Guardian:DecasProtection","floor":35,"key":"SMITH"}],"circlet_count":0,"master_deck":["Guardian:Strike_Guardian","Guardian:Strike_Guardian","Guardian:Defend_Guardian+1","Guardian:CurlUp+1","Guardian:RollAttack+1","Guardian:Planning+1","Guardian:SphericShield+1","Guardian:EvasiveProtocol+1","Guardian:TimeBomb","Guardian:ChargeUp","Guardian:DecasProtection+1","Guardian:Repulse","Guardian:ChargeUp","Guardian:RevengeProtocol","Guardian:ShieldSpikes","Guardian:ArmoredProtocol","Guardian:Preprogram","Guardian:AncientConstruct","Guardian:Gem_Cyan","Guardian:Gem_White","Guardian:ShieldSpikes","Guardian:Emergency+1","Guardian:SphericShield+1","Guardian:Clone+1","Guardian:Harden+1","Guardian:SpikerProtocol","Guardian:PiercingHide+1","The Bomb+1","Guardian:BronzeArmor+1","Guardian:Suspension+1","Guardian:DecasProtection+1","Guardian:Recover+1","Guardian:ShieldCharger+1"],"relics":["Guardian:ModeShifter","War Paint","downfall:BrokenWingStatue","Omamori","downfall:HeartBlessingRed","Membership Card","Pear","Sundial","Philosopher\u0027s Stone","downfall:HeartBlessingGreen","Mercury Hourglass","Juzu Bracelet","Incense Burner","Toxic Egg 2","Runic Pyramid","Torii","Strawberry","Lantern","OrangePellets","downfall:GremlinWheel","MawBank"],"acts_visited":["Exordium","TheCity","TheBeyond"],"potions_floor_usage":[11,12,15,16,30,31,33,33,39,44,47],"damage_taken":[{"damage":0,"enemies":"2 Louse","floor":2,"turns":2},{"damage":2,"enemies":"Small Slimes","floor":4,"turns":3},{"damage":39,"enemies":"downfall:Heads","floor":5,"turns":10},{"damage":4,"enemies":"Jaw Worm","floor":8,"turns":4},{"damage":0,"enemies":"downfall:FleeingMerchant","floor":10,"turns":4},{"damage":8,"enemies":"Exordium Thugs","floor":11,"turns":4},{"damage":13,"enemies":"Lagavulin","floor":12,"turns":6},{"damage":0,"enemies":"downfall:FleeingMerchant","floor":13,"turns":4},{"damage":7,"enemies":"3 Sentries","floor":14,"turns":5},{"damage":11,"enemies":"Red Slaver","floor":15,"turns":3},{"damage":11,"enemies":"downfall:Silent","floor":16,"turns":9},{"damage":0,"enemies":"downfall:FleeingMerchant","floor":20,"turns":4},{"damage":0,"enemies":"3 Byrds","floor":21,"turns":4},{"damage":5,"enemies":"Shell Parasite","floor":22,"turns":5},{"damage":9,"enemies":"Centurion and Healer","floor":23,"turns":8},{"damage":11,"enemies":"Book of Stabbing","floor":25,"turns":5},{"damage":0,"enemies":"downfall:FleeingMerchant","floor":27,"turns":4},{"damage":0,"enemies":"downfall:FleeingMerchant","floor":30,"turns":4},{"damage":20,"enemies":"Slavers","floor":31,"turns":4},{"damage":0,"enemies":"Snecko","floor":32,"turns":6},{"damage":2,"enemies":"downfall:Watcher","floor":33,"turns":10},{"damage":0,"enemies":"Orb Walker","floor":36,"turns":4},{"damage":0,"enemies":"3 Shapes","floor":38,"turns":5},{"damage":14,"enemies":"2 Orb Walkers","floor":39,"turns":6},{"damage":1,"enemies":"2 Orb Walkers","floor":43,"turns":5},{"damage":0,"enemies":"Spire Growth","floor":44,"turns":9},{"damage":0,"enemies":"Sphere and 2 Shapes","floor":45,"turns":6},{"damage":26,"enemies":"Transient","floor":47,"turns":5},{"damage":1,"enemies":"Nemesis","floor":48,"turns":7},{"damage":0,"enemies":"4 Shapes","floor":49,"turns":5},{"damage":0,"enemies":"downfall:Defect","floor":50,"turns":11}],"seed_played":"1431236642020358869","potions_obtained":[{"floor":4,"key":"GamblersBrew"},{"floor":8,"key":"champ:CounterPotion"},{"floor":11,"key":"champ:CounterPotion"},{"floor":15,"key":"champ:CounterPotion"},{"floor":22,"key":"EssenceOfSteel"},{"floor":25,"key":"ColorlessPotion"},{"floor":31,"key":"DistilledChaos"},{"floor":32,"key":"EssenceOfSteel"},{"floor":38,"key":"GamblersBrew"},{"floor":39,"key":"sneckomod:MuddlingPotion"},{"floor":44,"key":"Swift Potion"},{"floor":46,"key":"EntropicBrew"},{"floor":46,"key":"LiquidMemories"},{"floor":47,"key":"DistilledChaos"}],"is_trial":false,"path_per_floor":["R","M","?","M","?","?","T","M","R","$","M","E","$","E","M","B",null,"R","?","$","M","M","M","T","E","R","$","?","?","$","E","M","B",null,"R","M","?","M","?","?","T","$","?","M","M","?","M","E","M","B",null],"character_chosen":"GUARDIAN","items_purchased":["Membership Card","Guardian:Gem_White","Fire Potion","Guardian:AncientConstruct","Guardian:Gem_White","Guardian:ShieldSpikes","Incense Burner","Strawberry","Lantern","OrangePellets","champ:CounterPotion","Guardian:SpikerProtocol","Guardian:PiercingHide+1","The Bomb+1"],"campfire_rested":0,"item_purchase_floors":[10,10,13,27,30,30,30,42,42,42,42,42,42,42],"current_hp_per_floor":[88,88,88,86,47,47,47,43,43,43,35,32,32,25,14,3,98,98,98,98,98,93,84,84,73,73,73,73,73,73,53,53,51,98,98,98,98,98,84,84,84,91,90,90,90,90,64,63,63,63],"gold":234,"neow_bonus":"TEN_PERCENT_HP_BONUS","is_daily":false,"chose_seed":false,"campfire_upgraded":4,"win_rate":0.0,"timestamp":1610418886,"path_taken":["R","M","?","M","?","?","T","M","R","$","M","E","$","E","M","BOSS","R","?","?","M","?","?","T","E","R","$","?","?","$","E","M","BOSS","R","M","?","M","?","?","T","?","?","M","M","?","M","E","M","BOSS"],"items_purchased_type":["Relic","Card","Potion","Card","Card","Card","Relic","Relic","Relic","Relic","Potion","Card","Card","Card"],"build_version":"2020-12-22","purchased_purges":3,"victory":true,"max_hp_per_floor":[88,88,88,88,88,88,88,88,88,88,88,98,98,98,98,98,98,98,98,98,98,98,98,98,98,98,98,98,98,98,98,98,98,98,98,98,98,98,98,98,98,105,105,105,105,105,105,105,105,105],"relic_stats":{"OrangePellets":[2],"Torii":2,"counters":[31,169],"Sundial":[20],"Juzu Bracelet":1,"War Paint":["Guardian:Defend_Guardian","Guardian:CurlUp"],"MawBank":36,"obtain_stats":[{"Lantern":42,"Pear":12,"downfall:HeartBlessingRed":9,"Torii":39,"Guardian:ModeShifter":0,"downfall:HeartBlessingGreen":18,"Omamori":7,"Juzu Bracelet":25,"Incense Burner":30,"War Paint":3,"MawBank":48,"Mercury Hourglass":24,"OrangePellets":42,"downfall:BrokenWingStatue":6,"downfall:GremlinWheel":43,"Sundial":14,"Strawberry":42,"Philosopher\u0027s Stone":17,"Membership Card":10,"Toxic Egg 2":31,"Runic Pyramid":34},{"Lantern":24,"Pear":7,"downfall:HeartBlessingRed":4,"Torii":24,"Guardian:ModeShifter":0,"downfall:HeartBlessingGreen":11,"Omamori":3,"Juzu Bracelet":16,"Incense Burner":18,"War Paint":1,"MawBank":29,"Mercury Hourglass":15,"OrangePellets":24,"downfall:BrokenWingStatue":3,"downfall:GremlinWheel":25,"Sundial":9,"Strawberry":24,"Philosopher\u0027s Stone":11,"Membership Card":5,"Toxic Egg 2":19,"Runic Pyramid":21},{"Lantern":123,"Pear":33,"downfall:HeartBlessingRed":19,"Torii":123,"Guardian:ModeShifter":0,"downfall:HeartBlessingGreen":54,"Omamori":15,"Juzu Bracelet":80,"Incense Burner":88,"War Paint":2,"MawBank":154,"Mercury Hourglass":75,"OrangePellets":123,"downfall:BrokenWingStatue":15,"downfall:GremlinWheel":128,"Sundial":42,"Strawberry":123,"Philosopher\u0027s Stone":54,"Membership Card":23,"Toxic Egg 2":92,"Runic Pyramid":108}],"Mercury Hourglass":[316]},"card_choices":[{"not_picked":["Guardian:WalkerClaw","Guardian:ShieldCharger"],"picked":"Guardian:RollAttack","floor":2},{"not_picked":["Guardian:WalkerClaw","Guardian:FloatingOrbs"],"picked":"Guardian:Planning","floor":4},{"not_picked":["Guardian:Gem_Purple","Guardian:ChargeCore"],"picked":"Guardian:SphericShield","floor":8},{"not_picked":["Guardian:PrimingBeam","Guardian:Gem_Cyan"],"picked":"Guardian:EvasiveProtocol","floor":10},{"not_picked":["Guardian:Gem_Fragmented","Guardian:Clone"],"picked":"Guardian:TimeBomb","floor":11},{"not_picked":["Guardian:TemporalStrike","Guardian:GuardianWhirl"],"picked":"Guardian:ChargeUp","floor":12},{"not_picked":["Guardian:Planning","Guardian:Suspension"],"picked":"Guardian:DecasProtection","floor":13},{"not_picked":["Guardian:GuardianWhirl","Guardian:Gem_Purple"],"picked":"Guardian:Repulse","floor":14},{"not_picked":["Guardian:Reroute","Guardian:TemporalShield"],"picked":"Guardian:ChargeUp","floor":15},{"not_picked":["Guardian:HyperBeam_Guardian","Guardian:FastForward"],"picked":"Guardian:RevengeProtocol","floor":16},{"not_picked":["Guardian:HyperBeam_Guardian","Guardian:Incinerate"],"picked":"Guardian:ShieldSpikes","floor":20},{"not_picked":["Guardian:RollAttack","Guardian:Recover+1"],"picked":"Guardian:Gem_White","floor":21},{"not_picked":["Guardian:TemporalShield","Guardian:VentSteam+1"],"picked":"Guardian:ArmoredProtocol","floor":22},{"not_picked":["Guardian:TimeCapacitor","Guardian:RollAttack","Guardian:CrystalBeam+1"],"picked":"SKIP","floor":23},{"not_picked":["Guardian:PrismaticBeam","Guardian:ChargeUp","Guardian:Emergency"],"picked":"SKIP","floor":25},{"not_picked":["Guardian:TimeCapacitor+1","Guardian:Planning"],"picked":"Guardian:Preprogram","floor":27},{"not_picked":["Guardian:Gem_Green","Guardian:Gem_Red"],"picked":"Guardian:Gem_Cyan","floor":30},{"not_picked":["Guardian:FloatingOrbs","Guardian:Gem_Crimson"],"picked":"Guardian:Emergency+1","floor":31},{"not_picked":["Guardian:Emergency+1","Guardian:TemporalShield+1","Guardian:MultiBeam"],"picked":"SKIP","floor":32},{"not_picked":["Guardian:HyperBeam_Guardian","Guardian:StasisField+1"],"picked":"Guardian:SphericShield+1","floor":33},{"not_picked":["Guardian:ChargeCore","Guardian:TimeCapacitor","Guardian:PrimingBeam+1"],"picked":"SKIP","floor":36},{"not_picked":["Guardian:TemporalStrike","Guardian:RollAttack"],"picked":"Guardian:Clone+1","floor":38},{"not_picked":["Guardian:SentryBeam+1","Guardian:Emergency+1"],"picked":"Guardian:Harden+1","floor":39},{"not_picked":["Guardian:VentSteam+1","Guardian:Recover+1"],"picked":"Guardian:BronzeArmor+1","floor":44},{"not_picked":["Guardian:RefractedBeam+1","Guardian:Emergency+1"],"picked":"Guardian:Suspension+1","floor":45},{"not_picked":["Guardian:Preprogram+1","Guardian:ChargeCore"],"picked":"Guardian:DecasProtection+1","floor":47},{"not_picked":["Guardian:SentryBeam+1","Guardian:Reroute+1"],"picked":"Guardian:Recover+1","floor":48},{"not_picked":["Guardian:GuardianWhirl+1","Guardian:AncientConstruct"],"picked":"Guardian:ShieldCharger+1","floor":49}],"player_experience":1070390,"relics_obtained":[{"floor":7,"key":"Omamori"},{"floor":12,"key":"Pear"},{"floor":14,"key":"Sundial"},{"floor":24,"key":"Mercury Hourglass"},{"floor":25,"key":"Juzu Bracelet"},{"floor":31,"key":"Toxic Egg 2"},{"floor":39,"key":"Torii"},{"floor":43,"key":"downfall:GremlinWheel"},{"floor":48,"key":"MawBank"}],"event_choices":[{"damage_healed":0,"gold_gain":0,"player_choice":"Box","damage_taken":0,"relics_obtained":["War Paint"],"max_hp_gain":0,"max_hp_loss":0,"event_name":"Big Fish","floor":3,"gold_loss":0,"cards_obtained":["Regret"]},{"damage_healed":0,"gold_gain":0,"player_choice":"Upgraded","damage_taken":0,"max_hp_gain":0,"max_hp_loss":0,"event_name":"Upgrade Shrine","floor":19,"gold_loss":0,"cards_upgraded":["Guardian:EvasiveProtocol"]},{"cards_removed":["Guardian:Defend_Guardian"],"damage_healed":0,"gold_gain":0,"player_choice":"Card Removal","damage_taken":0,"max_hp_gain":0,"max_hp_loss":0,"event_name":"Wheel of Change","floor":29,"gold_loss":0},{"cards_removed":["Guardian:TwinSlam"],"damage_healed":0,"gold_gain":0,"player_choice":"Removed Attack","damage_taken":0,"max_hp_gain":0,"max_hp_loss":0,"event_name":"Falling","floor":37,"gold_loss":0},{"damage_healed":0,"gold_gain":0,"player_choice":"Fight","damage_taken":0,"max_hp_gain":0,"max_hp_loss":0,"event_name":"Mysterious Sphere","floor":39,"gold_loss":0},{"damage_healed":0,"gold_gain":0,"player_choice":"Got Potions","damage_taken":0,"max_hp_gain":0,"max_hp_loss":0,"event_name":"Lab","floor":46,"gold_loss":0}],"is_beta":false,"boss_relics":[{"not_picked":["Guardian:StasisSlotReductionRelic","Guardian:ModeShifterPlus"],"picked":"Philosopher\u0027s Stone"},{"not_picked":["Fusion Hammer","Runic Dome"],"picked":"Runic Pyramid"}],"items_purged_floors":[20,30,42],"is_endless":false,"potions_floor_spawned":[4,8,11,15,22,25,31,32,38,39,44,47,49],"ascension_level":0}}