{"host":"dn6kke80v5f7isus","time":1610435987,"event":{"mods":["AchievementEnabler","Act Like it!","BaseMod","Colored Powertips","Custom Start","Defuse TimeMaze Blight","Downfall","Duelist Mod","Gremlin Skip","Highlight Path","Hubris","Infinite Spire","Minty Spire (QoL Compilation)","Rare Cards Sparkle","Replay The Spire","StSLib","Uncapped"],"gold_per_floor":[99,99,99,199,199,227,227,77,102,102,113,113,113,17,29,132,132,132,148,166,166,151,151,151,164,199,84,84,84,84],"floor_reached":28,"playtime":1071,"items_purged":["Replay:Hysterical Blindness","hexamod:Strike"],"score":265,"play_id":"c99ed0d8-995d-45b3-9aed-8d29b0e0ae0c","local_time":"20210112021947","is_ascension_mode":false,"campfire_choices":[{"floor":1,"key":"RECALL"},{"data":"hexamod:Incineration","floor":8,"key":"SMITH"},{"data":"hexamod:Rewind","floor":10,"key":"SMITH"},{"data":"hexamod:Hexaguard","floor":12,"key":"SMITH"},{"data":"hexamod:Strike","floor":18,"key":"PURGE"},{"data":"hexamod:SearingWound","floor":23,"key":"SMITH"}],"circlet_count":0,"master_deck":["hexamod:Strike","hexamod:Strike","hexamod:Defend","hexamod:Defend+1","hexamod:Defend+1","hexamod:Defend","hexamod:Sear","hexamod:Float","hexamod:FirstSeal","hexamod:ChargedBarrage","hexamod:Incineration+1","hexamod:Rewind+1","hexamod:Hexaguard+1","hexamod:RecurringNightmare","hexamod:SearingWound+1","hexamod:BurningTouch","hexamod:SearingWound","hexamod:SkipABeat","hexamod:GhostOfSpireFuture","Pot Of Greed","Pot Of Greed","hexamod:FastForward"],"relics":["hexamod:SpiritBrand","downfall:HeartsMalice","Happy Flower","downfall:HeartBlessingRed","downfall:HeartBlessingBlue","Bronze Scales","ReplayTheSpireMod:CursedCoin","SlaversCollar","Grinning Jar","War Paint"],"acts_visited":["Exordium","TheCity"],"potions_floor_usage":[14,19,26,26],"damage_taken":[{"damage":0,"enemies":"Cultist","floor":3,"turns":1},{"damage":0,"enemies":"Jaw Worm","floor":5,"turns":1},{"damage":0,"enemies":"Gremlin Nob","floor":6,"turns":1},{"damage":19,"enemies":"Lagavulin","floor":9,"turns":6},{"damage":1,"enemies":"2 Louse","floor":11,"turns":2},{"damage":0,"enemies":"downfall:FleeingMerchant","floor":14,"turns":4},{"damage":13,"enemies":"2 Fungi Beasts","floor":15,"turns":4},{"damage":47,"enemies":"downfall:Defect","floor":16,"turns":6},{"damage":5,"enemies":"3 Byrds","floor":19,"turns":4},{"damage":16,"enemies":"Shell Parasite","floor":20,"turns":4},{"damage":0,"enemies":"downfall:FleeingMerchant","floor":22,"turns":4},{"damage":9,"enemies":"3 Cultists","floor":25,"turns":3},{"damage":27,"enemies":"Nightmare","floor":26,"turns":5},{"damage":6,"enemies":"downfall:FleeingMerchant","floor":27,"turns":4},{"damage":0,"enemies":"Centurion and Healer","floor":28,"turns":1}],"seed_played":"-4747294453903089047","potions_obtained":[{"floor":11,"key":"Fire Potion"},{"floor":15,"key":"Guardian:BlockOnCardUsePotion"},{"floor":16,"key":"DuplicationPotion"},{"floor":25,"key":"PowerPotion"},{"floor":26,"key":"SteroidPotion"}],"is_trial":false,"path_per_floor":["R","?","M","?","M","E","T","R","E","R","M","R","?","$","M","B",null,"R","M","M","?","$","R","T","M","NM","$","M"],"character_chosen":"THE_SPIRIT","items_purchased":["ReplayTheSpireMod:CursedCoin","hexamod:SearingWound"],"campfire_rested":0,"item_purchase_floors":[14,14],"current_hp_per_floor":[70,63,63,63,63,63,63,73,54,54,60,60,60,67,61,21,80,80,80,64,64,71,71,71,62,35,36,36,36,36],"gold":84,"neow_bonus":"THREE_ENEMY_KILL","is_daily":false,"chose_seed":false,"campfire_upgraded":4,"win_rate":0.0,"timestamp":1610435987,"path_taken":["R","?","M","?","M","E","T","R","E","R","M","R","?","$","M","BOSS","R","M","M","?","$","R","T","M","NM","$","M"],"items_purchased_type":["Relic","Card"],"build_version":"2020-12-22","purchased_purges":2,"victory":false,"max_hp_per_floor":[70,70,70,70,70,70,70,80,80,80,80,80,80,80,80,80,80,80,80,80,80,80,80,80,80,80,80,80,80,80],"card_choices":[{"not_picked":["hexamod:GhostLash","hexamod:NecessarySacrifice","hexamod:InspiringFlames"],"picked":"SKIP","floor":3},{"not_picked":["hexamod:HeatShield","hexamod:Firestarter"],"picked":"hexamod:ChargedBarrage","floor":5},{"not_picked":["hexamod:RetreatToShadows","hexamod:Firestarter"],"picked":"hexamod:Incineration","floor":6},{"not_picked":["hexamod:StepThrough","hexamod:SpectersWail"],"picked":"hexamod:Rewind","floor":9},{"not_picked":["hexamod:StepThrough","hexamod:BurningTouch"],"picked":"hexamod:Hexaguard","floor":11},{"not_picked":["hexamod:NightmareGuise","hexamod:NightmareStrike"],"picked":"hexamod:RecurringNightmare","floor":14},{"not_picked":["hexamod:SwordOfDarkness","hexamod:InspiringFlames"],"picked":"hexamod:BurningTouch","floor":15},{"not_picked":["hexamod:Toasty","hexamod:ApocalypticArmor"],"picked":"hexamod:SearingWound","floor":16},{"not_picked":["hexamod:GhostShield","hexamod:Hexaguard"],"picked":"hexamod:SkipABeat","floor":19},{"not_picked":["hexamod:GhostShield","hexamod:Hexaguard","hexamod:ShieldOfDarkness"],"picked":"SKIP","floor":20},{"not_picked":["hexamod:AdvancingGuard","hexamod:ShieldOfDarkness"],"picked":"hexamod:GhostOfSpireFuture","floor":22},{"not_picked":["hexamod:RainOfEmbers","hexamod:GhostShield","hexamod:SwordOfDarkness"],"picked":"SKIP","floor":25},{"not_picked":["hexamod:UnleashSpirits","hexamod:HauntingEcho","hexamod:Hexaguard"],"picked":"SKIP","floor":26},{"not_picked":["hexamod:ExtraCrispy","hexamod:ApocalypticArmor"],"picked":"hexamod:FastForward","floor":27}],"player_experience":612267,"relics_obtained":[{"floor":6,"key":"Happy Flower"},{"floor":9,"key":"Bronze Scales"},{"floor":24,"key":"Grinning Jar"},{"floor":26,"key":"War Paint"}],"event_choices":[],"is_beta":false,"boss_relics":[{"not_picked":["downfall:Hecktoplasm","infinitespire:Cupcake"],"picked":"SlaversCollar"}],"items_purged_floors":[14,27],"is_endless":true,"potions_floor_spawned":[11,15,16,25,26],"killed_by":"Centurion and Healer","ascension_level":0}}