{"host":"uxq2rly8rxtwffuf","time":1610433424,"event":{"mods":["BaseMod","Koishi","Minty Spire (QoL Compilation)","StSLib","The Servant 0.9.4"],"gold_per_floor":[119,119,132,57,57,88,108,124,176,176,176,236,249,261,261,335,335,355,372,372,69,69,69,69],"floor_reached":23,"playtime":772,"items_purged":["Writhe"],"score":334,"play_id":"2c09e08e-618b-4335-939b-c09c637a1c7a","local_time":"20210112093704","is_ascension_mode":true,"campfire_choices":[{"floor":11,"key":"REST"},{"floor":15,"key":"REST"}],"circlet_count":0,"master_deck":["AscendersBane","Strike_B","Defend_B","Defend_B","Defend_B","Defend_B","Zap","Dualcast","Ball Lightning","Steam","Static Discharge","Self Repair","Hologram","Ball Lightning","Creative AI","Conserve Battery","Amplify","Cold Snap","Conserve Battery","Capacitor"],"relics":["Cracked Core","Happy Flower","Letter Opener","Bag of Preparation","Centennial Puzzle","Nuclear Battery","Lantern","Anchor"],"acts_visited":["Exordium","TheCity"],"potions_floor_usage":[6,12,18,18,19],"damage_taken":[{"damage":2,"enemies":"Jaw Worm","floor":1,"turns":4},{"damage":0,"enemies":"2 Louse","floor":3,"turns":3},{"damage":25,"enemies":"3 Sentries","floor":6,"turns":8},{"damage":0,"enemies":"Small Slimes","floor":7,"turns":2},{"damage":12,"enemies":"Looter","floor":8,"turns":3},{"damage":31,"enemies":"Lagavulin Event","floor":12,"turns":5},{"damage":0,"enemies":"Large Slime","floor":13,"turns":5},{"damage":5,"enemies":"2 Fungi Beasts","floor":14,"turns":4},{"damage":24,"enemies":"Hexaghost","floor":16,"turns":9},{"damage":10,"enemies":"3 Byrds","floor":18,"turns":3},{"damage":31,"enemies":"2 Thieves","floor":19,"turns":5},{"damage":39,"enemies":"Book of Stabbing","floor":23,"turns":5}],"seed_played":"-8112601360005654305","potions_obtained":[{"floor":3,"key":"LiquidBronze"},{"floor":6,"key":"Explosive Potion"},{"floor":7,"key":"PowerPotion"},{"floor":16,"key":"Block Potion"},{"floor":18,"key":"Explosive Potion"}],"is_trial":false,"path_per_floor":["M","?","M","?","$","E","M","M","T","?","R","?","M","M","R","B",null,"M","M","?","$","?","E"],"character_chosen":"DEFECT","items_purchased":["Capacitor","Anchor"],"campfire_rested":2,"item_purchase_floors":[21,21],"current_hp_per_floor":[62,55,55,55,55,30,30,25,25,25,46,22,29,31,52,35,62,59,35,35,35,35,0,0],"gold":69,"neow_bonus":"RANDOM_COMMON_RELIC","is_daily":false,"chose_seed":false,"campfire_upgraded":0,"win_rate":0.0,"timestamp":1610433424,"path_taken":["M","?","M","?","$","E","M","M","T","?","R","?","M","M","R","BOSS","M","M","?","$","?","E"],"items_purchased_type":["Card","Relic"],"build_version":"2020-12-22","purchased_purges":1,"victory":false,"max_hp_per_floor":[71,71,71,71,71,71,71,71,71,71,71,71,71,71,71,71,71,71,71,71,71,71,71,71],"card_choices":[{"not_picked":["Cold Snap","Leap"],"picked":"Ball Lightning","floor":1},{"not_picked":["Sweeping Beam","Leap"],"picked":"Steam","floor":3},{"not_picked":["Leap","Blizzard"],"picked":"Static Discharge","floor":6},{"not_picked":["Ball Lightning","Barrage"],"picked":"Self Repair","floor":7},{"not_picked":["Doom and Gloom","Darkness"],"picked":"Hologram","floor":8},{"not_picked":["Coolheaded","Sweeping Beam"],"picked":"Ball Lightning","floor":12},{"not_picked":["Chaos","Heatsinks"],"picked":"Creative AI","floor":13},{"not_picked":["Steam","Streamline"],"picked":"Conserve Battery","floor":14},{"not_picked":["Hyperbeam","All For One"],"picked":"Amplify","floor":16},{"not_picked":["Go for the Eyes","Stack"],"picked":"Cold Snap","floor":18},{"not_picked":["Beam Cell","Steam"],"picked":"Conserve Battery","floor":19}],"player_experience":1384321,"relics_obtained":[{"floor":6,"key":"Letter Opener"},{"floor":9,"key":"Bag of Preparation"},{"floor":12,"key":"Centennial Puzzle"}],"event_choices":[{"cards_removed":["Strike_B"],"damage_healed":0,"gold_gain":0,"player_choice":"Card Removal","damage_taken":7,"max_hp_gain":0,"max_hp_loss":0,"event_name":"Golden Wing","floor":2,"gold_loss":0},{"cards_removed":["Strike_B"],"damage_healed":0,"gold_gain":0,"player_choice":"Card Removal","damage_taken":0,"max_hp_gain":0,"max_hp_loss":0,"event_name":"The Cleric","floor":4,"gold_loss":75},{"damage_healed":0,"gold_gain":0,"player_choice":"Ignored","damage_taken":0,"max_hp_gain":0,"max_hp_loss":0,"event_name":"Liars Game","floor":10,"gold_loss":0},{"damage_healed":0,"gold_gain":30,"player_choice":"Searched \u00273\u0027 times","damage_taken":0,"max_hp_gain":0,"max_hp_loss":0,"event_name":"Dead Adventurer","floor":12,"gold_loss":0},{"damage_healed":0,"gold_gain":0,"player_choice":"Opened","damage_taken":0,"relics_obtained":["Lantern"],"max_hp_gain":0,"max_hp_loss":0,"event_name":"The Mausoleum","floor":20,"gold_loss":0,"cards_obtained":["Writhe"]},{"cards_removed":["Strike_B"],"damage_healed":0,"gold_gain":0,"player_choice":"Elegance","damage_taken":0,"max_hp_gain":0,"max_hp_loss":0,"event_name":"Back to Basics","floor":22,"gold_loss":0}],"is_beta":false,"boss_relics":[{"not_picked":["Empty Cage","Tiny House"],"picked":"Nuclear Battery"}],"items_purged_floors":[21],"is_endless":false,"potions_floor_spawned":[3,6,7,8,16,18],"killed_by":"Book of Stabbing","ascension_level":15}}