{"host":"urcd10ipogtopotm","time":1610465740,"event":{"mods":["2.2 Compatiblity","AchievementEnabler","Act Like it!","Bard","BaseMod","Beaked The Cultist","Better Third Choice","Block Reminder","Colored Map","Colored Powertips","Downfall","Hallownest","Hermit","Highlight Path","Infinite Spire","Minty Spire (QoL Compilation)","Permanent Neow","Quick Restart","Random Character Button","Relic Stats","Replay The Spire","Shade Mod","Shop Mod","StSLib","The Blackbeard","The Bug Knight","The Construct","The Cursed","The Disciple","The Forsaken","The Hierophant","The Necromancer","The Runesmith","The Senshi","The Servant 0.9.4"],"gold_per_floor":[369,47,62,62,62,62,87,87,113,132,132,144,157,192,192,297,297,297,297],"floor_reached":18,"playtime":1679,"items_purged":["TheCursedMod:Strike_TheCursed"],"score":195,"play_id":"9b8de96c-fc0a-441b-a7b2-6f7979eca807","local_time":"20210112103540","is_ascension_mode":false,"campfire_choices":[{"data":"TheCursedMod:FleshFromBone","floor":6.0,"key":"SMITH"},{"floor":11.0,"key":"REST"},{"floor":15,"key":"REST"}],"circlet_count":0,"master_deck":["TheCursedMod:Strike_TheCursed","TheCursedMod:Strike_TheCursed","TheCursedMod:Strike_TheCursed","TheCursedMod:Defend_TheCursed","TheCursedMod:Defend_TheCursed","TheCursedMod:Defend_TheCursed","TheCursedMod:Defend_TheCursed","TheCursedMod:CursedWand","TheCursedMod:CleanUpWorkshop","TheCursedMod:Dregs","CommonCold","TheCursedMod:Stretching","TheCursedMod:SpitefulPlan","TheCursedMod:FleshFromBone+1","TheCursedMod:CursedBlade","Dramatic Entrance","TheCursedMod:Torture+1","TheCursedMod:SpitefulPray","TheCursedMod:LuckyCharm","TheCursedMod:Stigma","TheCursedMod:VoidForm","TheCursedMod:ForbiddenAlchemy"],"relics":["TheCursedMod:BlackMagic101","infinitespire:WardingShard","ReplayFunnel","Painkiller Herb"],"acts_visited":["Exordium","TheCity"],"potions_floor_usage":[14,16,18,18,18,18,18],"damage_taken":[{"damage":2.0,"enemies":"Jaw Worm","floor":1.0,"turns":5.0},{"damage":2.0,"enemies":"2 Louse","floor":3.0,"turns":2.0},{"damage":56.0,"enemies":"Gremlin Nob","floor":7.0,"turns":6.0},{"damage":0.0,"enemies":"Cultist","floor":10.0,"turns":3.0},{"damage":12.0,"enemies":"Large Slime","floor":12.0,"turns":6.0},{"damage":0.0,"enemies":"3 Louse","floor":13.0,"turns":2.0},{"damage":0,"enemies":"3 Sentries","floor":14,"turns":4},{"damage":6,"enemies":"Fading Forest","floor":16,"turns":11},{"damage":160,"enemies":"Shell Parasite","floor":18,"turns":4}],"seed_played":"-439099747883566033","potions_obtained":[{"floor":10.0,"key":"DuplicationPotion"},{"floor":12.0,"key":"Reflective Coating"},{"floor":16,"key":"Adrenaline Potion"}],"is_trial":false,"path_per_floor":["M","$","M","?","?","R","E","?","T","M","R","M","M","E","R","B",null,"?"],"character_chosen":"THE_CURSED","items_purchased":["TheCursedMod:SpitefulPlan","TheCursedMod:FleshFromBone","TheCursedMod:CursedBlade","Dramatic Entrance"],"campfire_rested":2,"item_purchase_floors":[2,2,2,2],"current_hp_per_floor":[73,73,71,76,76,76,20,12,12,12,36,24,24,24,48,42,80,0,0],"gold":297,"neow_bonus":"TWO_FIFTY_GOLD","is_daily":false,"chose_seed":false,"campfire_upgraded":1,"win_rate":0.0,"timestamp":1610465740,"path_taken":["M","$","M","?","?","R","E","?","T","M","R","M","?","E","R","BOSS","?"],"items_purchased_type":["Card","Card","Card","Card"],"build_version":"2020-12-22","purchased_purges":1,"victory":false,"max_hp_per_floor":[75,75,75,80,80,80,80,80,80,80,80,80,80,80,80,80,80,80,80],"relic_stats":{"counters":[9,43],"obtain_stats":[{"ReplayFunnel":14,"TheCursedMod:BlackMagic101":0,"infinitespire:WardingShard":7,"Painkiller Herb":17},{"ReplayFunnel":7,"TheCursedMod:BlackMagic101":0,"infinitespire:WardingShard":3,"Painkiller Herb":8},{"ReplayFunnel":28,"TheCursedMod:BlackMagic101":0,"infinitespire:WardingShard":13,"Painkiller Herb":39}]},"card_choices":[{"not_picked":["TheCursedMod:RavingStaff","TheCursedMod:CircleOfBlood"],"picked":"TheCursedMod:Stretching","floor":1.0},{"not_picked":["TheCursedMod:CursedMace","TheCursedMod:CursedBoomerang"],"picked":"TheCursedMod:Torture","floor":3.0},{"not_picked":["TheCursedMod:PrepareRite","TheCursedMod:SpreadPlague"],"picked":"TheCursedMod:SpitefulPray","floor":7.0},{"not_picked":["TheCursedMod:CursedMace","TheCursedMod:WearCloak"],"picked":"TheCursedMod:LuckyCharm","floor":10.0},{"not_picked":["TheCursedMod:RavingStaff","TheCursedMod:CursedBlade"],"picked":"TheCursedMod:Stigma","floor":12.0},{"not_picked":["TheCursedMod:EmpowerCircles","TheCursedMod:CursedShiv","TheCursedMod:CursedBlade"],"picked":"SKIP","floor":13.0},{"not_picked":["TheCursedMod:RavingStaff","TheCursedMod:BlessingInDisguise"],"picked":"TheCursedMod:VoidForm","floor":14},{"not_picked":["TheCursedMod:ParallelWorld","TheCursedMod:CircleOfAbyss"],"picked":"TheCursedMod:ForbiddenAlchemy","floor":16}],"player_experience":145954,"relics_obtained":[{"floor":7.0,"key":"infinitespire:WardingShard"},{"floor":14,"key":"ReplayFunnel"}],"event_choices":[{"damage_healed":0.0,"max_hp_gain":5.0,"max_hp_loss":0.0,"gold_gain":0.0,"event_name":"Big Fish","player_choice":"Donut","floor":4.0,"gold_loss":0.0,"damage_taken":0.0},{"damage_healed":0.0,"max_hp_gain":0.0,"max_hp_loss":0.0,"gold_gain":0.0,"event_name":"Living Wall","player_choice":"Grow","floor":5.0,"gold_loss":0.0,"damage_taken":0.0,"cards_upgraded":["TheCursedMod:Torture"]},{"damage_healed":0.0,"max_hp_gain":0.0,"max_hp_loss":0.0,"gold_gain":0.0,"event_name":"Wheel of Change","player_choice":"Damaged","floor":8.0,"gold_loss":0.0,"damage_taken":8.0}],"is_beta":false,"boss_relics":[{"not_picked":["Velvet Choker","Runesmith:UraniumAnvil"],"picked":"Painkiller Herb"}],"items_purged_floors":[2],"is_endless":false,"potions_floor_spawned":[10,12,16],"killed_by":"Shell Parasite","ascension_level":0}}