{"host":"ymn6un3ro3vi042j","time":1610481094,"event":{"mods":["AchievementEnabler","Act Like it!","BaseMod","Better Third Choice","BetterRewards","Colored Map","Colored Powertips","Curses Come First","Dark Map","DeckTracker","Gensokyo","Googly Eyes","Minty Spire (QoL Compilation)","Poor People Problems","Rare Cards Sparkle","StSLib","The Servant 0.9.4","everything is the same but u backflip on backflip"],"gold_per_floor":[119,135,151,12,12,12,12,28,28,41,52,69,81,81,81],"floor_reached":14,"language":"ENG","playtime":1233,"items_purged":[],"score":86,"play_id":"dcdf2c8d-394f-4248-ba26-3e2dec6f4669","local_time":"20210112115134","is_ascension_mode":false,"campfire_choices":[{"floor":6,"key":"REST"}],"circlet_count":0,"master_deck":["Strike_S","Strike_S","Strike_S","Strike_S","Defend_S","Defend_S","Defend_S","Defend_S","KidneyShot","Exchange","ShatteredReality","TimeWarp","Replace","Ricochet","Luminosity","FanOfKnives","BottledTime","FanOfKnives"],"relics":["Uniform","Strange Spoon","Gensokyo:CelestialsFlawlessClothing","Pantograph"],"acts_visited":["Exordium"],"potions_floor_usage":[14,14,14],"damage_taken":[{"damage":4,"enemies":"Gensokyo:Python","floor":1,"turns":3},{"damage":5,"enemies":"Gensokyo:2_Kodama","floor":2,"turns":6},{"damage":0,"enemies":"Gensokyo:3_Fairies","floor":3,"turns":4},{"damage":18,"enemies":"Gensokyo:CorruptedTreant","floor":8,"turns":4},{"damage":11,"enemies":"Gensokyo:VengefulSpirit","floor":10,"turns":5},{"damage":10,"enemies":"Gensokyo:3_Kodama","floor":11,"turns":3},{"damage":0,"enemies":"Gensokyo:LivingMonolith","floor":12,"turns":3},{"damage":0,"enemies":"Gensokyo:2_Rabbits","floor":13,"turns":1},{"damage":117,"enemies":"Gensokyo:Mamizou","floor":14,"turns":17}],"seed_played":"-5309959042038962814","potions_obtained":[{"floor":1,"key":"Regen Potion"},{"floor":2,"key":"Explosive Potion"},{"floor":10,"key":"GamblersBrew"},{"floor":13,"key":"Block Potion"}],"is_trial":false,"path_per_floor":["M","M","M","COS","?","R","?","M","T","M","M","M","M","E"],"character_chosen":"THE_SERVANT","items_purchased":[],"campfire_rested":1,"item_purchase_floors":[],"current_hp_per_floor":[67,62,62,62,45,66,66,48,48,37,27,27,27,0,0],"gold":81,"neow_bonus":"TEN_PERCENT_HP_BONUS","is_daily":false,"chose_seed":false,"campfire_upgraded":0,"win_rate":0.0,"timestamp":1610481094,"path_taken":["M","?","M","COS","?","R","?","M","T","?","M","M","M","E"],"items_purchased_type":[],"build_version":"2020-12-22","purchased_purges":0,"victory":false,"max_hp_per_floor":[71,71,71,71,71,71,71,71,71,71,71,71,71,71,71],"card_choices":[{"not_picked":["RealityMarble","Shuttle"],"picked":"ShatteredReality","floor":1},{"not_picked":["FastForward","Moonlight"],"picked":"TimeWarp","floor":2},{"not_picked":["Spin","Unruled"],"picked":"Replace","floor":3},{"not_picked":["Revamp","ShatteredReality"],"picked":"Ricochet","floor":8},{"not_picked":["Replace","Alleviate"],"picked":"Luminosity","floor":10},{"not_picked":["BottledTime","DoubleEdge"],"picked":"FanOfKnives","floor":11},{"not_picked":["Replace","ShatteredReality"],"picked":"BottledTime","floor":12},{"not_picked":["Alleviate","Barrier"],"picked":"FanOfKnives","floor":13}],"player_experience":15026,"relics_obtained":[{"floor":9,"key":"Pantograph"}],"event_choices":[],"is_beta":false,"boss_relics":[],"items_purged_floors":[],"is_endless":false,"potions_floor_spawned":[1,2,10,13],"killed_by":"Gensokyo:Mamizou","ascension_level":0}}