{"host":"o5or1zybx7au40zl","time":1610453775,"event":{"mods":["Act Like it!","Aspiration","BaseMod","Better Third Choice","Conspire","Dota2Spire","GungeonMod","Halation","Hubris","Minty Spire (QoL Compilation)","Replay The Spire","StSLib","The Jungle","Yuri Mod","vexMod"],"gold_per_floor":[115,65,84,132,132,132,166,166,193,193,221,8,27,47,47,148,148,167,185,185,197,216,216,236,236,236,253,285,29,45,56,56,161,161,173,173,193,50,50,85,85,100,100,100,116,166,187,211,211,211,211,211,36,79,79,79],"floor_reached":55,"playtime":1663,"items_purged":[],"score":781,"play_id":"7f1b5374-296d-454b-8311-0645c4ccfb5f","local_time":"20210112131615","is_ascension_mode":false,"campfire_choices":[{"floor":6,"key":"RECALL"},{"data":"yuri:BrokenCode","floor":8,"key":"SMITH"},{"data":"yuri:yuriStab","floor":10,"key":"SMITH"},{"data":"yuri:ThrowBook","floor":15,"key":"SMITH"},{"data":"yuri:MirrorInsanity","floor":23,"key":"SMITH"},{"data":"yuri:ThrowingKnives","floor":32,"key":"SMITH"},{"floor":41,"key":"REST"},{"floor":44,"key":"REST"},{"floor":49,"key":"REST"},{"data":"yuri:Virus","floor":52,"key":"SMITH"}],"circlet_count":0,"master_deck":["yuri:yuriStrike+1","yuri:yuriStrike+1","yuri:yuriStrike+1","yuri:yuriStrike+1","yuri:yuriStrike+1","yuri:yuriDefend","yuri:yuriDefend","yuri:yuriDefend","yuri:Oolong","yuri:yuriStab+1","yuri:BrokenCode+1","yuri:GreenTea","yuri:DisableStrike","yuri:CalmingAura","yuri:Parry+1","yuri:ThrowBook+1","yuri:ThrowingKnives+1","yuri:MirrorInsanity+1","yuri:SturdyUniform","yuri:SelfHarm+1","yuri:ThornRemove","yuri:GlitchedStrike","yuri:Stalk","yuri:DebugCard","yuri:AdaptiveAI+1","yuri:SturdyUniform+1","yuri:Virus+1","yuri:BookBlue+1","yuri:ReactiveMadness+1","yuri:SturdyUniform+1","yuri:BookGreen+1","yuri:Parry","yuri:Parry+1","yuri:HeavierStrike+1","yuri:GlitchedStrike+1","Hallucinations","yuri:SeeingDouble+1","Parasite","yuri:DistillInsanity","yuri:MultiDip","Replay:Parry","yuri:SelfHarm+1"],"relics":["yuri:yuriKnife","NeowsBlessing","betterThird:SlimedRelic","Dota2Spire:EchoSabre","ReplayTheSpireMod:Lightbulb","Replay:Bottled Eggs","ClockworkSouvenir","vexMod:FluxCapacitor","DemoMod:WhiteGuonStone","hubris:CuriousFeather","Frozen Egg 2","yuri:BookOfBooks","hubris:Towel","Dota2Spire:ArcaneBoots","DemoMod:AgedBell","Ring of Greed","Golden Idol","Tiny Chest","Pondfish Scales"],"acts_visited":["Exordium","TheCity","TheBeyond","TheEnding"],"potions_floor_usage":[24,27,33,33,50,55,55,55],"damage_taken":[{"damage":2,"enemies":"conspire:RoseBush","floor":1,"turns":1},{"damage":0,"enemies":"Jaw Worm","floor":3,"turns":1},{"damage":0,"enemies":"Gremlin Nob","floor":7,"turns":1},{"damage":15,"enemies":"Replay:BlueRogue","floor":11,"turns":6},{"damage":2,"enemies":"Small Slimes","floor":13,"turns":2},{"damage":5,"enemies":"conspire:2 RoseBushes","floor":14,"turns":4},{"damage":45,"enemies":"Fading Forest","floor":16,"turns":11},{"damage":12,"enemies":"conspire:FuzzyDice","floor":18,"turns":5},{"damage":4,"enemies":"Chosen","floor":19,"turns":4},{"damage":12,"enemies":"Snake Plant","floor":21,"turns":3},{"damage":2,"enemies":"Snecko","floor":22,"turns":3},{"damage":2,"enemies":"3 Cultists","floor":24,"turns":3},{"damage":11,"enemies":"Shelled Parasite and Fungi","floor":27,"turns":3},{"damage":15,"enemies":"conspire:SneckoGhost","floor":28,"turns":5},{"damage":0,"enemies":"Snake Plant","floor":30,"turns":4},{"damage":13,"enemies":"conspire:HollyBat","floor":31,"turns":6},{"damage":40,"enemies":"Collector","floor":33,"turns":7},{"damage":11,"enemies":"3 Shapes","floor":35,"turns":2},{"damage":11,"enemies":"Orb Walker","floor":37,"turns":3},{"damage":43,"enemies":"Giant Head","floor":40,"turns":6},{"damage":21,"enemies":"4 Shapes","floor":42,"turns":6},{"damage":6,"enemies":"Spire Growth","floor":45,"turns":3},{"damage":20,"enemies":"3 Darklings","floor":47,"turns":2},{"damage":4,"enemies":"Writhing Mass","floor":48,"turns":3},{"damage":57,"enemies":"Donu and Deca","floor":50,"turns":8},{"damage":58,"enemies":"Shield and Spear","floor":54,"turns":7},{"damage":39,"enemies":"The Heart","floor":55,"turns":10}],"seed_played":"-7138367086313013565","potions_obtained":[{"floor":7,"key":"Elixir"},{"floor":11,"key":"Dexterity Potion"},{"floor":13,"key":"SteroidPotion"},{"floor":28,"key":"Toxic Potion"},{"floor":33,"key":"SneckoOil"},{"floor":42,"key":"Ancient Potion"},{"floor":48,"key":"LifebloodPotion"}],"is_trial":false,"path_per_floor":["M","?","M","T","?","R","E","R","T","R","E","$","M","M","R","B",null,"M","M","?","M","M","R","M","?","T","M","E","$","M","M","R","B",null,"M","?","M","$","?","E","R","M","T","R","M","?","M","M","R","B",null,"R","$","E","B"],"character_chosen":"YURI","items_purchased":["ClockworkSouvenir","yuri:Parry+1","Frozen Egg 2","yuri:BookGreen+1","yuri:Parry","yuri:MultiDip","Replay:Parry"],"campfire_rested":3,"item_purchase_floors":[12,12,29,38,38,53,53],"current_hp_per_floor":[78,67,67,67,67,67,67,67,67,67,62,62,60,65,65,50,80,68,74,74,72,74,74,76,76,76,65,60,60,66,63,63,27,80,69,69,58,58,58,25,49,38,38,62,56,56,40,36,60,7,80,80,80,28,0,0],"gold":79,"neow_bonus":"THREE_ENEMY_KILL","is_daily":false,"chose_seed":false,"campfire_upgraded":6,"win_rate":0.0,"timestamp":1610453775,"path_taken":["M","?","M","?","?","R","E","R","T","R","E","?","?","M","R","BOSS","M","M","?","M","?","R","M","?","T","M","E","$","?","M","R","BOSS","M","?","M","$","?","E","R","M","T","R","M","?","M","M","R","BOSS","R","$","E","BOSS"],"items_purchased_type":["Relic","Card","Relic","Card","Card","Card","Card"],"build_version":"2020-12-22","purchased_purges":0,"victory":false,"max_hp_per_floor":[80,80,80,80,80,80,80,80,80,80,80,80,80,80,80,80,80,80,80,80,80,80,80,80,80,80,80,80,80,80,80,80,80,80,80,80,80,80,80,80,80,80,80,80,80,80,80,80,80,80,80,80,80,80,80,80],"card_choices":[{"not_picked":["yuri:HeavierStrike","yuri:Stalk"],"picked":"yuri:BrokenCode","floor":1},{"not_picked":["yuri:ReloadGame","yuri:DebugCard"],"picked":"yuri:GreenTea","floor":3},{"not_picked":["yuri:SeeingDouble","yuri:WickedSlash"],"picked":"yuri:DisableStrike","floor":7},{"not_picked":["yuri:CalmingAura","yuri:MPose","yuri:DebugCard"],"picked":"SKIP","floor":11},{"not_picked":["yuri:MPose","yuri:DebugCard"],"picked":"yuri:CalmingAura","floor":11},{"not_picked":["yuri:yuriHeavyStrike","yuri:MPose"],"picked":"yuri:ThrowBook","floor":13},{"not_picked":["yuri:InsanityDefense","yuri:HeavierStrike"],"picked":"yuri:ThrowingKnives","floor":14},{"not_picked":["yuri:DistillInsanity","yuri:GhostForm"],"picked":"yuri:MirrorInsanity","floor":16},{"not_picked":["yuri:HoldBack","yuri:Skip"],"picked":"yuri:SturdyUniform","floor":18},{"not_picked":["yuri:GlitchedStrike","yuri:Stalk"],"picked":"yuri:SelfHarm+1","floor":19},{"not_picked":["yuri:CalmingAura","yuri:WickedSlash"],"picked":"yuri:GlitchedStrike","floor":21},{"not_picked":["yuri:ThrowBook","yuri:GlitchedStrike","yuri:BrokenCode"],"picked":"SKIP","floor":22},{"not_picked":["yuri:RecklessStrike+1","yuri:GreenTea"],"picked":"yuri:Stalk","floor":24},{"not_picked":["yuri:CorruptHitbox","yuri:ReloadGame+1","yuri:GhostForm"],"picked":"SKIP","floor":27},{"not_picked":["yuri:ThornRemove","yuri:CalmingAura+1"],"picked":"yuri:DebugCard","floor":28},{"not_picked":["yuri:HeavierStrike","yuri:NerfBat"],"picked":"yuri:AdaptiveAI+1","floor":30},{"not_picked":["yuri:InduceGlitch","yuri:ThrowingKnives+1"],"picked":"yuri:SturdyUniform+1","floor":31},{"not_picked":["yuri:DistillInsanity","yuri:ExploitStrike"],"picked":"yuri:Virus","floor":33},{"not_picked":["yuri:BookRed+1","yuri:BookGreen+1","yuri:BookPurple+1"],"picked":"yuri:BookBlue+1","floor":34},{"not_picked":["yuri:CalmingAura+1","yuri:DejaVu"],"picked":"yuri:ReactiveMadness+1","floor":35},{"not_picked":["yuri:ThrowingKnives","yuri:yuriHeavyStrike+1"],"picked":"yuri:SturdyUniform+1","floor":37},{"not_picked":["yuri:NoEscape","yuri:ReloadGame"],"picked":"yuri:Parry+1","floor":40},{"not_picked":["yuri:StealPen","yuri:RecklessStrike"],"picked":"yuri:HeavierStrike+1","floor":42},{"not_picked":["yuri:WickedSlash","yuri:Skip"],"picked":"yuri:GlitchedStrike+1","floor":45},{"not_picked":["yuri:DebugCard+1","yuri:UntestedCode"],"picked":"yuri:SeeingDouble+1","floor":47},{"not_picked":["yuri:ThrowingKnives+1","yuri:DebugCard"],"picked":"yuri:DistillInsanity","floor":48},{"not_picked":["yuri:CalmingAura","yuri:Stare"],"picked":"yuri:SelfHarm+1","floor":54}],"player_experience":952946,"relics_obtained":[{"floor":4,"key":"Dota2Spire:EchoSabre"},{"floor":7,"key":"ReplayTheSpireMod:Lightbulb"},{"floor":11,"key":"Replay:Bottled Eggs"},{"floor":26,"key":"DemoMod:WhiteGuonStone"},{"floor":28,"key":"hubris:CuriousFeather"},{"floor":40,"key":"Dota2Spire:ArcaneBoots"},{"floor":43,"key":"DemoMod:AgedBell"},{"floor":46,"key":"Ring of Greed"},{"floor":46,"key":"Golden Idol"},{"floor":46,"key":"Tiny Chest"},{"floor":54,"key":"Pondfish Scales"}],"event_choices":[{"damage_healed":0,"gold_gain":0,"player_choice":"Slimed","damage_taken":11,"max_hp_gain":0,"max_hp_loss":0,"event_name":"betterThird:BetterGoop","floor":2,"gold_loss":50},{"damage_healed":0,"gold_gain":0,"cards_transformed":["yuri:yuriDefend"],"player_choice":"Transformed","damage_taken":0,"max_hp_gain":0,"max_hp_loss":0,"event_name":"Transmorgrifier","floor":20,"gold_loss":0,"cards_obtained":["yuri:ThornRemove"]},{"cards_removed":["yuri:yuriDefend"],"damage_healed":0,"gold_gain":0,"player_choice":"Offered Basic","damage_taken":0,"max_hp_gain":0,"max_hp_loss":0,"event_name":"Bonfire Elementals","floor":25,"gold_loss":0},{"damage_healed":0,"gold_gain":0,"player_choice":"Leave","damage_taken":0,"max_hp_gain":0,"max_hp_loss":0,"event_name":"conspire:Investor","floor":36,"gold_loss":0}],"is_beta":false,"boss_relics":[{"not_picked":["aspiration:FutureDiary","SacredBark"],"picked":"vexMod:FluxCapacitor"},{"not_picked":["Replay:Wanted Poster","Abe\u0027s Treasure"],"picked":"yuri:BookOfBooks"}],"items_purged_floors":[],"is_endless":false,"potions_floor_spawned":[7,11,13,18,28,30,33,42,47,48],"killed_by":"The Heart","ascension_level":0}}