{"host":"i7jfea87xc8lz16p","time":1610491244,"event":{"mods":["AchievementEnabler","BaseMod","Colored Powertips","Minty Spire (QoL Compilation)","Relic Stats"],"gold_per_floor":[111,261,261,261,45,45,77,77,152,227,241,273,273,288,288,362,362,377,390,9,28,47,47,47,47],"floor_reached":24,"language":"ENG","playtime":848,"items_purged":["Doubt","Strike_R"],"score":408,"play_id":"9e368cee-8234-4595-a550-5717520b2c60","local_time":"20210112234044","is_ascension_mode":true,"campfire_choices":[{"data":"Bash","floor":6,"key":"SMITH"},{"data":"Clothesline","floor":8,"key":"SMITH"},{"floor":13,"key":"REST"},{"floor":15,"key":"REST"},{"floor":23,"key":"REST"}],"circlet_count":0,"master_deck":["AscendersBane","Strike_R","Strike_R","Strike_R","Strike_R","Defend_R","Defend_R","Defend_R","Defend_R","Bash+1","Clothesline+1","Flame Barrier","Thunderclap","Whirlwind","Ghostly Armor+1","Pommel Strike","Flame Barrier","Metallicize","Inflame"],"relics":["Philosopher\u0027s Stone","Magic Flower","Sundial","Cursed Key","Bag of Preparation"],"acts_visited":["Exordium","TheCity"],"potions_floor_usage":[7,12,12,20,21,22],"damage_taken":[{"damage":4,"enemies":"Small Slimes","floor":1,"turns":3},{"damage":32,"enemies":"Gremlin Nob","floor":7,"turns":5},{"damage":8,"enemies":"Jaw Worm","floor":11,"turns":3},{"damage":12,"enemies":"Lagavulin","floor":12,"turns":5},{"damage":4,"enemies":"2 Louse","floor":14,"turns":2},{"damage":27,"enemies":"The Guardian","floor":16,"turns":13},{"damage":31,"enemies":"Shell Parasite","floor":18,"turns":5},{"damage":22,"enemies":"2 Thieves","floor":19,"turns":4},{"damage":6,"enemies":"Shelled Parasite and Fungi","floor":21,"turns":8},{"damage":0,"enemies":"Cultist and Chosen","floor":22,"turns":4},{"damage":44,"enemies":"Gremlin Leader","floor":24,"turns":6}],"seed_played":"-8768007997412303767","potions_obtained":[{"floor":1,"key":"EssenceOfSteel"},{"floor":11,"key":"SteroidPotion"},{"floor":16,"key":"Fruit Juice"},{"floor":19,"key":"DistilledChaos"},{"floor":21,"key":"SteroidPotion"}],"is_trial":false,"path_per_floor":["M","?","?","?","$","R","E","R","T","?","M","E","R","M","R","B",null,"M","M","$","M","M","R","E"],"character_chosen":"IRONCLAD","items_purchased":["Flame Barrier","Block Potion","Pommel Strike","Flame Barrier","Bag of Preparation"],"campfire_rested":3,"item_purchase_floors":[5,5,20,20,20],"current_hp_per_floor":[64,64,64,69,69,69,37,37,37,26,18,6,30,26,50,23,66,35,13,18,12,12,37,0,0],"gold":47,"neow_bonus":"BOSS_RELIC","is_daily":false,"chose_seed":false,"campfire_upgraded":2,"win_rate":0.0,"timestamp":1610491244,"path_taken":["M","?","?","?","$","R","E","R","T","?","M","E","R","M","R","BOSS","M","M","$","M","M","R","E"],"items_purchased_type":["Card","Potion","Card","Card","Relic"],"build_version":"2020-12-22","purchased_purges":2,"victory":false,"max_hp_per_floor":[75,75,75,80,80,80,80,80,80,80,80,80,80,80,80,80,80,80,80,85,85,85,85,85,85],"relic_stats":{"counters":[11,58],"Sundial":[8],"Magic Flower":[0],"Bag of Preparation":[6],"Cursed Key":0,"obtain_stats":[{"Sundial":9,"Magic Flower":7,"Philosopher\u0027s Stone":0,"Bag of Preparation":20,"Cursed Key":17,"Burning Blood":0},{"Sundial":2,"Magic Flower":2,"Philosopher\u0027s Stone":0,"Bag of Preparation":8,"Cursed Key":6,"Burning Blood":0},{"Sundial":8,"Magic Flower":8,"Philosopher\u0027s Stone":0,"Bag of Preparation":40,"Cursed Key":31,"Burning Blood":0}]},"card_choices":[{"not_picked":["Dark Embrace","Shrug It Off"],"picked":"Clothesline","floor":1},{"not_picked":["Pummel","Anger"],"picked":"Thunderclap","floor":7},{"not_picked":["Blood for Blood","Havoc","Searing Blow"],"picked":"SKIP","floor":11},{"not_picked":["Twin Strike","Pummel"],"picked":"Whirlwind","floor":12},{"not_picked":["Iron Wave","Brutality","Clash"],"picked":"SKIP","floor":14},{"not_picked":["Body Slam+1","Intimidate"],"picked":"Ghostly Armor+1","floor":18},{"not_picked":["Body Slam+1","Flex","Armaments"],"picked":"SKIP","floor":19},{"not_picked":["Armaments","Havoc"],"picked":"Metallicize","floor":21},{"not_picked":["Twin Strike","Armaments+1"],"picked":"Inflame","floor":22}],"player_experience":1770078,"relics_obtained":[{"floor":7,"key":"Magic Flower"},{"floor":9,"key":"Sundial"}],"event_choices":[{"damage_healed":0,"gold_gain":150,"player_choice":"AGREE","damage_taken":0,"max_hp_gain":0,"max_hp_loss":0,"event_name":"Liars Game","floor":2,"gold_loss":0,"cards_obtained":["Doubt"]},{"damage_healed":0,"gold_gain":0,"player_choice":"Ignored","damage_taken":0,"max_hp_gain":0,"max_hp_loss":0,"event_name":"Shining Light","floor":3,"gold_loss":0},{"damage_healed":0,"gold_gain":0,"player_choice":"Donut","damage_taken":0,"max_hp_gain":5,"max_hp_loss":0,"event_name":"Big Fish","floor":4,"gold_loss":0},{"damage_healed":0,"gold_gain":75,"player_choice":"Gather Gold","damage_taken":11,"max_hp_gain":0,"max_hp_loss":0,"event_name":"World of Goop","floor":10,"gold_loss":0}],"is_beta":false,"boss_relics":[{"not_picked":["SlaversCollar","Busted Crown"],"picked":"Cursed Key"}],"items_purged_floors":[5,20],"is_endless":false,"potions_floor_spawned":[1,11,16,19,21],"killed_by":"Gremlin Leader","ascension_level":20}}