{"host":"vpaavrwbmey593fx","time":1610436238,"event":{"mods":["AchievementEnabler","BaseMod","Colored Map","Colored Powertips","DeckTracker","Minty Spire (QoL Compilation)","Relic Sorter"],"gold_per_floor":[109,126,141,152,167,167,186,186,186,197,272,301,321,341,341,440,440,440,440],"floor_reached":18,"playtime":1038,"items_purged":[],"score":210,"play_id":"5f257218-bb48-4b66-8ea3-39cdd26380a1","local_time":"20210111232358","is_ascension_mode":true,"campfire_choices":[{"data":"Bash","floor":6,"key":"SMITH"},{"floor":8,"key":"RECALL"},{"data":"Rampage","floor":15,"key":"SMITH"}],"circlet_count":0,"master_deck":["Strike_R","Strike_R","Strike_R","Defend_R","Defend_R","Defend_R","Defend_R","Bash+1","Cleave","Power Through","Headbutt","Shrug It Off","Rampage+1"],"relics":["Burning Blood","Pantograph","Meat on the Bone","Empty Cage"],"acts_visited":["Exordium","TheCity"],"potions_floor_usage":[12,12,16,16,16],"damage_taken":[{"damage":7,"enemies":"2 Louse","floor":1,"turns":3},{"damage":1,"enemies":"Cultist","floor":2,"turns":3},{"damage":7,"enemies":"Jaw Worm","floor":3,"turns":3},{"damage":5,"enemies":"2 Fungi Beasts","floor":4,"turns":3},{"damage":7,"enemies":"Exordium Wildlife","floor":5,"turns":4},{"damage":7,"enemies":"Exordium Thugs","floor":7,"turns":4},{"damage":0,"enemies":"Large Slime","floor":10,"turns":4},{"damage":17,"enemies":"3 Sentries","floor":12,"turns":10},{"damage":51,"enemies":"Gremlin Gang","floor":13,"turns":4},{"damage":11,"enemies":"3 Louse","floor":14,"turns":3},{"damage":53,"enemies":"Slime Boss","floor":16,"turns":8},{"damage":12,"enemies":"Chosen","floor":18,"turns":2}],"seed_played":"-500515284607448688","potions_obtained":[{"floor":2,"key":"EssenceOfSteel"},{"floor":3,"key":"Strength Potion"},{"floor":5,"key":"ElixirPotion"},{"floor":10,"key":"Fire Potion"},{"floor":13,"key":"Weak Potion"},{"floor":14,"key":"Explosive Potion"}],"is_trial":false,"path_per_floor":["M","M","M","M","M","R","M","R","T","M","?","E","M","M","R","B",null,"M"],"character_chosen":"IRONCLAD","items_purchased":[],"campfire_rested":0,"item_purchase_floors":[],"current_hp_per_floor":[87,88,87,88,87,87,86,86,86,88,77,66,33,40,40,30,74,62,62],"gold":440,"neow_bonus":"TEN_PERCENT_HP_BONUS","is_daily":false,"chose_seed":false,"campfire_upgraded":2,"win_rate":0.0,"timestamp":1610436238,"path_taken":["M","M","M","M","M","R","M","R","T","M","?","E","M","M","R","BOSS","M"],"items_purchased_type":[],"build_version":"2020-12-22","purchased_purges":0,"victory":false,"max_hp_per_floor":[88,88,88,88,88,88,88,88,88,88,88,88,88,88,88,88,88,88,88],"card_choices":[{"not_picked":["Perfected Strike","Battle Trance"],"picked":"Cleave","floor":1},{"not_picked":["Twin Strike","Fire Breathing","Clash"],"picked":"SKIP","floor":2},{"not_picked":["Battle Trance","Armaments"],"picked":"Power Through","floor":3},{"not_picked":["Heavy Blade","Carnage"],"picked":"Headbutt","floor":4},{"not_picked":["Dark Embrace","Sever Soul","Heavy Blade"],"picked":"SKIP","floor":5},{"not_picked":["Reckless Charge","Second Wind","Havoc"],"picked":"SKIP","floor":7},{"not_picked":["Burning Pact","Havoc"],"picked":"Shrug It Off","floor":10},{"not_picked":["Second Wind","Flex","Sentinel"],"picked":"SKIP","floor":12},{"not_picked":["Rage","Heavy Blade","Clash"],"picked":"SKIP","floor":13},{"not_picked":["Bludgeon","Entrench"],"picked":"Rampage","floor":14}],"player_experience":174963,"relics_obtained":[{"floor":9,"key":"Pantograph"},{"floor":12,"key":"Meat on the Bone"}],"event_choices":[{"damage_healed":0,"gold_gain":75,"player_choice":"Gather Gold","damage_taken":11,"max_hp_gain":0,"max_hp_loss":0,"event_name":"World of Goop","floor":11,"gold_loss":0}],"is_beta":false,"boss_relics":[{"not_picked":["Tiny House","Ectoplasm"],"picked":"Empty Cage"}],"items_purged_floors":[],"is_endless":false,"potions_floor_spawned":[2,3,5,10,13,14],"killed_by":"Chosen","ascension_level":5}}