{"host":"6pgtslebjnyv5xmi","time":1610440975,"event":{"mods":["AchievementEnabler","BaseMod","Colored Map","Minty Spire (QoL Compilation)","Rare Cards Sparkle","StSLib","SuperFastMode","The Cursed","everything is the same but u backflip on backflip"],"gold_per_floor":[117,117,137,151,47,47,75,75,75,94,94,94,23,34,34,138,138,128,143,50,50,50],"floor_reached":21,"playtime":911,"items_purged":[],"score":251,"play_id":"5dddd6b8-a82b-42a2-abbb-62f21cc3e3c5","local_time":"20210112174255","is_ascension_mode":true,"campfire_choices":[{"data":"White Noise","floor":6,"key":"SMITH"},{"data":"Zap","floor":11,"key":"SMITH"},{"data":"Dualcast","floor":15,"key":"SMITH"}],"circlet_count":0,"master_deck":["Strike_B","Strike_B","Strike_B","Strike_B","Defend_B","Defend_B","Defend_B","Defend_B","Zap+1","Dualcast+1","Go for the Eyes","White Noise+1","Gash","Self Repair","Seek","Aggregate","Conserve Battery","Impatience"],"relics":["Cracked Core","NeowsBlessing","Kunai","Blood Vial","Pear","Cables","Inserter"],"acts_visited":["Exordium","TheCity"],"potions_floor_usage":[7,7,7,16,18],"damage_taken":[{"damage":0,"enemies":"2 Louse","floor":1,"turns":1},{"damage":0,"enemies":"Cultist","floor":3,"turns":1},{"damage":0,"enemies":"Small Slimes","floor":4,"turns":1},{"damage":2,"enemies":"Lagavulin","floor":7,"turns":6},{"damage":0,"enemies":"Exordium Thugs","floor":10,"turns":3},{"damage":2,"enemies":"Looter","floor":14,"turns":3},{"damage":62,"enemies":"The Guardian","floor":16,"turns":10},{"damage":30,"enemies":"2 Thieves","floor":18,"turns":4},{"damage":8,"enemies":"Chosen","floor":19,"turns":6},{"damage":52,"enemies":"Sentry and Sphere","floor":21,"turns":5}],"seed_played":"-3325668744289407540","potions_obtained":[{"floor":1,"key":"ColorlessPotion"},{"floor":2,"key":"Energy Potion"},{"floor":2,"key":"DistilledChaos"},{"floor":10,"key":"Explosive Potion"},{"floor":16,"key":"LiquidBronze"},{"floor":19,"key":"Block Potion"}],"is_trial":false,"path_per_floor":["M","?","M","M","?","R","E","$","T","M","R","?","$","M","R","B",null,"M","M","$","M"],"character_chosen":"DEFECT","items_purchased":["Self Repair","Impatience"],"campfire_rested":0,"item_purchase_floors":[13,20],"current_hp_per_floor":[68,68,68,68,68,68,66,66,76,78,78,71,71,78,78,25,70,49,50,50,0,0],"gold":50,"neow_bonus":"THREE_ENEMY_KILL","is_daily":false,"chose_seed":false,"campfire_upgraded":3,"win_rate":0.0,"timestamp":1610440975,"path_taken":["M","?","?","M","?","R","E","?","T","M","R","?","$","M","R","BOSS","M","M","$","M"],"items_purchased_type":["Card","Card"],"build_version":"2020-12-22","purchased_purges":0,"victory":false,"max_hp_per_floor":[75,75,75,75,75,75,75,75,85,85,85,85,85,85,85,85,85,85,85,85,85,85],"card_choices":[{"not_picked":["Skim","Recycle"],"picked":"Go for the Eyes","floor":1},{"not_picked":["Leap","Streamline"],"picked":"White Noise","floor":3},{"not_picked":["Go for the Eyes","Chaos"],"picked":"Gash","floor":4},{"not_picked":["Turbo","Streamline","Chaos"],"picked":"SKIP","floor":7},{"not_picked":["Force Field","Fusion","Barrage"],"picked":"SKIP","floor":10},{"not_picked":["Fusion","Redo","Heatsinks"],"picked":"SKIP","floor":14},{"not_picked":["Multi-Cast","Machine Learning"],"picked":"Seek","floor":16},{"not_picked":["Ball Lightning","Conserve Battery"],"picked":"Aggregate","floor":18},{"not_picked":["Skim","Hello World"],"picked":"Conserve Battery","floor":19}],"player_experience":941782,"relics_obtained":[{"floor":7,"key":"Blood Vial"},{"floor":9,"key":"Pear"}],"event_choices":[{"damage_healed":0,"gold_gain":0,"player_choice":"Got Potions","damage_taken":0,"max_hp_gain":0,"max_hp_loss":0,"event_name":"Lab","floor":2,"gold_loss":0},{"damage_healed":0,"gold_gain":0,"player_choice":"Paid Gold","damage_taken":0,"relics_obtained":["Kunai"],"max_hp_gain":0,"max_hp_loss":0,"event_name":"WeMeetAgain","floor":5,"gold_loss":104},{"damage_healed":0,"gold_gain":0,"player_choice":"Success","damage_taken":7,"relics_obtained":["Cables"],"max_hp_gain":0,"max_hp_loss":0,"event_name":"Scrap Ooze","floor":12,"gold_loss":0}],"is_beta":false,"boss_relics":[{"not_picked":["Calling Bell","Cursed Key"],"picked":"Inserter"}],"items_purged_floors":[],"is_endless":false,"potions_floor_spawned":[1,3,10,16,19],"killed_by":"Sentry and Sphere","ascension_level":8}}