{"host":"0tiuc76yumknr6qf","time":1610420625,"event":{"mods":["BaseMod","Colored Map","Highlight Path","Minty Spire (QoL Compilation)","StSLib","The Necromancer"],"gold_per_floor":[112,112,187,187,197,197,208,208,257,267,40,40,71,91,91,187,187,205,295,313,313,332,332,2,2,25,56,56,70,84,84,84,187,187,197,216,266,266,276,276,309,309,359,359,414,334,334,365,365,365,365,365,12,44,44,44],"floor_reached":55,"playtime":3302,"items_purged":["Strike_W","Strike_W","Strike_W"],"score":1251,"play_id":"159bda58-7ead-4461-8779-c057f864f788","local_time":"20210111210345","is_ascension_mode":true,"campfire_choices":[{"data":"Shade_Step","floor":6.0,"key":"SMITH"},{"data":"Negative_Energy_Arrows","floor":8.0,"key":"SMITH"},{"data":"Apotheosis","floor":12.0,"key":"SMITH"},{"data":"Summon_Lich","floor":15.0,"key":"SMITH"},{"floor":23.0,"key":"REST"},{"data":"1","floor":25.0,"key":"LIFT"},{"data":"Summon_Death_Knight","floor":32.0,"key":"SMITH"},{"data":"2","floor":40.0,"key":"LIFT"},{"floor":49.0,"key":"RECALL"},{"data":"3","floor":52.0,"key":"LIFT"}],"circlet_count":0,"master_deck":["AscendersBane","Strike_W","Defend_W+1","Defend_W","Defend_W","Defend_W","Negative_Energy_Arrows+1","Bone_Wall+1","Negative_Energy_Burst+1","Shade_Step+1","Apotheosis+1","Negative_Energy_Shield","Necrotic_Claws","Summon_Lich+1","Summon_Death_Knight+1","CurseOfTheBell","Stop_Heart+1","Negative_Energy_Burst","Plague_Bolt","Bone_Armor","Corrupt","Blood_Is_Power","Negative_Energy_Burst+1","Enlightenment","Siphon_Strength+1","Spectral_Armor","Summon_Undead"],"relics":["Vampire_Amulet","Ginger","Anchor","Darkstone Periapt","Calling Bell","Bag of Preparation","HornCleat","Girya","Potion Belt","Juzu Bracelet","Pocketwatch","Bottled Tornado","Sozu","Gambling Chip","The Courier","Torii","War Paint","InkBottle","Nunchaku"],"acts_visited":["Exordium","TheCity","TheBeyond","TheEnding"],"potions_floor_usage":[55,55,55],"damage_taken":[{"damage":3.0,"enemies":"Small Slimes","floor":1.0,"turns":4.0},{"damage":0.0,"enemies":"2 Louse","floor":5.0,"turns":1.0},{"damage":3.0,"enemies":"Jaw Worm","floor":7.0,"turns":3.0},{"damage":0.0,"enemies":"Gremlin Gang","floor":10.0,"turns":1.0},{"damage":12.0,"enemies":"3 Sentries","floor":13.0,"turns":10.0},{"damage":0.0,"enemies":"Exordium Wildlife","floor":14.0,"turns":3.0},{"damage":0.0,"enemies":"Hexaghost","floor":16.0,"turns":10.0},{"damage":2.0,"enemies":"Spheric Guardian","floor":18.0,"turns":5.0},{"damage":14.0,"enemies":"2 Thieves","floor":20.0,"turns":5.0},{"damage":16.0,"enemies":"Shelled Parasite and Fungi","floor":22.0,"turns":7.0},{"damage":12.0,"enemies":"Gremlin Leader","floor":27.0,"turns":7.0},{"damage":2.0,"enemies":"Chosen and Byrds","floor":29.0,"turns":5.0},{"damage":0.0,"enemies":"3 Cultists","floor":30.0,"turns":4.0},{"damage":4.0,"enemies":"Champ","floor":33.0,"turns":11.0},{"damage":0.0,"enemies":"3 Shapes","floor":35.0,"turns":3.0},{"damage":0.0,"enemies":"Orb Walker","floor":36.0,"turns":4.0},{"damage":4.0,"enemies":"Mind Bloom Boss Battle","floor":37.0,"turns":6.0},{"damage":0.0,"enemies":"3 Darklings","floor":39.0,"turns":3.0},{"damage":2.0,"enemies":"Nemesis","floor":41.0,"turns":5.0},{"damage":41.0,"enemies":"2 Orb Walkers","floor":45.0,"turns":5.0},{"damage":2.0,"enemies":"Reptomancer","floor":48.0,"turns":4.0},{"damage":51.0,"enemies":"Donu and Deca","floor":50.0,"turns":12.0},{"damage":35.0,"enemies":"Shield and Spear","floor":54.0,"turns":9.0},{"damage":32,"enemies":"The Heart","floor":55,"turns":9}],"seed_played":"-3877418477104209879","potions_obtained":[{"floor":13.0,"key":"AttackPotion"},{"floor":14.0,"key":"Fire Potion"},{"floor":22.0,"key":"Energy Potion"},{"floor":29.0,"key":"PowerPotion"},{"floor":30.0,"key":"SneckoOil"}],"is_trial":false,"path_per_floor":["M","?","?","?","M","R","M","R","T","M","$","R","E","M","R","B",null,"M","?","M","?","M","R","$","R","T","E","?","M","M","T","R","B",null,"M","M","?","?","M","R","E","?","T","?","?","$","?","E","R","B",null,"R","$","E","B"],"character_chosen":"NECROMANCER","items_purchased":["Apotheosis","Negative_Energy_Shield","Potion Belt","CultistPotion","Summon_Undead","InkBottle"],"campfire_rested":1,"item_purchase_floors":[11,11,24,24,53,53],"current_hp_per_floor":[51,51,40,40,44,44,43,43,43,51,51,51,45,49,49,51,75,75,63,53,38,26,51,51,51,51,51,51,53,59,59,59,57,79,85,86,86,86,86,86,86,86,86,82,45,45,45,53,53,6,63,63,63,32,0,0],"gold":44,"neow_bonus":"ONE_RARE_RELIC","is_daily":false,"chose_seed":false,"campfire_upgraded":5,"win_rate":0.0,"timestamp":1610420625,"path_taken":["M","?","?","?","M","R","M","R","T","M","$","R","E","M","R","BOSS","M","?","?","?","M","R","$","R","T","E","?","M","M","?","R","BOSS","M","M","?","?","M","R","E","?","T","?","?","$","?","E","R","BOSS","R","$","E","BOSS"],"items_purchased_type":["Card","Card","Relic","Potion","Card","Relic"],"build_version":"2020-12-22","purchased_purges":3,"victory":false,"max_hp_per_floor":[75,75,75,75,75,75,75,75,75,75,75,75,75,75,75,75,81,81,81,81,86,86,86,86,86,86,86,86,86,86,86,86,86,86,86,86,86,86,86,86,86,86,86,82,82,82,82,82,82,82,82,82,82,82,82,82],"card_choices":[{"not_picked":["Death_March_Dance","Negative_Energy_Mist"],"picked":"Negative_Energy_Burst","floor":1.0},{"not_picked":["Negative_Energy_Javelin","Life_Tap"],"picked":"Shade_Step","floor":5.0},{"not_picked":["Whirlwind_of_Bones","Slay_Living","Bone_Spikes"],"picked":"SKIP","floor":7.0},{"not_picked":["Death_Knell","Shackles_Of_Pain","Finger_Of_Death"],"picked":"SKIP","floor":10.0},{"not_picked":["Toxic_Smoke_Screen","Blood_Curse"],"picked":"Necrotic_Claws","floor":13.0},{"not_picked":["Negative_Energy_Sphere","Bone_Spikes"],"picked":"Summon_Lich","floor":14.0},{"not_picked":["Detonate_Bones","Cloudkill"],"picked":"Summon_Death_Knight","floor":16.0},{"not_picked":["Negative_Energy_Sphere","Negative_Energy_Mist"],"picked":"Stop_Heart+1","floor":18.0},{"not_picked":["Pandemic","Thousand_Bone_Knives+1"],"picked":"Negative_Energy_Burst","floor":20.0},{"not_picked":["Blood_for_Blood","Scare","Death_March_Dance"],"picked":"SKIP","floor":22.0},{"not_picked":["Toxic_Smoke_Screen","Negative_Energy_Mist"],"picked":"Plague_Bolt","floor":27.0},{"not_picked":["Chill_Blood+1","Bone_Bullets"],"picked":"Bone_Armor","floor":29.0},{"not_picked":["Negative_Energy_Mist","Finger_Of_Death"],"picked":"Corrupt","floor":30.0},{"not_picked":["Corrupt+1","Scare"],"picked":"Blood_Is_Power","floor":35.0},{"not_picked":["Necrotic_Claws","Bones_to_Steel","Negative_Energy_Mist+1"],"picked":"SKIP","floor":36.0},{"not_picked":["Negative_Energy_Shield+1","Negative_Energy_Javelin+1"],"picked":"Negative_Energy_Burst+1","floor":37.0},{"not_picked":["Deep Breath","Impatience"],"picked":"Enlightenment","floor":38.0},{"not_picked":["Toxic_Smoke_Screen","Blood_Curse+1","Blood_Is_Power"],"picked":"SKIP","floor":39.0},{"not_picked":["Summon_Vampire_Lady","Bone_Spikes"],"picked":"Siphon_Strength+1","floor":41.0},{"not_picked":["Blood_Shield+1","Blood_Curse+1"],"picked":"Spectral_Armor","floor":48.0},{"not_picked":["Necrotic_Claws+1","Finger_Of_Death+1","Bone_Shift"],"picked":"SKIP","floor":54.0}],"player_experience":1963128,"relics_obtained":[{"floor":9.0,"key":"Anchor"},{"floor":13.0,"key":"Darkstone Periapt"},{"floor":17.0,"key":"Bag of Preparation"},{"floor":17.0,"key":"HornCleat"},{"floor":17.0,"key":"Girya"},{"floor":26.0,"key":"Juzu Bracelet"},{"floor":27.0,"key":"Pocketwatch"},{"floor":31.0,"key":"Bottled Tornado"},{"floor":37.0,"key":"Gambling Chip"},{"floor":41.0,"key":"The Courier"},{"floor":45.0,"key":"Torii"},{"floor":48.0,"key":"War Paint"},{"floor":54.0,"key":"Nunchaku"}],"event_choices":[{"damage_healed":0.0,"max_hp_gain":0.0,"max_hp_loss":0.0,"gold_gain":0.0,"event_name":"Liars Game","player_choice":"Ignored","floor":2.0,"gold_loss":0.0,"damage_taken":0.0},{"damage_healed":0.0,"max_hp_gain":0.0,"max_hp_loss":0.0,"gold_gain":75.0,"event_name":"World of Goop","player_choice":"Gather Gold","floor":3.0,"gold_loss":0.0,"damage_taken":11.0},{"damage_healed":0.0,"max_hp_gain":0.0,"max_hp_loss":0.0,"gold_gain":0.0,"event_name":"Living Wall","player_choice":"Grow","floor":4.0,"gold_loss":0.0,"damage_taken":0.0,"cards_upgraded":["Negative_Energy_Burst"]},{"damage_healed":0.0,"max_hp_gain":0.0,"max_hp_loss":0.0,"gold_gain":90.0,"event_name":"Knowing Skull","player_choice":"GOLD ","floor":19.0,"potions_obtained":[],"gold_loss":0.0,"damage_taken":12.0,"cards_obtained":[]},{"damage_healed":0.0,"max_hp_gain":5.0,"max_hp_loss":0.0,"gold_gain":0.0,"event_name":"Forgotten Altar","player_choice":"Shed Blood","floor":21.0,"gold_loss":0.0,"damage_taken":20.0},{"damage_healed":0.0,"max_hp_gain":0.0,"max_hp_loss":0.0,"gold_gain":0.0,"event_name":"Vampires","player_choice":"Ignored","floor":28.0,"gold_loss":0.0,"damage_taken":0.0},{"damage_healed":0.0,"max_hp_gain":0.0,"max_hp_loss":0.0,"gold_gain":0.0,"event_name":"MindBloom","player_choice":"Fight","floor":37.0,"gold_loss":0.0,"damage_taken":0.0},{"damage_healed":0.0,"max_hp_gain":0.0,"max_hp_loss":0.0,"gold_gain":0.0,"event_name":"SensoryStone","player_choice":"Memory 1","floor":38.0,"gold_loss":0.0,"damage_taken":0.0},{"damage_healed":0.0,"max_hp_gain":0.0,"max_hp_loss":0.0,"gold_gain":0.0,"event_name":"Tomb of Lord Red Mask","player_choice":"Ignored","floor":42.0,"gold_loss":0.0,"damage_taken":0.0},{"damage_healed":0.0,"max_hp_gain":0.0,"max_hp_loss":4.0,"gold_gain":0.0,"event_name":"Winding Halls","player_choice":"Max HP","floor":44.0,"gold_loss":0.0,"damage_taken":0.0},{"damage_healed":0.0,"max_hp_gain":0.0,"max_hp_loss":0.0,"gold_gain":0.0,"event_name":"Mysterious Sphere","player_choice":"Fight","floor":45.0,"gold_loss":0.0,"damage_taken":0.0},{"damage_healed":0.0,"max_hp_gain":0.0,"max_hp_loss":0.0,"gold_gain":0.0,"event_name":"Match and Keep!","player_choice":"0 cards matched","floor":47.0,"gold_loss":0.0,"damage_taken":0.0,"cards_obtained":[]}],"is_beta":false,"boss_relics":[{"not_picked":["SacredBark","Runic Dome"],"picked":"Calling Bell"},{"not_picked":["Pandora\u0027s Box","SlaversCollar"],"picked":"Sozu"}],"items_purged_floors":[24,46,53],"is_endless":false,"potions_floor_spawned":[13,14,22,29,30,37,41,54],"killed_by":"The Heart","ascension_level":11}}