{"host":"3l94tha3a4jgu0q4","time":1610486493,"event":{"mods":["2.2 Compatiblity","AchievementEnabler","BaseMod","Colored Map","Colored Powertips","Highlight Path","Minty Spire (QoL Compilation)","Permanent Neow","StSLib","SuperFastMode","The IronCluck","slay the spire mod where everything is the same but ironclad has a cowboy hat"],"gold_per_floor":[119,133,133,158,158,201,201,242,242,317,353,407,442,68,68,164,164,183,208,208,28,28,28,52,88,88,88,124,147,161,181,181,270,270,288,288,302,302,302,302,327,342,342,342,366,699,718,743,743,743,743,743,18,50,50,50],"floor_reached":55,"language":"ENG","playtime":3032,"items_purged":["Strike_P","Alpha","Defend_P"],"score":1355,"play_id":"de57b1f4-de5f-46ba-9313-00d94933ebd7","local_time":"20210112132133","is_ascension_mode":true,"campfire_choices":[{"data":"Eruption","floor":7,"key":"SMITH"},{"data":"Tantrum","floor":15,"key":"SMITH"},{"data":"Vigilance","floor":27,"key":"SMITH"},{"floor":32,"key":"REST"},{"floor":40,"key":"RECALL"},{"data":"MentalFortress","floor":44,"key":"SMITH"},{"data":"Ragnarok","floor":49,"key":"SMITH"},{"data":"WheelKick","floor":52,"key":"SMITH"}],"circlet_count":0,"master_deck":["AscendersBane","Defend_P+1","Defend_P+1","Defend_P+1","Eruption+1","Vigilance+1","EmptyBody+1","Halt+1","WheelKick+1","Crescendo+1","EmptyBody+1","Tantrum+1","FearNoEvil+1","EmptyFist+1","LessonLearned","Adaptation","Crescendo+1","LikeWater+1","Meditate+1","FlurryOfBlows+1","EmptyMind","MentalFortress+1","Evaluate+1","Ragnarok+1","MentalFortress+1","FearNoEvil+1","Crescendo+1","Fasting2+1","Evaluate+1","MentalFortress","Meditate","EmptyBody+1"],"relics":["Runic Pyramid","Tiny Chest","Incense Burner","Yang","Pen Nib","Blue Candle","Mummified Hand","VioletLotus","CloakClasp","Pear","Blood Vial","Empty Cage","Bird Faced Urn","StrikeDummy","Molten Egg 2","GoldenEye","Bag of Marbles","Happy Flower","Medical Kit","StoneCalendar"],"acts_visited":["Exordium","TheCity","TheBeyond","TheEnding"],"potions_floor_usage":[6,11,19,24,24,24,24,30,31,48],"damage_taken":[{"damage":5,"enemies":"Small Slimes","floor":1,"turns":3},{"damage":0,"enemies":"Jaw Worm","floor":2,"turns":2},{"damage":2,"enemies":"2 Louse","floor":4,"turns":3},{"damage":14,"enemies":"3 Sentries","floor":6,"turns":8},{"damage":8,"enemies":"Lagavulin","floor":8,"turns":6},{"damage":0,"enemies":"3 Sentries","floor":11,"turns":9},{"damage":0,"enemies":"Gremlin Nob","floor":13,"turns":3},{"damage":1,"enemies":"Hexaghost","floor":16,"turns":6},{"damage":0,"enemies":"Shell Parasite","floor":18,"turns":4},{"damage":0,"enemies":"Spheric Guardian","floor":19,"turns":3},{"damage":3,"enemies":"Snecko","floor":24,"turns":3},{"damage":24,"enemies":"Slavers","floor":25,"turns":8},{"damage":22,"enemies":"Book of Stabbing","floor":28,"turns":6},{"damage":10,"enemies":"Snake Plant","floor":29,"turns":5},{"damage":0,"enemies":"Centurion and Healer","floor":30,"turns":6},{"damage":0,"enemies":"Sentry and Sphere","floor":31,"turns":3},{"damage":5,"enemies":"Automaton","floor":33,"turns":12},{"damage":0,"enemies":"Orb Walker","floor":35,"turns":3},{"damage":0,"enemies":"3 Darklings","floor":37,"turns":4},{"damage":0,"enemies":"Writhing Mass","floor":41,"turns":7},{"damage":0,"enemies":"Sphere and 2 Shapes","floor":42,"turns":6},{"damage":11,"enemies":"4 Shapes","floor":45,"turns":8},{"damage":3,"enemies":"Writhing Mass","floor":47,"turns":7},{"damage":0,"enemies":"Mind Bloom Boss Battle","floor":48,"turns":4},{"damage":6,"enemies":"Donu and Deca","floor":50,"turns":10},{"damage":0,"enemies":"Shield and Spear","floor":54,"turns":8},{"damage":144,"enemies":"The Heart","floor":55,"turns":3}],"seed_played":"-5333966924868493728","potions_obtained":[{"floor":2,"key":"SkillPotion"},{"floor":6,"key":"Energy Potion"},{"floor":8,"key":"DistilledChaos"},{"floor":16,"key":"EntropicBrew"},{"floor":19,"key":"EssenceOfSteel"},{"floor":28,"key":"GamblersBrew"},{"floor":29,"key":"Energy Potion"},{"floor":33,"key":"AttackPotion"},{"floor":35,"key":"Swift Potion"},{"floor":42,"key":"Weak Potion"},{"floor":48,"key":"SmokeBomb"}],"is_trial":false,"path_per_floor":["M","M","?","M","?","E","R","E","T","?","E","?","E","$","R","B",null,"M","M","?","$","T","$","M","E","T","R","E","M","M","M","R","B",null,"M","?","M","?","T","R","M","M","T","R","M","?","M","?","R","B",null,"R","$","E","B"],"character_chosen":"WATCHER","items_purchased":["EmptyFist","Mummified Hand","LikeWater","MentalFortress","Bag of Marbles","Happy Flower","Medical Kit","Meditate"],"campfire_rested":1,"item_purchase_floors":[14,14,21,53,53,53,53,53],"current_hp_per_floor":[56,56,56,54,54,40,40,32,32,21,21,21,21,21,21,20,52,52,52,52,52,52,52,49,35,35,35,13,5,7,9,30,27,61,63,63,71,71,71,71,72,72,72,72,67,67,72,72,72,66,71,71,71,72,0,0],"gold":50,"neow_bonus":"BOSS_RELIC","is_daily":false,"chose_seed":false,"campfire_upgraded":6,"win_rate":0.0,"timestamp":1610486493,"path_taken":["M","M","?","M","?","E","R","E","T","?","E","?","E","$","R","BOSS","M","M","?","$","?","$","M","E","T","R","E","M","M","M","R","BOSS","M","?","?","?","?","R","?","M","T","R","M","?","M","?","R","BOSS","R","$","E","BOSS"],"items_purchased_type":["Card","Relic","Card","Card","Relic","Relic","Relic","Card"],"build_version":"2020-12-22","purchased_purges":3,"victory":false,"max_hp_per_floor":[68,68,62,62,62,62,62,62,62,62,62,62,62,62,62,62,62,62,62,62,62,62,62,62,72,72,72,72,72,72,72,72,72,72,72,72,72,72,72,72,72,72,72,72,72,72,72,72,72,72,72,72,72,72,72,72],"card_choices":[{"not_picked":["SashWhip","ClearTheMind"],"picked":"EmptyBody","floor":1},{"not_picked":["CrushJoints","EmptyBody"],"picked":"Halt","floor":2},{"not_picked":["BowlingBash","DeceiveReality"],"picked":"WheelKick","floor":4},{"not_picked":["WreathOfFlame","Consecrate"],"picked":"Crescendo","floor":6},{"not_picked":["Blasphemy","ThirdEye"],"picked":"EmptyBody","floor":8},{"not_picked":["MasterReality","CrushJoints"],"picked":"Tantrum","floor":11},{"not_picked":["Evaluate","WaveOfTheHand"],"picked":"FearNoEvil","floor":13},{"not_picked":["Blasphemy","MasterReality"],"picked":"LessonLearned","floor":16},{"not_picked":["Protect","Study+1"],"picked":"Adaptation","floor":18},{"not_picked":["FollowUp","BowlingBash"],"picked":"Crescendo","floor":19},{"not_picked":["EmptyFist","CutThroughFate"],"picked":"Meditate","floor":24},{"not_picked":["MasterReality","FlyingSleeves"],"picked":"FlurryOfBlows","floor":25},{"not_picked":["FollowUp+1","Worship"],"picked":"EmptyMind","floor":28},{"not_picked":["ThirdEye","Halt"],"picked":"MentalFortress","floor":29},{"not_picked":["ThirdEye","EmptyBody","Alpha"],"picked":"SKIP","floor":30},{"not_picked":["ForeignInfluence","PathToVictory"],"picked":"Evaluate","floor":31},{"not_picked":["LessonLearned","DevaForm"],"picked":"Ragnarok","floor":33},{"not_picked":["Crescendo","Nirvana"],"picked":"MentalFortress","floor":35},{"not_picked":["EmptyFist","SignatureMove","CrushJoints"],"picked":"SKIP","floor":37},{"not_picked":["WheelKick+1","Halt+1"],"picked":"FearNoEvil+1","floor":41},{"not_picked":["SignatureMove+1","PathToVictory","BowlingBash"],"picked":"SKIP","floor":42},{"not_picked":["BowlingBash+1","CarveReality+1"],"picked":"Crescendo+1","floor":45},{"not_picked":["Evaluate+1","LikeWater+1"],"picked":"Fasting2+1","floor":47},{"not_picked":["Worship+1","SignatureMove+1"],"picked":"Evaluate+1","floor":48},{"not_picked":["Protect","DeceiveReality"],"picked":"EmptyBody+1","floor":54}],"player_experience":1930985,"relics_obtained":[{"floor":6,"key":"Tiny Chest"},{"floor":8,"key":"Incense Burner"},{"floor":9,"key":"Yang"},{"floor":11,"key":"Pen Nib"},{"floor":13,"key":"Blue Candle"},{"floor":22,"key":"CloakClasp"},{"floor":25,"key":"Pear"},{"floor":28,"key":"Blood Vial"},{"floor":39,"key":"StrikeDummy"},{"floor":43,"key":"Molten Egg 2"},{"floor":48,"key":"GoldenEye"},{"floor":54,"key":"StoneCalendar"}],"event_choices":[{"damage_healed":0,"gold_gain":0,"player_choice":"Lose Max HP","damage_taken":0,"relics_obtained":["Golden Idol"],"max_hp_gain":0,"max_hp_loss":6,"event_name":"Golden Idol","floor":3,"gold_loss":0},{"damage_healed":0,"gold_gain":0,"player_choice":"Ignored","damage_taken":0,"max_hp_gain":0,"max_hp_loss":0,"event_name":"Liars Game","floor":5,"gold_loss":0},{"damage_healed":0,"gold_gain":75,"player_choice":"Gather Gold","damage_taken":11,"max_hp_gain":0,"max_hp_loss":0,"event_name":"World of Goop","floor":10,"gold_loss":0},{"damage_healed":0,"gold_gain":54,"player_choice":"Gained Gold","damage_taken":0,"max_hp_gain":0,"max_hp_loss":0,"event_name":"Golden Wing","floor":12,"gold_loss":0},{"damage_healed":0,"gold_gain":0,"cards_transformed":["Strike_P"],"player_choice":"Transformed","damage_taken":0,"max_hp_gain":0,"max_hp_loss":0,"event_name":"Transmorgrifier","floor":20,"gold_loss":0,"cards_obtained":["Alpha"]},{"damage_healed":0,"gold_gain":0,"player_choice":"Gave Potion","damage_taken":0,"relics_obtained":["Bird Faced Urn"],"max_hp_gain":0,"max_hp_loss":0,"event_name":"WeMeetAgain","floor":36,"gold_loss":0},{"damage_healed":0,"gold_gain":0,"player_choice":"Memory 1","damage_taken":0,"max_hp_gain":0,"max_hp_loss":0,"event_name":"SensoryStone","floor":38,"gold_loss":0},{"damage_healed":0,"gold_gain":333,"player_choice":"Gave Idol","damage_taken":0,"max_hp_gain":0,"max_hp_loss":0,"event_name":"The Moai Head","floor":46,"relics_lost":["Golden Idol"],"gold_loss":0},{"damage_healed":0,"gold_gain":0,"player_choice":"Fight","damage_taken":0,"max_hp_gain":0,"max_hp_loss":0,"event_name":"MindBloom","floor":48,"gold_loss":0}],"is_beta":false,"boss_relics":[{"not_picked":["Cursed Key","Philosopher\u0027s Stone"],"picked":"VioletLotus"},{"not_picked":["Calling Bell","Tiny House"],"picked":"Empty Cage"}],"items_purged_floors":[14,21,53],"is_endless":false,"potions_floor_spawned":[2,6,8,16,19,28,29,33,35,42,48],"killed_by":"The Heart","ascension_level":15}}