{"host":"adv1uqz3812gqgbw","time":1610452423,"event":{"mods":["BaseMod","Better Note","Colored Powertips","Custom Start","GifTheSpireLib","Hermit","Minty Spire (QoL Compilation)","SacredBarkPlus","StSLib","The Runesmith","Uncapped"],"gold_per_floor":[129,129,129,168,168,168,252,294,340,421,502,427,457,25,25,253,253,295,195,195,288,288,288,327,420,420,474,474,576,669,702,702,921,921,960,25,76,76,0,0,93,120,146,82,139,232,310,335,335,335,335],"floor_reached":52,"playtime":1777,"items_purged":["Offering+1","Clash"],"score":3064,"play_id":"75506991-5285-48cf-9bfd-acaa9c2f3ea0","local_time":"20210112095343","daily_mods":["Diverse","Colorless Cards","Time Dilation","Flight","DeadlyEvents","Elite Swarm","Lethality","Midas"],"is_ascension_mode":true,"campfire_choices":[{"floor":6,"key":"REST"},{"floor":15,"key":"REST"},{"floor":23,"key":"REST"},{"floor":32,"key":"REST"},{"floor":40,"key":"REST"},{"floor":49,"key":"REST"}],"circlet_count":0,"master_deck":["Offering+1","Warcry+1","Flex+1","Flex+1","Carnage+1","Anger+1","Anger+1","Clash+1","Clash+1","Clash+1","Thunderclap+1","Flex"],"relics":["Burning Blood","Dream Catcher","Toy Ornithopter","Bronze Scales","War Paint","Letter Opener","Gremlin Horn","CeramicFish","Du-Vu Doll","Ancient Tea Set","The Courier","Mercury Hourglass","SacredBark","Membership Card","Mango","Bottled Lightning","Strawberry","Bag of Marbles","InkBottle","Pear","Omamori","Happy Flower","MealTicket","Red Mask","Self Forming Clay","Smiling Mask","Akabeko","Sling","Lantern","Molten Egg 2","Nunchaku"],"acts_visited":["Exordium","TheCity","TheBeyond"],"potions_floor_usage":[4,14,33,33,50,50],"damage_taken":[{"damage":6,"enemies":"Small Slimes","floor":1,"turns":1},{"damage":12,"enemies":"Cultist","floor":4,"turns":1},{"damage":0,"enemies":"3 Sentries","floor":7,"turns":2},{"damage":6,"enemies":"Jaw Worm","floor":8,"turns":1},{"damage":12,"enemies":"Lagavulin","floor":10,"turns":1},{"damage":0,"enemies":"3 Sentries","floor":11,"turns":2},{"damage":0,"enemies":"Exordium Wildlife","floor":13,"turns":1},{"damage":6,"enemies":"Hexaghost","floor":16,"turns":2},{"damage":6,"enemies":"2 Thieves","floor":18,"turns":1},{"damage":0,"enemies":"Gremlin Leader","floor":21,"turns":1},{"damage":6,"enemies":"Spheric Guardian","floor":24,"turns":2},{"damage":0,"enemies":"Slavers","floor":25,"turns":1},{"damage":6,"enemies":"3 Cultists","floor":27,"turns":1},{"damage":26,"enemies":"Book of Stabbing","floor":29,"turns":2},{"damage":6,"enemies":"Gremlin Leader","floor":30,"turns":1},{"damage":0,"enemies":"Chosen and Byrds","floor":31,"turns":1},{"damage":6,"enemies":"Collector","floor":33,"turns":2},{"damage":0,"enemies":"Orb Walker","floor":35,"turns":1},{"damage":14,"enemies":"3 Shapes","floor":37,"turns":1},{"damage":6,"enemies":"Giant Head","floor":41,"turns":2},{"damage":6,"enemies":"Spire Growth","floor":45,"turns":1},{"damage":0,"enemies":"Nemesis","floor":46,"turns":1},{"damage":6,"enemies":"Giant Head","floor":47,"turns":1},{"damage":6,"enemies":"Donu and Deca","floor":50,"turns":2},{"damage":6,"enemies":"Time Eater","floor":51,"turns":1}],"seed_played":"-2077648948572360824","potions_obtained":[{"floor":1,"key":"Block Potion"},{"floor":4,"key":"Fruit Juice"},{"floor":10,"key":"Strength Potion"},{"floor":16,"key":"Block Potion"},{"floor":24,"key":"SteroidPotion"}],"is_trial":true,"path_per_floor":["M","?","$","M","?","R","E","M","T","E","E","$","M","$","R","B",null,"M","$","?","E","?","R","M","E","T","M","T","E","E","M","R","B",null,"M","$","M","?","?","R","E","T","T","$","M","E","E","T","R","B","B",null],"character_chosen":"IRONCLAD","items_purchased":["Fruit Juice","Gremlin Horn","Clash","Membership Card","Mango","Bottled Lightning","Strawberry","Bag of Marbles","InkBottle","Pear","Omamori","Happy Flower","MealTicket","LiquidMemories","Strength Potion","Sling"],"campfire_rested":6,"item_purchase_floors":[14,14,14,36,36,36,36,36,36,36,36,36,36,36,36,44],"current_hp_per_floor":[68,68,68,67,67,80,80,80,80,74,80,80,80,85,85,85,85,85,85,85,85,60,87,87,90,90,90,90,70,70,76,90,90,90,90,121,113,113,113,115,115,115,115,115,115,115,115,115,115,115,115],"gold":335,"neow_bonus":"","is_daily":false,"chose_seed":false,"campfire_upgraded":0,"win_rate":0.0,"timestamp":1610452423,"path_taken":["M","?","$","?","?","R","?","?","T","?","?","$","?","$","R","BOSS","M","$","?","?","?","R","?","?","T","M","?","?","E","M","R","BOSS","M","$","?","?","?","R","?","?","T","$","?","?","?","?","R","BOSS","BOSS"],"items_purchased_type":["Potion","Relic","Card","Relic","Relic","Relic","Relic","Relic","Relic","Relic","Relic","Relic","Relic","Potion","Potion","Relic"],"build_version":"2020-12-22","purchased_purges":2,"victory":true,"max_hp_per_floor":[75,75,75,80,80,80,80,80,80,80,80,80,80,85,85,85,85,85,85,85,85,90,90,90,90,90,90,90,90,90,90,90,90,90,90,121,121,115,115,115,115,115,115,115,115,115,115,115,115,115,115],"card_choices":[{"not_picked":["DeceiveReality","Clash","hermit:Misfire"],"picked":"SKIP","floor":1},{"not_picked":["hermit:Misfire","Inflame","Undo"],"picked":"SKIP","floor":4},{"not_picked":["Die Die Die","Double Tap","Impervious"],"picked":"SKIP","floor":7},{"not_picked":["Rebound","WaveOfTheHand","hermit:Dive"],"picked":"SKIP","floor":8},{"not_picked":["Multi-Cast","After Image","Runesmith:LastStand"],"picked":"SKIP","floor":10},{"not_picked":["Electrodynamics","Phantasmal Killer","Double Tap"],"picked":"SKIP","floor":11},{"not_picked":["Cleave","Runesmith:StaticCage","Outmaneuver"],"picked":"SKIP","floor":13},{"not_picked":["Outmaneuver","hermit:Ricochet"],"picked":"Flex","floor":15},{"not_picked":["Discovery+1","hermit:Determination+1","Runesmith:ChiselStab"],"picked":"SKIP","floor":18},{"not_picked":["Runesmith:GenerateForcefield","Master of Strategy","Feed"],"picked":"SKIP","floor":21},{"not_picked":["CutThroughFate","Runesmith:ChaoticBlast","hermit:CalledShot"],"picked":"SKIP","floor":24},{"not_picked":["hermit:Magnum","hermit:Reprieve","Apotheosis"],"picked":"SKIP","floor":25},{"not_picked":["Anger","Leg Sweep","Escape Plan"],"picked":"SKIP","floor":27},{"not_picked":["Runesmith:DuctTape","Feed","Master of Strategy"],"picked":"SKIP","floor":29},{"not_picked":["Night Terror","hermit:HighNoon","DevaForm"],"picked":"SKIP","floor":30},{"not_picked":["Runesmith:MakeshiftArmor","Ball Lightning","Runesmith:HammerThrow"],"picked":"SKIP","floor":31},{"not_picked":["Jack Of All Trades+1","Calculated Gamble","Runesmith:FrozenChisel"],"picked":"SKIP","floor":35},{"not_picked":["Carnage","Runesmith:MakeshiftArmor","Flex"],"picked":"SKIP","floor":37},{"not_picked":["Judgement","Hyperbeam","Doppelganger"],"picked":"SKIP","floor":41},{"not_picked":["Runesmith:DoubleUp","Runesmith:Overpower+1","Cleave"],"picked":"SKIP","floor":45},{"not_picked":["Fiend Fire","Violence","Creative AI"],"picked":"SKIP","floor":46},{"not_picked":["Unload+1","Reaper+1","Machine Learning"],"picked":"SKIP","floor":47}],"player_experience":361221,"relics_obtained":[{"floor":7,"key":"Toy Ornithopter"},{"floor":9,"key":"Bronze Scales"},{"floor":10,"key":"War Paint"},{"floor":11,"key":"Letter Opener"},{"floor":21,"key":"CeramicFish"},{"floor":25,"key":"Du-Vu Doll"},{"floor":26,"key":"Ancient Tea Set"},{"floor":28,"key":"The Courier"},{"floor":30,"key":"Mercury Hourglass"},{"floor":41,"key":"Self Forming Clay"},{"floor":42,"key":"Smiling Mask"},{"floor":43,"key":"Akabeko"},{"floor":46,"key":"Lantern"},{"floor":47,"key":"Molten Egg 2"},{"floor":48,"key":"Nunchaku"}],"event_choices":[{"damage_healed":0,"gold_gain":0,"player_choice":"Gave Potion","damage_taken":0,"relics_obtained":["Dream Catcher"],"max_hp_gain":0,"max_hp_loss":0,"event_name":"WeMeetAgain","floor":2,"gold_loss":0},{"damage_healed":0,"gold_gain":0,"player_choice":"Ignored","damage_taken":0,"max_hp_gain":0,"max_hp_loss":0,"event_name":"Upgrade Shrine","floor":5,"gold_loss":0},{"cards_removed":["Clash"],"damage_healed":0,"gold_gain":0,"player_choice":"Give","damage_taken":0,"max_hp_gain":0,"max_hp_loss":0,"event_name":"betterNote:BetterNote","floor":20,"gold_loss":0,"cards_obtained":["None"]},{"damage_healed":0,"gold_gain":0,"player_choice":"Shed Blood","damage_taken":30,"max_hp_gain":5,"max_hp_loss":0,"event_name":"Forgotten Altar","floor":22,"gold_loss":0},{"damage_healed":0,"gold_gain":0,"player_choice":"Max HP","damage_taken":0,"max_hp_gain":0,"max_hp_loss":6,"event_name":"Winding Halls","floor":38,"gold_loss":0},{"damage_healed":0,"gold_gain":0,"player_choice":"Paid","damage_taken":0,"relics_obtained":["Red Mask"],"max_hp_gain":0,"max_hp_loss":0,"event_name":"Tomb of Lord Red Mask","floor":39,"gold_loss":76}],"is_beta":false,"boss_relics":[{"not_picked":["Runic Dome","Fusion Hammer","Ectoplasm"]},{"not_picked":["Astrolabe","Busted Crown"],"picked":"SacredBark"}],"items_purged_floors":[12,19],"is_endless":false,"potions_floor_spawned":[1,4,10,16,18,24,27,29,31,37,45,47],"ascension_level":20}}