{"host":"ecaj4hn004xnnrw9","time":1610488265,"event":{"mods":["AchievementEnabler","BaseMod","Better Third Choice","Hermit","Hubris","Infinite Spire","Jorbs\u0027s Wanderer Trilogy","Minty Spire (QoL Compilation)","Quick Restart","Shop Mod","StSLib","The Construct","The Jungle","The Runesmith"],"gold_per_floor":[117,117,130,142,153,188,203,203,203,203,203,238,238,238,238,238,238],"floor_reached":16,"language":"ENG","playtime":556,"items_purged":[],"score":143,"play_id":"acea7007-05ad-47f5-93ce-3aea978d208a","local_time":"20210112215105","is_ascension_mode":true,"campfire_choices":[{"floor":8,"key":"REST"},{"floor":13,"key":"REST"},{"data":"hubris:DuctTapeCard","floor":15,"key":"SMITH"}],"circlet_count":0,"master_deck":["Strike_B","Strike_B","Strike_B","Defend_B","Defend_B","Defend_B","Defend_B","Dualcast","Sweeping Beam","Cold Snap","Double Energy","Cold Snap","Multi-Cast","Compile Driver","hubris:DuctTapeCard+2"],"relics":["Cracked Core","NeowsBlessing","Potion Belt","hubris:Metronome","hubris:Icosahedron","Runesmith:AutoHammer","hubris:DuctTape"],"acts_visited":["Exordium"],"potions_floor_usage":[5,12,16],"damage_taken":[{"damage":0,"enemies":"Small Slimes","floor":1,"turns":1},{"damage":0,"enemies":"Cultist","floor":3,"turns":1},{"damage":0,"enemies":"Jaw Worm","floor":4,"turns":1},{"damage":0,"enemies":"2 Fungi Beasts","floor":5,"turns":3},{"damage":54,"enemies":"3 Sentries","floor":6,"turns":7},{"damage":9,"enemies":"Blue Slaver","floor":7,"turns":4},{"damage":20,"enemies":"Lagavulin","floor":12,"turns":8},{"damage":31,"enemies":"Hexaghost","floor":16,"turns":14}],"seed_played":"-7522617603409838227","potions_obtained":[{"floor":4,"key":"Block Potion"},{"floor":6,"key":"PowerPotion"},{"floor":12,"key":"infinitespire:BlackPotion"}],"is_trial":false,"path_per_floor":["M","?","M","M","M","E","M","R","T","?","?","E","R","T","R","B"],"character_chosen":"DEFECT","items_purchased":[],"campfire_rested":2,"item_purchase_floors":[],"current_hp_per_floor":[68,68,68,68,68,14,5,27,27,27,27,7,29,29,29,0,0],"gold":238,"neow_bonus":"THREE_ENEMY_KILL","is_daily":false,"chose_seed":false,"campfire_upgraded":1,"win_rate":0.0,"timestamp":1610488265,"path_taken":["M","?","?","M","M","E","M","R","T","?","?","E","R","?","R","BOSS"],"items_purchased_type":[],"build_version":"2020-12-22","purchased_purges":0,"victory":false,"max_hp_per_floor":[75,75,75,75,75,75,75,75,75,75,75,75,75,75,75,75,75],"card_choices":[{"not_picked":["Capacitor","Streamline"],"picked":"Consume","floor":1},{"not_picked":["Blizzard","Stack"],"picked":"Sweeping Beam","floor":3},{"not_picked":["Hologram","Coolheaded"],"picked":"Cold Snap","floor":4},{"not_picked":["Beam Cell","Barrage"],"picked":"Double Energy","floor":5},{"not_picked":["Turbo","Fusion"],"picked":"Cold Snap","floor":6},{"not_picked":["Compile Driver","Rebound"],"picked":"Multi-Cast","floor":7},{"not_picked":["BootSequence","Gash"],"picked":"Compile Driver","floor":12}],"player_experience":297775,"relics_obtained":[{"floor":6,"key":"Potion Belt"},{"floor":9,"key":"hubris:Metronome"},{"floor":12,"key":"Runesmith:AutoHammer"},{"floor":14,"key":"hubris:DuctTape"}],"event_choices":[{"damage_healed":0,"gold_gain":0,"cards_transformed":["Strike_B"],"player_choice":"Transformed","damage_taken":0,"max_hp_gain":0,"max_hp_loss":0,"event_name":"Transmorgrifier","floor":2,"gold_loss":0,"cards_obtained":["Consume"]},{"cards_removed":["Consume"],"damage_healed":0,"gold_gain":0,"player_choice":"Forget","damage_taken":0,"max_hp_gain":0,"max_hp_loss":0,"event_name":"Living Wall","floor":10,"gold_loss":0}],"is_beta":false,"boss_relics":[],"items_purged_floors":[],"is_endless":false,"potions_floor_spawned":[4,6,12],"killed_by":"Hexaghost","ascension_level":6}}