{"host":"92108ef2q9tm8rod","time":1610434961,"event":{"mods":["BaseMod","Defuse TimeMaze Blight","Minty Spire (QoL Compilation)","StSLib","The Jungle"],"gold_per_floor":[116,116,126,136,151,181,209,209,209,209,222,248,248,265,265,367,367,381,227,70,170,181,206,206,235,235,263,317,75,75,109,109,204,204,224,241,258,308,308,308,334,352,434,434,359,359,376,401,401,401],"floor_reached":51,"playtime":2048,"items_purged":["Deadly Poison"],"score":1249,"play_id":"ba45dfc1-34f6-444b-8864-e6c37886d272","local_time":"20210112070241","daily_mods":["SealedDeck","Green Cards","Heirloom","Flight"],"is_ascension_mode":false,"campfire_choices":[{"data":"Deflect","floor":8,"key":"SMITH"},{"data":"Beam Cell","floor":10,"key":"SMITH"},{"data":"Gash","floor":15,"key":"SMITH"},{"data":"A Thousand Cuts","floor":24,"key":"SMITH"},{"data":"Slice","floor":30,"key":"SMITH"},{"data":"Blur","floor":32,"key":"SMITH"},{"data":"Ball Lightning","floor":40,"key":"SMITH"},{"data":"Madness","floor":44,"key":"SMITH"},{"floor":46,"key":"REST"},{"floor":49,"key":"REST"}],"circlet_count":0,"master_deck":["Ball Lightning+1","Concentrate+1","Gash+1","Beam Cell+1","Slice+1","Blur+1","A Thousand Cuts+1","Defragment+1","Madness+1","Madness+1"],"relics":["Cracked Core","Unceasing Top","Regal Pillow","Bronze Scales","Nunchaku","Blue Candle","Empty Cage","ClockworkSouvenir","Membership Card","Juzu Bracelet","Bottled Tornado","Singing Bowl","Toy Ornithopter","Vajra","Medical Kit","Mummified Hand","Matryoshka","Calipers","CeramicFish","Omamori","Kunai","War Paint","Bottled Flame"],"acts_visited":["Exordium","Exordium","TheBeyond"],"potions_floor_usage":[16,16,22,33,38,41,50],"damage_taken":[{"damage":0,"enemies":"2 Louse","floor":1,"turns":1},{"damage":0,"enemies":"Cultist","floor":3,"turns":2},{"damage":0,"enemies":"Jaw Worm","floor":4,"turns":1},{"damage":0,"enemies":"Exordium Wildlife","floor":5,"turns":1},{"damage":0,"enemies":"Lagavulin","floor":6,"turns":2},{"damage":0,"enemies":"3 Sentries","floor":7,"turns":5},{"damage":0,"enemies":"Blue Slaver","floor":11,"turns":1},{"damage":0,"enemies":"Lagavulin","floor":12,"turns":2},{"damage":4,"enemies":"2 Fungi Beasts","floor":14,"turns":2},{"damage":0,"enemies":"Hexaghost","floor":16,"turns":3},{"damage":0,"enemies":"theJungle:GiantWrat","floor":18,"turns":1},{"damage":0,"enemies":"theJungle:MUSHROOMGANG","floor":22,"turns":2},{"damage":0,"enemies":"theJungle:2_Phrogs","floor":23,"turns":3},{"damage":0,"enemies":"theJungle:MamaSnecko","floor":25,"turns":2},{"damage":0,"enemies":"theJungle:Cassacara","floor":27,"turns":2},{"damage":0,"enemies":"theJungle:MamaSnecko","floor":31,"turns":1},{"damage":0,"enemies":"theJungle:TotemBoss","floor":33,"turns":1},{"damage":0,"enemies":"Orb Walker","floor":35,"turns":1},{"damage":0,"enemies":"3 Shapes","floor":36,"turns":1},{"damage":0,"enemies":"Writhing Mass","floor":37,"turns":1},{"damage":0,"enemies":"Mind Bloom Boss Battle","floor":38,"turns":1},{"damage":4,"enemies":"Nemesis","floor":41,"turns":2},{"damage":0,"enemies":"4 Shapes","floor":47,"turns":1},{"damage":0,"enemies":"Reptomancer","floor":48,"turns":1},{"damage":0,"enemies":"Donu and Deca","floor":50,"turns":1}],"seed_played":"-7123948842606734893","potions_obtained":[{"floor":1,"key":"Dexterity Potion"},{"floor":3,"key":"SpeedPotion"},{"floor":12,"key":"EssenceOfDarkness"},{"floor":14,"key":"FearPotion"},{"floor":16,"key":"EssenceOfSteel"},{"floor":18,"key":"FocusPotion"},{"floor":25,"key":"DistilledChaos"},{"floor":27,"key":"Weak Potion"},{"floor":33,"key":"Weak Potion"},{"floor":35,"key":"PotionOfCapacity"},{"floor":41,"key":"Explosive Potion"},{"floor":48,"key":"Block Potion"}],"is_trial":true,"path_per_floor":["M","?","M","M","M","E","E","R","T","R","M","E","?","M","R","B",null,"M","$","$","?","M","E","R","E","T","E","T","$","R","E","R","B",null,"M","M","M","?","?","R","E","?","T","R","$","R","M","E","R","B",null],"character_chosen":"DEFECT","items_purchased":["ClockworkSouvenir","Membership Card","Medical Kit","Mummified Hand","War Paint"],"campfire_rested":2,"item_purchase_floors":[19,20,29,29,45],"current_hp_per_floor":[75,75,75,75,75,75,75,75,75,75,75,75,75,71,71,71,75,75,75,75,70,70,70,70,70,70,70,70,70,70,72,72,79,79,81,83,85,87,87,87,85,74,74,74,74,89,91,93,93,93],"gold":401,"neow_bonus":"","is_daily":false,"chose_seed":false,"campfire_upgraded":8,"win_rate":0.0,"timestamp":1610434961,"path_taken":["M","?","M","M","M","E","E","R","T","R","M","E","?","M","R","BOSS","M","?","$","?","M","E","R","E","T","E","?","$","R","E","R","BOSS","M","M","M","?","?","R","E","?","T","R","$","R","M","E","R","BOSS"],"items_purchased_type":["Relic","Relic","Relic","Relic","Relic"],"build_version":"2020-12-22","purchased_purges":1,"victory":true,"max_hp_per_floor":[75,75,75,75,75,75,75,75,75,75,75,75,75,75,75,75,75,75,75,75,75,75,75,75,75,75,75,75,75,75,77,77,79,79,81,83,85,87,87,87,89,89,89,89,89,89,91,93,93,93],"card_choices":[{"not_picked":["White Noise","Cold Snap","Deflect"],"picked":"SKIP","floor":1},{"not_picked":["Leap","Poisoned Stab","Accuracy"],"picked":"SKIP","floor":3},{"not_picked":["Compile Driver","Infinite Blades","Acrobatics"],"picked":"SKIP","floor":4},{"not_picked":["White Noise","Predator","Backflip"],"picked":"SKIP","floor":5},{"not_picked":["Underhanded Strike","Turbo","Genetic Algorithm"],"picked":"SKIP","floor":6},{"not_picked":["Reflex","Leg Sweep","Coolheaded"],"picked":"SKIP","floor":7},{"not_picked":["Caltrops","Dagger Spray","Leg Sweep"],"picked":"SKIP","floor":11},{"not_picked":["Quick Slash","Compile Driver","Poisoned Stab"],"picked":"SKIP","floor":12},{"not_picked":["Auto Shields","Finisher","Leap"],"picked":"SKIP","floor":14},{"not_picked":["Glass Knife","Burst"],"picked":"A Thousand Cuts","floor":16},{"not_picked":["Blade Dance","Redo","Eviscerate"],"picked":"SKIP","floor":18},{"not_picked":["Static Discharge","Beam Cell+1","Conserve Battery"],"picked":"SKIP","floor":22},{"not_picked":["Sucker Punch","Sweeping Beam+1","Quick Slash"],"picked":"SKIP","floor":23},{"not_picked":["Cloak And Dagger","Deflect","Hello World"],"picked":"SKIP","floor":25},{"not_picked":["Crippling Poison","Escape Plan"],"picked":"Defragment+1","floor":27},{"not_picked":["Slice","Aggregate","Hello World"],"picked":"Singing Bowl","floor":31},{"not_picked":["Reboot","Fission","Tools of the Trade"],"picked":"Singing Bowl","floor":33},{"not_picked":["Lockon+1","Dodge and Roll","Sucker Punch"],"picked":"Singing Bowl","floor":35},{"not_picked":["Backflip+1","Flechettes+1","Compile Driver+1"],"picked":"Singing Bowl","floor":36},{"not_picked":["Cold Snap","Creative AI","Coolheaded"],"picked":"Singing Bowl","floor":37},{"not_picked":["Blade Dance","Riddle With Holes+1","Steam Power+1"],"picked":"Singing Bowl","floor":38},{"not_picked":["Quick Slash","Acrobatics+1","Dagger Throw"],"picked":"Singing Bowl","floor":41},{"not_picked":["Choke","Masterful Stab","Streamline+1"],"picked":"Singing Bowl","floor":47},{"not_picked":["Stack+1","Choke","Sucker Punch"],"picked":"Singing Bowl","floor":48}],"player_experience":3277930,"relics_obtained":[{"floor":6,"key":"Regal Pillow"},{"floor":7,"key":"Bronze Scales"},{"floor":9,"key":"Nunchaku"},{"floor":12,"key":"Blue Candle"},{"floor":23,"key":"Juzu Bracelet"},{"floor":25,"key":"Bottled Tornado"},{"floor":26,"key":"Singing Bowl"},{"floor":27,"key":"Toy Ornithopter"},{"floor":28,"key":"Vajra"},{"floor":31,"key":"Matryoshka"},{"floor":38,"key":"Calipers"},{"floor":41,"key":"CeramicFish"},{"floor":43,"key":"Omamori"},{"floor":43,"key":"Kunai"},{"floor":48,"key":"Bottled Flame"}],"event_choices":[{"damage_healed":0,"gold_gain":0,"player_choice":"Fled","damage_taken":0,"max_hp_gain":0,"max_hp_loss":0,"event_name":"Scrap Ooze","floor":2,"gold_loss":0},{"damage_healed":0,"gold_gain":0,"player_choice":"Ignored","damage_taken":0,"max_hp_gain":0,"max_hp_loss":0,"event_name":"Transmorgrifier","floor":13,"gold_loss":0},{"damage_healed":0,"gold_gain":0,"player_choice":"Fight","damage_taken":0,"max_hp_gain":0,"max_hp_loss":0,"event_name":"MindBloom","floor":38,"gold_loss":0},{"cards_removed":["Deflect"],"damage_healed":0,"gold_gain":0,"player_choice":"Removed Skill","damage_taken":0,"max_hp_gain":0,"max_hp_loss":0,"event_name":"Falling","floor":39,"gold_loss":0},{"damage_healed":0,"gold_gain":0,"player_choice":"Embrace Madness","damage_taken":11,"max_hp_gain":0,"max_hp_loss":0,"event_name":"Winding Halls","floor":42,"gold_loss":0,"cards_obtained":["Madness","Madness"]}],"is_beta":false,"boss_relics":[{"not_picked":["Ectoplasm","Runic Dome"],"picked":"Empty Cage"},{"not_picked":["FrozenCore","Philosopher\u0027s Stone","Calling Bell"]}],"items_purged_floors":[29],"is_endless":false,"potions_floor_spawned":[1,3,12,14,16,18,25,27,33,35,41,48],"ascension_level":0}}