{"host":"926fbbj5dsutwu8z","time":1610465366,"event":{"mods":["Act Like it!","BaseMod","Colored Powertips","Downfall","Friendly Minions","Gensokyo","Jorbs\u0027s Wanderer Trilogy","Koishi","Marisa????????","Minty Spire (QoL Compilation)","Replay The Spire","StSLib","The Animator","The Disciple","The Jungle","The Mystic","The Servant 0.9.4","The Wild Card","TheArtist"],"gold_per_floor":[99,112,127,212,232,232,232,263,188,67,77,62,62,162,176,280,280,205,217,231,244,244,278,278,294,394,394,408,408,138,138,155,251,301,301,313,325,325,344,363,363,380,400,400,2,2,111,137,151,151],"floor_reached":51,"playtime":6263,"items_purged":[],"score":751,"play_id":"44d0339a-7906-432e-9bd5-8085bff7a3f8","local_time":"20210112102926","is_ascension_mode":false,"campfire_choices":[{"data":"Guardian:TwinSlam","floor":1.0,"key":"SMITH"},{"floor":9.0,"key":"RECALL"},{"data":"Guardian:SpikerProtocol","floor":13.0,"key":"SMITH"},{"data":"Guardian:ShieldCharger","floor":18,"key":"SMITH"},{"data":"Guardian:CurlUp","floor":27,"key":"SMITH"},{"data":"Guardian:PiercingHide","floor":29,"key":"SMITH"},{"data":"Guardian:Suspension","floor":35,"key":"SMITH"},{"data":"Guardian:ShieldSpikes","floor":44,"key":"SMITH"},{"data":"Guardian:CrystalBeam","floor":46,"key":"SMITH"}],"circlet_count":0,"master_deck":["Guardian:Strike_Guardian+1","Guardian:Strike_Guardian+1","Guardian:Strike_Guardian+1","Guardian:Strike_Guardian+1","Guardian:Defend_Guardian+1","Guardian:Defend_Guardian+1","Guardian:Defend_Guardian+1","Guardian:Defend_Guardian+1","Guardian:CurlUp+1","Guardian:TwinSlam+1","Guardian:ShieldCharger+1","Guardian:Suspension+1","Guardian:PiercingHide+1","Hallucinations","Guardian:SpikerProtocol+1","Guardian:RollAttack","Guardian:CrystalBeam+1","Guardian:RefractedBeam+1","Guardian:ConstructionForm","Guardian:ChargeCore","Guardian:TimeBomb","Guardian:TemporalShield","Guardian:ShieldSpikes+1","Guardian:ArmoredProtocol+1","Guardian:SpikerProtocol","Guardian:Incinerate","Guardian:StasisField","Guardian:FloatingOrbs+1","Guardian:TemporalStrike+1","Guardian:PiercingHide+1","Guardian:AncientConstruct+1","Guardian:PrismaticBeam+1","expansioncontent:AwakenDeath+1","Guardian:TemporalShield+1","Guardian:DecasProtection","Guardian:PrismaticBarrier","Guardian:Gem_Lightblue","Guardian:CrystalBeam","Guardian:Gem_Cyan"],"relics":["Guardian:ModeShifter","Ring of Misfortune","Ring of Hypnosis","Snack Pack","downfall:HeartBlessingBlue","Replay:Bronze Core","downfall:HeartBlessingRed","Replay:Baseball","Bottled Tornado","Replay:PocketPolymizer","Letter Opener","Frozen Egg 2","Chameleon Ring","Tiny House","Question Card","Ornamental Fan","Lee\u0027s Waffle","Replay:Multitool"],"acts_visited":["Exordium","TheCity","TheBeyond"],"potions_floor_usage":[16,16,26,26,33,33,33,42,47,48],"damage_taken":[{"damage":7.0,"enemies":"Jaw Worm","floor":2.0,"turns":4.0},{"damage":5.0,"enemies":"Small Slimes","floor":3.0,"turns":3.0},{"damage":0.0,"enemies":"Cultist","floor":5.0,"turns":4.0},{"damage":31.0,"enemies":"Lagavulin","floor":8.0,"turns":11.0},{"damage":0.0,"enemies":"downfall:FleeingMerchant","floor":10.0,"turns":4.0},{"damage":0.0,"enemies":"Exordium Wildlife","floor":11.0,"turns":4.0},{"damage":0.0,"enemies":"downfall:FleeingMerchant","floor":12.0,"turns":4.0},{"damage":10.0,"enemies":"Lots of Slimes","floor":15.0,"turns":4.0},{"damage":27,"enemies":"downfall:Silent","floor":16,"turns":9},{"damage":0,"enemies":"Spheric Guardian","floor":19,"turns":4},{"damage":0,"enemies":"Chosen","floor":20,"turns":4},{"damage":13,"enemies":"Centurion and Healer","floor":21,"turns":4},{"damage":5,"enemies":"Book of Stabbing","floor":23,"turns":5},{"damage":5,"enemies":"Snecko","floor":25,"turns":4},{"damage":0,"enemies":"downfall:Watcher","floor":26,"turns":7},{"damage":7,"enemies":"Shelled Parasite and Fungi","floor":28,"turns":4},{"damage":0,"enemies":"downfall:FleeingMerchant","floor":30,"turns":5},{"damage":0,"enemies":"Snake Plant","floor":32,"turns":3},{"damage":48,"enemies":"downfall:Ironclad","floor":33,"turns":7},{"damage":0,"enemies":"3 Darklings","floor":36,"turns":5},{"damage":7,"enemies":"3 Shapes","floor":37,"turns":5},{"damage":12,"enemies":"Sphere and 2 Shapes","floor":39,"turns":5},{"damage":3,"enemies":"Maw","floor":40,"turns":8},{"damage":0,"enemies":"4 Shapes","floor":42,"turns":4},{"damage":7,"enemies":"Transient","floor":43,"turns":5},{"damage":0,"enemies":"downfall:FleeingMerchant","floor":45,"turns":5},{"damage":7,"enemies":"downfall:FleeingMerchant","floor":47,"turns":4},{"damage":57,"enemies":"R_Hoarder","floor":48,"turns":12},{"damage":13,"enemies":"Jaw Worm Horde","floor":49,"turns":4},{"damage":22,"enemies":"downfall:Watcher","floor":50,"turns":9}],"seed_played":"5876474048780175925","potions_obtained":[{"floor":3.0,"key":"AttackPotion"},{"floor":5.0,"key":"LiquidMemories"},{"floor":11.0,"key":"Swift Potion"},{"floor":15.0,"key":"Guardian:StasisDiscoveryPotion"},{"floor":21,"key":"LiquidBronze"},{"floor":23,"key":"ColorlessPotion"},{"floor":28,"key":"Venom Potion"},{"floor":32,"key":"Ancient Potion"},{"floor":34,"key":"SpyderVenomPotion"},{"floor":36,"key":"Block Potion"},{"floor":43,"key":"Milkshake"},{"floor":48,"key":"Guardian:BlockOnCardUsePotion"}],"is_trial":false,"path_per_floor":["R","M","M","?","M","?","T","E","R","$","M","$","R","?","M","B",null,"R","M","M","M","?","E","T","M","?","R","M","R","$","T","M","B",null,"R","M","M","?","M","M","T","M","M","R","$","R","$","E","M","B",null],"character_chosen":"GUARDIAN","items_purchased":["Guardian:ArmoredProtocol","Guardian:Gem_Blue","Frozen Egg 2","expansioncontent:AwakenDeath+1","Ornamental Fan","Guardian:TemporalShield+1","Lee\u0027s Waffle","Guardian:PrismaticBarrier","Guardian:Gem_Lightblue"],"campfire_rested":0,"item_purchase_floors":[10,10,30,45,45,45,47,47,47],"current_hp_per_floor":[88,81,76,76,76,76,76,45,55,57,57,59,59,59,51,30,98,98,98,98,87,87,82,82,79,81,81,74,74,76,76,76,36,103,103,103,96,96,88,91,91,95,94,94,96,96,110,61,48,34],"gold":151,"neow_bonus":"TEN_PERCENT_HP_BONUS","is_daily":false,"chose_seed":false,"campfire_upgraded":8,"win_rate":0.0,"timestamp":1610465366,"path_taken":["R","M","M","?","M","?","T","E","R","$","M","?","R","?","M","BOSS","R","M","M","M","?","E","T","M","?","R","M","R","$","?","M","BOSS","R","M","M","?","M","M","T","M","?","R","$","R","$","E","M","BOSS"],"items_purchased_type":["Card","Card","Relic","Card","Relic","Card","Relic","Card","Card"],"build_version":"2020-12-22","purchased_purges":0,"victory":true,"max_hp_per_floor":[88,88,88,88,88,88,88,88,98,98,98,98,98,98,98,98,98,98,98,98,98,98,98,98,98,98,98,98,98,98,98,98,98,103,103,103,103,103,103,103,103,103,103,103,103,103,110,110,110,110],"card_choices":[{"not_picked":["Guardian:PrimingBeam","Guardian:VentSteam"],"picked":"Guardian:ShieldCharger","floor":2.0},{"not_picked":["Guardian:TemporalShield","Guardian:Gem_Red"],"picked":"Guardian:Suspension","floor":3.0},{"not_picked":["Guardian:CrystalBeam","Guardian:Incinerate"],"picked":"Guardian:PiercingHide","floor":4.0},{"not_picked":["Guardian:CrystalBeam","Guardian:Gem_Crimson"],"picked":"Guardian:Gem_Green","floor":4.0},{"not_picked":["Guardian:WalkerClaw","Guardian:Reroute"],"picked":"Guardian:Gem_Green","floor":4.0},{"not_picked":["Guardian:Gem_Green","Guardian:Planning"],"picked":"Guardian:Gem_Crimson","floor":5.0},{"not_picked":["Guardian:VentSteam","Guardian:BaubleBeam"],"picked":"Guardian:Gem_Fragmented","floor":8.0},{"not_picked":["Guardian:Recover","Guardian:Incinerate"],"picked":"Guardian:SpikerProtocol","floor":10.0},{"not_picked":["Guardian:PiercingHide","Guardian:Recover"],"picked":"Guardian:RollAttack","floor":11.0},{"not_picked":["Guardian:Gem_Red","Guardian:Suspension"],"picked":"Guardian:CrystalBeam","floor":12.0},{"not_picked":["Guardian:Incinerate","Guardian:ChargeCore"],"picked":"Guardian:RefractedBeam","floor":15.0},{"not_picked":["Guardian:StasisStrike","Guardian:TimeSifter"],"picked":"Guardian:ConstructionForm","floor":16},{"not_picked":["Guardian:PiercingHide+1","Guardian:PrimingBeam"],"picked":"Guardian:ChargeCore","floor":19},{"not_picked":["Guardian:Incinerate","Guardian:RefractedBeam+1"],"picked":"Guardian:TimeBomb","floor":20},{"not_picked":["Guardian:PiercingHide","Guardian:EvasiveProtocol"],"picked":"Guardian:Gem_Lightblue","floor":21},{"not_picked":["Guardian:SentryBeam+1","Guardian:PrimingBeam"],"picked":"Guardian:Gem_White","floor":23},{"not_picked":["Guardian:ChargeUp","Guardian:GuardianWhirl+1"],"picked":"Guardian:TemporalShield","floor":25},{"not_picked":["Guardian:PolyBeam+1","Guardian:TimeCapacitor"],"picked":"Guardian:ShieldSpikes","floor":26},{"not_picked":["Guardian:CrystalBeam","Guardian:DecasProtection"],"picked":"Guardian:ArmoredProtocol+1","floor":28},{"not_picked":["Guardian:Suspension","Guardian:Gem_Red"],"picked":"Guardian:Gem_Orange","floor":30},{"not_picked":["Guardian:RollAttack","Guardian:Gem_Green"],"picked":"Guardian:Incinerate","floor":32},{"not_picked":["Guardian:RevengeProtocol+1","Guardian:SphericShield"],"picked":"Guardian:StasisField","floor":33},{"not_picked":["Guardian:Gem_Lightblue","Guardian:CrystalBeam+1"],"picked":"Guardian:FloatingOrbs+1","floor":34},{"not_picked":["Guardian:DonusPower+1","Guardian:PiercingHide"],"picked":"Guardian:TemporalStrike+1","floor":36},{"not_picked":["Guardian:Planning+1","Guardian:Incinerate+1"],"picked":"Guardian:PiercingHide+1","floor":37},{"not_picked":["Guardian:Gem_Lightblue","Guardian:Gem_Red"],"picked":"Guardian:AncientConstruct+1","floor":39},{"not_picked":["Guardian:PiercingHide","Guardian:ChargeUp"],"picked":"Guardian:PrismaticBeam+1","floor":40},{"not_picked":["Guardian:WalkerClaw+1","Guardian:Reroute","Guardian:Incinerate"],"picked":"Guardian:Gem_Blue","floor":42},{"not_picked":["Guardian:AncientConstruct+1","Guardian:RollAttack+1","Guardian:ChargeUp"],"picked":"Guardian:Gem_Green","floor":43},{"not_picked":["Guardian:Reroute","Guardian:EvasiveProtocol+1","Guardian:PiercingHide"],"picked":"Guardian:Gem_Crimson","floor":45},{"not_picked":["Guardian:ChargeCore+1","Guardian:RevengeProtocol+1","Guardian:Gem_Lightblue"],"picked":"Guardian:DecasProtection","floor":47},{"not_picked":["Guardian:SentryBeam+1","Guardian:ShieldCharger+1","Guardian:Planning"],"picked":"Guardian:CrystalBeam","floor":48},{"not_picked":["Guardian:VentSteam+1","Guardian:PrimingBeam+1","Guardian:TemporalStrike+1"],"picked":"Guardian:Gem_Cyan","floor":49}],"player_experience":73393,"relics_obtained":[{"floor":6.0,"key":"Ring of Misfortune"},{"floor":6.0,"key":"Ring of Hypnosis"},{"floor":8.0,"key":"Snack Pack"},{"floor":23,"key":"Replay:Baseball"},{"floor":24,"key":"Bottled Tornado"},{"floor":26,"key":"Replay:PocketPolymizer"},{"floor":26,"key":"Letter Opener"},{"floor":31,"key":"Chameleon Ring"},{"floor":41,"key":"Question Card"},{"floor":48,"key":"Replay:Multitool"}],"event_choices":[{"damage_healed":0,"gold_gain":0,"player_choice":"Simplicity","damage_taken":0,"max_hp_gain":0,"max_hp_loss":0,"event_name":"Back to Basics","floor":22,"gold_loss":0,"cards_upgraded":["Guardian:Strike_Guardian","Guardian:Strike_Guardian","Guardian:Strike_Guardian","Guardian:Strike_Guardian","Guardian:Defend_Guardian","Guardian:Defend_Guardian","Guardian:Defend_Guardian","Guardian:Defend_Guardian"]}],"is_beta":false,"boss_relics":[{"not_picked":["Pandora\u0027s Box","Honey Jar"],"picked":"Replay:Bronze Core"},{"not_picked":["Coffee Dripper","ReplayTheSpireMod:DimensionalGlitch"],"picked":"Tiny House"}],"items_purged_floors":[],"is_endless":false,"potions_floor_spawned":[3,5,11,15,21,23,25,28,32,36,43,48],"ascension_level":0}}