{"host":"BK","time":1610424667,"event":{"mods":["BaseMod","Highlight Path","Minty Spire (QoL Compilation)","StSLib"],"gold_per_floor":[99,99,99,99,59,59,59,59,59,59,59,59,59,59,59,59,59,59,59,59,59,59,59,59],"floor_reached":23,"playtime":1520,"items_purged":[],"score":430,"play_id":"de83b517-33ed-4dc6-9b0e-e454129994de","local_time":"20210111211107","is_ascension_mode":true,"campfire_choices":[{"data":"Wallop","floor":6.0,"key":"SMITH"},{"floor":11.0,"key":"REST"},{"floor":15.0,"key":"REST"}],"circlet_count":0,"master_deck":["AscendersBane","Strike_P","Strike_P","Defend_P","Defend_P","Defend_P","Defend_P","Eruption","Vigilance","EmptyFist","Wallop+1","FearNoEvil","ThirdEye","Conclude","Wallop","Adaptation","Vault","Tantrum"],"relics":["Ectoplasm","Ancient Tea Set","Bag of Preparation","Toy Ornithopter","Pantograph","SacredBark"],"acts_visited":["Exordium","TheCity"],"potions_floor_usage":[23,23],"damage_taken":[{"damage":0.0,"enemies":"Small Slimes","floor":1.0,"turns":2.0},{"damage":1.0,"enemies":"Cultist","floor":2.0,"turns":3.0},{"damage":0.0,"enemies":"Jaw Worm","floor":4.0,"turns":5.0},{"damage":4.0,"enemies":"Looter","floor":5.0,"turns":3.0},{"damage":16.0,"enemies":"Gremlin Nob","floor":7.0,"turns":4.0},{"damage":0.0,"enemies":"Gremlin Gang","floor":8.0,"turns":3.0},{"damage":8.0,"enemies":"3 Sentries","floor":10.0,"turns":9.0},{"damage":16.0,"enemies":"Gremlin Nob","floor":12.0,"turns":3.0},{"damage":0.0,"enemies":"Blue Slaver","floor":13.0,"turns":1.0},{"damage":0.0,"enemies":"2 Fungi Beasts","floor":14.0,"turns":2.0},{"damage":11.0,"enemies":"Slime Boss","floor":16.0,"turns":7.0},{"damage":21.0,"enemies":"3 Byrds","floor":18.0,"turns":7.0},{"damage":0.0,"enemies":"Chosen","floor":21.0,"turns":3.0},{"damage":22.0,"enemies":"Snecko","floor":22.0,"turns":4.0},{"damage":37,"enemies":"Book of Stabbing","floor":23,"turns":3}],"seed_played":"5230333531764763985","potions_obtained":[{"floor":2.0,"key":"SteroidPotion"},{"floor":4.0,"key":"SpeedPotion"},{"floor":7.0,"key":"SkillPotion"},{"floor":18.0,"key":"PowerPotion"}],"is_trial":false,"path_per_floor":["M","M","?","M","M","R","E","M","T","E","R","E","M","M","R","B",null,"M","?","?","M","M","E"],"character_chosen":"WATCHER","items_purchased":[],"campfire_rested":2,"item_purchase_floors":[],"current_hp_per_floor":[61,60,60,60,56,56,40,40,40,32,52,36,36,36,56,57,65,44,44,44,44,22,0,0],"gold":59,"neow_bonus":"BOSS_RELIC","is_daily":false,"chose_seed":false,"campfire_upgraded":1,"win_rate":0.0,"timestamp":1610424667,"path_taken":["M","M","?","M","M","R","E","?","T","E","R","E","M","M","R","BOSS","M","?","?","?","M","E"],"items_purchased_type":[],"build_version":"2020-12-18","purchased_purges":0,"victory":false,"max_hp_per_floor":[68,68,68,68,68,68,68,68,68,68,68,68,68,68,68,68,68,68,68,68,68,68,68,68],"card_choices":[{"not_picked":["Prostrate","FlyingSleeves"],"picked":"EmptyFist","floor":1.0},{"not_picked":["EmptyBody","ThirdEye","WreathOfFlame"],"picked":"SKIP","floor":2.0},{"not_picked":["LikeWater","Indignation"],"picked":"Wallop","floor":4.0},{"not_picked":["Worship","Crescendo"],"picked":"FearNoEvil","floor":5.0},{"not_picked":["Crescendo","Establishment","ConjureBlade"],"picked":"SKIP","floor":7.0},{"not_picked":["SignatureMove","Halt"],"picked":"ThirdEye","floor":8.0},{"not_picked":["Prostrate","FlyingSleeves","Consecrate"],"picked":"SKIP","floor":10.0},{"not_picked":["Evaluate","SignatureMove"],"picked":"Conclude","floor":12.0},{"not_picked":["FlyingSleeves","CutThroughFate"],"picked":"Wallop","floor":13.0},{"not_picked":["Meditate","Crescendo"],"picked":"Adaptation","floor":14.0},{"not_picked":["Judgement","Blasphemy"],"picked":"Vault","floor":16.0},{"not_picked":["PathToVictory","Collect"],"picked":"Tantrum","floor":18.0},{"not_picked":["FollowUp","SashWhip","EmptyFist"],"picked":"SKIP","floor":21.0},{"not_picked":["Conclude","ThirdEye","Crescendo+1"],"picked":"SKIP","floor":22.0}],"player_experience":2495132,"relics_obtained":[{"floor":7.0,"key":"Ancient Tea Set"},{"floor":9.0,"key":"Bag of Preparation"},{"floor":10.0,"key":"Toy Ornithopter"},{"floor":12.0,"key":"Pantograph"}],"event_choices":[{"cards_removed":["Strike_P"],"damage_healed":0.0,"max_hp_gain":0.0,"max_hp_loss":0.0,"gold_gain":0.0,"event_name":"Purifier","player_choice":"Purged","floor":3.0,"gold_loss":0.0,"damage_taken":0.0},{"damage_healed":0.0,"max_hp_gain":0.0,"max_hp_loss":0.0,"gold_gain":0.0,"event_name":"Ghosts","player_choice":"Ignored","floor":19.0,"gold_loss":0.0,"damage_taken":0.0},{"cards_removed":["Strike_P"],"damage_healed":0.0,"max_hp_gain":0.0,"max_hp_loss":0.0,"gold_gain":0.0,"event_name":"Bonfire Elementals","player_choice":"Offered Basic","floor":20.0,"gold_loss":0.0,"damage_taken":0.0}],"is_beta":true,"boss_relics":[{"not_picked":["Fusion Hammer","Runic Dome"],"picked":"SacredBark"}],"items_purged_floors":[],"is_endless":false,"potions_floor_spawned":[2,4,5,7,12,13,18],"killed_by":"Book of Stabbing","ascension_level":20}}