{"host":"x205naxbihvu3p76","time":1610454682,"event":{"mods":["AchievementEnabler","BaseMod","Minty Spire (QoL Compilation)","StSLib","SuperFastMode"],"gold_per_floor":[365,365,365,383,308,308,341,357,357,357,377,400,167,187,187,281,281,281,302,316,107,107,107],"floor_reached":22,"playtime":407,"items_purged":["Strike_B","Strike_B","Strike_B"],"score":376,"play_id":"13ca6f86-ae21-4051-8f88-a2c36fb6fd3b","local_time":"20210112213122","is_ascension_mode":true,"campfire_choices":[{"data":"Sunder","floor":6,"key":"SMITH"},{"data":"White Noise","floor":10,"key":"SMITH"},{"data":"Chaos","floor":15,"key":"SMITH"}],"circlet_count":0,"master_deck":["AscendersBane","Strike_B","Defend_B","Defend_B","Defend_B","Defend_B","Zap","Dualcast","Sunder+1","Turbo","Undo","White Noise+1","Chaos+1","Self Repair","Core Surge","Conserve Battery","Defragment"],"relics":["Cracked Core","Golden Idol","Blue Candle","Pantograph","Nuclear Battery"],"acts_visited":["Exordium","TheCity"],"potions_floor_usage":[7,7,16,18,20],"damage_taken":[{"damage":0,"enemies":"Small Slimes","floor":1,"turns":3},{"damage":0,"enemies":"2 Louse","floor":4,"turns":1},{"damage":25,"enemies":"3 Sentries","floor":7,"turns":5},{"damage":0,"enemies":"Jaw Worm","floor":8,"turns":2},{"damage":12,"enemies":"Gremlin Gang","floor":11,"turns":4},{"damage":0,"enemies":"Large Slime","floor":12,"turns":4},{"damage":0,"enemies":"Looter","floor":14,"turns":2},{"damage":29,"enemies":"Hexaghost","floor":16,"turns":9},{"damage":0,"enemies":"3 Byrds","floor":18,"turns":2},{"damage":33,"enemies":"Chosen","floor":19,"turns":7},{"damage":19,"enemies":"Snake Plant","floor":20,"turns":3},{"damage":24,"enemies":"Masked Bandits","floor":22,"turns":2}],"seed_played":"7360725766987899742","potions_obtained":[{"floor":1,"key":"PowerPotion"},{"floor":4,"key":"Regen Potion"},{"floor":12,"key":"SmokeBomb"},{"floor":16,"key":"FearPotion"}],"is_trial":false,"path_per_floor":["M","?","?","M","$","R","E","M","T","R","M","M","$","M","R","B",null,"M","M","M","$","?"],"character_chosen":"DEFECT","items_purchased":["SkillPotion","Self Repair","Defragment"],"campfire_rested":0,"item_purchase_floors":[13,13,21],"current_hp_per_floor":[46,46,46,46,46,46,35,35,35,35,23,23,23,23,23,26,55,55,29,17,17,0,0],"gold":107,"neow_bonus":"TWO_FIFTY_GOLD","is_daily":false,"chose_seed":false,"campfire_upgraded":3,"win_rate":0.0,"timestamp":1610454682,"path_taken":["M","?","?","M","$","R","E","M","T","R","M","M","$","M","R","BOSS","M","M","M","$","?"],"items_purchased_type":["Potion","Card","Card"],"build_version":"2020-12-22","purchased_purges":3,"victory":false,"max_hp_per_floor":[71,71,64,64,64,64,64,64,64,64,64,64,64,64,64,64,64,64,64,64,64,64,64],"card_choices":[{"not_picked":["Auto Shields","Beam Cell"],"picked":"Sunder","floor":1},{"not_picked":["Sweeping Beam","Steam"],"picked":"Turbo","floor":4},{"not_picked":["Streamline","Sweeping Beam"],"picked":"Undo","floor":7},{"not_picked":["Recycle","Stack"],"picked":"White Noise","floor":8},{"not_picked":["Consume","Rainbow"],"picked":"Chaos","floor":11},{"not_picked":["Hologram","Beam Cell","Stack"],"picked":"SKIP","floor":12},{"not_picked":["Gash","Coolheaded","Stack"],"picked":"SKIP","floor":14},{"not_picked":["Thunder Strike","Biased Cognition"],"picked":"Core Surge","floor":16},{"not_picked":["Compile Driver","Ball Lightning"],"picked":"Conserve Battery","floor":19},{"not_picked":["Redo","Meteor Strike","Barrage"],"picked":"SKIP","floor":20}],"player_experience":970660,"relics_obtained":[{"floor":7,"key":"Blue Candle"},{"floor":9,"key":"Pantograph"}],"event_choices":[{"damage_healed":0,"gold_gain":0,"player_choice":"Ignored","damage_taken":0,"max_hp_gain":0,"max_hp_loss":0,"event_name":"Shining Light","floor":2,"gold_loss":0},{"damage_healed":0,"gold_gain":0,"player_choice":"Lose Max HP","damage_taken":0,"relics_obtained":["Golden Idol"],"max_hp_gain":0,"max_hp_loss":7,"event_name":"Golden Idol","floor":3,"gold_loss":0},{"damage_healed":0,"gold_gain":0,"player_choice":"Fought Bandits","damage_taken":0,"max_hp_gain":0,"max_hp_loss":0,"event_name":"Masked Bandits","floor":22,"gold_loss":0}],"is_beta":false,"boss_relics":[{"not_picked":["SlaversCollar","Runic Dome"],"picked":"Nuclear Battery"}],"items_purged_floors":[5,13,21],"is_endless":false,"potions_floor_spawned":[1,4,12,16],"killed_by":"Masked Bandits","ascension_level":20}}