{"host":"qijhzzkmbgiiyux7","time":1610476174,"event":{"mods":["BaseMod","Downfall","Hermit","Minty Spire (QoL Compilation)","Replay The Spire","StSLib","The Cursed"],"gold_per_floor":[111,128,140,153,173,173,173,44,68,87,99,126,178,193,193,290,290,305,35,35,55,66,66,81,81,106,106,0,14,14,14],"floor_reached":30,"playtime":1683,"items_purged":["Defend_G"],"score":236,"play_id":"5766ad53-cd0d-4421-b8cb-655b96efabc4","local_time":"20210112212934","is_ascension_mode":false,"campfire_choices":[{"data":"Blade Dance","floor":6,"key":"SMITH"},{"floor":15,"key":"REST"},{"floor":23,"key":"REST"},{"floor":25,"key":"REST"}],"circlet_count":0,"master_deck":["Strike_G+1","Strike_G","Strike_G","Defend_G","Defend_G","Defend_G","Survivor+1","Neutralize","ReplayTheSpireMod:Faulty Equipment+1","Dagger Spray","Poison Darts+1","Blade Dance+1","Prepared","Crippling Poison+1","Blade Dance","All Out Attack","Blur","Infinite Blades+1","Atom Bomb","Flying Knee","Masterful Stab","Fluid Movement","A Thousand Cuts+1","Outmaneuver+1","Bane","Infinite Blades","Writhe","Caltrops","Tactician+1","Hidden Blade","Slice"],"relics":["Ring of the Serpent","Blood Vial","Centennial Puzzle","Guide Book","Gremlin Food","War Paint"],"acts_visited":["Exordium","TheCity"],"potions_floor_usage":[],"damage_taken":[{"damage":0,"enemies":"Cultist","floor":1,"turns":3},{"damage":0,"enemies":"Jaw Worm","floor":2,"turns":3},{"damage":0,"enemies":"Small Slimes","floor":3,"turns":2},{"damage":2,"enemies":"3 Louse","floor":4,"turns":2},{"damage":13,"enemies":"Exordium Thugs","floor":5,"turns":4},{"damage":7,"enemies":"Looter","floor":10,"turns":3},{"damage":0,"enemies":"3 Louse","floor":11,"turns":2},{"damage":20,"enemies":"Lagavulin","floor":12,"turns":5},{"damage":1,"enemies":"2 Fungi Beasts","floor":14,"turns":3},{"damage":53,"enemies":"Fading Forest","floor":16,"turns":11},{"damage":22,"enemies":"Chosen","floor":18,"turns":5},{"damage":23,"enemies":"Spheric Guardian","floor":21,"turns":5},{"damage":19,"enemies":"3 Cultists","floor":22,"turns":5},{"damage":25,"enemies":"Snecko","floor":24,"turns":4},{"damage":16,"enemies":"Chosen and Byrds","floor":29,"turns":5},{"damage":20,"enemies":"Centurion and Healer","floor":30,"turns":1}],"seed_played":"7125326596846967404","potions_obtained":[{"floor":3,"key":"FearPotion"},{"floor":4,"key":"PowerPotion"},{"floor":12,"key":"champ:CounterPotion"},{"floor":14,"key":"Fire Potion"}],"is_trial":false,"path_per_floor":["M","M","M","M","M","R","?","$","T","M","M","E","?","M","R","B",null,"M","$","?","M","M","R","M","R","T","?","?","M","M"],"character_chosen":"THE_SILENT","items_purchased":["Infinite Blades+1","Bane","Infinite Blades","Guide Book"],"campfire_rested":3,"item_purchase_floors":[8,19,19,19],"current_hp_per_floor":[70,70,70,68,55,55,55,55,55,50,52,34,34,35,56,21,70,48,48,48,27,10,31,8,29,29,29,29,15,0,0],"gold":14,"neow_bonus":"TRANSFORM_TWO_CARDS","is_daily":false,"chose_seed":false,"campfire_upgraded":1,"win_rate":0.0,"timestamp":1610476174,"path_taken":["M","M","?","M","M","R","?","$","T","M","M","E","?","M","R","BOSS","M","$","?","M","M","R","M","R","T","?","?","M","?"],"items_purchased_type":["Card","Card","Card","Relic"],"build_version":"2020-12-22","purchased_purges":1,"victory":false,"max_hp_per_floor":[70,70,70,70,70,70,70,70,70,70,70,70,70,70,70,70,70,70,70,70,70,70,70,70,70,70,70,70,70,70,70],"card_choices":[{"not_picked":["Underhanded Strike","Finisher"],"picked":"Blade Dance","floor":1},{"not_picked":["Deadly Poison","Flechettes"],"picked":"Prepared","floor":2},{"not_picked":["Bullet Time","Deflect"],"picked":"Crippling Poison","floor":3},{"not_picked":["Underhanded Strike","Dagger Throw"],"picked":"Blade Dance","floor":4},{"not_picked":["ReplayTheSpireMod:Exploit Weakness","Backflip"],"picked":"All Out Attack","floor":5},{"not_picked":["Reflex","Toxin Wave"],"picked":"Atom Bomb","floor":10},{"not_picked":["Blade Dance","Quick Slash"],"picked":"Flying Knee","floor":11},{"not_picked":["Hidden Blade","Calculated Gamble"],"picked":"Masterful Stab","floor":12},{"not_picked":["PiercingWail","Endless Agony"],"picked":"Fluid Movement","floor":14},{"not_picked":["Die Die Die","Unload"],"picked":"A Thousand Cuts","floor":16},{"not_picked":["Deflect","Flying Knee"],"picked":"Outmaneuver+1","floor":18},{"not_picked":["Deflect","Slice"],"picked":"Caltrops","floor":21},{"not_picked":["Dagger Spray+1","Prepared"],"picked":"Tactician+1","floor":22},{"not_picked":["Outmaneuver","Flying Knee"],"picked":"Hidden Blade","floor":24},{"not_picked":["Bane+1","Masterful Stab"],"picked":"Slice","floor":29}],"player_experience":37651,"relics_obtained":[{"floor":9,"key":"Blood Vial"},{"floor":12,"key":"Centennial Puzzle"},{"floor":26,"key":"War Paint"}],"event_choices":[{"damage_healed":0,"gold_gain":0,"cards_transformed":["Strike_G"],"player_choice":"Change","damage_taken":0,"max_hp_gain":0,"max_hp_loss":0,"event_name":"Living Wall","floor":7,"gold_loss":0,"cards_obtained":["Blur"]},{"damage_healed":0,"gold_gain":52,"player_choice":"Gained Gold","damage_taken":0,"max_hp_gain":0,"max_hp_loss":0,"event_name":"Golden Wing","floor":13,"gold_loss":0},{"damage_healed":0,"gold_gain":0,"player_choice":"Opened","damage_taken":0,"relics_obtained":["Gremlin Food"],"max_hp_gain":0,"max_hp_loss":0,"event_name":"The Mausoleum","floor":20,"gold_loss":0,"cards_obtained":["Writhe"]},{"damage_healed":0,"gold_gain":0,"player_choice":"Paid Fearfully","damage_taken":0,"max_hp_gain":0,"max_hp_loss":0,"event_name":"Masked Bandits","floor":28,"gold_loss":106}],"is_beta":false,"boss_relics":[{"not_picked":["Empty Cage","Abe\u0027s Treasure"],"picked":"Ring of the Serpent"}],"items_purged_floors":[8],"is_endless":false,"potions_floor_spawned":[3,4,12,14,29],"killed_by":"Centurion and Healer","ascension_level":0}}