{"host":"jm9833yuloeli2yd","time":1610412756,"event":{"mods":["BaseMod","Better Altar","Better Match","Better Note","Better Sensory Stone","Better Skull","Better Third Choice","Better Vampires","BetterRewards","Colored Map","Colored Powertips","DeckTracker","Minty Spire (QoL Compilation)","Permanent Neow","Quick Restart","Slay-I","StSLib","SuperFastMode"],"gold_per_floor":[115,190,190,201,7,40,40,40,40,56,96,114,132,92,92,188,188,202,33,41,60,34,68,68,118,163,163,163,163,189,189,189,260,260,278,17,31,31,31],"floor_reached":38,"playtime":1608,"items_purged":["Defend_G","Defend_G","Strike_G","Strike_G"],"score":1280,"play_id":"7b9ddccb-5525-4a39-a21d-2125e7b9e564","local_time":"20210111195236","is_ascension_mode":true,"campfire_choices":[{"data":"Creative AI","floor":7.0,"key":"SMITH"},{"data":"Caltrops","floor":15.0,"key":"SMITH"},{"floor":28,"key":"REST"},{"data":"Night Terror","floor":32,"key":"SMITH"}],"circlet_count":0,"master_deck":["AscendersBane","Strike_G","Defend_G","Defend_G","Defend_G","Survivor","Neutralize","Cloak And Dagger","Accuracy","Sucker Punch","Predator","Caltrops+1","Creative AI+1","Cloak And Dagger","Footwork+1","Leg Sweep","Bullet Time","Dodge and Roll","Venomology","Deflect","Caltrops+1","Caltrops+1","Noxious Fumes+1","Outmaneuver","Dash+1","Phantasmal Killer","Night Terror+1","Escape Plan","After Image+1","Apotheosis","PiercingWail+1"],"relics":["Ring of the Snake","Membership Card","Mango","InkBottle","Lantern","Frozen Egg 2","Turnip","Bloody Idol","Pear","HornCleat","Black Star","Oddly Smooth Stone","Molten Egg 2","Regal Pillow","Ancient Tea Set","Happy Flower","Paper Crane","Boot","SacredBark","Snake Skull"],"acts_visited":["Exordium","TheCity","TheBeyond"],"potions_floor_usage":[23,23,27,27,13030,30,30,33,35,35,37],"damage_taken":[{"damage":0.0,"enemies":"Small Slimes","floor":1.0,"turns":3.0},{"damage":0.0,"enemies":"2 Louse","floor":4.0,"turns":2.0},{"damage":10.0,"enemies":"3 Sentries","floor":6.0,"turns":8.0},{"damage":0.0,"enemies":"Jaw Worm","floor":10.0,"turns":4.0},{"damage":15.0,"enemies":"Gremlin Nob","floor":11.0,"turns":4.0},{"damage":0.0,"enemies":"3 Louse","floor":12.0,"turns":3.0},{"damage":0.0,"enemies":"2 Fungi Beasts","floor":13.0,"turns":3.0},{"damage":0.0,"enemies":"Looter","floor":14.0,"turns":4.0},{"damage":10.0,"enemies":"The Guardian","floor":16.0,"turns":10.0},{"damage":8.0,"enemies":"Shell Parasite","floor":18.0,"turns":8.0},{"damage":4.0,"enemies":"2 Thieves","floor":20.0,"turns":4.0},{"damage":7.0,"enemies":"Snake Plant","floor":21.0,"turns":4.0},{"damage":42,"enemies":"Gremlin Leader","floor":23,"turns":8},{"damage":4,"enemies":"Slavers","floor":27,"turns":3},{"damage":15,"enemies":"Gremlin Leader","floor":30,"turns":7},{"damage":0,"enemies":"Champ","floor":33,"turns":11},{"damage":39,"enemies":"Orb Walker","floor":35,"turns":7},{"damage":21,"enemies":"3 Darklings","floor":37,"turns":9},{"damage":44,"enemies":"2 Orb Walkers","floor":38,"turns":3}],"seed_played":"-2502203264717883817","potions_obtained":[{"floor":4.0,"key":"AttackPotion"},{"floor":10.0,"key":"SteroidPotion"},{"floor":11.0,"key":"Dexterity Potion"},{"floor":16.0,"key":"Swift Potion"}],"is_trial":false,"path_per_floor":["M","?","?","M","$","E","R","?","T","M","E","M","M","M","R","B",null,"M","$","M","M","$","E","?","?","T","E","R","?","E","T","R","B",null,"M","$","M","?"],"character_chosen":"THE_SILENT","items_purchased":["Membership Card","EntropicBrew","InkBottle","Cloak And Dagger","Accuracy","Sucker Punch","SkillPotion","Frozen Egg 2","Caltrops+1","Oddly Smooth Stone","Outmaneuver","Snake Skull","Apotheosis"],"campfire_rested":1,"item_purchase_floors":[0,0,0,0,0,0,0,5,19,19,22,36,36],"current_hp_per_floor":[66,55,41,41,41,31,31,31,41,41,26,26,26,26,26,16,66,58,58,54,47,47,5,5,5,5,1,40,15,32,32,32,37,71,37,37,21,0,0],"gold":31,"neow_bonus":"","is_daily":false,"chose_seed":false,"campfire_upgraded":3,"win_rate":0.0,"timestamp":1610412756,"path_taken":["M","?","?","M","$","E","R","?","T","M","E","M","M","M","R","BOSS","M","$","M","M","$","E","?","?","T","E","R","?","E","?","R","BOSS","M","$","M","?"],"items_purchased_type":["Relic","Potion","Relic","Card","Card","Card","Potion","Relic","Card","Relic","Card","Relic","Card"],"build_version":"2020-12-22","purchased_purges":4,"victory":false,"max_hp_per_floor":[80,80,80,80,80,80,80,72,82,82,82,82,82,82,82,82,82,82,82,82,82,82,82,82,82,82,82,82,82,82,82,82,82,82,82,82,82,82,82],"card_choices":[{"not_picked":["Outmaneuver","Acrobatics"],"picked":"Caltrops","floor":1.0},{"not_picked":["PiercingWail","Bane"],"picked":"Cloak And Dagger","floor":4.0},{"not_picked":["Sucker Punch","Slice"],"picked":"Footwork+1","floor":6.0},{"not_picked":["Poisoned Stab","Quick Slash","Deadly Poison"],"picked":"SKIP","floor":10.0},{"not_picked":["Skewer","Prepared","Dagger Throw"],"picked":"SKIP","floor":11.0},{"not_picked":["Dagger Spray","Deadly Poison"],"picked":"Leg Sweep","floor":12.0},{"not_picked":["Prepared","Underhanded Strike"],"picked":"Bullet Time","floor":13.0},{"not_picked":["PiercingWail","Prepared"],"picked":"Dodge and Roll","floor":14.0},{"not_picked":["Malaise","Unload"],"picked":"Venomology","floor":16.0},{"not_picked":["Acrobatics","Bane"],"picked":"Deflect","floor":18.0},{"not_picked":["Heel Hook","Underhanded Strike"],"picked":"Caltrops+1","floor":20.0},{"not_picked":["Dagger Throw","Cloak And Dagger"],"picked":"Noxious Fumes+1","floor":21.0},{"not_picked":["Endless Agony+1","Infinite Blades+1"],"picked":"Dash+1","floor":23},{"not_picked":["Terror","Blade Dance+1"],"picked":"Escape Plan","floor":30},{"not_picked":["Grand Finale+1","A Thousand Cuts+1"],"picked":"After Image+1","floor":33},{"not_picked":["Bouncing Flask+1","Noxious Fumes+1","Quick Slash+1"],"picked":"SKIP","floor":35},{"not_picked":["Skewer+1","Dash+1"],"picked":"PiercingWail+1","floor":37}],"player_experience":1306641,"relics_obtained":[{"floor":6.0,"key":"Turnip"},{"floor":9.0,"key":"Pear"},{"floor":11.0,"key":"HornCleat"},{"floor":23,"key":"Molten Egg 2"},{"floor":23,"key":"Regal Pillow"},{"floor":26,"key":"Ancient Tea Set"},{"floor":30,"key":"Happy Flower"},{"floor":30,"key":"Paper Crane"},{"floor":31,"key":"Boot"}],"event_choices":[{"damage_healed":0.0,"max_hp_gain":0.0,"max_hp_loss":0.0,"gold_gain":75.0,"event_name":"betterThird:BetterGoop","player_choice":"Gold","floor":2.0,"gold_loss":0.0,"damage_taken":11.0},{"damage_healed":0.0,"max_hp_gain":0.0,"max_hp_loss":8.0,"gold_gain":0.0,"event_name":"Golden Idol","player_choice":"Lose Max HP","floor":8.0,"gold_loss":0.0,"damage_taken":0.0,"relics_obtained":["Golden Idol"]},{"damage_healed":0,"gold_gain":0,"cards_transformed":["Strike_G","Strike_G"],"player_choice":"Became Test Subject","damage_taken":0,"max_hp_gain":0,"max_hp_loss":0,"event_name":"Drug Dealer","floor":24,"gold_loss":0,"cards_obtained":["Phantasmal Killer","Night Terror"]},{"damage_healed":0,"gold_gain":50,"player_choice":"Steal","damage_taken":0,"max_hp_gain":0,"max_hp_loss":0,"event_name":"betterThird:BetterNest","floor":25,"gold_loss":0},{"damage_healed":0,"gold_gain":0,"player_choice":" GoldIdol Potion ","damage_taken":25,"relics_obtained":["Bloody Idol"],"max_hp_gain":40,"max_hp_loss":15,"event_name":"betterAltar:BetterAltar","floor":29,"potions_obtained":["betterAltar:AltarPotion"],"relics_lost":["Golden Idol"],"gold_loss":0},{"damage_healed":0,"gold_gain":0,"player_choice":"Fight","damage_taken":0,"max_hp_gain":0,"max_hp_loss":0,"event_name":"Mysterious Sphere","floor":38,"gold_loss":0}],"is_beta":false,"boss_relics":[{"not_picked":["Empty Cage","HoveringKite"],"picked":"Black Star"},{"not_picked":["Sozu","Coffee Dripper"],"picked":"SacredBark"}],"items_purged_floors":[0,5,19,36],"is_endless":false,"potions_floor_spawned":[4,10,11,16,18,21,27],"killed_by":"2 Orb Walkers","ascension_level":20}}