{"host":"Qube","time":1610492135,"event":{"mods":["AchievementEnabler","BaseMod","Colored Map","Colored Powertips","Minty Spire (QoL Compilation)","Quick Restart","Random Character Button","StSLib"],"gold_per_floor":[360,36,47,63,63,63,83,83,83,98,127,151,163,205,217,303,315,342,354,366,31,3,3,31,31,55,89,103,123,123,23,23,99,99,115,129,129,129,129],"floor_reached":38,"language":"ENG","playtime":1459,"items_purged":["Shame","Strike_B"],"score":832,"play_id":"55271b72-b5d2-4ce4-b1cb-4a6853a7acca","local_time":"20210112145535","is_ascension_mode":true,"campfire_choices":[{"data":"Zap","floor":6.0,"key":"SMITH"},{"data":"Dualcast","floor":8.0,"key":"SMITH"},{"floor":15.0,"key":"REST"},{"floor":23.0,"key":"REST"},{"data":"Blizzard","floor":25,"key":"SMITH"},{"data":"Blizzard","floor":30,"key":"SMITH"},{"data":"Echo Form","floor":32,"key":"SMITH"}],"circlet_count":0,"master_deck":["AscendersBane","Strike_B","Defend_B","Defend_B","Defend_B","Defend_B","Zap+1","Dualcast+1","Gash","Blizzard+1","Cold Snap","Steam","Gash","Cold Snap","Cold Snap","FTL","Beam Cell","Echo Form+1","Coolheaded","Gash","Blizzard+1","Coolheaded","Machine Learning","Cold Snap","All For One","Chill"],"relics":["FrozenCore","Regal Pillow","Bronze Scales","MawBank","Odd Mushroom","Enchiridion","Eternal Feather","Symbiotic Virus","Toy Ornithopter","Cables","Empty Cage"],"acts_visited":["Exordium","TheCity","TheBeyond"],"potions_floor_usage":[24,28,33,35,36],"damage_taken":[{"damage":1.0,"enemies":"2 Louse","floor":1.0,"turns":3.0},{"damage":7.0,"enemies":"Jaw Worm","floor":3.0,"turns":4.0},{"damage":0.0,"enemies":"Cultist","floor":4.0,"turns":3.0},{"damage":0.0,"enemies":"Large Slime","floor":5.0,"turns":1.0},{"damage":5.0,"enemies":"3 Louse","floor":7.0,"turns":3.0},{"damage":10.0,"enemies":"Looter","floor":10.0,"turns":3.0},{"damage":8.0,"enemies":"3 Sentries","floor":11.0,"turns":7.0},{"damage":0.0,"enemies":"2 Fungi Beasts","floor":12.0,"turns":3.0},{"damage":18.0,"enemies":"The Mushroom Lair","floor":14.0,"turns":3.0},{"damage":47.0,"enemies":"Slime Boss","floor":16.0,"turns":10.0},{"damage":16.0,"enemies":"3 Byrds","floor":18.0,"turns":2.0},{"damage":12,"enemies":"Book of Stabbing","floor":24,"turns":6},{"damage":24,"enemies":"Gremlin Leader","floor":27,"turns":6},{"damage":0,"enemies":"Chosen","floor":28,"turns":5},{"damage":12,"enemies":"Sentry and Sphere","floor":29,"turns":4},{"damage":39,"enemies":"Champ","floor":33,"turns":10},{"damage":30,"enemies":"3 Shapes","floor":35,"turns":6},{"damage":7,"enemies":"3 Darklings","floor":36,"turns":4},{"damage":59,"enemies":"Transient","floor":38,"turns":4}],"seed_played":"-2262669435110167480","potions_obtained":[{"floor":1.0,"key":"Block Potion"},{"floor":3.0,"key":"SmokeBomb"},{"floor":11.0,"key":"FocusPotion"},{"floor":16.0,"key":"PowerPotion"},{"floor":27,"key":"Regen Potion"},{"floor":29,"key":"EssenceOfDarkness"},{"floor":33,"key":"DuplicationPotion"},{"floor":35,"key":"Swift Potion"}],"is_trial":false,"path_per_floor":["M","$","M","M","M","R","M","R","T","M","E","M","?","?","R","B",null,"M","?","?","$","$","R","E","R","T","E","M","M","R","$","R","B",null,"M","M","?","M"],"character_chosen":"DEFECT","items_purchased":["Regal Pillow","Blizzard","Eternal Feather","Blizzard","Coolheaded"],"campfire_rested":2,"item_purchase_floors":[2,2,21,21,22],"current_hp_per_floor":[63,63,56,56,56,56,51,51,51,41,33,33,33,15,51,4,54,38,38,17,17,17,68,56,71,71,47,66,54,69,69,71,37,63,38,36,36,0,0],"gold":129,"neow_bonus":"TWO_FIFTY_GOLD","is_daily":false,"chose_seed":false,"campfire_upgraded":5,"win_rate":0.0,"timestamp":1610492135,"path_taken":["M","$","M","M","M","R","M","R","T","M","E","M","?","?","R","BOSS","M","?","?","?","$","R","E","R","T","E","M","?","R","$","R","BOSS","M","M","?","M"],"items_purchased_type":["Relic","Card","Relic","Card","Card"],"build_version":"2020-12-18","purchased_purges":2,"victory":false,"max_hp_per_floor":[71,71,71,71,71,71,71,71,71,71,71,71,71,71,71,71,71,71,71,71,71,71,71,71,71,71,71,71,71,71,71,71,71,71,71,71,71,71,71],"card_choices":[{"not_picked":["Compile Driver","Redo"],"picked":"Gash","floor":1.0},{"not_picked":["Compile Driver","Reboot"],"picked":"Cold Snap","floor":3.0},{"not_picked":["Static Discharge","Storm"],"picked":"Steam","floor":4.0},{"not_picked":["Ball Lightning","Beam Cell"],"picked":"Gash","floor":7.0},{"not_picked":["Hologram","Leap"],"picked":"Cold Snap","floor":10.0},{"not_picked":["Steam Power","FTL"],"picked":"Cold Snap","floor":11.0},{"not_picked":["Recycle","Force Field"],"picked":"FTL","floor":12.0},{"not_picked":["Static Discharge","Turbo"],"picked":"Beam Cell","floor":14.0},{"not_picked":["Biased Cognition","Multi-Cast"],"picked":"Echo Form","floor":16.0},{"not_picked":["Reinforced Body","Steam"],"picked":"Coolheaded","floor":18.0},{"not_picked":["Hello World","Static Discharge","Rebound"],"picked":"SKIP","floor":24},{"not_picked":["Streamline","Turbo"],"picked":"Machine Learning","floor":27},{"not_picked":["Genetic Algorithm","Chaos"],"picked":"Cold Snap","floor":28},{"not_picked":["BootSequence+1","Beam Cell","Go for the Eyes"],"picked":"SKIP","floor":29},{"not_picked":["Echo Form","Machine Learning"],"picked":"All For One","floor":33},{"not_picked":["Leap","Redo"],"picked":"Cold Snap+1","floor":35},{"not_picked":["Streamline+1","Hologram"],"picked":"Chill","floor":36}],"player_experience":876603,"relics_obtained":[{"floor":9.0,"key":"Bronze Scales"},{"floor":11.0,"key":"MawBank"},{"floor":14.0,"key":"Odd Mushroom"},{"floor":20.0,"key":"Enchiridion"},{"floor":24,"key":"Symbiotic Virus"},{"floor":26,"key":"Toy Ornithopter"},{"floor":27,"key":"Cables"}],"event_choices":[{"damage_healed":0.0,"max_hp_gain":0.0,"max_hp_loss":0.0,"gold_gain":0.0,"event_name":"Liars Game","player_choice":"Ignored","floor":13.0,"gold_loss":0.0,"damage_taken":0.0},{"damage_healed":0.0,"max_hp_gain":0.0,"max_hp_loss":0.0,"gold_gain":0.0,"event_name":"Mushrooms","player_choice":"Fought Mushrooms","floor":14.0,"gold_loss":0.0,"damage_taken":0.0},{"damage_healed":0.0,"max_hp_gain":0.0,"max_hp_loss":0.0,"gold_gain":0.0,"event_name":"The Library","player_choice":"Read","floor":19.0,"gold_loss":0.0,"damage_taken":0.0,"cards_obtained":["Gash"]},{"damage_healed":0.0,"max_hp_gain":0.0,"max_hp_loss":0.0,"gold_gain":0.0,"event_name":"Cursed Tome","player_choice":"Obtained Book","floor":20.0,"gold_loss":0.0,"damage_taken":21.0},{"cards_removed":["Cold Snap"],"damage_healed":0,"gold_gain":0,"player_choice":"Removed Attack","damage_taken":0,"max_hp_gain":0,"max_hp_loss":0,"event_name":"Falling","floor":37,"gold_loss":0}],"is_beta":true,"boss_relics":[{"not_picked":["Tiny House","Philosopher\u0027s Stone"],"picked":"FrozenCore"},{"not_picked":["Astrolabe","Snecko Eye"],"picked":"Empty Cage"}],"items_purged_floors":[2,31],"is_endless":false,"potions_floor_spawned":[1,3,5,11,16,27,29,33,35],"killed_by":"Transient","ascension_level":19}}