{"host":"8xa5iuanyysuug62","time":1610417079,"event":{"mods":["Arknights The Spire","BaseMod","Minty Spire (QoL Compilation)","StSLib"],"gold_per_floor":[113,188,188,201,219,219,252,252,252,527,544,557,570,306,306,409,409,429,354,354,364,364,391,410,443,443,141,155,155,11,22,22,118,118,136,136,150,163,183,216,216,55,78,0,16,47,61,77,77,77],"floor_reached":51,"playtime":3630,"items_purged":["Regret","Shame","ats:Hammer On"],"score":751,"play_id":"a5b54009-77af-4b44-9e73-8903d4ea246f","local_time":"20210111180439","is_ascension_mode":false,"campfire_choices":[{"data":"ats:Armor Crushing Shot","floor":6,"key":"SMITH"},{"floor":8,"key":"REST"},{"data":"ats:Burning Ground","floor":15,"key":"SMITH"},{"data":"ats:Mental Burst","floor":29,"key":"SMITH"},{"data":"ats:Part Time Job","floor":32,"key":"SMITH"},{"data":"ats:Soul Absorption","floor":41,"key":"SMITH"},{"data":"ats:Healing Strengthening","floor":49,"key":"SMITH"}],"circlet_count":0,"master_deck":["ats:Strike C","ats:Armor Crushing Shot+1","ats:Defend","ats:Defend","ats:Defend","ats:Defend","ats:Emotion Absorption+1","ats:Revitalization","ats:Burning Ground+1","ats:Shell Defense","ats:Part Time Job+1","ats:Counter Healing Mode","ats:Mental Burst+1","ats:Soul Absorption+1","ats:Healing Strengthening+1","ats:Wolf Pack","ats:Encircling Forest","ats:Directed Diagnosis","ats:Revitalization","ats:Ignite","ats:Mental Burst+1","ats:Ignite","ats:Shell Defense+1","ats:Shell Defense","ats:Sunburst+1","ats:Calcification","ats:Shell Defense+1","ats:Shell Defense+1","ats:Thorns","Injury","ats:Very Hot Blade+1","ats:Dogmatic Field"],"relics":["ats:Sanity","ats:Originium","ats:Hidden Killer","Mercury Hourglass","Cursed Key","Oddly Smooth Stone","Bronze Scales","ats:Cure","Orrery","Runic Dome","ats:Bonebreaker","Matryoshka","Bag of Preparation","Pen Nib","Red Mask","Centennial Puzzle"],"acts_visited":["Exordium","TheCity","TheBeyond"],"potions_floor_usage":[13,37,45,45],"damage_taken":[{"damage":1,"enemies":"Jaw Worm","floor":1,"turns":4},{"damage":5,"enemies":"Small Slimes","floor":4,"turns":3},{"damage":0,"enemies":"2 Louse","floor":5,"turns":3},{"damage":60,"enemies":"Lagavulin","floor":7,"turns":7},{"damage":3,"enemies":"Exordium Thugs","floor":11,"turns":3},{"damage":0,"enemies":"3 Louse","floor":12,"turns":2},{"damage":18,"enemies":"Large Slime","floor":13,"turns":4},{"damage":57,"enemies":"Slime Boss","floor":16,"turns":9},{"damage":0,"enemies":"Chosen","floor":18,"turns":4},{"damage":4,"enemies":"Shell Parasite","floor":21,"turns":4},{"damage":15,"enemies":"Gremlin Leader","floor":23,"turns":6},{"damage":32,"enemies":"Sentry and Sphere","floor":24,"turns":8},{"damage":40,"enemies":"Slavers","floor":25,"turns":4},{"damage":42,"enemies":"Shelled Parasite and Fungi","floor":28,"turns":7},{"damage":0,"enemies":"Centurion and Healer","floor":31,"turns":6},{"damage":56,"enemies":"Champ","floor":33,"turns":13},{"damage":10,"enemies":"Orb Walker","floor":35,"turns":4},{"damage":28,"enemies":"3 Darklings","floor":37,"turns":3},{"damage":19,"enemies":"4 Shapes","floor":38,"turns":4},{"damage":28,"enemies":"Maw","floor":39,"turns":8},{"damage":116,"enemies":"Giant Head","floor":40,"turns":11},{"damage":11,"enemies":"Transient","floor":45,"turns":5},{"damage":62,"enemies":"Nemesis","floor":46,"turns":8},{"damage":23,"enemies":"Writhing Mass","floor":47,"turns":6},{"damage":40,"enemies":"Sphere and 2 Shapes","floor":48,"turns":4},{"damage":430,"enemies":"Awakened One","floor":50,"turns":19}],"seed_played":"4593171849988296104","potions_obtained":[{"floor":5,"key":"FairyPotion"},{"floor":7,"key":"SteroidPotion"},{"floor":21,"key":"Fire Potion"},{"floor":25,"key":"SteroidPotion"},{"floor":28,"key":"Swift Potion"},{"floor":37,"key":"Block Potion"},{"floor":45,"key":"DuplicationPotion"},{"floor":48,"key":"ats:Top Emergency Sanity Potion"}],"is_trial":false,"path_per_floor":["M","?","?","M","M","R","E","R","T","?","M","M","M","$","R","B",null,"M","?","?","M","?","E","M","E","T","$","M","R","$","M","R","B",null,"M","?","M","M","M","E","R","$","T","?","M","E","M","M","R","B",null],"character_chosen":"DOCTOR_CLASS","items_purchased":["ats:Mental Burst","ats:Soul Absorption","ats:Healing Strengthening","ats:Cure","ats:Ignite","Orrery","ats:Thorns"],"campfire_rested":1,"item_purchase_floors":[14,14,14,27,27,30,42],"current_hp_per_floor":[78,67,67,62,65,65,8,31,31,31,28,31,25,25,25,6,79,79,79,79,75,68,64,64,38,38,38,21,21,21,38,38,79,79,71,71,47,36,79,39,39,39,39,39,46,54,75,47,47,79],"gold":77,"neow_bonus":"TEN_PERCENT_HP_BONUS","is_daily":false,"chose_seed":false,"campfire_upgraded":6,"win_rate":0.0,"timestamp":1610417079,"path_taken":["M","?","?","M","M","R","E","R","T","?","M","?","M","$","R","BOSS","M","?","?","M","?","E","?","E","T","$","M","R","$","M","R","BOSS","M","?","M","?","M","E","R","$","T","?","M","E","M","M","R","BOSS"],"items_purchased_type":["Card","Card","Card","Relic","Card","Relic","Card"],"build_version":"2020-12-22","purchased_purges":3,"victory":true,"max_hp_per_floor":[79,79,79,79,79,79,79,79,79,79,79,79,79,79,79,79,79,79,79,79,79,79,79,79,79,79,79,79,79,79,79,79,79,79,79,79,79,79,79,79,79,79,79,79,79,79,79,79,79,79],"card_choices":[{"not_picked":["ats:Assault Order","ats:Curse Doll"],"picked":"ats:Explosion Area Strengthen","floor":1},{"not_picked":["ats:Defend Order","ats:Curse Doll"],"picked":"ats:Revitalization","floor":4},{"not_picked":["ats:Shell Defense","ats:Flame Of Heaven"],"picked":"ats:Burning Ground","floor":5},{"not_picked":["ats:Encircling Forest","ats:Poison Spread"],"picked":"ats:Shell Defense","floor":7},{"not_picked":["ats:Hammer On","ats:Flexible Camouflage"],"picked":"ats:Part Time Job","floor":11},{"not_picked":["ats:Shadow Raid","ats:Childhood Dance"],"picked":"ats:Hammer On","floor":12},{"not_picked":["ats:Sword Rain","ats:Overload"],"picked":"ats:Counter Healing Mode","floor":13},{"not_picked":["ats:Ambush","ats:Disruption Kick"],"picked":"ats:Wolf Pack","floor":16},{"not_picked":["ats:Rapid Magazine+1","ats:Cat Scratch","ats:Revitalization"],"picked":"SKIP","floor":18},{"not_picked":["ats:Hook Shot","ats:Powerful Strike","ats:Collapsing Strike+1"],"picked":"SKIP","floor":21},{"not_picked":["ats:Chain Hook","ats:Poison Spread"],"picked":"ats:Revitalization","floor":23},{"not_picked":["ats:Ambush","ats:Flexible Camouflage","ats:Steam Pump"],"picked":"SKIP","floor":24},{"not_picked":["ats:Leaping Hammer","ats:Curse Doll","ats:Childhood Dance"],"picked":"SKIP","floor":25},{"not_picked":["ats:Flexible Camouflage","ats:Childhood Dance","ats:Rapid Magazine"],"picked":"SKIP","floor":28},{"not_picked":["ats:Apocalypse","ats:Flexible Camouflage"],"picked":"ats:Mental Burst+1","floor":30},{"not_picked":["ats:Leaping Hammer","ats:Assault Order+1"],"picked":"ats:Ignite","floor":30},{"not_picked":["ats:Closed Bolt Burst Fire","ats:Leaping Hammer+1"],"picked":"ats:Shell Defense+1","floor":30},{"not_picked":["ats:Childhood Dance","ats:Ambush"],"picked":"ats:Shell Defense","floor":30},{"not_picked":["ats:Apocalypse","ats:Revitalization"],"picked":"ats:Sunburst+1","floor":31},{"not_picked":["ats:Echo Reverb","ats:Soul Rend"],"picked":"ats:Calcification","floor":33},{"not_picked":["ats:Hammer On+1","ats:Powerful Strike+1"],"picked":"ats:Shell Defense+1","floor":35},{"not_picked":["ats:Explosion Area Strengthen","ats:Leaping Hammer","ats:Blood Oath+1"],"picked":"SKIP","floor":37},{"not_picked":["ats:Shell Defense","ats:Directed Diagnosis","ats:Shadow Raid"],"picked":"SKIP","floor":38},{"not_picked":["ats:Flexible Camouflage","ats:Leaping Hammer","ats:Nebulous Foxfire"],"picked":"SKIP","floor":39},{"not_picked":["ats:Consecutive Shot Auto","ats:Curse Doll+1"],"picked":"ats:Shell Defense+1","floor":40},{"not_picked":["ats:Childhood Dance+1","ats:Explosion Area Strengthen","ats:Apocalypse"],"picked":"SKIP","floor":45},{"not_picked":["ats:Collapsing Strike","ats:Chain Hook"],"picked":"ats:Very Hot Blade+1","floor":46},{"not_picked":["ats:Support Order+1","ats:Poison Spread","ats:Thermite Blade"],"picked":"SKIP","floor":47},{"not_picked":["ats:Poison Spread","ats:Childhood Dance+1"],"picked":"ats:Dogmatic Field","floor":48}],"player_experience":29021,"relics_obtained":[{"floor":7,"key":"ats:Originium"},{"floor":7,"key":"ats:Hidden Killer"},{"floor":9,"key":"Mercury Hourglass"},{"floor":23,"key":"ats:Originium"},{"floor":23,"key":"Oddly Smooth Stone"},{"floor":25,"key":"ats:Originium"},{"floor":25,"key":"Bronze Scales"},{"floor":40,"key":"Matryoshka"},{"floor":43,"key":"Bag of Preparation"},{"floor":43,"key":"Pen Nib"},{"floor":46,"key":"Centennial Puzzle"}],"event_choices":[{"damage_healed":0,"gold_gain":75,"player_choice":"Gather Gold","damage_taken":11,"max_hp_gain":0,"max_hp_loss":0,"event_name":"World of Goop","floor":2,"gold_loss":0},{"damage_healed":0,"gold_gain":0,"player_choice":"Grow","damage_taken":0,"max_hp_gain":0,"max_hp_loss":0,"event_name":"Living Wall","floor":3,"gold_loss":0,"cards_upgraded":["ats:Emotion Absorption"]},{"damage_healed":0,"gold_gain":275,"player_choice":"Desecrate","damage_taken":0,"max_hp_gain":0,"max_hp_loss":0,"event_name":"Golden Shrine","floor":10,"gold_loss":0,"cards_obtained":["Regret"]},{"cards_removed":["ats:Strike V"],"damage_healed":0,"gold_gain":0,"player_choice":"Gave Gold","damage_taken":0,"max_hp_gain":0,"max_hp_loss":0,"event_name":"Beggar","floor":19,"gold_loss":75},{"damage_healed":0,"gold_gain":0,"cards_transformed":["ats:Strike G","ats:Strike S"],"player_choice":"Became Test Subject","damage_taken":0,"max_hp_gain":0,"max_hp_loss":0,"event_name":"Drug Dealer","floor":20,"gold_loss":0,"cards_obtained":["ats:Encircling Forest","ats:Directed Diagnosis"]},{"damage_healed":0,"gold_gain":0,"player_choice":"Damaged","damage_taken":7,"max_hp_gain":0,"max_hp_loss":0,"event_name":"Wheel of Change","floor":22,"gold_loss":0},{"cards_removed":["ats:Explosion Area Strengthen"],"damage_healed":0,"gold_gain":0,"player_choice":"Gave Card","damage_taken":0,"relics_obtained":["ats:Bonebreaker"],"max_hp_gain":0,"max_hp_loss":0,"event_name":"WeMeetAgain","floor":36,"gold_loss":0},{"damage_healed":0,"gold_gain":0,"player_choice":"Paid","damage_taken":0,"relics_obtained":["Red Mask"],"max_hp_gain":0,"max_hp_loss":0,"event_name":"Tomb of Lord Red Mask","floor":44,"gold_loss":78}],"is_beta":false,"boss_relics":[{"not_picked":["Runic Pyramid","Fusion Hammer"],"picked":"Cursed Key"},{"not_picked":["Tiny House","SacredBark"],"picked":"Runic Dome"}],"items_purged_floors":[14,27,42],"is_endless":false,"potions_floor_spawned":[5,7,21,25,28,35,37,38,45,48],"ascension_level":0}}