{"host":"1qxljlv0g0hslid3","time":1610429718,"event":{"mods":["2.2 Compatiblity","AchievementEnabler","Act Like it!","Astrologer","BaseMod","Beaked The Cultist","BetterRewards","Clawfect","Conspire","Custom Start","Dio Mod","Downfall","Elementarium","Energized Spire","Googly Eyes","GungeonMod","Hallownest","Hermit","Hero for Fun","Hubris","Infinite Spire","Magitek Elite","Marisa????????","Minty Spire (QoL Compilation)","Prisma Mod","Remilia??????","Replay The Spire","Shop Mod","StSLib","The Administrix","The Animator","The Bug Knight","The Cursed","The Death Knight","The Elementalist","The Hierophant","The Jungle","The Necromancer","The Runesmith","The Senshi","The Servant 0.9.4","Wandering Minibosses","everything is the same but u backflip on backflip","slay the spire mod where everything is the same but ironclad has a cowboy hat"],"gold_per_floor":[99,110,110,48,58,58,58,83,83,98,114,141,66,79,4,33,43,143,143,68,80,91,76,76,109,109,124,135,151,151,251,251,251,268,365,365,365,385,438,438,315,331,331,256,256,256,271,302,316,335,348,348,348,348,348,348],"floor_reached":54,"playtime":7842,"items_purged":[],"score":897,"play_id":"4d8bf1e0-756e-49a6-8f06-cb5f879a0532","local_time":"20210111233518","is_ascension_mode":true,"campfire_choices":[{"floor":13,"key":"RECALL"},{"data":"Slimebound:Overexert","floor":20,"key":"SMITH"},{"data":"Slimebound:HauntingLick","floor":30,"key":"SMITH"},{"data":"Slimebound:SelfFormingGoo","floor":37,"key":"SMITH"},{"floor":44,"key":"DIG"},{"floor":46,"key":"DIG"}],"circlet_count":0,"master_deck":["Slimebound:Strike_Slimebound","Slimebound:Strike_Slimebound","Slimebound:Tackle","Slimebound:Defend_Slimebound","Slimebound:Defend_Slimebound","Slimebound:Split+1","Slimebound:CorrosiveSpit","Slimebound:Schlurp","Slimebound:SplitMire","Slimebound:LeechEnergy","Slimebound:LeechEnergy","Slimebound:PressTheAttack+1","Slimebound:SamplingLick","Slimebound:HauntingLick+1","Slimebound:Nibble+1","Slimebound:GrowthPunch+1","Slimebound:RejuvenatingLick+1","Slimebound:AcidTongue","Slimebound:LeechEnergy+1","Slimebound:Overexert+1","Slimebound:SplitAcid","Slimebound:PressTheAttack+1","Slimebound:ForwardTackle+1","Slimebound:SplitLeeching","Slimebound:SlimeBrawl","Slimebound:RollThrough+1","Slimebound:Chomp+1","Slimebound:SamplingLick","J.A.X.","Slimebound:GrowthPunch+1","Slimebound:FlameTackle+1","Slimebound:SelfFormingGoo+1","CurseOfTheBell","Slimebound:SpikyOuterGoop+1","infinitespire:Collect","Slimebound:SlimeBarrage+1","Slimebound:AcidTongue","Slimebound:RallyTheTroops+1","Slimebound:MegaLick+1","Parasite","Slimebound:DuplicatedForm","Slimebound:LeechEnergy+1","Slimebound:SamplingLick+1","Slimebound:FirmFortitude"],"relics":["Slimebound:AbsorbEndCombat","Molten Egg 2","MealTicket","ReplayTheSpireMod:Shallot","downfall:HeartBlessingGreen","Kunai","Ring of Chaos","downfall:HeartBlessingRed","infinitespire:BottledMercury","Thread and Needle","MutagenicStrength","wanderingMiniBosses:Inkheart","hubris:Towel","Calling Bell","ReplayTheSpireMod:Lightbulb","Replay:Accelerometer","Dead Branch","Shovel","Membership Card","StoneCalendar","MerchantsRug","downfall:HeartBlessingBlue","infinitespire:EmpoweringShard","beaked:ShinyBauble","Du-Vu Doll","hubris:SlimyHat"],"acts_visited":["Exordium","TheCity","TheBeyond","TheEnding"],"potions_floor_usage":[15,17,22,48,50],"damage_taken":[{"damage":5,"enemies":"Cultist","floor":2,"turns":4},{"damage":21,"enemies":"downfall:FleeingMerchant","floor":4,"turns":4},{"damage":14,"enemies":"conspire:RoseBush","floor":5,"turns":3},{"damage":41,"enemies":"Lagavulin","floor":8,"turns":5},{"damage":5,"enemies":"2 Louse","floor":10,"turns":2},{"damage":12,"enemies":"Large Slime","floor":11,"turns":3},{"damage":38,"enemies":"HollowMod:MossKnight","floor":12,"turns":4},{"damage":33,"enemies":"conspire:2 RoseBushes","floor":14,"turns":5},{"damage":18,"enemies":"downfall:FleeingMerchant","floor":15,"turns":4},{"damage":12,"enemies":"Lagavulin","floor":16,"turns":4},{"damage":19,"enemies":"Exordium Thugs","floor":17,"turns":4},{"damage":33,"enemies":"downfall:Silent","floor":18,"turns":7},{"damage":38,"enemies":"conspire:FuzzyDice","floor":21,"turns":4},{"damage":84,"enemies":"Shell Parasite","floor":22,"turns":8},{"damage":28,"enemies":"downfall:FleeingMerchant","floor":23,"turns":4},{"damage":34,"enemies":"Book of Stabbing","floor":25,"turns":4},{"damage":8,"enemies":"Snake Plant","floor":27,"turns":2},{"damage":26,"enemies":"Centurion and Healer","floor":28,"turns":7},{"damage":22,"enemies":"Snecko","floor":29,"turns":2},{"damage":23,"enemies":"downfall:Augmenter","floor":31,"turns":5},{"damage":16,"enemies":"conspire:HollyBat","floor":34,"turns":5},{"damage":43,"enemies":"downfall:Defect","floor":35,"turns":7},{"damage":19,"enemies":"3 Darklings","floor":38,"turns":3},{"damage":21,"enemies":"2 Orb Walkers","floor":39,"turns":2},{"damage":4,"enemies":"downfall:FleeingMerchant","floor":41,"turns":1},{"damage":11,"enemies":"3 Shapes","floor":42,"turns":2},{"damage":22,"enemies":"Writhing Mass","floor":47,"turns":4},{"damage":39,"enemies":"Giant Head","floor":48,"turns":7},{"damage":35,"enemies":"Jaw Worm Horde","floor":49,"turns":3},{"damage":8,"enemies":"3 Darklings","floor":50,"turns":5},{"damage":34,"enemies":"Transient","floor":51,"turns":5},{"damage":46,"enemies":"downfall:Ironclad","floor":52,"turns":6},{"damage":109,"enemies":"downfall:CharBossMerchant","floor":54,"turns":7}],"seed_played":"-3865220667046501345","potions_obtained":[{"floor":5,"key":"sneckomod:MuddlingPotion"},{"floor":8,"key":"hexamod:EctoCoolerPotion"},{"floor":12,"key":"Languid Potion"},{"floor":17,"key":"DemoMod:LeadSkinPotion"},{"floor":18,"key":"Milkshake"},{"floor":22,"key":"EssenceOfSteel"},{"floor":29,"key":"PowerPotion"},{"floor":50,"key":"SteroidPotion"}],"is_trial":false,"path_per_floor":["R","M","?","$","M","PTL","PTL","E","T","M","M","E","R","M","$","E","M","B",null,"R","M","M","$","?","E","T","M","M","M","R","?","?","AVR","M","B",null,"R","M","?","?","$","M","T","R","T","R","M","E","M","M","M","B",null,"E"],"character_chosen":"SLIMEBOUND","items_purchased":["Slimebound:LeechEnergy","Slimebound:RejuvenatingLick+1","Membership Card","StoneCalendar","Slimebound:AcidTongue","Slimebound:RallyTheTroops+1","MerchantsRug"],"campfire_rested":0,"item_purchase_floors":[4,15,41,41,41,41,41],"current_hp_per_floor":[66,66,66,61,66,66,66,57,57,64,66,64,64,62,63,66,66,61,66,66,58,14,47,47,47,47,59,66,63,63,63,63,63,66,55,66,66,66,66,50,66,66,66,76,76,76,76,76,76,76,76,69,76,0,0,0],"gold":348,"neow_bonus":"TEN_PERCENT_HP_BONUS","is_daily":false,"chose_seed":false,"campfire_upgraded":3,"win_rate":0.0,"timestamp":1610429718,"path_taken":["R","M","?","$","M","PTL","PTL","E","T","M","M","E","R","M","$","E","M","BOSS","R","M","M","$","?","E","T","M","M","M","R","?","?","AVR","M","BOSS","R","M","?","?","$","M","T","R","?","R","?","E","M","M","M","BOSS","E"],"items_purchased_type":["Card","Card","Relic","Relic","Card","Card","Relic"],"build_version":"2020-12-22","purchased_purges":0,"victory":false,"max_hp_per_floor":[66,66,66,66,66,66,66,66,66,66,66,66,66,66,66,66,66,66,66,66,66,66,66,66,66,66,66,66,66,66,66,66,66,66,66,66,66,66,66,66,66,66,66,76,76,76,76,76,76,76,76,76,76,76,76,76],"card_choices":[{"not_picked":["Slimebound:PressTheAttack","Slimebound:RainOfGoop"],"picked":"Slimebound:Schlurp","floor":2},{"not_picked":["Slimebound:Dissolve","Slimebound:GoopSpray"],"picked":"Slimebound:SplitMire","floor":4},{"not_picked":["Slimebound:PressTheAttack","Slimebound:SpikyOuterGoop"],"picked":"Slimebound:LeechEnergy","floor":5},{"not_picked":["Slimebound:DisruptingSlam+1","Slimebound:SplitBruiser"],"picked":"Slimebound:PressTheAttack+1","floor":8},{"not_picked":["Slimebound:ViciousTackle+1","Slimebound:MegaLick"],"picked":"Slimebound:SamplingLick","floor":10},{"not_picked":["Slimebound:SplitBruiser","Slimebound:GoopSpray"],"picked":"Slimebound:HauntingLick","floor":11},{"not_picked":["Slimebound:PrepareCrush","Slimebound:Schlurp"],"picked":"Slimebound:Nibble+1","floor":12},{"not_picked":["Slimebound:DisruptingSlam+1","Slimebound:SlimeSpikes","Slimebound:BestDefense"],"picked":"SKIP","floor":14},{"not_picked":["Slimebound:MassFeed+1","Slimebound:GoopTackle+1"],"picked":"Slimebound:GrowthPunch+1","floor":15},{"not_picked":["Slimebound:SlimeBrawl","Slimebound:SplitLeeching"],"picked":"Slimebound:AcidTongue","floor":16},{"not_picked":["Slimebound:GoopSpray","Slimebound:SplitMire"],"picked":"Slimebound:LeechEnergy+1","floor":17},{"not_picked":["Slimebound:CheckThePlaybook","Slimebound:MassFeed+1"],"picked":"Slimebound:Overexert","floor":18},{"not_picked":["Slimebound:RollThrough+1","Slimebound:SlimeSpikes"],"picked":"Slimebound:SplitAcid","floor":21},{"not_picked":["Slimebound:SamplingLick","Slimebound:ComboTackle+1"],"picked":"Slimebound:PressTheAttack+1","floor":22},{"not_picked":["Slimebound:LeechLife+1","Slimebound:RainOfGoop"],"picked":"Slimebound:ForwardTackle+1","floor":23},{"not_picked":["Slimebound:ViciousTackle+1","Slimebound:PressTheAttack+1"],"picked":"Slimebound:SplitLeeching","floor":25},{"not_picked":["Slimebound:Schlurp","Slimebound:ViciousTackle+1"],"picked":"Slimebound:SlimeBrawl","floor":27},{"not_picked":["Slimebound:Schlurp","Slimebound:GoopSpray"],"picked":"Slimebound:RollThrough+1","floor":28},{"not_picked":["Slimebound:SplitAcid+1","Slimebound:GoopSpray","Slimebound:Schlurp"],"picked":"SKIP","floor":29},{"not_picked":[],"picked":"J.A.X.","floor":31},{"not_picked":["Slimebound:LeechEnergy+1","Slimebound:RollThrough+1"],"picked":"Slimebound:GrowthPunch+1","floor":31},{"not_picked":["Slimebound:SlimeBrawl","Slimebound:FinishingTackle+1"],"picked":"Slimebound:FlameTackle+1","floor":34},{"not_picked":["Slimebound:WasteNot","Slimebound:RallyTheTroops+1"],"picked":"Slimebound:SelfFormingGoo","floor":35},{"not_picked":["Slimebound:RollThrough+1","Slimebound:GrowthPunch+1","Slimebound:Schlurp"],"picked":"SKIP","floor":38},{"not_picked":["Slimebound:GrowthPunch+1","Slimebound:WasteNot"],"picked":"Slimebound:SpikyOuterGoop+1","floor":39},{"not_picked":["infinitespire:Starlight","ReplayTheSpireMod:Echoes of Time"],"picked":"infinitespire:Collect","floor":40},{"not_picked":["Slimebound:SplitBruiser+1","Slimebound:GoopSpray"],"picked":"Slimebound:SlimeBarrage+1","floor":41},{"not_picked":["Slimebound:ItLooksTasty+1","Slimebound:PressTheAttack+1"],"picked":"Slimebound:MegaLick+1","floor":42},{"not_picked":["Slimebound:FinishingTackle+1","Slimebound:Schlurp"],"picked":"Slimebound:DuplicatedForm","floor":47},{"not_picked":["Slimebound:Nibble+1","Slimebound:GrowthPunch+1","Slimebound:ViciousTackle+1"],"picked":"SKIP","floor":48},{"not_picked":["Slimebound:GrowthPunch+1","Slimebound:ProtectTheBoss"],"picked":"Slimebound:LeechEnergy+1","floor":49},{"not_picked":["Slimebound:LeechingTouch+1","Slimebound:RollThrough+1"],"picked":"Slimebound:SamplingLick+1","floor":50},{"not_picked":["Slimebound:DisruptingSlam+1","Slimebound:Equalize+1"],"picked":"Slimebound:FirmFortitude","floor":51}],"player_experience":588372,"relics_obtained":[{"floor":8,"key":"Molten Egg 2"},{"floor":9,"key":"MealTicket"},{"floor":12,"key":"ReplayTheSpireMod:Shallot"},{"floor":16,"key":"Kunai"},{"floor":25,"key":"infinitespire:BottledMercury"},{"floor":26,"key":"Thread and Needle"},{"floor":31,"key":"MutagenicStrength"},{"floor":31,"key":"wanderingMiniBosses:Inkheart"},{"floor":36,"key":"ReplayTheSpireMod:Lightbulb"},{"floor":36,"key":"Replay:Accelerometer"},{"floor":36,"key":"Dead Branch"},{"floor":39,"key":"Shovel"},{"floor":44,"key":"infinitespire:EmpoweringShard"},{"floor":45,"key":"beaked:ShinyBauble"},{"floor":46,"key":"Du-Vu Doll"},{"floor":48,"key":"hubris:SlimyHat"}],"event_choices":[{"cards_removed":["Slimebound:Defend_Slimebound"],"damage_healed":0,"gold_gain":0,"player_choice":"Purged","damage_taken":0,"max_hp_gain":0,"max_hp_loss":0,"event_name":"Purifier","floor":1,"gold_loss":0},{"damage_healed":0,"gold_gain":0,"player_choice":"Upgraded","damage_taken":0,"max_hp_gain":0,"max_hp_loss":0,"event_name":"Upgrade Shrine","floor":3,"gold_loss":0,"cards_upgraded":["Slimebound:Split"]},{"damage_healed":0,"gold_gain":0,"player_choice":"Ignored","damage_taken":0,"max_hp_gain":0,"max_hp_loss":0,"event_name":"Vampires","floor":24,"gold_loss":0},{"damage_healed":0,"gold_gain":0,"player_choice":"Fight","damage_taken":0,"max_hp_gain":0,"max_hp_loss":0,"event_name":"Mysterious Sphere","floor":39,"gold_loss":0}],"is_beta":false,"boss_relics":[{"not_picked":["Velvet Choker","Runic Pyramid"],"picked":"Ring of Chaos"},{"not_picked":["theSenshi:MoonKaleidoScopeRelic","Slimebound:AbsorbEndCombatUpgraded"],"picked":"Calling Bell"}],"items_purged_floors":[],"is_endless":false,"potions_floor_spawned":[5,8,12,14,17,18,22,29,31,34,38,39,42,50],"killed_by":"downfall:CharBossMerchant","ascension_level":1}}