{"host":"0qlrtuw7bw78ucw4","time":1610447371,"event":{"mods":["BaseMod","Downfall","Minty Spire (QoL Compilation)","StSLib"],"gold_per_floor":[99,110,128,38,51,77,127,155,6,25,25,48,84,200,221,333,333,333,359,104,134,160,193,229,269,300,343,388,585,674,332,367,482,482,407,438,17,43,68,176,176,226,251,284,284,284],"floor_reached":45,"playtime":4744,"items_purged":["hexamod:Strike","hexamod:Strike","hexamod:Strike","hexamod:Defend","hexamod:Defend"],"score":570,"play_id":"db359df2-6d72-47ca-a16d-8a2e83a2d3ff","local_time":"20210112212931","is_ascension_mode":true,"campfire_choices":[{"data":"hexamod:Sear","floor":1.0,"key":"SMITH"},{"data":"hexamod:SkipABeat","floor":11.0,"key":"SMITH"},{"data":"hexamod:ApocalypticArmor","floor":18.0,"key":"SMITH"},{"floor":35.0,"key":"RECALL"}],"circlet_count":0,"master_deck":["hexamod:Strike+1","hexamod:Defend+1","hexamod:Defend","hexamod:Sear+1","hexamod:Float+1","hexamod:HauntingEcho+1","hexamod:PhantomCloak","hexamod:FastForward","hexamod:SecondSeal","hexamod:ThermalTransfer","hexamod:CrushingStance","hexamod:SkipABeat+1","hexamod:TimeWarp","hexamod:ShieldOfDarkness","hexamod:SecondSeal","hexamod:ShieldOfDarkness","hexamod:SuperheatedStrike","hexamod:GhostOfSpireFuture","hexamod:ApocalypticArmor+1","hexamod:ChargedBarrage+1","hexamod:SearingWound+1","hexamod:ThermalTransfer+1","hexamod:Rewind","hexamod:TimeWarp","hexamod:InspiringFlames","hexamod:EmpoweringStance","hexamod:FastForward+1","hexamod:EmpoweredFlame+1"],"relics":["hexamod:SpiritBrand","Whetstone","Blood Vial","Toy Ornithopter","hexamod:IceCube","Sling","MawBank","Centennial Puzzle","War Paint","Pantograph","Akabeko","Guardian:PocketSentry","Coffee Dripper","downfall:HeartBlessingGreen","Mummified Hand","Pen Nib"],"acts_visited":["Exordium","TheCity","TheBeyond"],"potions_floor_usage":[44],"damage_taken":[{"damage":0.0,"enemies":"Cultist","floor":2.0,"turns":3.0},{"damage":1.0,"enemies":"2 Louse","floor":3.0,"turns":3.0},{"damage":0.0,"enemies":"downfall:FleeingMerchant","floor":4.0,"turns":4.0},{"damage":0.0,"enemies":"Small Slimes","floor":5.0,"turns":2.0},{"damage":0.0,"enemies":"Red Slaver","floor":6.0,"turns":4.0},{"damage":11.0,"enemies":"Gremlin Nob","floor":8.0,"turns":4.0},{"damage":4.0,"enemies":"downfall:FleeingMerchant","floor":9.0,"turns":4.0},{"damage":9.0,"enemies":"Exordium Thugs","floor":10.0,"turns":5.0},{"damage":0.0,"enemies":"Lots of Slimes","floor":12.0,"turns":4.0},{"damage":0.0,"enemies":"2 Fungi Beasts","floor":13.0,"turns":3.0},{"damage":1.0,"enemies":"downfall:LadyInBlue","floor":14.0,"turns":8.0},{"damage":2.0,"enemies":"3 Louse","floor":15.0,"turns":4.0},{"damage":10.0,"enemies":"downfall:Watcher","floor":16.0,"turns":8.0},{"damage":12.0,"enemies":"Spheric Guardian","floor":19.0,"turns":4.0},{"damage":0.0,"enemies":"downfall:FleeingMerchant","floor":20.0,"turns":4.0},{"damage":8.0,"enemies":"Shell Parasite","floor":21.0,"turns":6.0},{"damage":19.0,"enemies":"Snake Plant","floor":22.0,"turns":6.0},{"damage":7.0,"enemies":"Book of Stabbing","floor":23.0,"turns":4.0},{"damage":3.0,"enemies":"Centurion and Healer","floor":25.0,"turns":6.0},{"damage":2.0,"enemies":"Chosen and Byrds","floor":26.0,"turns":4.0},{"damage":14.0,"enemies":"Snake Plant","floor":27.0,"turns":5.0},{"damage":4.0,"enemies":"Gremlin Leader","floor":28.0,"turns":5.0},{"damage":0.0,"enemies":"Gremlin Leader","floor":29.0,"turns":4.0},{"damage":0.0,"enemies":"downfall:FleeingMerchant","floor":30.0,"turns":4.0},{"damage":4.0,"enemies":"Snecko","floor":32.0,"turns":4.0},{"damage":35.0,"enemies":"downfall:Ironclad","floor":33.0,"turns":9.0},{"damage":1.0,"enemies":"3 Shapes","floor":36.0,"turns":5.0},{"damage":3.0,"enemies":"3 Darklings","floor":38.0,"turns":5.0},{"damage":14.0,"enemies":"Spire Growth","floor":39.0,"turns":4.0},{"damage":1.0,"enemies":"Spire Growth","floor":40.0,"turns":3.0},{"damage":12.0,"enemies":"Reptomancer","floor":42.0,"turns":8.0},{"damage":13.0,"enemies":"4 Shapes","floor":43.0,"turns":5.0},{"damage":34,"enemies":"Writhing Mass","floor":44,"turns":5},{"damage":16,"enemies":"3 Darklings","floor":45,"turns":2}],"seed_played":"6130490935704929944","potions_obtained":[{"floor":3.0,"key":"EssenceOfSteel"},{"floor":5.0,"key":"Dexterity Potion"},{"floor":10.0,"key":"BlessingOfTheForge"},{"floor":14.0,"key":"EntropicBrew"},{"floor":14.0,"key":"DuplicationPotion"},{"floor":21.0,"key":"LiquidMemories"},{"floor":25.0,"key":"DuplicationPotion"},{"floor":27.0,"key":"AttackPotion"},{"floor":28.0,"key":"champ:CounterPotion"},{"floor":33.0,"key":"Energy Potion"},{"floor":39.0,"key":"SteroidPotion"},{"floor":40.0,"key":"sneckomod:MuddlingPotion"}],"is_trial":false,"path_per_floor":["R","M","M","$","M","M","T","E","$","M","R","M","M","?","M","B",null,"R","M","$","M","M","E","T","M","M","M","E","?","$","$","M","B",null,"R","M","$","M","M","?","T","E","M","M","M"],"character_chosen":"THE_SPIRIT","items_purchased":["hexamod:TimeWarp","Sling","Akabeko","hexamod:InspiringFlames","Guardian:PocketSentry","Mummified Hand"],"campfire_rested":0,"item_purchase_floors":[9,20,30,31,31,37],"current_hp_per_floor":[70,70,69,69,69,69,69,58,56,49,49,51,53,54,54,46,70,70,58,65,59,47,52,52,56,56,44,52,59,61,61,59,35,70,70,69,69,67,55,56,56,46,35,8,0,0,0],"gold":284,"neow_bonus":"UPGRADE_CARD","is_daily":false,"chose_seed":false,"campfire_upgraded":3,"win_rate":0.0,"timestamp":1610447371,"path_taken":["R","M","M","$","M","M","T","E","?","M","R","M","M","?","M","BOSS","R","M","$","M","?","E","T","M","M","M","E","?","?","$","M","BOSS","R","M","$","M","M","?","T","E","M","?","M"],"items_purchased_type":["Card","Relic","Relic","Card","Relic","Relic"],"build_version":"2020-12-22","purchased_purges":5,"victory":false,"max_hp_per_floor":[70,70,70,70,70,70,70,70,70,70,70,70,70,70,70,70,70,70,70,70,70,70,70,70,70,70,70,70,70,70,70,70,70,70,70,70,70,70,70,70,70,70,70,70,70,70,70],"card_choices":[{"not_picked":["hexamod:GhostShield","hexamod:BurningTouch"],"picked":"hexamod:HauntingEcho","floor":2.0},{"not_picked":["hexamod:HauntingEcho","hexamod:RecurringNightmare"],"picked":"hexamod:PhantomCloak","floor":3.0},{"not_picked":["hexamod:InspiringFlames","hexamod:RadiantFlame"],"picked":"hexamod:FastForward","floor":4.0},{"not_picked":["hexamod:AdvancingGuard","hexamod:InspiringFlames"],"picked":"hexamod:SecondSeal","floor":5.0},{"not_picked":["hexamod:GhostOfSpireFuture","hexamod:SpectralAdrenaline"],"picked":"hexamod:ThermalTransfer","floor":6.0},{"not_picked":["hexamod:HauntingEcho","hexamod:ThermalTransfer"],"picked":"hexamod:CrushingStance","floor":8.0},{"not_picked":["hexamod:InspiringFlames","hexamod:NightmareStrike"],"picked":"hexamod:SkipABeat","floor":9.0},{"not_picked":["hexamod:SpectersWail","hexamod:InspiringFlames"],"picked":"hexamod:ShieldOfDarkness","floor":10.0},{"not_picked":["hexamod:SpectralAdrenaline","hexamod:FlamesFromBeyond"],"picked":"hexamod:SecondSeal","floor":12.0},{"not_picked":["hexamod:AdvancingGuard","hexamod:BurningTouch"],"picked":"hexamod:ShieldOfDarkness","floor":13.0},{"not_picked":["hexamod:ShieldOfDarkness","hexamod:RetreatToShadows"],"picked":"hexamod:SuperheatedStrike","floor":14.0},{"not_picked":["hexamod:BurningTouch","hexamod:FourthSeal"],"picked":"hexamod:GhostOfSpireFuture","floor":15.0},{"not_picked":["hexamod:SearingWound","hexamod:UnleashSpirits"],"picked":"hexamod:ApocalypticArmor","floor":16.0},{"not_picked":["hexamod:HauntingEcho","hexamod:Hexaguard+1"],"picked":"hexamod:ChargedBarrage+1","floor":19.0},{"not_picked":["hexamod:GhostShield","hexamod:Firestarter","hexamod:SwordOfDarkness+1"],"picked":"SKIP","floor":20.0},{"not_picked":["hexamod:BurningTouch","hexamod:RadiantFlame","hexamod:NightmareGuise"],"picked":"SKIP","floor":21.0},{"not_picked":["hexamod:Haunt","hexamod:NecessarySacrifice"],"picked":"hexamod:SearingWound","floor":22.0},{"not_picked":["hexamod:FlamesFromBeyond","hexamod:GhostShield","hexamod:NightmareGuise"],"picked":"SKIP","floor":23.0},{"not_picked":["hexamod:BurningTouch+1","hexamod:RadiantFlame"],"picked":"hexamod:ThermalTransfer+1","floor":25.0},{"not_picked":["hexamod:BacktrackSmack","hexamod:BurningTouch"],"picked":"hexamod:Rewind","floor":26.0},{"not_picked":["hexamod:SwordOfDarkness","hexamod:AdvancingGuard","hexamod:SpectersWail"],"picked":"SKIP","floor":27.0},{"not_picked":["hexamod:HauntingEcho","hexamod:Again","hexamod:NightmareGuise"],"picked":"SKIP","floor":28.0},{"not_picked":["hexamod:EtherealExpedition","hexamod:AdvancingGuard"],"picked":"hexamod:TimeWarp","floor":30.0},{"not_picked":["hexamod:Firestarter+1","hexamod:PhantomFireball+1","hexamod:DynamicBlow"],"picked":"SKIP","floor":32.0},{"not_picked":["hexamod:UnleashSpirits","hexamod:GiftsFromTheDead"],"picked":"hexamod:EmpoweringStance","floor":33.0},{"not_picked":["hexamod:PowerFromBeyond+1","hexamod:AdvancingGuard","hexamod:Incineration"],"picked":"SKIP","floor":36.0},{"not_picked":["hexamod:BurningTouch","hexamod:PhantomFireball+1"],"picked":"hexamod:FastForward+1","floor":38.0},{"not_picked":["hexamod:HauntingEcho","hexamod:SuperheatedStrike+1","hexamod:BacktrackSmack+1"],"picked":"SKIP","floor":39.0},{"not_picked":["hexamod:ChargedBarrage","hexamod:FirstSeal","hexamod:GhostLash"],"picked":"SKIP","floor":42.0},{"not_picked":["hexamod:SpectersWail","hexamod:DynamicBlow+1","hexamod:RetreatToShadows+1"],"picked":"SKIP","floor":43.0},{"not_picked":["hexamod:GhostOfSpirePast","hexamod:GhostLash+1"],"picked":"hexamod:EmpoweredFlame+1","floor":44}],"player_experience":800611,"relics_obtained":[{"floor":7.0,"key":"Whetstone"},{"floor":8.0,"key":"Blood Vial"},{"floor":14.0,"key":"Toy Ornithopter"},{"floor":23.0,"key":"MawBank"},{"floor":24.0,"key":"Centennial Puzzle"},{"floor":28.0,"key":"War Paint"},{"floor":29.0,"key":"Pantograph"},{"floor":42.0,"key":"Pen Nib"}],"event_choices":[],"is_beta":false,"boss_relics":[{"not_picked":["Black Star","Fusion Hammer"],"picked":"hexamod:IceCube"},{"not_picked":["Tiny House","Runic Dome"],"picked":"Coffee Dripper"}],"items_purged_floors":[4,20,30,31,37],"is_endless":false,"potions_floor_spawned":[3,5,10,12,15,21,25,27,28,33,39,40],"killed_by":"3 Darklings","ascension_level":2}}