{"host":"i0dcpa89fcfo7o2v","time":1610434169,"event":{"mods":["2.2 Compatiblity","AchievementEnabler","Alarm Clock","AlwaysNeverKeys","BaseMod","Better Altar","Better Match","Better Note","Better Sensory Stone","Better Skull","Better Third Choice","Better Vampires","BetterRewards","Block Reminder","Colored Map","Colored Powertips","Conspire","Curses Come First","Defuse TimeMaze Blight","Displayed Cursed Tome","Downfall","Energized Spire","Gold Saver","Grow up Mod","Halation","Highlight Path","Hubris","Infinite Spire","Keyboard Shortcuts","Minty Spire (QoL Compilation)","Quick Restart","Relic Sorter","Relic Stats","Replay The Spire","Shop Mod","Spicy Shops","StSLib","SuperFastMode","Synergy Search","The Blue Laboratory","The Cursed","The Factory","The Jungle","Transform Curses","Uncapped","Wandering Minibosses","everything is the same but u backflip on backflip","vexMod"],"gold_per_floor":[115,127,3,3,3,3,21,37,60,91,108,108,108,108,124,141,141,236,236,247,397,397,412,429,429,462,480,480,455,455,455,455,468,468,566,566,582,582,102,134,134,161,180,180,180,180,180,180,192,192,220,236,236,236,236,236,74,102,102],"floor_reached":60,"playtime":11919,"items_purged":["TheCursedMod:Dregs","TheCursedMod:Strike_TheCursed","Looming Evil"],"score":2059,"play_id":"70e3eeaf-d50c-4824-b29e-e7d59c24a56b","local_time":"20210112074929","is_ascension_mode":true,"campfire_choices":[{"data":"TheCursedMod:CleanUpWorkshop","floor":6.0,"key":"SMITH"},{"data":"TheCursedMod:FleshFromBone","floor":14.0,"key":"SMITH"},{"data":"TheCursedMod:LuckyCharm","floor":17.0,"key":"SMITH"},{"data":"TheCursedMod:CursedWand","floor":25.0,"key":"SMITH"},{"data":"TheCursedMod:RapidMovement","floor":31.0,"key":"SMITH"},{"data":"TheCursedMod:Strike_TheCursed","floor":34.0,"key":"SMITH"},{"floor":44.0,"key":"RECALL"},{"floor":50.0,"key":"REST"}],"circlet_count":0,"master_deck":["TheCursedMod:Strike_TheCursed+1","TheCursedMod:Strike_TheCursed+1","TheCursedMod:Strike_TheCursed+1","TheCursedMod:Defend_TheCursed+1","TheCursedMod:Defend_TheCursed+1","TheCursedMod:Defend_TheCursed+1","TheCursedMod:CursedWand+1","TheCursedMod:CleanUpWorkshop+1","Clumsy","TheCursedMod:DemonicPact+1","expansioncontent:CaCaw+1","TheCursedMod:NeowsMight+1","TheCursedMod:NeowsMight+1","TheCursedMod:TacticalStrike+1","TheCursedMod:SmokeScreen+1","TheCursedMod:EmpowerCircles+1","Violence+1","TheCursedMod:CursedBlade+1","TheCursedMod:TacticalStrike+1","TheCursedMod:WearCloak+1","TheCursedMod:FleshFromBone+1","TheCursedMod:ReleasedStrength+1","TheCursedMod:Neurasthenia+1","TheCursedMod:RapidMovement+1","TheCursedMod:LuckyCharm+1","TheCursedMod:AntiAging+1","CurseOfTheBell","TheCursedMod:Obscuration+1","TheCursedMod:DarkBarrier+1","TheCursedMod:RavingStaff+1","TheCursedMod:SpitefulPray+1","TheCursedMod:VoidForm+1","TheCursedMod:SpitefulPlan+1","TheCursedMod:CircleOfCorruption+1","TheCursedMod:Wield+1","AscendersBane","TheCursedMod:NeowsMight+1","expansioncontent:CaCaw+1","TheCursedMod:Stigma+1"],"relics":["TheCursedMod:BlackMagic101","Golden Egg","Replay:Towering Pillar of Hats","TheCursedMod:PinkPellets","MerchantsRug","HornCleat","Incense Burner","Strawberry","Calling Bell","hubris:ToyBattleship","Chameleon Ring","halation:BlackBeret","halation:HeavySnake","hubris:Reverence","ReplayFunnel","hubris:64BitClover","Ring of Misfortune","expansioncontent:StudyCardRelic","Art of War","hubris:EmptyBottle","Boot","Replay:Wax Seal","Blue Doll","vexMod:RedPlottingStone","halation:RedSoulGem","halation:LettersToHer","TheCursedMod:Tack"],"acts_visited":["Exordium","Exordium","theJungle:Jungle","TheEnding"],"potions_floor_usage":[],"damage_taken":[{"damage":0.0,"enemies":"Small Slimes","floor":1.0,"turns":3.0},{"damage":12.0,"enemies":"Jaw Worm","floor":2.0,"turns":3.0},{"damage":0.0,"enemies":"Cultist","floor":7.0,"turns":2.0},{"damage":6.0,"enemies":"Large Slime","floor":8.0,"turns":4.0},{"damage":0.0,"enemies":"3 Sentries","floor":10.0,"turns":4.0},{"damage":0.0,"enemies":"Exordium Wildlife","floor":11.0,"turns":2.0},{"damage":0.0,"enemies":"Exordium Thugs","floor":15.0,"turns":3.0},{"damage":6.0,"enemies":"Looter","floor":16.0,"turns":2.0},{"damage":23.0,"enemies":"Hexaghost","floor":18.0,"turns":7.0},{"damage":8.0,"enemies":"theJungle:Flameango_and_Byrd","floor":20.0,"turns":5.0},{"damage":26.0,"enemies":"theJungle:GiantWrat","floor":23.0,"turns":7.0},{"damage":18.0,"enemies":"theJungle:Snecko_Cultist_And_Trap","floor":24.0,"turns":6.0},{"damage":0.0,"enemies":"theJungle:MamaSnecko","floor":26.0,"turns":6.0},{"damage":0.0,"enemies":"theJungle:JungleHuntersEncounter","floor":27.0,"turns":7.0},{"damage":0.0,"enemies":"theJungle:2_Snecko_Cultists","floor":33.0,"turns":4.0},{"damage":0.0,"enemies":"theJungle:FunGuy","floor":35.0,"turns":14.0},{"damage":0.0,"enemies":"theFactory:BigBot","floor":37.0,"turns":4.0},{"damage":0.0,"enemies":"conspire:MimicChest","floor":40.0,"turns":5.0},{"damage":0.0,"enemies":"Nightmare","floor":42.0,"turns":4.0},{"damage":18.0,"enemies":"theFactory:4_Mini-Bots","floor":43.0,"turns":2.0},{"damage":0.0,"enemies":"theFactory:Sentry and Guards","floor":49.0,"turns":3.0},{"damage":0.0,"enemies":"theFactory:SmogElemental","floor":51.0,"turns":2.0},{"damage":4.0,"enemies":"theFactory:DefectiveSentry","floor":52.0,"turns":4.0},{"damage":13.0,"enemies":"theFactory:Guardian2","floor":54.0,"turns":7.0},{"damage":43,"enemies":"Shield and Spear","floor":58,"turns":4},{"damage":73,"enemies":"The Heart","floor":59,"turns":8}],"seed_played":"24202096442655540","potions_obtained":[{"floor":2.0,"key":"blueLaboratory:FruitPunch"},{"floor":7.0,"key":"Weak Potion"},{"floor":15.0,"key":"SteroidPotion"},{"floor":24.0,"key":"Regen Potion"},{"floor":27.0,"key":"BlessingOfTheForge"},{"floor":32.0,"key":"Ancient Potion"},{"floor":33.0,"key":"blueLaboratory:FruitPreserves"},{"floor":53.0,"key":"blueLaboratory:ForbiddenFruitJuice"}],"is_trial":false,"path_per_floor":["M","M","$","?","T","R","M","M","T","E","M","PTL","PTL","R","M","M","R","B",null,"M","?","AVR","M","M","R","E","M","T","?","?","R","?","M","R","B",null,"M","?","$","?","?","NM","M","R","T","PTL","PTL","?","M","R","E","M","R","B",null,"R","$","E","B",null],"character_chosen":"THE_CURSED","items_purchased":["Golden Egg","expansioncontent:CaCaw","TheCursedMod:NeowsMight","TheCursedMod:PinkPellets","TheCursedMod:EmpowerCircles","MerchantsRug","HornCleat","Violence","TheCursedMod:TacticalStrike","TheCursedMod:WearCloak","hubris:EmptyBottle","TheCursedMod:CircleOfCorruption","Boot","expansioncontent:CaCaw+1"],"campfire_rested":1,"item_purchase_floors":[0,0,0,0,0,0,0,0,3,3,39,39,39,57],"current_hp_per_floor":[87,85,95,82,92,102,112,116,126,143,153,163,173,183,193,197,207,196,265,267,277,287,274,269,279,289,302,312,322,332,342,352,365,375,385,448,461,462,472,485,495,508,500,510,520,530,540,550,563,618,628,634,644,644,667,677,687,657,597],"gold":102,"neow_bonus":"","is_daily":false,"chose_seed":false,"campfire_upgraded":6,"win_rate":0.0,"timestamp":1610434169,"path_taken":["M","M","$","?","?","R","M","?","T","E","M","PTL","PTL","R","M","M","R","BOSS","M","?","AVR","M","?","R","E","M","T","?","?","R","?","?","R","BOSS","M","?","$","?","?","NM","M","R","T","PTL","PTL","?","M","R","E","M","R","BOSS","R","$","E","BOSS"],"items_purchased_type":["Relic","Card","Card","Relic","Card","Relic","Relic","Card","Card","Card","Relic","Card","Relic","Card"],"build_version":"2020-12-22","purchased_purges":3,"victory":true,"max_hp_per_floor":[95,105,115,125,135,145,155,165,175,192,202,212,222,232,242,252,262,274,284,294,304,314,327,340,350,360,373,383,393,403,413,423,436,446,456,466,479,489,499,512,522,535,545,555,565,575,585,595,608,618,628,638,648,661,671,681,691,704,717],"relic_stats":{"counters":[8,34],"Art of War":[14],"Boot":[4],"obtain_stats":[{"halation:BlackBeret":0,"ReplayFunnel":0,"Golden Egg":0,"TheCursedMod:Tack":58,"Blue Doll":42,"Incense Burner":0,"expansioncontent:StudyCardRelic":0,"hubris:EmptyBottle":0,"Boot":0,"halation:HeavySnake":0,"halation:RedSoulGem":48,"HornCleat":0,"Chameleon Ring":0,"vexMod:RedPlottingStone":45,"Strawberry":0,"Replay:Wax Seal":0,"halation:LettersToHer":51,"hexamod:SpiritBrand":0,"TheCursedMod:BlackMagic101":0,"MerchantsRug":0,"Replay:Towering Pillar of Hats":0,"hubris:64BitClover":0,"downfall:HeartsMalice":0,"TheCursedMod:PinkPellets":0,"Calling Bell":0,"Ring of Misfortune":0,"hubris:ToyBattleship":0,"Art of War":0,"hubris:Reverence":0},{"halation:BlackBeret":0,"ReplayFunnel":0,"Golden Egg":0,"TheCursedMod:Tack":7,"Blue Doll":1,"Incense Burner":0,"expansioncontent:StudyCardRelic":0,"hubris:EmptyBottle":0,"Boot":0,"halation:HeavySnake":0,"halation:RedSoulGem":2,"HornCleat":0,"Chameleon Ring":0,"vexMod:RedPlottingStone":2,"Strawberry":0,"Replay:Wax Seal":0,"halation:LettersToHer":4,"hexamod:SpiritBrand":0,"TheCursedMod:BlackMagic101":0,"MerchantsRug":0,"Replay:Towering Pillar of Hats":0,"hubris:64BitClover":0,"downfall:HeartsMalice":0,"TheCursedMod:PinkPellets":0,"Calling Bell":0,"Ring of Misfortune":0,"hubris:ToyBattleship":0,"Art of War":0,"hubris:Reverence":0},{"halation:BlackBeret":0,"ReplayFunnel":0,"Golden Egg":0,"TheCursedMod:Tack":26,"Blue Doll":4,"Incense Burner":0,"expansioncontent:StudyCardRelic":0,"hubris:EmptyBottle":0,"Boot":0,"halation:HeavySnake":0,"halation:RedSoulGem":6,"HornCleat":0,"Chameleon Ring":0,"vexMod:RedPlottingStone":6,"Strawberry":0,"Replay:Wax Seal":0,"halation:LettersToHer":11,"hexamod:SpiritBrand":0,"TheCursedMod:BlackMagic101":0,"MerchantsRug":0,"Replay:Towering Pillar of Hats":0,"hubris:64BitClover":0,"downfall:HeartsMalice":0,"TheCursedMod:PinkPellets":0,"Calling Bell":0,"Ring of Misfortune":0,"hubris:ToyBattleship":0,"Art of War":0,"hubris:Reverence":0}]},"card_choices":[{"not_picked":["TheCursedMod:Stretching","TheCursedMod:Obscuration","TheCursedMod:SmokeScreen"],"picked":"SKIP","floor":1.0},{"not_picked":["TheCursedMod:CursedAmulet","TheCursedMod:CursedShiv"],"picked":"TheCursedMod:CursedBlade","floor":2.0},{"not_picked":["TheCursedMod:LuckyCharm","TheCursedMod:TacticalStrike"],"picked":"TheCursedMod:FleshFromBone","floor":7.0},{"not_picked":["TheCursedMod:Torture","TheCursedMod:VitalStrike"],"picked":"TheCursedMod:ReleasedStrength","floor":8.0},{"not_picked":["TheCursedMod:RavingStaff","TheCursedMod:CursedShiv"],"picked":"TheCursedMod:Neurasthenia","floor":10.0},{"not_picked":["TheCursedMod:VitalStrike","TheCursedMod:HellsGateOpen"],"picked":"TheCursedMod:RapidMovement","floor":11.0},{"not_picked":["TheCursedMod:CursedBlade","TheCursedMod:CursedArmor"],"picked":"TheCursedMod:LuckyCharm","floor":15.0},{"not_picked":["TheCursedMod:ReleasedKnowledge","TheCursedMod:VitalStrike","TheCursedMod:HellsGateOpen"],"picked":"SKIP","floor":16.0},{"not_picked":["TheCursedMod:CursedRelics","TheCursedMod:OutForBlood"],"picked":"TheCursedMod:AntiAging","floor":18.0},{"not_picked":["TheCursedMod:ManaBullet","TheCursedMod:CircleOfAmplification"],"picked":"TheCursedMod:Obscuration","floor":20.0},{"not_picked":["TheCursedMod:CursedSpellbook","TheCursedMod:StingEye","TheCursedMod:ReleasedStrength"],"picked":"SKIP","floor":23.0},{"not_picked":["TheCursedMod:SurpriseAttack","TheCursedMod:CursedMace"],"picked":"TheCursedMod:DarkBarrier","floor":24.0},{"not_picked":["TheCursedMod:Stretching","TheCursedMod:Obscuration"],"picked":"TheCursedMod:RavingStaff+1","floor":26.0},{"not_picked":["TheCursedMod:CircleOfCorruption","TheCursedMod:ManaBullet"],"picked":"TheCursedMod:SpitefulPray+1","floor":27.0},{"not_picked":["TheCursedMod:RapidMovement","TheCursedMod:CursedStaff","TheCursedMod:CursedShiv+1"],"picked":"SKIP","floor":33.0},{"not_picked":["TheCursedMod:CircleOfAbyss","TheCursedMod:UltimatePain"],"picked":"TheCursedMod:VoidForm","floor":35.0},{"not_picked":["TheCursedMod:Stigma","TheCursedMod:VitalStrike+1"],"picked":"TheCursedMod:SpitefulPlan+1","floor":37.0},{"not_picked":["TheCursedMod:Obscuration","TheCursedMod:StingEye+1"],"picked":"TheCursedMod:Wield+1","floor":40.0},{"not_picked":["TheCursedMod:CircleOfFocus","TheCursedMod:FleshFromBone+1","TheCursedMod:Neurasthenia"],"picked":"SKIP","floor":42.0},{"not_picked":["TheCursedMod:CircleOfAmplification+1","TheCursedMod:RavingStaff","TheCursedMod:RapidMovement"],"picked":"SKIP","floor":43.0},{"not_picked":["TheCursedMod:FleshFromBone","TheCursedMod:TroublousMinions","TheCursedMod:Torture+1"],"picked":"SKIP","floor":49.0},{"not_picked":["TheCursedMod:CircleOfFlame","TheCursedMod:Wield+1","TheCursedMod:RapidMovement"],"picked":"SKIP","floor":51.0},{"not_picked":["TheCursedMod:CursedMace","TheCursedMod:CircleOfCorruption","TheCursedMod:LuckyCharm"],"picked":"SKIP","floor":52.0},{"not_picked":["TheCursedMod:Stretching","TheCursedMod:CursedShiv"],"picked":"TheCursedMod:Stigma+1","floor":58}],"player_experience":245741,"relics_obtained":[{"floor":5.0,"key":"Incense Burner"},{"floor":10.0,"key":"Strawberry"},{"floor":19.0,"key":"hubris:ToyBattleship"},{"floor":19.0,"key":"Chameleon Ring"},{"floor":19.0,"key":"halation:BlackBeret"},{"floor":26.0,"key":"ReplayFunnel"},{"floor":28.0,"key":"hubris:64BitClover"},{"floor":30.0,"key":"Ring of Misfortune"},{"floor":40.0,"key":"Replay:Wax Seal"},{"floor":42.0,"key":"Blue Doll"},{"floor":45.0,"key":"vexMod:RedPlottingStone"},{"floor":51.0,"key":"halation:LettersToHer"},{"floor":58,"key":"TheCursedMod:Tack"}],"event_choices":[{"damage_healed":95.0,"max_hp_gain":0.0,"max_hp_loss":115.0,"gold_gain":0.0,"event_name":"betterThird:BetterShining","player_choice":"Upgrade","floor":4.0,"gold_loss":0.0,"damage_taken":23.0,"cards_upgraded":["TheCursedMod:Defend_TheCursed","TheCursedMod:CursedBlade"]},{"damage_healed":0.0,"max_hp_gain":0.0,"max_hp_loss":0.0,"gold_gain":0.0,"event_name":"Lab","player_choice":"Got Potions","floor":32.0,"gold_loss":0.0,"damage_taken":0.0},{"damage_healed":0.0,"max_hp_gain":0.0,"max_hp_loss":0.0,"gold_gain":3.0,"event_name":"betterStone:BetterStone","player_choice":"3","floor":41.0,"gold_loss":0.0,"damage_taken":0.0,"cards_obtained":["TheCursedMod:NeowsMight"]}],"is_beta":false,"boss_relics":[{"not_picked":["hubris:RunicObelisk","energizedSpire:RedRose"],"picked":"Calling Bell"},{"not_picked":["halation:PinkAlligatorPlush","hubris:CrackedHourglass"],"picked":"expansioncontent:StudyCardRelic"}],"items_purged_floors":[0,22,39],"is_endless":false,"potions_floor_spawned":[2,7,15,24,27,33,49,51,52,54],"ascension_level":5}}