{"host":"6rmw1q50jy0xmvyl","time":1610455810,"event":{"mods":["BaseMod","BetterRewards","Clockwork Mod","Colored Map","Duelist Mod","Infinite Spire","Minty Spire (QoL Compilation)","Remove Card Discount Mod","StSLib","thorton","??????REMEMod"],"gold_per_floor":[143,143,143,14,189,189,203,203,281,306,322,172,172,184,184,261,261,271,271,271,271,290,290,310,310,335,381,401,424,424,457,457,507,507],"floor_reached":33,"playtime":1718,"items_purged":["theDuelist:CastleWalls","theDuelist:CastleWalls","theDuelist:Sparks","theDuelist:Sparks","theDuelist:JerryBeansMan","theDuelist:JerryBeansMan","Doubt"],"score":660,"play_id":"f59c6fd1-ddc5-428f-a39b-99c0eb2c1150","local_time":"20210112135010","is_ascension_mode":true,"campfire_choices":[{"floor":6,"key":"REST"},{"data":"Madness","floor":8,"key":"SMITH"},{"data":"theDuelist:VioletCrystal","floor":15,"key":"SMITH"},{"floor":23,"key":"REST"},{"floor":32,"key":"REST"}],"circlet_count":0,"master_deck":["theDuelist:AngelTrumpeter","AscendersBane","theDuelist:CactusBouncer","theDuelist:DarkworldThorns+1","theDuelist:Inmato","theDuelist:ElfLight","theDuelist:Predaponics","theDuelist:VioletCrystal+1","Madness+1","theDuelist:BlueRoseDragon","Regret","theDuelist:LonefireBlossom","theDuelist:RoseArcher","theDuelist:Nameless:Power:AssaultArmor","theDuelist:Nameless:Greed:MagnumShield","theDuelist:BloomingDarkestRose","theDuelist:Nameless:Power:AssaultArmor","infinitespire:Oblivion"],"relics":["theDuelist:MillenniumPuzzle","theDuelist:CardPoolRelic","theDuelist:CardPoolBasicRelic","theDuelist:BoosterPackPoolRelic","theDuelist:CardPoolAddRelic","theDuelist:CardPoolMinusRelic","theDuelist:CardPoolSaveRelic","theDuelist:CardPoolOptionsRelic","REME_ComplimentaryCards","Pantograph","FossilizedHelix","theDuelist:ShopToken","Mercury Hourglass","CaptainsWheel","Strange Spoon","Red Skull","thethorton:BottledFunds","theDuelist:NamelessHungerRelic","theDuelist:NamelessWarRelicA","Letter Opener","SlaversCollar","theDuelist:DuelistOrichalcum","Bottled Flame","Lantern"],"acts_visited":["Exordium","TheCity"],"potions_floor_usage":[24,24,27,31,33],"damage_taken":[{"damage":0,"enemies":"Jaw Worm","floor":1,"turns":4},{"damage":0,"enemies":"Small Slimes","floor":7,"turns":3},{"damage":0,"enemies":"Lagavulin","floor":10,"turns":5},{"damage":0,"enemies":"2 Louse","floor":11,"turns":2},{"damage":17,"enemies":"Large Slime","floor":14,"turns":5},{"damage":26,"enemies":"The Guardian","floor":16,"turns":7},{"damage":30,"enemies":"2 Thieves","floor":18,"turns":4},{"damage":15,"enemies":"Spheric Guardian","floor":22,"turns":4},{"damage":6,"enemies":"3 Cultists","floor":24,"turns":3},{"damage":14,"enemies":"Book of Stabbing","floor":27,"turns":3},{"damage":13,"enemies":"Snake Plant","floor":28,"turns":3},{"damage":0,"enemies":"Shelled Parasite and Fungi","floor":31,"turns":2},{"damage":57,"enemies":"Collector","floor":33,"turns":5}],"seed_played":"-7997053540204109586","potions_obtained":[{"floor":7,"key":"theDuelist:SummonArmorPotion"},{"floor":14,"key":"Fire Potion"},{"floor":22,"key":"theDuelist:FlamingBottle"},{"floor":24,"key":"theDuelist:MillenniumElixir"},{"floor":28,"key":"theDuelist:SealedPack"},{"floor":31,"key":"REME_GoldPotion"}],"is_trial":false,"path_per_floor":["M","?","?","$","?","R","M","R","T","E","M","$","?","M","R","B",null,"M","?","?","?","M","R","M","AVR","T","E","M","T","?","M","R","B"],"character_chosen":"THE_DUELIST","items_purchased":["Pantograph","theDuelist:Predaponics","theDuelist:VioletCrystal","theDuelist:ShopToken","Strange Spoon"],"campfire_rested":3,"item_purchase_floors":[0,0,4,4,12],"current_hp_per_floor":[38,38,38,38,38,59,59,59,59,59,59,59,59,42,42,41,63,33,56,56,36,23,44,40,40,40,26,15,15,6,8,31,0,0],"gold":507,"neow_bonus":"","is_daily":false,"chose_seed":false,"campfire_upgraded":2,"win_rate":0.0,"timestamp":1610455810,"path_taken":["M","?","?","$","?","R","M","R","T","E","M","$","?","M","R","BOSS","M","?","?","?","M","R","M","AVR","T","E","M","?","?","M","R","BOSS"],"items_purchased_type":["Relic","Card","Card","Relic","Relic"],"build_version":"2020-12-22","purchased_purges":7,"victory":false,"max_hp_per_floor":[70,70,70,70,70,70,70,70,70,70,70,70,70,70,70,70,70,70,70,70,70,72,72,74,74,74,74,76,76,76,78,78,78,78],"card_choices":[{"not_picked":["theDuelist:EarthquakeGiant","theDuelist:GaiaMidNightSun","theDuelist:GilfordLegend","theDuelist:Sangan","theDuelist:MillenniumGolem"],"picked":"SKIP","floor":1},{"not_picked":["Apotheosis","Dark Shackles","Magnetism"],"picked":"Madness","floor":7},{"not_picked":["theDuelist:CactusBouncer","theDuelist:PredaplantChlamydosundew","theDuelist:Firegrass","theDuelist:WormApocalypse"],"picked":"theDuelist:BlueRoseDragon","floor":10},{"not_picked":["theDuelist:BotanicalLion","theDuelist:CactusBouncer","theDuelist:Inmato","theDuelist:WhiteRoseDragon","theDuelist:BotanicalGirl"],"picked":"SKIP","floor":11},{"not_picked":["theDuelist:BotanicalLion","theDuelist:SilverApples","theDuelist:PredaplantFlytrap","theDuelist:Invigoration"],"picked":"theDuelist:LonefireBlossom","floor":14},{"not_picked":["theDuelist:KamionTimelord","theDuelist:BeastFangs","theDuelist:QueenAngelRoses","theDuelist:BlackRoseMoonlight"],"picked":"theDuelist:RoseArcher","floor":16},{"not_picked":["theDuelist:MudGolem","theDuelist:DestroyerGolem+1","theDuelist:EarthEffigy","theDuelist:GraniteLoyalist","theDuelist:RainbowOverdragon"],"picked":"SKIP","floor":18},{"not_picked":["theDuelist:WorldTree","theDuelist:VioletCrystal","theDuelist:SplendidRose"],"picked":"theDuelist:BloomingDarkestRose","floor":22},{"not_picked":["theDuelist:ElfLight+1"],"picked":"theDuelist:Nameless:Power:AssaultArmor","floor":24},{"not_picked":["theDuelist:CactusBouncer+1","theDuelist:WormApocalypse","theDuelist:PredaplantFlytrap","theDuelist:Inmato","theDuelist:BlackRoseDragon"],"picked":"SKIP","floor":27},{"not_picked":["theDuelist:Mudora","theDuelist:RosePaladin+1","theDuelist:WormApocalypse","theDuelist:WhiteRoseDragon+1","theDuelist:Spore"],"picked":"SKIP","floor":28},{"not_picked":["theDuelist:SangaEarth","theDuelist:VenomShot","theDuelist:AcidTrapHole","theDuelist:PredaplantSpinodionaea","theDuelist:PredaplantChimerafflesia"],"picked":"SKIP","floor":31}],"player_experience":708398,"relics_obtained":[{"floor":9,"key":"Mercury Hourglass"},{"floor":10,"key":"CaptainsWheel"},{"floor":26,"key":"theDuelist:DuelistOrichalcum"},{"floor":27,"key":"Bottled Flame"},{"floor":29,"key":"Lantern"}],"event_choices":[{"damage_healed":0,"gold_gain":0,"player_choice":"Leave","duelist":true,"damage_taken":0,"max_hp_gain":0,"max_hp_loss":0,"event_name":"Tomb of the Nameless","floor":2,"gold_loss":0},{"damage_healed":0,"gold_gain":0,"player_choice":"Grow","damage_taken":0,"max_hp_gain":0,"max_hp_loss":0,"event_name":"Living Wall","floor":3,"gold_loss":0,"cards_upgraded":["theDuelist:DarkworldThorns"]},{"damage_healed":0,"gold_gain":175,"player_choice":"AGREE","damage_taken":0,"max_hp_gain":0,"max_hp_loss":0,"event_name":"Liars Game","floor":5,"gold_loss":0,"cards_obtained":["Doubt"]},{"damage_healed":0,"gold_gain":0,"player_choice":"Box","damage_taken":0,"relics_obtained":["Red Skull"],"max_hp_gain":0,"max_hp_loss":0,"event_name":"Big Fish","floor":13,"gold_loss":0,"cards_obtained":["Regret"]},{"damage_healed":23,"gold_gain":0,"player_choice":"Heal","damage_taken":0,"max_hp_gain":0,"max_hp_loss":0,"event_name":"The Library","floor":19,"gold_loss":0},{"damage_healed":0,"gold_gain":0,"player_choice":"Ignored","damage_taken":0,"max_hp_gain":0,"max_hp_loss":0,"event_name":"Beggar","floor":20,"gold_loss":0},{"power_reward":4,"total_magic_score":37,"gold_gain":0,"greed_reward":4,"duelist":true,"damage_taken":20,"relics_obtained":["theDuelist:NamelessHungerRelic","theDuelist:NamelessWarRelicA"],"points":12,"war_reward":1,"max_hp_gain":0,"max_hp_loss":0,"spent_points":{"magic":0,"greed":4,"war":1,"power":4,"hunger":3},"event_name":"Nameless Tomb","hunger_reward":3,"floor":21,"gold_loss":0,"cards_obtained":["theDuelist:Nameless:Power:AssaultArmor","theDuelist:Nameless:Greed:MagnumShield"]},{"damage_healed":0,"gold_gain":0,"player_choice":"Stopped","damage_taken":9,"max_hp_gain":0,"max_hp_loss":0,"event_name":"Cursed Tome","floor":30,"gold_loss":0}],"is_beta":false,"boss_relics":[{"not_picked":["Inserter","Runic Dome"],"picked":"thethorton:BottledFunds"}],"items_purged_floors":[0,0,0,0,0,0,12],"is_endless":false,"potions_floor_spawned":[7,14,22,24,28,31],"killed_by":"Collector","ascension_level":14}}