{"host":"dhr6iszse2qz12e2","time":1610434439,"event":{"mods":["A Magickal Journey","Act Like it!","BaseMod","BetterRewards","Colored Map","Downfall","Gensokyo","Hubris","Infinite Spire","Marisa????????","Minty Spire (QoL Compilation)","Permanent Neow","Quick Restart","Replay The Spire","Shop Mod","StSLib","The Animator","The Cursed","The Hierophant","The IronCluck","The Jungle","everything is the same but u backflip on backflip","slay the spire mod where everything is the same but ironclad has a cowboy hat"],"gold_per_floor":[118,118,118,133,58,89,108,108,158,189,189,189,204,222,222,222,222],"floor_reached":16,"playtime":482,"items_purged":["Defend_R"],"score":110,"play_id":"6749a414-580a-4651-b399-555bc4f3b37c","local_time":"20210112085359","is_ascension_mode":false,"campfire_choices":[{"data":"Whirlwind","floor":8,"key":"SMITH"},{"data":"Offering","floor":11,"key":"SMITH"},{"data":"Strike_R+2","floor":15,"key":"SMITH"}],"circlet_count":0,"master_deck":["Strike_R","Strike_R+3","Strike_R","Strike_R","Strike_R","Defend_R","Defend_R","Defend_R+1","Bash","Whirlwind+1","Shrug It Off","Offering+1"],"relics":["Coffee Dripper","hubris:Towel","Simple Rune","infinitespire:Satchel"],"acts_visited":["Exordium"],"potions_floor_usage":[10,13,16],"damage_taken":[{"damage":6,"enemies":"2 Louse","floor":1,"turns":3},{"damage":6,"enemies":"Jaw Worm","floor":4,"turns":2},{"damage":49,"enemies":"Lagavulin","floor":6,"turns":8},{"damage":0,"enemies":"Cultist","floor":7,"turns":3},{"damage":9,"enemies":"3 Sentries","floor":10,"turns":2},{"damage":0,"enemies":"Blue Slaver","floor":13,"turns":2},{"damage":0,"enemies":"Gremlin Gang","floor":14,"turns":1},{"damage":21,"enemies":"The Guardian","floor":16,"turns":6}],"seed_played":"-5650054218811003302","potions_obtained":[{"floor":6,"key":"Strength Potion"},{"floor":13,"key":"Fruit Juice"},{"floor":14,"key":"FearPotion"}],"is_trial":false,"path_per_floor":["M","?","?","M","$","E","M","R","T","E","R","?","M","M","R","B"],"character_chosen":"IRONCLAD","items_purchased":[],"campfire_rested":0,"item_purchase_floors":[],"current_hp_per_floor":[74,74,74,68,68,19,19,19,19,10,10,10,15,15,15,0,0],"gold":222,"neow_bonus":"BOSS_RELIC","is_daily":false,"chose_seed":false,"campfire_upgraded":3,"win_rate":0.0,"timestamp":1610434439,"path_taken":["M","?","?","M","$","E","M","R","T","E","R","?","M","?","R","BOSS"],"items_purchased_type":[],"build_version":"2020-12-22","purchased_purges":1,"victory":false,"max_hp_per_floor":[80,80,80,80,80,80,80,80,80,80,80,80,85,85,85,85,85],"card_choices":[{"not_picked":["ReplayTheSpireMod:Strike From Hell","ReplayTheSpireMod:LeadingStrike","Warcry"],"picked":"SKIP","floor":1},{"not_picked":["Wild Strike","Life Link"],"picked":"Shrug It Off","floor":4},{"not_picked":["Carnage","Iron Wave","Second Wind"],"picked":"SKIP","floor":6},{"not_picked":["Second Wind","True Grit","Shrug It Off"],"picked":"SKIP","floor":7},{"not_picked":["Battle Trance","Pommel Strike"],"picked":"Offering","floor":10},{"not_picked":["Perfected Strike","Clash","Run Through"],"picked":"SKIP","floor":13},{"not_picked":["Second Wind","Run Through","Twin Strike"],"picked":"SKIP","floor":14}],"player_experience":434996,"relics_obtained":[{"floor":6,"key":"Simple Rune"},{"floor":10,"key":"infinitespire:Satchel"}],"event_choices":[{"damage_healed":0,"gold_gain":0,"player_choice":"Upgraded","damage_taken":0,"max_hp_gain":0,"max_hp_loss":0,"event_name":"Upgrade Shrine","floor":12,"gold_loss":0,"cards_upgraded":["Strike_R"]}],"is_beta":false,"boss_relics":[],"items_purged_floors":[5],"is_endless":false,"potions_floor_spawned":[6,13,14],"killed_by":"The Guardian","ascension_level":0}}