{"host":"i8e6n1sk9ttt4fyg","time":1610478683,"event":{"mods":["BaseMod","KinomotoSakuraMod(Ä¾Ö®±¾Ó£)","Minty Spire (QoL Compilation)","Replay The Spire","Spicy Shops","StSLib","The Hierophant"],"gold_per_floor":[112,112,59,70,133,133,150,150,150,150,150,150,150],"floor_reached":12,"language":"ZHS","playtime":738,"items_purged":[],"score":66,"play_id":"53f833c6-8e8b-4d21-a9e8-3b26d1ef2e7f","local_time":"20210113031123","is_ascension_mode":false,"campfire_choices":[{"data":"ClowCardTheFight","floor":6,"key":"SMITH"},{"data":"ClowCardTheShot","floor":8,"key":"SMITH"},{"data":"SpellCardSeal","floor":11,"key":"SMITH"}],"circlet_count":0,"master_deck":["ClowCardTheSword","ClowCardTheSword","ClowCardTheSword","ClowCardTheSword","ClowCardTheShield","ClowCardTheShield","ClowCardTheShield","ClowCardTheShield","SpellCardSeal+1","SpellCardRelease","ClowCardTheFight","ClowCardTheMaze","ClowCardTheShot+1","ClowCardTheFight+1","ClowCardTheMove","ClowCardTheBubbles"],"relics":["KSMOD_SealedBook","KSMOD_SealedWand","ReplayTheSpireMod:Ring of Challenge","Ring of Misfortune","Replay:Bottled Snecko","Matryoshka"],"acts_visited":["Exordium"],"potions_floor_usage":[],"damage_taken":[{"damage":1.0,"enemies":"Jaw Worm","floor":1.0,"turns":3.0},{"damage":0,"enemies":"Small Slimes","floor":4,"turns":3},{"damage":0,"enemies":"Cultist","floor":7,"turns":2},{"damage":63,"enemies":"3 Sentries","floor":12,"turns":6}],"seed_played":"8194497023754151129","potions_obtained":[{"floor":4,"key":"Swift Potion"},{"floor":5,"key":"Block Potion"},{"floor":7,"key":"BlessingOfTheForge"}],"is_trial":false,"path_per_floor":["M","?","$","M","?","R","M","R","T","?","R","E"],"character_chosen":"KINOMOTOSAKURA","items_purchased":["ClowCardTheShot"],"campfire_rested":0,"item_purchase_floors":[3],"current_hp_per_floor":[62,62,62,62,37,37,37,37,37,58,58,0,0],"gold":150,"neow_bonus":"THREE_RARE_CARDS","is_daily":false,"chose_seed":false,"campfire_upgraded":3,"win_rate":0.0,"timestamp":1610478683,"path_taken":["M","?","$","M","?","R","?","R","T","?","R","E"],"items_purchased_type":["Card"],"build_version":"2020-12-22","purchased_purges":0,"victory":false,"max_hp_per_floor":[63,63,63,63,63,63,63,63,63,63,63,63,63],"card_choices":[{"not_picked":["ClowCardTheTime","ClowCardTheDash"],"picked":"ClowCardTheFight","floor":0.0},{"not_picked":["ClowCardTheErase","ClowCardTheMist"],"picked":"ClowCardTheMaze","floor":1},{"not_picked":["ClowCardTheMist","ClowCardTheIllusion"],"picked":"ClowCardTheFight","floor":4},{"not_picked":["ClowCardTheMist","ClowCardTheMaze"],"picked":"ClowCardTheMove","floor":5},{"not_picked":["ClowCardTheMist","ClowCardTheErase"],"picked":"ClowCardTheBubbles","floor":7}],"player_experience":107436,"relics_obtained":[{"floor":2,"key":"ReplayTheSpireMod:Ring of Challenge"},{"floor":2,"key":"Ring of Misfortune"},{"floor":5,"key":"Replay:Bottled Snecko"},{"floor":9,"key":"Matryoshka"}],"event_choices":[{"damage_healed":21,"gold_gain":0,"player_choice":"Banana","damage_taken":0,"max_hp_gain":0,"max_hp_loss":0,"event_name":"Big Fish","floor":10,"gold_loss":0}],"is_beta":false,"boss_relics":[],"items_purged_floors":[],"is_endless":false,"potions_floor_spawned":[4,7],"killed_by":"3 Sentries","ascension_level":0}}