{"host":"7c402rm0fqc13zvz","time":1610484426,"event":{"mods":["BaseMod","Marisa£®ÏF”Í°°ƒß¿Ì…≥£©","Minty Spire (QoL Compilation)","Reimu£®≤©¿ˆ¡È√Œ£©","StSLib","The Administrix","Youmu£®ªÍ∆«—˝√Œ£©","[π¶ƒ‹]π¶ƒ‹‘ˆ«ø∫Õ–ﬁ∏¥MOD"],"gold_per_floor":[18,36,36,1,1,42,2,18,18,13,13,26,26,77,77,401,401,425,443,438,461,480,475,499,535,588,588,628,642,686,699,699,1032,1032,1052,1052,1115,1134,1134,1134,1119,1119,1119,1119,1132,1132,1175,1199,1199,1199],"floor_reached":51,"language":"ZHS","playtime":1262,"items_purged":["Strike_B","Strike_B","Strike_B","Strike_B","Injury","Zap","Dualcast","Defend_B","Defend_B","Sweeping Beam","Go for the Eyes","Scrape","Gash+1","Steam Power"],"score":1219,"play_id":"899af3aa-5a2d-44f4-8d33-7e4cf3268df8","local_time":"20210113044706","is_ascension_mode":true,"campfire_choices":[{"data":"Enlightenment","floor":11,"key":"SMITH"},{"data":"Gash","floor":15,"key":"SMITH"},{"data":"Beam Cell","floor":27,"key":"SMITH"},{"data":"Madness","floor":32,"key":"SMITH"},{"data":"Meteor Strike","floor":40,"key":"SMITH"},{"data":"Meteor Strike","floor":42,"key":"SMITH"},{"data":"Hyperbeam","floor":44,"key":"SMITH"},{"data":"All For One","floor":46,"key":"SMITH"},{"data":"Master of Strategy","floor":49,"key":"SMITH"}],"circlet_count":0,"master_deck":["Meteor Strike+1","Beam Cell+1","Enlightenment+1","Hyperbeam+1","Finesse","Meteor Strike+1","All For One+1","Reinforced Body","Madness+1","Steam Power+1","Master of Strategy+1","Reprogram+1","Flash of Steel"],"relics":["Cracked Core","Shuriken","Golden Idol","Bronze Scales","Tiny Chest","Tea:ReiMu","Singing Bowl","PreservedInsect","Gremlin Horn","Oddly Smooth Stone","TentaclePot:ReiMu","Ancient Tea Set","Sozu","Medical Kit","MealTicket","Dream Catcher","Centennial Puzzle","Darkstone Periapt","Sundial","TheAbacus","Question Card","Boot","InkBottle","StoneCalendar","Lizard Tail","RedLine:ReiMu","Potion Belt","Blood Vial","CaptainsWheel","Lantern","Juzu Bracelet","Unceasing Top","Vajra","HandDrill","Eternal Feather","Pantograph"],"acts_visited":["Exordium","TheCity","TheBeyond"],"potions_floor_usage":[6,16,16,16],"damage_taken":[{"damage":3,"enemies":"2 Louse","floor":1,"turns":2},{"damage":12,"enemies":"Jaw Worm","floor":2,"turns":2},{"damage":35,"enemies":"3 Sentries","floor":6,"turns":7},{"damage":0,"enemies":"Small Slimes","floor":8,"turns":1},{"damage":0,"enemies":"Looter","floor":12,"turns":1},{"damage":6,"enemies":"Hexaghost","floor":16,"turns":2},{"damage":0,"enemies":"3 Byrds","floor":18,"turns":1},{"damage":12,"enemies":"Shell Parasite","floor":19,"turns":2},{"damage":18,"enemies":"Snake Plant","floor":22,"turns":2},{"damage":0,"enemies":"3 Cultists","floor":24,"turns":2},{"damage":0,"enemies":"Slavers","floor":25,"turns":1},{"damage":0,"enemies":"Book of Stabbing","floor":28,"turns":1},{"damage":0,"enemies":"Cultist and Chosen","floor":29,"turns":1},{"damage":0,"enemies":"Gremlin Leader","floor":30,"turns":1},{"damage":0,"enemies":"Snake Plant","floor":31,"turns":1},{"damage":0,"enemies":"Automaton","floor":33,"turns":1},{"damage":0,"enemies":"3 Shapes","floor":35,"turns":1},{"damage":0,"enemies":"Mind Bloom Boss Battle","floor":37,"turns":1},{"damage":0,"enemies":"Orb Walker","floor":38,"turns":1},{"damage":0,"enemies":"Writhing Mass","floor":45,"turns":1},{"damage":0,"enemies":"Reptomancer","floor":47,"turns":1},{"damage":0,"enemies":"Jaw Worm Horde","floor":48,"turns":1},{"damage":0,"enemies":"Donu and Deca","floor":50,"turns":1}],"seed_played":"-6809924722119996144","potions_obtained":[{"floor":2,"key":"ZuzhouPotion:ReiMu"},{"floor":2,"key":"SpeedPotion"},{"floor":6,"key":"AttackPotion"},{"floor":12,"key":"Ancient Potion"}],"is_trial":false,"path_per_floor":["M","M","?","?","?","E","$","M","T","$","R","M","$","?","R","B",null,"M","M","$","T","M","$","M","E","T","R","E","M","E","M","R","B",null,"M","$","?","M","$","R","$","R","T","R","M","R","E","M","R","B",null],"character_chosen":"DEFECT","items_purchased":["Beam Cell","Go for the Eyes","Tiny Chest","Enlightenment","Singing Bowl","PreservedInsect","Hyperbeam","Finesse","Gremlin Horn","Oddly Smooth Stone","TentaclePot:ReiMu","Medical Kit","MealTicket","Dream Catcher","Reinforced Body","Madness","Darkstone Periapt","Sundial","TheAbacus","Potion Belt","Master of Strategy","Blood Vial","Lantern","Juzu Bracelet","Unceasing Top","Flash of Steel","Vajra","HandDrill"],"campfire_rested":0,"item_purchase_floors":[7,7,7,7,10,10,10,13,13,13,13,20,20,20,20,23,23,23,23,36,36,36,39,39,41,41,41,41],"current_hp_per_floor":[72,60,42,60,60,25,25,25,25,25,47,47,47,47,47,43,77,79,67,67,67,51,66,66,68,68,68,70,72,72,74,74,80,95,97,97,97,99,99,99,99,99,99,99,101,101,103,105,105,105],"gold":1199,"neow_bonus":"TRANSFORM_TWO_CARDS","is_daily":false,"chose_seed":false,"campfire_upgraded":9,"win_rate":0.0,"timestamp":1610484426,"path_taken":["M","M","?","?","?","E","$","M","T","?","R","?","$","?","R","BOSS","M","M","$","?","M","$","M","E","T","R","E","M","E","M","R","BOSS","M","$","?","M","$","R","$","R","T","R","M","R","E","M","R","BOSS"],"items_purchased_type":["Card","Card","Relic","Card","Relic","Relic","Card","Card","Relic","Relic","Relic","Relic","Relic","Relic","Card","Card","Relic","Relic","Relic","Relic","Card","Relic","Relic","Relic","Relic","Card","Relic","Relic"],"build_version":"2020-12-22","purchased_purges":14,"victory":true,"max_hp_per_floor":[75,75,75,75,75,75,75,75,75,75,75,75,75,75,75,77,77,79,79,79,79,81,81,81,83,83,83,85,87,87,89,89,95,95,97,97,97,99,99,99,99,99,99,99,101,101,103,105,105,105],"card_choices":[{"not_picked":["Cold Snap","Redo","Leap"],"picked":"SKIP","floor":1},{"not_picked":["Hello World","Blizzard","Ball Lightning"],"picked":"SKIP","floor":2},{"not_picked":["Barrage","Stack","Leap"],"picked":"SKIP","floor":6},{"not_picked":["Redo","White Noise","Loop"],"picked":"SKIP","floor":8},{"not_picked":["Fission","Streamline"],"picked":"Gash","floor":12},{"not_picked":["Rainbow","Creative AI"],"picked":"Meteor Strike","floor":16},{"not_picked":["Hyperbeam","Echo Form"],"picked":"All For One","floor":16},{"not_picked":["Thunder Strike","Multi-Cast","All For One"],"picked":"Singing Bowl","floor":16},{"not_picked":["Compile Driver+1","Rebound","Fusion+1"],"picked":"Singing Bowl","floor":18},{"not_picked":["Coolheaded+1","Rebound"],"picked":"Scrape","floor":19},{"not_picked":["Fusion+1","Ball Lightning+1","Stack+1"],"picked":"Singing Bowl","floor":22},{"not_picked":["Cold Snap+1","Hologram+1"],"picked":"Steam Power+1","floor":24},{"not_picked":["FTL","Hyperbeam","Leap"],"picked":"Singing Bowl","floor":25},{"not_picked":["Rebound+1","Steam","Capacitor","Conserve Battery"],"picked":"Singing Bowl","floor":28},{"not_picked":["Streamline","Fusion","Ball Lightning","FTL+1"],"picked":"Singing Bowl","floor":29},{"not_picked":["Streamline","All For One","Heatsinks"],"picked":"Steam Power","floor":30},{"not_picked":["Leap+1","Steam","Rebound","Redo"],"picked":"Singing Bowl","floor":31},{"not_picked":["Multi-Cast","Echo Form","Core Surge","Electrodynamics"],"picked":"Singing Bowl","floor":33},{"not_picked":["Reboot","Thunder Strike","All For One","Echo Form"],"picked":"Singing Bowl","floor":33},{"not_picked":["Hyperbeam","Fission","Core Surge","Rainbow"],"picked":"Singing Bowl","floor":33},{"not_picked":["Steam+1","Undo+1","Blizzard","Conserve Battery+1"],"picked":"Singing Bowl","floor":35},{"not_picked":["Go for the Eyes","Ball Lightning+1","Sweeping Beam"],"picked":"Reprogram+1","floor":37},{"not_picked":["Streamline","Static Discharge","Conserve Battery","Sweeping Beam+1"],"picked":"Singing Bowl","floor":38},{"not_picked":["Recycle","White Noise+1","Sweeping Beam","Double Energy+1"],"picked":"Singing Bowl","floor":45},{"not_picked":["Redo","Doom and Gloom+1","Rip and Tear+1","Double Energy"],"picked":"Singing Bowl","floor":47},{"not_picked":["Rip and Tear","Ball Lightning","Compile Driver","Cold Snap+1"],"picked":"Singing Bowl","floor":48}],"player_experience":62614,"relics_obtained":[{"floor":6,"key":"Bronze Scales"},{"floor":9,"key":"Tea:ReiMu"},{"floor":16,"key":"Ancient Tea Set"},{"floor":21,"key":"Centennial Puzzle"},{"floor":25,"key":"Question Card"},{"floor":26,"key":"Boot"},{"floor":28,"key":"InkBottle"},{"floor":30,"key":"StoneCalendar"},{"floor":33,"key":"Lizard Tail"},{"floor":37,"key":"CaptainsWheel"},{"floor":43,"key":"Eternal Feather"},{"floor":47,"key":"Pantograph"}],"event_choices":[{"damage_healed":0,"gold_gain":0,"player_choice":"Success","damage_taken":18,"relics_obtained":["Shuriken"],"max_hp_gain":0,"max_hp_loss":0,"event_name":"Scrap Ooze","floor":3,"gold_loss":0},{"damage_healed":18,"gold_gain":0,"player_choice":"Healed","damage_taken":0,"max_hp_gain":0,"max_hp_loss":0,"event_name":"The Cleric","floor":4,"gold_loss":35},{"damage_healed":0,"gold_gain":0,"player_choice":"Take Wound","damage_taken":0,"relics_obtained":["Golden Idol"],"max_hp_gain":0,"max_hp_loss":0,"event_name":"Golden Idol","floor":5,"gold_loss":0,"cards_obtained":["Injury"]},{"damage_healed":0,"gold_gain":51,"player_choice":"Gained Gold","damage_taken":0,"max_hp_gain":0,"max_hp_loss":0,"event_name":"Golden Wing","floor":14,"gold_loss":0},{"damage_healed":0,"gold_gain":0,"player_choice":"Fight","damage_taken":0,"max_hp_gain":0,"max_hp_loss":0,"event_name":"MindBloom","floor":37,"gold_loss":0}],"is_beta":false,"boss_relics":[{"not_picked":["Runic Pyramid","Calling Bell"],"picked":"Sozu"},{"not_picked":["Busted Crown","SlaversCollar"],"picked":"RedLine:ReiMu"}],"items_purged_floors":[7,7,7,7,7,7,7,7,10,20,23,41,41,41],"is_endless":false,"potions_floor_spawned":[2,2,6,12,12,16,19,19,24,24,28,28,29,33,33,37,38,47,48],"ascension_level":3}}