{"host":"m5bsg12zcyqnofur","time":1610446505,"event":{"mods":["AchievementEnabler","BaseMod","BetterRewards","Colored Powertips","Downfall","Hermit","Highlight Path","Minty Spire (QoL Compilation)","Quick Restart","Replay The Spire","Shop Mod","StSLib","The Bug Knight"],"gold_per_floor":[110,59,79,79,79,108,8,8,8],"floor_reached":8,"playtime":655,"items_purged":["HollowMod:NailStrikeStart","HollowMod:QuickDashStart"],"score":54,"play_id":"4beac62c-eff4-4f92-b04d-d71db3439eec","local_time":"20210112041505","is_ascension_mode":false,"campfire_choices":[],"circlet_count":0,"master_deck":["HollowMod:NailStrikeStart","HollowMod:NailStrikeStart","HollowMod:NailStrikeStart","HollowMod:QuickDashStart","HollowMod:QuickDashStart","HollowMod:QuickDashStart","HollowMod:FocusHealStart","HollowMod:PogoStrike","HollowMod:VengefulVoid","HollowMod:DoubleDash","HollowMod:BlackTendrils","HollowMod:DescendingDark","HollowMod:ShadowDash","HollowMod:MantisMark"],"relics":["HollowMod:VesselMask","Golden Egg"],"acts_visited":["Exordium"],"potions_floor_usage":[8],"damage_taken":[{"damage":0,"enemies":"Jaw Worm","floor":1,"turns":5},{"damage":0,"enemies":"Cultist","floor":3,"turns":3},{"damage":29,"enemies":"3 Sentries","floor":6,"turns":10},{"damage":49,"enemies":"Lagavulin","floor":8,"turns":7}],"seed_played":"957572005209095545","potions_obtained":[{"floor":3,"key":"ColorlessPotion"}],"is_trial":false,"path_per_floor":["M","$","M","?","$","E","$","E"],"character_chosen":"THE_BUGKNIGHT","items_purchased":["HollowMod:VengefulVoid","HollowMod:DoubleDash","HollowMod:DescendingDark"],"campfire_rested":0,"item_purchase_floors":[0,0,2],"current_hp_per_floor":[70,70,73,73,73,46,46,0,0],"gold":8,"neow_bonus":"","is_daily":false,"chose_seed":false,"campfire_upgraded":0,"win_rate":0.0,"timestamp":1610446505,"path_taken":["M","$","M","?","$","E","?","E"],"items_purchased_type":["Card","Card","Card"],"build_version":"2020-12-22","purchased_purges":2,"victory":false,"max_hp_per_floor":[75,75,75,75,75,75,75,75,75],"card_choices":[{"not_picked":["HollowMod:InfectionAssault","HollowMod:FastStrike"],"picked":"HollowMod:BlackTendrils","floor":1},{"not_picked":["HollowMod:SiblingsSouls","HollowMod:WraithStrike"],"picked":"HollowMod:ShadowDash","floor":3},{"not_picked":["HollowMod:RecoilStrike","HollowMod:MawleksShell"],"picked":"HollowMod:MantisMark","floor":6}],"player_experience":176616,"relics_obtained":[{"floor":6,"key":"Golden Egg"}],"event_choices":[{"damage_healed":0,"gold_gain":0,"player_choice":"0 cards matched","damage_taken":0,"max_hp_gain":0,"max_hp_loss":0,"event_name":"Match and Keep!","floor":4,"gold_loss":0,"cards_obtained":[]}],"is_beta":false,"boss_relics":[],"items_purged_floors":[0,7],"is_endless":false,"potions_floor_spawned":[3],"killed_by":"Lagavulin","ascension_level":0}}