{"host":"sc0o2qwpf9j16a4i","time":1610456928,"event":{"mods":["AchievementEnabler","BaseMod","BetterRewards","Block Reminder","Colored Map","Colored Powertips","Custom Start","Highlight Path","Minty Spire (QoL Compilation)","Relic Stats"],"gold_per_floor":[113,125,144,144,219,219,219,268,294,316,345,345,7,56,56,158,158,204,204,243,243,79,79,113,113,113,113,161,161,181,226,226,328,355,355,355],"floor_reached":35,"playtime":1118,"items_purged":["Strike_P"],"score":1156,"play_id":"71736e1e-79c3-4dd5-af57-38a0f1b5e23c","local_time":"20210112150848","is_ascension_mode":true,"campfire_choices":[{"floor":7,"key":"REST"},{"floor":12,"key":"REST"},{"floor":15,"key":"REST"},{"floor":27,"key":"REST"},{"floor":29,"key":"REST"},{"data":"Wish","floor":32,"key":"SMITH"}],"circlet_count":0,"master_deck":["AscendersBane","Defend_P+1","Defend_P+1","Defend_P+1","Eruption","Vigilance","ThirdEye","SandsOfTime","Consecrate","SashWhip","EmptyMind","Consecrate","FlurryOfBlows","Wallop","Wish+1","Meditate+1","LessonLearned","SignatureMove+1","Establishment+1","Wallop+1"],"relics":["PureWater","Yang","Centennial Puzzle","CeramicFish","Golden Idol","InkBottle","Bronze Scales","Singing Bowl","TungstenRod","Snecko Eye","Happy Flower","Eternal Feather","Blood Vial","Vajra","Astrolabe"],"acts_visited":["Exordium","TheCity","TheBeyond"],"potions_floor_usage":[10,14,16,28,30,33],"damage_taken":[{"damage":0,"enemies":"Cultist","floor":1,"turns":3},{"damage":0,"enemies":"Jaw Worm","floor":2,"turns":2},{"damage":1,"enemies":"Small Slimes","floor":3,"turns":2},{"damage":21,"enemies":"Lagavulin","floor":8,"turns":5},{"damage":4,"enemies":"3 Louse","floor":10,"turns":2},{"damage":0,"enemies":"Blue Slaver","floor":11,"turns":3},{"damage":0,"enemies":"Gremlin Nob","floor":14,"turns":2},{"damage":6,"enemies":"The Guardian","floor":16,"turns":9},{"damage":0,"enemies":"3 Byrds","floor":18,"turns":3},{"damage":0,"enemies":"Spheric Guardian","floor":20,"turns":2},{"damage":39,"enemies":"Book of Stabbing","floor":24,"turns":4},{"damage":28,"enemies":"Gremlin Leader","floor":28,"turns":8},{"damage":0,"enemies":"Centurion and Healer","floor":30,"turns":3},{"damage":0,"enemies":"Snecko","floor":31,"turns":4},{"damage":11,"enemies":"Automaton","floor":33,"turns":8},{"damage":0,"enemies":"3 Darklings","floor":35,"turns":2}],"seed_played":"3614384146652668910","potions_obtained":[{"floor":3,"key":"Dexterity Potion"},{"floor":10,"key":"SpeedPotion"},{"floor":11,"key":"ColorlessPotion"},{"floor":24,"key":"ColorlessPotion"},{"floor":28,"key":"LiquidMemories"},{"floor":30,"key":"GamblersBrew"}],"is_trial":false,"path_per_floor":["M","M","M","?","?","?","R","E","T","M","M","R","$","E","R","B",null,"M","?","M","?","$","?","E","?","T","R","E","R","M","M","R","B",null,"M"],"character_chosen":"WATCHER","items_purchased":["Yang","Centennial Puzzle","Ambrosia","ThirdEye","Singing Bowl","Happy Flower"],"campfire_rested":5,"item_purchase_floors":[0,0,0,0,13,22],"current_hp_per_floor":[42,42,41,30,19,19,37,16,16,12,12,30,30,30,48,42,57,59,59,61,61,61,61,24,24,24,53,27,56,60,64,72,61,69,71,71],"gold":355,"neow_bonus":"","is_daily":false,"chose_seed":false,"campfire_upgraded":1,"win_rate":0.0,"timestamp":1610456928,"path_taken":["M","M","?","?","?","?","R","E","T","M","M","R","?","E","R","BOSS","M","?","M","?","$","?","E","?","T","R","E","R","M","M","R","BOSS","M"],"items_purchased_type":["Relic","Relic","Potion","Card","Relic","Relic"],"build_version":"2020-12-22","purchased_purges":1,"victory":false,"max_hp_per_floor":[68,68,68,68,68,62,62,62,62,62,62,62,62,62,62,62,62,64,64,66,66,66,66,68,68,68,68,68,68,70,72,72,72,72,72,72],"relic_stats":{"Singing Bowl":10,"Happy Flower":[62],"counters":[125,561],"Golden Idol":91,"CeramicFish":90,"Astrolabe":["SignatureMove","Establishment","Wallop"],"Yang":[143],"Eternal Feather":26,"Blood Vial":8,"Centennial Puzzle":[42],"Bronze Scales":[184],"Snecko Eye":[63,65,76,66],"obtain_stats":[{"Ice Cream":14,"Gremlin Horn":30,"CeramicFish":4,"Vajra":39,"Whetstone":43,"Sling":37,"Boot":13,"Old Coin":7,"Blood Vial":26,"Centennial Puzzle":37,"HornCleat":22,"Strawberry":28,"Philosopher\u0027s Stone":34,"MealTicket":10,"Fusion Hammer":17,"VioletLotus":34,"Kunai":14,"Toxic Egg 2":0,"Girya":40,"Happy Flower":26,"Dead Branch":0,"Blue Candle":0,"Astrolabe":34,"Oddly Smooth Stone":39,"Eternal Feather":0,"War Paint":5,"Question Card":0,"Akabeko":10,"WarpedTongs":2,"OrangePellets":0,"SlaversCollar":17,"Shuriken":0,"MutagenicStrength":25,"Bronze Scales":9,"Snecko Eye":17,"Molten Egg 2":0,"Black Star":0,"StrikeDummy":26,"Meat on the Bone":0,"Regal Pillow":30,"Singing Bowl":10,"Melange":0,"Yang":24,"Incense Burner":29,"TeardropLocket":5,"Ancient Tea Set":9,"ClockworkSouvenir":30,"Dream Catcher":9,"Matryoshka":25,"Shovel":42,"Mummified Hand":7,"Pantograph":24,"Gambling Chip":0,"Tiny Chest":0,"Red Mask":31,"InkBottle":14,"Runic Pyramid":17,"Potion Belt":0,"Lee\u0027s Waffle":0,"Golden Idol":6,"Damaru":26,"PreservedInsect":14,"Omamori":7,"GoldenEye":24,"White Beast Statue":10,"Anchor":26,"CaptainsWheel":0,"Busted Crown":17,"Ornamental Fan":9,"HolyWater":17,"Membership Card":0,"PureWater":0,"TungstenRod":14},{"Ice Cream":41,"Gremlin Horn":49,"CeramicFish":112,"Vajra":29,"Whetstone":31,"Sling":28,"Boot":74,"Old Coin":4,"Blood Vial":120,"Centennial Puzzle":52,"HornCleat":61,"Strawberry":48,"Philosopher\u0027s Stone":27,"MealTicket":57,"Fusion Hammer":8,"VioletLotus":51,"Kunai":7,"Toxic Egg 2":68,"Girya":30,"Happy Flower":80,"Dead Branch":53,"Blue Candle":53,"Astrolabe":66,"Oddly Smooth Stone":29,"Eternal Feather":84,"War Paint":38,"Question Card":35,"Akabeko":57,"WarpedTongs":54,"OrangePellets":53,"SlaversCollar":60,"Shuriken":10,"MutagenicStrength":47,"Bronze Scales":113,"Snecko Eye":117,"Molten Egg 2":84,"Black Star":0,"StrikeDummy":61,"Meat on the Bone":53,"Regal Pillow":25,"Singing Bowl":4,"Melange":68,"Yang":80,"Incense Burner":64,"TeardropLocket":14,"Ancient Tea Set":57,"ClockworkSouvenir":25,"Dream Catcher":4,"Matryoshka":24,"Shovel":31,"Mummified Hand":4,"Pantograph":97,"Gambling Chip":100,"Tiny Chest":100,"Red Mask":83,"InkBottle":7,"Runic Pyramid":20,"Potion Belt":68,"Lee\u0027s Waffle":68,"Golden Idol":112,"Damaru":24,"PreservedInsect":59,"Omamori":72,"GoldenEye":47,"White Beast Statue":16,"Anchor":24,"CaptainsWheel":35,"Busted Crown":106,"Ornamental Fan":15,"HolyWater":42,"Membership Card":35,"PureWater":0,"TungstenRod":116},{"Ice Cream":208,"Gremlin Horn":243,"CeramicFish":506,"Vajra":149,"Whetstone":160,"Sling":145,"Boot":352,"Old Coin":16,"Blood Vial":536,"Centennial Puzzle":261,"HornCleat":300,"Strawberry":240,"Philosopher\u0027s Stone":140,"MealTicket":277,"Fusion Hammer":38,"VioletLotus":256,"Kunai":30,"Toxic Egg 2":332,"Girya":155,"Happy Flower":378,"Dead Branch":262,"Blue Candle":262,"Astrolabe":326,"Oddly Smooth Stone":149,"Eternal Feather":392,"War Paint":197,"Question Card":188,"Akabeko":277,"WarpedTongs":265,"OrangePellets":262,"SlaversCollar":296,"Shuriken":47,"MutagenicStrength":235,"Bronze Scales":511,"Snecko Eye":527,"Molten Egg 2":392,"Black Star":0,"StrikeDummy":300,"Meat on the Bone":262,"Regal Pillow":126,"Singing Bowl":16,"Melange":332,"Yang":378,"Incense Burner":311,"TeardropLocket":62,"Ancient Tea Set":277,"ClockworkSouvenir":126,"Dream Catcher":16,"Matryoshka":120,"Shovel":160,"Mummified Hand":16,"Pantograph":437,"Gambling Chip":449,"Tiny Chest":449,"Red Mask":391,"InkBottle":30,"Runic Pyramid":100,"Potion Belt":332,"Lee\u0027s Waffle":332,"Golden Idol":506,"Damaru":120,"PreservedInsect":286,"Omamori":344,"GoldenEye":235,"White Beast Statue":75,"Anchor":120,"CaptainsWheel":188,"Busted Crown":482,"Ornamental Fan":67,"HolyWater":216,"Membership Card":188,"PureWater":0,"TungstenRod":518}],"InkBottle":[71],"TungstenRod":18},"card_choices":[{"not_picked":["Vengeance","ThirdEye"],"picked":"SandsOfTime","floor":1},{"not_picked":["Worship","Prostrate"],"picked":"Consecrate","floor":2},{"not_picked":["Evaluate","EmptyMind"],"picked":"SashWhip","floor":3},{"not_picked":["CrushJoints","SignatureMove"],"picked":"EmptyMind","floor":8},{"not_picked":["Weave","CrushJoints"],"picked":"Consecrate","floor":10},{"not_picked":["FlyingSleeves","PathToVictory"],"picked":"FlurryOfBlows","floor":11},{"not_picked":["Pray","Ragnarok"],"picked":"Wallop","floor":14},{"not_picked":["Brilliance","LessonLearned"],"picked":"Wish","floor":16},{"not_picked":["Conclude","Consecrate+1","Vengeance"],"picked":"Singing Bowl","floor":18},{"not_picked":["FlyingSleeves","EmptyFist","CrushJoints"],"picked":"Singing Bowl","floor":20},{"not_picked":["WaveOfTheHand","DeceiveReality","CutThroughFate"],"picked":"Singing Bowl","floor":24},{"not_picked":["InnerPeace","PathToVictory"],"picked":"Meditate+1","floor":28},{"not_picked":["Crescendo","WheelKick","JustLucky"],"picked":"Singing Bowl","floor":30},{"not_picked":["JustLucky","ClearTheMind","FlyingSleeves"],"picked":"Singing Bowl","floor":31},{"not_picked":["Establishment","MasterReality"],"picked":"LessonLearned","floor":33}],"player_experience":595315,"relics_obtained":[{"floor":8,"key":"InkBottle"},{"floor":9,"key":"Bronze Scales"},{"floor":14,"key":"TungstenRod"},{"floor":24,"key":"Eternal Feather"},{"floor":26,"key":"Blood Vial"},{"floor":28,"key":"Vajra"}],"event_choices":[{"damage_healed":0,"gold_gain":0,"player_choice":"Success","damage_taken":11,"relics_obtained":["CeramicFish"],"max_hp_gain":0,"max_hp_loss":0,"event_name":"Scrap Ooze","floor":4,"gold_loss":0},{"damage_healed":0,"gold_gain":75,"player_choice":"Gather Gold","damage_taken":11,"max_hp_gain":0,"max_hp_loss":0,"event_name":"World of Goop","floor":5,"gold_loss":0},{"damage_healed":0,"gold_gain":0,"player_choice":"Lose Max HP","damage_taken":0,"relics_obtained":["Golden Idol"],"max_hp_gain":0,"max_hp_loss":6,"event_name":"Golden Idol","floor":6,"gold_loss":0},{"damage_healed":0,"gold_gain":0,"player_choice":"Ignored","damage_taken":0,"max_hp_gain":0,"max_hp_loss":0,"event_name":"The Mausoleum","floor":19,"gold_loss":0},{"damage_healed":0,"gold_gain":0,"player_choice":"Ignored","damage_taken":0,"max_hp_gain":0,"max_hp_loss":0,"event_name":"Ghosts","floor":21,"gold_loss":0},{"damage_healed":0,"gold_gain":0,"player_choice":"Simplicity","damage_taken":0,"max_hp_gain":0,"max_hp_loss":0,"event_name":"Back to Basics","floor":23,"gold_loss":0,"cards_upgraded":["Strike_P","Strike_P","Strike_P","Defend_P","Defend_P","Defend_P","Defend_P"]},{"cards_removed":["Strike_P"],"damage_healed":0,"gold_gain":0,"player_choice":"Purged","damage_taken":0,"max_hp_gain":0,"max_hp_loss":0,"event_name":"Purifier","floor":25,"gold_loss":0}],"is_beta":false,"boss_relics":[{"not_picked":["Empty Cage","Runic Dome"],"picked":"Snecko Eye"},{"not_picked":["HolyWater","Coffee Dripper"],"picked":"Astrolabe"}],"items_purged_floors":[13],"is_endless":false,"potions_floor_spawned":[3,10,11,24,28,30],"killed_by":"3 Darklings","ascension_level":20}}