{"host":"tnsigirk6wurdark","time":1610489623,"event":{"mods":["BaseMod","Colored Map","Colored Powertips","Highlight Path","Minty Spire (QoL Compilation)","Quick Restart","Relic Sorter","StSLib","Synergy Search"],"gold_per_floor":[111,111,111,20,20,36,67,67,67,67,18,18,53,71,71,145,145,157,139,139,38,57,57,71,98,122,122,141,161,180,180,180],"floor_reached":31,"language":"ENG","playtime":1323,"items_purged":["Strike_G"],"score":464,"play_id":"9fde88e5-0993-48cd-b78b-e7004fa4b0fd","local_time":"20210112221343","is_ascension_mode":true,"campfire_choices":[{"floor":10,"key":"REST"},{"floor":12,"key":"REST"},{"floor":15,"key":"REST"},{"floor":23,"key":"REST"},{"floor":27,"key":"REST"}],"circlet_count":0,"master_deck":["AscendersBane","Strike_G","Strike_G","Strike_G","Strike_G","Defend_G","Defend_G","Defend_G","Defend_G+1","Defend_G+1","Survivor","Neutralize","Flying Knee","Panacea","Slice","Quick Slash","Slice","Deadly Poison","Caltrops","Slice","Bouncing Flask","Backflip","Backstab","Cloak And Dagger+1","Deadly Poison","Injury","Bane","Dash","Corpse Explosion"],"relics":["Fusion Hammer","White Beast Statue","Lizard Tail","Kunai","Cursed Key","MealTicket","War Paint"],"acts_visited":["Exordium","TheCity"],"potions_floor_usage":[7,13,16,19,22,24,24,25,28,29,30,31],"damage_taken":[{"damage":4,"enemies":"Jaw Worm","floor":1,"turns":4},{"damage":2,"enemies":"Small Slimes","floor":6,"turns":4},{"damage":45,"enemies":"3 Sentries","floor":7,"turns":13},{"damage":18,"enemies":"Lagavulin","floor":13,"turns":7},{"damage":0,"enemies":"2 Louse","floor":14,"turns":3},{"damage":47,"enemies":"Hexaghost","floor":16,"turns":9},{"damage":2,"enemies":"3 Byrds","floor":18,"turns":4},{"damage":14,"enemies":"2 Thieves","floor":19,"turns":4},{"damage":41,"enemies":"Shelled Parasite and Fungi","floor":22,"turns":5},{"damage":11,"enemies":"3 Cultists","floor":24,"turns":5},{"damage":24,"enemies":"Slavers","floor":25,"turns":6},{"damage":22,"enemies":"Snake Plant","floor":28,"turns":4},{"damage":36,"enemies":"Shelled Parasite and Fungi","floor":29,"turns":5},{"damage":26,"enemies":"3 Cultists","floor":30,"turns":5},{"damage":9,"enemies":"Centurion and Healer","floor":31,"turns":1}],"seed_played":"-8697859001846759214","potions_obtained":[{"floor":6,"key":"Ancient Potion"},{"floor":7,"key":"Fire Potion"},{"floor":13,"key":"CunningPotion"},{"floor":14,"key":"SpeedPotion"},{"floor":16,"key":"Dexterity Potion"},{"floor":18,"key":"GamblersBrew"},{"floor":19,"key":"SneckoOil"},{"floor":22,"key":"Explosive Potion"},{"floor":24,"key":"Fire Potion"},{"floor":25,"key":"SkillPotion"},{"floor":28,"key":"PowerPotion"},{"floor":29,"key":"Strength Potion"},{"floor":30,"key":"AttackPotion"}],"is_trial":false,"path_per_floor":["M","?","?","$","?","M","E","?","T","R","$","R","E","M","R","B",null,"M","M","?","$","M","R","M","E","T","R","M","M","M","M"],"character_chosen":"THE_SILENT","items_purchased":["Panacea","Slice","Backflip"],"campfire_rested":5,"item_purchase_floors":[4,11,21],"current_hp_per_floor":[55,55,60,60,60,58,13,13,13,34,34,55,37,37,58,11,56,54,40,81,81,40,64,53,29,29,53,31,35,9,0,0],"gold":180,"neow_bonus":"BOSS_RELIC","is_daily":false,"chose_seed":false,"campfire_upgraded":0,"win_rate":0.0,"timestamp":1610489623,"path_taken":["M","?","?","?","?","M","E","?","T","R","?","R","E","?","R","BOSS","M","?","?","$","M","R","M","E","T","R","M","M","?","M"],"items_purchased_type":["Card","Card","Card"],"build_version":"2020-12-22","purchased_purges":1,"victory":false,"max_hp_per_floor":[66,66,71,71,71,71,71,71,71,71,71,71,71,71,71,71,71,71,71,81,81,81,81,81,81,81,81,81,81,81,81,81],"card_choices":[{"not_picked":["Deflect","Backflip"],"picked":"Flying Knee","floor":1},{"not_picked":["Backstab","Terror"],"picked":"Slice","floor":6},{"not_picked":["Leg Sweep","Bane"],"picked":"Quick Slash","floor":7},{"not_picked":["Backstab","Masterful Stab"],"picked":"Deadly Poison","floor":13},{"not_picked":["Envenom","Underhanded Strike"],"picked":"Caltrops","floor":14},{"not_picked":["Burst","Wraith Form v2"],"picked":"Storm of Steel","floor":16},{"not_picked":["Flying Knee","Underhanded Strike"],"picked":"Slice","floor":18},{"not_picked":["Slice","Flying Knee"],"picked":"Bouncing Flask","floor":19},{"not_picked":["Poisoned Stab","Well Laid Plans"],"picked":"Backstab","floor":22},{"not_picked":["Blade Dance","Masterful Stab"],"picked":"Cloak And Dagger+1","floor":24},{"not_picked":["Flying Knee+1","Unload"],"picked":"Deadly Poison","floor":25},{"not_picked":["Quick Slash","Reflex"],"picked":"Bane","floor":28},{"not_picked":["Noxious Fumes","Poisoned Stab"],"picked":"Dash","floor":29},{"not_picked":["Backstab","Cloak And Dagger"],"picked":"Corpse Explosion","floor":30}],"player_experience":695690,"relics_obtained":[{"floor":7,"key":"Lizard Tail"},{"floor":9,"key":"Kunai"},{"floor":13,"key":"White Beast Statue"},{"floor":25,"key":"MealTicket"},{"floor":26,"key":"War Paint"}],"event_choices":[{"damage_healed":0,"gold_gain":0,"player_choice":"Leave","damage_taken":0,"max_hp_gain":0,"max_hp_loss":0,"event_name":"The Cleric","floor":2,"gold_loss":0},{"damage_healed":0,"gold_gain":0,"player_choice":"Donut","damage_taken":0,"max_hp_gain":5,"max_hp_loss":0,"event_name":"Big Fish","floor":3,"gold_loss":0},{"damage_healed":0,"gold_gain":0,"player_choice":"Ignored","damage_taken":0,"max_hp_gain":0,"max_hp_loss":0,"event_name":"Liars Game","floor":5,"gold_loss":0},{"damage_healed":0,"gold_gain":0,"player_choice":"Fled","damage_taken":0,"max_hp_gain":0,"max_hp_loss":0,"event_name":"Scrap Ooze","floor":8,"gold_loss":0},{"cards_removed":["Storm of Steel"],"damage_healed":31,"gold_gain":0,"player_choice":"Offered Rare","damage_taken":0,"max_hp_gain":10,"max_hp_loss":0,"event_name":"Bonfire Elementals","floor":20,"gold_loss":0}],"is_beta":false,"boss_relics":[{"not_picked":["Black Star","Runic Pyramid"],"picked":"Cursed Key"}],"items_purged_floors":[21],"is_endless":false,"potions_floor_spawned":[6,7,13,14,16,18,19,22,24,25,28,29,30],"killed_by":"Centurion and Healer","ascension_level":15}}