{"host":"awdxtfsmljuu2ylb","time":1610428238,"event":{"mods":["AchievementEnabler","BaseMod","Better Third Choice","Downfall","Hermit","Marisa????????","Minty Spire (QoL Compilation)","Replay The Spire","StSLib","The Cursed","The Disciple","The Necromancer"],"gold_per_floor":[110,110,210,225,241,274,285,297,297,309,33,44,44,57,57,159,159,172,172,172,132,142,142,38,58,137,156,4,17,17,33,33,131,181,195,195,208,208,208],"floor_reached":38,"playtime":9824,"items_purged":["hermit:HoleUp","hermit:CalledShot"],"score":407,"play_id":"036f15d6-e37f-414c-b925-53a56dfc4f6f","local_time":"20210112001038","is_ascension_mode":false,"campfire_choices":[{"floor":13,"key":"REST"},{"floor":15,"key":"REST"},{"floor":23,"key":"REST"},{"floor":30,"key":"REST"},{"floor":32,"key":"REST"}],"circlet_count":0,"master_deck":["hermit:Strike_Hermit","hermit:Strike_Hermit","hermit:Strike_Hermit","hermit:Strike_Hermit","hermit:Defend_Hermit","hermit:Defend_Hermit","hermit:Defend_Hermit","hermit:Defend_Hermit","hermit:Snapshot","hermit:Covet","hermit:CursedWeapon","Leg Sweep+1","hermit:NoHoldsBarred","hermit:BodyArmor","hermit:PistolWhip","hermit:Ricochet+1","hermit:Desperado","hermit:CursedWeapon+1","hermit:Maintenance","hermit:BodyArmor","hermit:Brawl","expansioncontent:Flail","Panache","hermit:Snipe","hermit:Determination","hermit:BlackWind","hermit:Determination","hermit:Roulette","hermit:ItchyTrigger+1","hermit:CursedWeapon","hermit:Brawl+1","hermit:Horror","hermit:Coalescence","hermit:BlackWind","hermit:TrackingShot","hermit:Feint","Wraith","hermit:Coalescence+1"],"relics":["hermit:Momento","NeowsBlessing","Replay:Accelerometer","Simple Rune","ReplayTheSpireMod:TigerMarble","BargainBundle","Runic Pyramid","betterThird:NestCultRelic","Matryoshka","Tiny House"],"acts_visited":["TheCity","TheBeyond"],"potions_floor_usage":[16,16,16,18,31,33,33,37,38],"damage_taken":[{"damage":0,"enemies":"2 Louse","floor":1,"turns":1},{"damage":0,"enemies":"Small Slimes","floor":4,"turns":1},{"damage":0,"enemies":"Cultist","floor":5,"turns":1},{"damage":40,"enemies":"Lagavulin","floor":6,"turns":11},{"damage":4,"enemies":"Looter","floor":7,"turns":3},{"damage":0,"enemies":"3 Louse","floor":8,"turns":2},{"damage":2,"enemies":"Large Slime","floor":10,"turns":4},{"damage":10,"enemies":"Exordium Thugs","floor":12,"turns":3},{"damage":14,"enemies":"3 Louse","floor":14,"turns":4},{"damage":36,"enemies":"The Guardian","floor":16,"turns":5},{"damage":22,"enemies":"2 Thieves","floor":18,"turns":4},{"damage":8,"enemies":"Shell Parasite","floor":22,"turns":3},{"damage":13,"enemies":"Snake Plant","floor":25,"turns":4},{"damage":19,"enemies":"3 Cultists","floor":27,"turns":6},{"damage":0,"enemies":"Snecko","floor":29,"turns":2},{"damage":33,"enemies":"Cultist and Chosen","floor":31,"turns":6},{"damage":44,"enemies":"Champ","floor":33,"turns":10},{"damage":34,"enemies":"Orb Walker","floor":35,"turns":4},{"damage":40,"enemies":"3 Darklings","floor":37,"turns":5},{"damage":12,"enemies":"Maw","floor":38,"turns":4}],"seed_played":"-8802030431911755155","potions_obtained":[{"floor":1,"key":"hermit:Tonic"},{"floor":8,"key":"BlessingOfTheForge"},{"floor":12,"key":"Slimebound:ThreeZeroPotion"},{"floor":16,"key":"champ:CounterPotion"},{"floor":25,"key":"Block Potion"},{"floor":27,"key":"Milkshake"},{"floor":33,"key":"Guardian:BlockOnCardUsePotion"},{"floor":34,"key":"ColorlessPotion"},{"floor":37,"key":"LiquidBronze"}],"is_trial":false,"path_per_floor":["M","?","?","M","M","E","M","M","T","M","$","M","R","M","R","B",null,"M","?","?","?","M","R","$","M","T","M","$","M","R","M","R","B",null,"M","?","M","M"],"character_chosen":"HERMIT","items_purchased":["BargainBundle","hermit:CalledShot","hermit:CursedWeapon","hermit:Maintenance","hermit:BodyArmor","hermit:Brawl","expansioncontent:Flail","Elixir","SteroidPotion","ColorlessPotion","Panache","Fire Potion","Swift Potion","hermit:Brawl+1"],"campfire_rested":5,"item_purchase_floors":[11,11,11,11,11,11,11,11,11,11,11,24,24,28],"current_hp_per_floor":[75,63,63,63,63,23,19,19,19,17,17,7,29,15,37,1,75,53,39,39,39,31,55,55,42,42,23,23,23,47,14,38,2,85,51,51,11,0,0],"gold":208,"neow_bonus":"THREE_ENEMY_KILL","is_daily":false,"chose_seed":false,"campfire_upgraded":0,"win_rate":0.0,"timestamp":1610428238,"path_taken":["M","?","?","M","M","E","M","?","T","M","$","M","R","M","R","BOSS","M","?","?","?","M","R","$","M","T","?","?","M","R","M","R","BOSS","M","?","M","M"],"items_purchased_type":["Relic","Card","Card","Card","Card","Card","Card","Potion","Potion","Potion","Card","Potion","Potion","Card"],"build_version":"2020-12-22","purchased_purges":2,"victory":false,"max_hp_per_floor":[75,75,75,75,75,75,75,75,75,75,75,75,75,75,75,75,75,75,80,80,80,80,80,80,80,80,80,80,80,80,80,80,80,85,85,85,85,85,85],"card_choices":[{"not_picked":["hermit:EyeOfTheStorm","hermit:BodyArmor"],"picked":"hermit:CursedWeapon","floor":1},{"not_picked":["hermit:Coalescence","hermit:Manifest"],"picked":"hermit:NoHoldsBarred","floor":4},{"not_picked":["hermit:PistolWhip","hermit:Quickdraw"],"picked":"hermit:HoleUp","floor":5},{"not_picked":["hermit:CalledShot","hermit:Vantage"],"picked":"hermit:BodyArmor","floor":6},{"not_picked":["hermit:Deadeye","hermit:LowProfile"],"picked":"hermit:PistolWhip","floor":7},{"not_picked":["hermit:ShadowCloak","hermit:Grudge"],"picked":"hermit:Ricochet","floor":8},{"not_picked":["hermit:Snipe","hermit:TakeCover"],"picked":"hermit:Desperado","floor":10},{"not_picked":["hermit:HoleUp","hermit:Spite"],"picked":"hermit:Snipe","floor":12},{"not_picked":["hermit:LoneWolf","hermit:Quickdraw"],"picked":"hermit:Determination","floor":14},{"not_picked":["hermit:EternalForm","hermit:RoundhouseKick"],"picked":"hermit:BlackWind","floor":16},{"not_picked":["hermit:CalledShot","hermit:Coalescence+1"],"picked":"hermit:Determination","floor":18},{"not_picked":["hermit:FullyLoaded","hermit:HoleUp"],"picked":"hermit:Roulette","floor":22},{"not_picked":["hermit:Manifest","hermit:BigShot"],"picked":"hermit:ItchyTrigger+1","floor":25},{"not_picked":["hermit:Enervate","hermit:Glare"],"picked":"hermit:CursedWeapon","floor":27},{"not_picked":["hermit:FromBeyond","hermit:EyeOfTheStorm"],"picked":"hermit:Horror","floor":29},{"not_picked":["hermit:HoleUp","hermit:Scavenge"],"picked":"hermit:Coalescence","floor":31},{"not_picked":["hermit:RoundhouseKick","hermit:FinalCanter"],"picked":"hermit:BlackWind","floor":33},{"not_picked":["hermit:DeadMansHand","hermit:Roulette"],"picked":"hermit:TrackingShot","floor":34},{"not_picked":["hermit:ItchyTrigger","hermit:Coalescence"],"picked":"hermit:Feint","floor":35},{"not_picked":["hermit:Dive","hermit:HoleUp"],"picked":"hermit:Coalescence+1","floor":37}],"player_experience":85898,"relics_obtained":[{"floor":6,"key":"Simple Rune"},{"floor":9,"key":"ReplayTheSpireMod:TigerMarble"},{"floor":26,"key":"Matryoshka"}],"event_choices":[{"damage_healed":0,"gold_gain":100,"player_choice":"Pray","damage_taken":0,"max_hp_gain":0,"max_hp_loss":0,"event_name":"Golden Shrine","floor":3,"gold_loss":0},{"damage_healed":0,"gold_gain":0,"player_choice":"Shed Blood","damage_taken":19,"max_hp_gain":5,"max_hp_loss":0,"event_name":"Forgotten Altar","floor":19,"gold_loss":0},{"damage_healed":0,"gold_gain":0,"player_choice":"Madness","damage_taken":0,"relics_obtained":["betterThird:NestCultRelic"],"max_hp_gain":0,"max_hp_loss":0,"event_name":"betterThird:BetterNest","floor":20,"gold_loss":0},{"damage_healed":0,"gold_gain":0,"player_choice":"Upgrade","damage_taken":0,"max_hp_gain":0,"max_hp_loss":0,"event_name":"Designer","floor":21,"gold_loss":40,"cards_upgraded":["hermit:CursedWeapon"]},{"damage_healed":0,"gold_gain":0,"player_choice":"Ignored","damage_taken":0,"max_hp_gain":0,"max_hp_loss":0,"event_name":"OrinTheCat","floor":36,"gold_loss":0}],"is_beta":false,"boss_relics":[{"not_picked":["Honey Jar","Replay:Drink Me"],"picked":"Runic Pyramid"},{"not_picked":["Snecko Eye","Cursed Key"],"picked":"Tiny House"}],"items_purged_floors":[11,28],"is_endless":false,"potions_floor_spawned":[1,8,12,14,16,25,27,33,37],"killed_by":"Maw","ascension_level":0}}