{"host":"qm4rv4rkpk76sbxu","time":1610456083,"event":{"mods":["BaseMod","Bestiary","Block Reminder","DeckTracker","Filter the Spire","Keyboard Shortcuts","Minty Spire (QoL Compilation)","MonsterHotkey","Potion Indicator Mod","Quick Restart","Relic Stats","Slay-I","StSLib","ojb\u0027s Better Paths Mod"],"gold_per_floor":[113,58,74,85,96,130,18,18,70,70,70,345,373,393,393,393,393],"floor_reached":16,"playtime":729,"items_purged":[],"score":220,"play_id":"1884959d-5c96-4c2d-a4b5-e67c9b244e36","local_time":"20210112135443","is_ascension_mode":true,"campfire_choices":[{"data":"A Thousand Cuts","floor":8.0,"key":"SMITH"},{"data":"Footwork","floor":15.0,"key":"SMITH"}],"circlet_count":0,"master_deck":["AscendersBane","Strike_G","Strike_G","Strike_G","Strike_G","Defend_G","Defend_G","Defend_G","Defend_G","Defend_G","Survivor","Neutralize","A Thousand Cuts+1","Leg Sweep","Underhanded Strike","Dagger Throw","Footwork+1","Masterful Stab","Terror","Underhanded Strike","Regret","Cloak And Dagger","Deadly Poison"],"relics":["Ring of the Snake","Blue Candle","Oddly Smooth Stone","Art of War","Akabeko","Molten Egg 2"],"acts_visited":["Exordium"],"potions_floor_usage":[],"damage_taken":[{"damage":2.0,"enemies":"Jaw Worm","floor":1.0,"turns":7.0},{"damage":8.0,"enemies":"Cultist","floor":3.0,"turns":6.0},{"damage":0.0,"enemies":"2 Louse","floor":4.0,"turns":4.0},{"damage":0.0,"enemies":"2 Fungi Beasts","floor":5.0,"turns":3.0},{"damage":5.0,"enemies":"3 Sentries","floor":6.0,"turns":11.0},{"damage":9.0,"enemies":"Lagavulin","floor":13.0,"turns":7.0},{"damage":5.0,"enemies":"Exordium Thugs","floor":14.0,"turns":3.0},{"damage":25,"enemies":"Hexaghost","floor":16,"turns":8}],"seed_played":"5414079303248493274","potions_obtained":[{"floor":1.0,"key":"AttackPotion"},{"floor":3.0,"key":"Ancient Potion"},{"floor":13.0,"key":"AttackPotion"}],"is_trial":false,"path_per_floor":["M","?","M","M","M","E","$","R","T","?","?","?","E","M","R","B"],"character_chosen":"THE_SILENT","items_purchased":["Terror","Underhanded Strike"],"campfire_rested":0,"item_purchase_floors":[7,7],"current_hp_per_floor":[57,57,49,49,49,44,44,44,44,9,31,31,22,17,17,0,0],"gold":393,"neow_bonus":"TRANSFORM_CARD","is_daily":false,"chose_seed":false,"campfire_upgraded":2,"win_rate":0.0,"timestamp":1610456083,"path_taken":["M","?","M","M","?","E","$","R","T","?","?","?","E","M","R","BOSS"],"items_purchased_type":["Card","Card"],"build_version":"2020-12-22","purchased_purges":0,"victory":false,"max_hp_per_floor":[66,66,66,66,66,66,66,66,66,66,66,66,66,66,66,66,66],"relic_stats":{"counters":[8,49],"Blue Candle":[2],"Art of War":[3],"obtain_stats":[{"Blue Candle":2,"Oddly Smooth Stone":6,"Molten Egg 2":13,"Art of War":9,"Akabeko":10,"Ring of the Snake":0},{"Blue Candle":1,"Oddly Smooth Stone":5,"Molten Egg 2":6,"Art of War":5,"Akabeko":5,"Ring of the Snake":0},{"Blue Candle":7,"Oddly Smooth Stone":31,"Molten Egg 2":38,"Art of War":31,"Akabeko":31,"Ring of the Snake":0}],"Ring of the Snake":[16]},"card_choices":[{"not_picked":["Heel Hook","Prepared"],"picked":"Leg Sweep","floor":1.0},{"not_picked":["Flying Knee","Distraction"],"picked":"Underhanded Strike","floor":3.0},{"not_picked":["Cloak And Dagger","Bane"],"picked":"Dagger Throw","floor":4.0},{"not_picked":["Blade Dance","Caltrops"],"picked":"Footwork","floor":5.0},{"not_picked":["Storm of Steel","Flying Knee"],"picked":"Masterful Stab","floor":6.0},{"not_picked":["Dodge and Roll","Infinite Blades"],"picked":"Cloak And Dagger","floor":13.0},{"not_picked":["Acrobatics","Backflip"],"picked":"Deadly Poison","floor":14.0}],"player_experience":1259624,"relics_obtained":[{"floor":6.0,"key":"Oddly Smooth Stone"},{"floor":9.0,"key":"Art of War"},{"floor":13.0,"key":"Molten Egg 2"}],"event_choices":[{"damage_healed":0.0,"max_hp_gain":0.0,"max_hp_loss":0.0,"gold_gain":0.0,"event_name":"WeMeetAgain","player_choice":"Paid Gold","floor":2.0,"gold_loss":55.0,"damage_taken":0.0,"relics_obtained":["Blue Candle"]},{"damage_healed":0.0,"max_hp_gain":0.0,"max_hp_loss":0.0,"gold_gain":0.0,"event_name":"Scrap Ooze","player_choice":"Success","floor":10.0,"gold_loss":0.0,"damage_taken":35.0,"relics_obtained":["Akabeko"]},{"damage_healed":22.0,"max_hp_gain":0.0,"max_hp_loss":0.0,"gold_gain":0.0,"event_name":"Big Fish","player_choice":"Banana","floor":11.0,"gold_loss":0.0,"damage_taken":0.0},{"damage_healed":0.0,"max_hp_gain":0.0,"max_hp_loss":0.0,"gold_gain":275.0,"event_name":"Golden Shrine","player_choice":"Desecrate","floor":12.0,"gold_loss":0.0,"damage_taken":0.0,"cards_obtained":["Regret"]}],"is_beta":false,"boss_relics":[],"items_purged_floors":[],"is_endless":false,"potions_floor_spawned":[1,3,13],"killed_by":"Hexaghost","ascension_level":20}}