{"host":"w9yruvs4bqht6bhw","time":1610494664,"event":{"mods":["BaseMod","Colored Powertips","Minty Spire (QoL Compilation)"],"gold_per_floor":[211,211,231,277,277,291,291,321,400,419,121,121,201,212,212,307,307,323,136,106,117,117,144,144,170,246,161,161,178,32,46,46,147,197,213,162,162,174,192,192,219,219,219,219,230,230,230,248,248,248,248],"floor_reached":50,"language":"ENG","playtime":1410,"items_purged":["Strike_R"],"score":798,"play_id":"883cec99-0a75-4929-a9d9-db2017655886","local_time":"20210112183744","is_ascension_mode":true,"campfire_choices":[{"data":"Hemokinesis","floor":7,"key":"SMITH"},{"floor":15,"key":"REST"},{"data":"1","floor":24,"key":"LIFT"},{"data":"2","floor":28,"key":"LIFT"},{"floor":32,"key":"REST"},{"data":"3","floor":40,"key":"LIFT"},{"floor":44,"key":"REST"},{"data":"Heavy Blade","floor":47,"key":"SMITH"},{"floor":49,"key":"REST"}],"circlet_count":0,"master_deck":["Strike_R","Strike_R","Strike_R","Strike_R","Defend_R","Defend_R","Defend_R","Defend_R","Bash+1","Rampage+1","Headbutt","Hemokinesis+1","Rampage","Reaper","Pommel Strike+1","Dramatic Entrance","Anger+1","Anger+1","Writhe","Exhume","Heavy Blade+1","Pummel+1","Madness","Madness"],"relics":["Burning Blood","Toy Ornithopter","Du-Vu Doll","Kunai","Meat on the Bone","White Beast Statue","SacredBark","Girya","Ancient Tea Set","Paper Frog","Singing Bowl","FossilizedHelix","Tiny House","Ice Cream","Sundial"],"acts_visited":["Exordium","TheCity","TheBeyond"],"potions_floor_usage":[11,16,16,18,21,21,23,25,25,29,33,33,33,35,38,38,39,39,50,50],"damage_taken":[{"damage":19,"enemies":"Jaw Worm","floor":1,"turns":5},{"damage":6,"enemies":"Cultist","floor":3,"turns":3},{"damage":0,"enemies":"2 Louse","floor":6,"turns":2},{"damage":28,"enemies":"Gremlin Nob","floor":8,"turns":4},{"damage":15,"enemies":"Blue Slaver","floor":10,"turns":2},{"damage":8,"enemies":"2 Fungi Beasts","floor":14,"turns":2},{"damage":58,"enemies":"The Guardian","floor":16,"turns":10},{"damage":9,"enemies":"Chosen","floor":18,"turns":4},{"damage":31,"enemies":"Shell Parasite","floor":21,"turns":4},{"damage":79,"enemies":"Book of Stabbing","floor":23,"turns":5},{"damage":22,"enemies":"Gremlin Leader","floor":25,"turns":5},{"damage":16,"enemies":"Snake Plant","floor":29,"turns":3},{"damage":13,"enemies":"Cultist and Chosen","floor":31,"turns":4},{"damage":122,"enemies":"Automaton","floor":33,"turns":10},{"damage":0,"enemies":"Orb Walker","floor":35,"turns":2},{"damage":0,"enemies":"3 Darklings","floor":38,"turns":1},{"damage":6,"enemies":"Writhing Mass","floor":39,"turns":3},{"damage":61,"enemies":"Nemesis","floor":41,"turns":6},{"damage":31,"enemies":"4 Shapes","floor":45,"turns":4},{"damage":53,"enemies":"Spire Growth","floor":48,"turns":4},{"damage":118,"enemies":"Time Eater","floor":50,"turns":8}],"seed_played":"-2544491733580083076","potions_obtained":[{"floor":1,"key":"ColorlessPotion"},{"floor":14,"key":"BlessingOfTheForge"},{"floor":16,"key":"LiquidBronze"},{"floor":18,"key":"SkillPotion"},{"floor":20,"key":"Ancient Potion"},{"floor":21,"key":"SteroidPotion"},{"floor":23,"key":"Energy Potion"},{"floor":25,"key":"Energy Potion"},{"floor":29,"key":"BlessingOfTheForge"},{"floor":33,"key":"SteroidPotion"},{"floor":34,"key":"Energy Potion"},{"floor":35,"key":"Explosive Potion"},{"floor":38,"key":"SkillPotion"},{"floor":39,"key":"SpeedPotion"},{"floor":41,"key":"Weak Potion"},{"floor":45,"key":"SteroidPotion"}],"is_trial":false,"path_per_floor":["M","?","M","T","?","M","R","E","T","M","$","?","T","M","R","B",null,"M","$","?","M","?","E","R","E","T","?","R","M","$","M","R","B",null,"M","$","?","M","M","R","E","?","T","R","M","?","R","M","R","B"],"character_chosen":"IRONCLAD","items_purchased":["Rampage","Fruit Juice","Explosive Potion","Dramatic Entrance","Anger","BloodPotion","AttackPotion","BloodPotion","Energy Potion","Explosive Potion"],"campfire_rested":4,"item_purchase_floors":[11,11,11,19,19,19,30,30,30,36],"current_hp_per_floor":[59,59,59,59,59,65,65,43,43,34,44,37,37,47,72,42,74,76,76,76,85,85,29,29,47,47,47,47,52,52,59,85,27,80,93,93,93,100,100,100,59,61,61,92,93,80,80,47,79,0,0],"gold":248,"neow_bonus":"HUNDRED_GOLD","is_daily":false,"chose_seed":false,"campfire_upgraded":2,"win_rate":0.0,"timestamp":1610494664,"path_taken":["M","?","?","?","?","M","R","E","T","?","$","?","?","M","R","BOSS","M","$","?","?","?","E","R","E","T","?","R","M","$","M","R","BOSS","M","$","?","M","M","R","E","?","T","R","M","?","R","M","R","BOSS"],"items_purchased_type":["Card","Potion","Potion","Card","Card","Potion","Potion","Potion","Potion","Potion"],"build_version":"2020-12-22","purchased_purges":1,"victory":false,"max_hp_per_floor":[80,80,80,80,80,80,80,80,80,80,85,85,85,85,85,85,85,85,85,85,85,85,85,85,85,85,85,85,87,87,89,89,91,96,98,98,98,100,100,100,102,104,104,104,106,106,106,108,108,108,108],"card_choices":[{"not_picked":["Pommel Strike","Clothesline"],"picked":"Rampage","floor":1},{"not_picked":["Iron Wave","Clothesline"],"picked":"Headbutt","floor":3},{"not_picked":["Clash","Iron Wave"],"picked":"Hemokinesis","floor":6},{"not_picked":["Sever Soul","Clothesline","Fire Breathing"],"picked":"SKIP","floor":8},{"not_picked":["Metallicize","Searing Blow","Heavy Blade"],"picked":"SKIP","floor":10},{"not_picked":["Bloodletting","Twin Strike","Clothesline"],"picked":"SKIP","floor":14},{"not_picked":["Fiend Fire","Demon Form"],"picked":"Reaper","floor":16},{"not_picked":["Flex","Clash+1"],"picked":"Pommel Strike+1","floor":18},{"not_picked":["True Grit","Pommel Strike+1"],"picked":"Anger+1","floor":21},{"not_picked":["Cleave","Reckless Charge","Clash"],"picked":"SKIP","floor":23},{"not_picked":["Combust","Thunderclap"],"picked":"Exhume","floor":25},{"not_picked":["Sword Boomerang","Sever Soul","Armaments"],"picked":"Singing Bowl","floor":29},{"not_picked":["Fire Breathing","Ghostly Armor+1","True Grit"],"picked":"Singing Bowl","floor":31},{"not_picked":["Juggernaut","Berserk","Demon Form"],"picked":"Singing Bowl","floor":33},{"not_picked":["Sever Soul","Infernal Blade+1"],"picked":"Heavy Blade","floor":34},{"not_picked":["Dual Wield+1","Cleave+1","True Grit+1"],"picked":"Singing Bowl","floor":35},{"not_picked":["Twin Strike","Warcry","Reckless Charge+1"],"picked":"Singing Bowl","floor":38},{"not_picked":["Twin Strike","Dropkick+1"],"picked":"Pummel+1","floor":39},{"not_picked":["Blood for Blood+1","Iron Wave","Exhume"],"picked":"Singing Bowl","floor":41},{"not_picked":["Mayhem","HandOfGreed","Secret Weapon"],"picked":"Singing Bowl","floor":42},{"not_picked":["Anger","Armaments","Carnage"],"picked":"Singing Bowl","floor":45},{"not_picked":["Dropkick","Dual Wield","Clothesline"],"picked":"Singing Bowl","floor":48}],"player_experience":391823,"relics_obtained":[{"floor":4,"key":"Toy Ornithopter"},{"floor":8,"key":"Du-Vu Doll"},{"floor":9,"key":"Kunai"},{"floor":13,"key":"White Beast Statue"},{"floor":23,"key":"Ancient Tea Set"},{"floor":25,"key":"Paper Frog"},{"floor":26,"key":"Singing Bowl"},{"floor":41,"key":"Ice Cream"},{"floor":43,"key":"Sundial"}],"event_choices":[{"damage_healed":0,"gold_gain":0,"player_choice":"Forge","damage_taken":0,"max_hp_gain":0,"max_hp_loss":0,"event_name":"Accursed Blacksmith","floor":2,"gold_loss":0,"cards_upgraded":["Rampage"]},{"damage_healed":0,"gold_gain":0,"player_choice":"Upgraded","damage_taken":0,"max_hp_gain":0,"max_hp_loss":0,"event_name":"Upgrade Shrine","floor":5,"gold_loss":0,"cards_upgraded":["Bash"]},{"damage_healed":0,"gold_gain":0,"player_choice":"Success","damage_taken":7,"relics_obtained":["Meat on the Bone"],"max_hp_gain":0,"max_hp_loss":0,"event_name":"Scrap Ooze","floor":12,"gold_loss":0},{"damage_healed":0,"gold_gain":0,"player_choice":"Bought 2 Potions","damage_taken":0,"max_hp_gain":0,"max_hp_loss":0,"event_name":"The Woman in Blue","floor":20,"gold_loss":0},{"damage_healed":0,"gold_gain":0,"player_choice":"Opened","damage_taken":0,"relics_obtained":["Girya"],"max_hp_gain":0,"max_hp_loss":0,"event_name":"The Mausoleum","floor":22,"gold_loss":0,"cards_obtained":["Writhe"]},{"damage_healed":0,"gold_gain":0,"player_choice":"Obtained Relic","damage_taken":0,"relics_obtained":["FossilizedHelix"],"max_hp_gain":0,"max_hp_loss":0,"event_name":"Addict","floor":27,"gold_loss":85},{"damage_healed":0,"gold_gain":0,"player_choice":"Ignored","damage_taken":0,"max_hp_gain":0,"max_hp_loss":0,"event_name":"Mysterious Sphere","floor":37,"gold_loss":0},{"damage_healed":0,"gold_gain":0,"player_choice":"Memory 1","damage_taken":0,"max_hp_gain":0,"max_hp_loss":0,"event_name":"SensoryStone","floor":42,"gold_loss":0},{"damage_healed":0,"gold_gain":0,"player_choice":"Embrace Madness","damage_taken":13,"max_hp_gain":0,"max_hp_loss":0,"event_name":"Winding Halls","floor":46,"gold_loss":0,"cards_obtained":["Madness","Madness"]}],"is_beta":false,"boss_relics":[{"not_picked":["Sozu","Philosopher\u0027s Stone"],"picked":"SacredBark"},{"not_picked":["Runic Cube","Runic Dome"],"picked":"Tiny House"}],"items_purged_floors":[11],"is_endless":false,"potions_floor_spawned":[1,14,16,18,21,23,25,29,31,33,35,38,39,41,45,48],"killed_by":"Time Eater","ascension_level":9}}