{"host":"t7mx8yfj1no5p62f","time":1610473819,"event":{"mods":["BaseMod","Bestiary","Colored Map","Colored Powertips","Minty Spire (QoL Compilation)","Relic Stats","StSLib"],"gold_per_floor":[114,130,130,144,19,50,66,66,66,77,96,129,129,157,157,235,235,252,252,265,57,73,73,107,107,107,119,119,149,64,75,75,152,152,162,177,127,2,19,53,53,85,160,160,187,237,247,279,279,279,279],"floor_reached":50,"playtime":1645,"items_purged":["Strike_G","Strike_G","Strike_G"],"score":1465,"play_id":"8e1e585a-9ea7-459d-b8dd-ec40bfee4c32","local_time":"20210112125019","is_ascension_mode":true,"campfire_choices":[{"data":"Blade Dance","floor":8.0,"key":"SMITH"},{"data":"Cloak And Dagger","floor":15.0,"key":"SMITH"},{"data":"Burst","floor":23.0,"key":"SMITH"},{"data":"Terror","floor":25.0,"key":"SMITH"},{"data":"Tools of the Trade","floor":28.0,"key":"SMITH"},{"data":"Phantasmal Killer","floor":32.0,"key":"SMITH"},{"data":"Acrobatics","floor":41.0,"key":"SMITH"},{"data":"Acrobatics","floor":44.0,"key":"SMITH"},{"floor":49,"key":"RECALL"}],"circlet_count":0,"master_deck":["AscendersBane","Strike_G","Defend_G","Defend_G","Defend_G","Defend_G","Defend_G","Survivor","Neutralize","Blade Dance+1","Cloak And Dagger","Acrobatics+1","Finisher","Dash","Cloak And Dagger+1","Phantasmal Killer+1","Backstab","Tools of the Trade+1","Backflip","PiercingWail","Backflip","Burst+1","Terror+1","Venomology+1","Adrenaline","Accuracy+1","Acrobatics+1","Calculated Gamble+1","Infinite Blades","Backflip+1","Backflip+1","PiercingWail+1"],"relics":["WristBlade","Letter Opener","Pear","Juzu Bracelet","Bag of Marbles","Coffee Dripper","Toy Ornithopter","Bronze Scales","Ancient Tea Set","Runic Dome","Smiling Mask","The Courier","Toxic Egg 2","Turnip","Happy Flower"],"acts_visited":["Exordium","TheCity","TheBeyond"],"potions_floor_usage":[48,50],"damage_taken":[{"damage":9.0,"enemies":"Jaw Worm","floor":1.0,"turns":5.0},{"damage":1.0,"enemies":"Cultist","floor":2.0,"turns":3.0},{"damage":0.0,"enemies":"2 Louse","floor":4.0,"turns":3.0},{"damage":3.0,"enemies":"Gremlin Nob","floor":6.0,"turns":3.0},{"damage":0.0,"enemies":"Looter","floor":7.0,"turns":2.0},{"damage":0.0,"enemies":"Red Slaver","floor":10.0,"turns":3.0},{"damage":6.0,"enemies":"Lots of Slimes","floor":11.0,"turns":2.0},{"damage":4.0,"enemies":"Lagavulin","floor":12.0,"turns":4.0},{"damage":0.0,"enemies":"3 Sentries","floor":14.0,"turns":4.0},{"damage":25.0,"enemies":"Hexaghost","floor":16.0,"turns":4.0},{"damage":14.0,"enemies":"Chosen","floor":18.0,"turns":4.0},{"damage":0.0,"enemies":"3 Byrds","floor":20.0,"turns":4.0},{"damage":0.0,"enemies":"Cultist and Chosen","floor":22.0,"turns":2.0},{"damage":2.0,"enemies":"Slavers","floor":24.0,"turns":3.0},{"damage":5.0,"enemies":"3 Cultists","floor":27.0,"turns":3.0},{"damage":0.0,"enemies":"Gremlin Leader","floor":29.0,"turns":5.0},{"damage":10.0,"enemies":"Snecko","floor":31.0,"turns":4.0},{"damage":2.0,"enemies":"Collector","floor":33.0,"turns":3.0},{"damage":0.0,"enemies":"3 Shapes","floor":35.0,"turns":3.0},{"damage":45.0,"enemies":"3 Darklings","floor":36.0,"turns":3.0},{"damage":0.0,"enemies":"Writhing Mass","floor":39.0,"turns":3.0},{"damage":22.0,"enemies":"Reptomancer","floor":40.0,"turns":4.0},{"damage":7.0,"enemies":"Giant Head","floor":42.0,"turns":4.0},{"damage":0.0,"enemies":"Reptomancer","floor":45.0,"turns":3.0},{"damage":15.0,"enemies":"4 Shapes","floor":47.0,"turns":3.0},{"damage":0,"enemies":"Nemesis","floor":48,"turns":1},{"damage":31,"enemies":"Donu and Deca","floor":50,"turns":5}],"seed_played":"-4855164176977309076","potions_obtained":[{"floor":1.0,"key":"DistilledChaos"},{"floor":4.0,"key":"Strength Potion"},{"floor":7.0,"key":"LiquidMemories"},{"floor":20.0,"key":"PowerPotion"},{"floor":31.0,"key":"Fire Potion"},{"floor":39.0,"key":"SneckoOil"},{"floor":40.0,"key":"Regen Potion"}],"is_trial":false,"path_per_floor":["M","M","?","M","$","E","M","R","T","M","M","E","?","E","R","B",null,"M","?","M","$","M","R","E","R","T","M","R","E","?","M","R","B",null,"M","M","?","$","M","E","R","E","T","R","E","?","M","E","R","B"],"character_chosen":"THE_SILENT","items_purchased":["Acrobatics","PiercingWail","Backflip"],"campfire_rested":0,"item_purchase_floors":[5,21,21],"current_hp_per_floor":[50,49,49,49,49,46,46,46,56,56,50,46,76,76,76,51,70,56,50,50,50,50,50,48,48,48,43,43,48,48,38,38,41,67,72,32,32,32,37,20,20,30,30,30,30,30,20,25,25,0,0],"gold":279,"neow_bonus":"BOSS_RELIC","is_daily":false,"chose_seed":false,"campfire_upgraded":8,"win_rate":0.0,"timestamp":1610473819,"path_taken":["M","M","?","M","$","E","M","R","T","?","M","E","?","E","R","BOSS","M","?","M","?","M","R","E","R","T","M","R","E","?","M","R","BOSS","M","M","?","$","M","E","R","E","T","R","E","?","M","E","R","BOSS"],"items_purchased_type":["Card","Card","Card"],"build_version":"2020-12-22","purchased_purges":3,"victory":false,"max_hp_per_floor":[66,66,66,66,66,66,66,66,76,76,76,76,76,76,76,76,76,76,76,76,76,76,76,76,76,76,76,76,76,76,76,76,76,76,76,76,76,76,76,76,76,76,76,76,76,76,76,76,76,76,76],"relic_stats":{"Happy Flower":[1],"counters":[27,90],"Bronze Scales":[75],"Turnip":[0],"Juzu Bracelet":2,"Letter Opener":[511],"Smiling Mask":0,"obtain_stats":[{"Pear":9,"Happy Flower":48,"The Courier":42,"Juzu Bracelet":12,"Letter Opener":6,"Ancient Tea Set":30,"Smiling Mask":40,"Runic Dome":34,"WristBlade":0,"Bronze Scales":29,"Turnip":45,"Bag of Marbles":14,"Coffee Dripper":17,"Toxic Egg 2":43,"Toy Ornithopter":24,"Ring of the Snake":0},{"Pear":5,"Happy Flower":26,"The Courier":23,"Juzu Bracelet":8,"Letter Opener":4,"Ancient Tea Set":16,"Smiling Mask":22,"Runic Dome":18,"WristBlade":0,"Bronze Scales":16,"Turnip":24,"Bag of Marbles":9,"Coffee Dripper":10,"Toxic Egg 2":23,"Toy Ornithopter":14,"Ring of the Snake":0},{"Pear":16,"Happy Flower":85,"The Courier":78,"Juzu Bracelet":25,"Letter Opener":14,"Ancient Tea Set":54,"Smiling Mask":74,"Runic Dome":61,"WristBlade":0,"Bronze Scales":54,"Turnip":81,"Bag of Marbles":29,"Coffee Dripper":33,"Toxic Egg 2":78,"Toy Ornithopter":46,"Ring of the Snake":0}],"Toy Ornithopter":50},"card_choices":[{"not_picked":["Heel Hook","Slice"],"picked":"Blade Dance","floor":1.0},{"not_picked":["Concentrate","Quick Slash"],"picked":"Cloak And Dagger","floor":2.0},{"not_picked":["Poisoned Stab","Deadly Poison"],"picked":"All Out Attack","floor":4.0},{"not_picked":["Deadly Poison","Eviscerate"],"picked":"Finisher","floor":6.0},{"not_picked":["Sucker Punch","Catalyst","Underhanded Strike"],"picked":"SKIP","floor":7.0},{"not_picked":["Bane","Quick Slash"],"picked":"Dash","floor":10.0},{"not_picked":["Poisoned Stab","Acrobatics"],"picked":"Cloak And Dagger","floor":11.0},{"not_picked":["Heel Hook","Outmaneuver"],"picked":"Phantasmal Killer","floor":12.0},{"not_picked":["Deflect","Night Terror"],"picked":"Backstab","floor":14.0},{"not_picked":["Storm of Steel","Venomology"],"picked":"Tools of the Trade","floor":16.0},{"not_picked":["Noxious Fumes","Bane+1"],"picked":"Backflip","floor":18.0},{"not_picked":["Underhanded Strike","Bane","Flying Knee"],"picked":"SKIP","floor":20.0},{"not_picked":["Quick Slash","Cloak And Dagger"],"picked":"Burst","floor":22.0},{"not_picked":["Bouncing Flask","Distraction"],"picked":"Terror","floor":24.0},{"not_picked":["Choke","Sucker Punch","Flying Knee"],"picked":"SKIP","floor":27.0},{"not_picked":["Distraction","Deflect"],"picked":"Venomology","floor":29.0},{"not_picked":["Concentrate","Prepared","Noxious Fumes"],"picked":"SKIP","floor":31.0},{"not_picked":["Storm of Steel","A Thousand Cuts"],"picked":"Adrenaline","floor":33.0},{"not_picked":["Caltrops","Deflect+1","Slice"],"picked":"SKIP","floor":35.0},{"not_picked":["Flying Knee+1","PiercingWail"],"picked":"Accuracy+1","floor":36.0},{"not_picked":["Deflect+1","Slice"],"picked":"Acrobatics","floor":39.0},{"not_picked":["Malaise","Acrobatics"],"picked":"Calculated Gamble+1","floor":40.0},{"not_picked":["Dash","Quick Slash"],"picked":"Infinite Blades","floor":42.0},{"not_picked":["Footwork","Infinite Blades"],"picked":"Backflip+1","floor":45.0},{"not_picked":["Outmaneuver+1","Dagger Spray"],"picked":"Backflip+1","floor":47.0},{"not_picked":["Dash","Prepared+1"],"picked":"PiercingWail+1","floor":48}],"player_experience":1741084,"relics_obtained":[{"floor":6.0,"key":"Letter Opener"},{"floor":9.0,"key":"Pear"},{"floor":12.0,"key":"Juzu Bracelet"},{"floor":14.0,"key":"Bag of Marbles"},{"floor":24.0,"key":"Toy Ornithopter"},{"floor":29.0,"key":"Bronze Scales"},{"floor":40.0,"key":"Smiling Mask"},{"floor":42.0,"key":"The Courier"},{"floor":43.0,"key":"Toxic Egg 2"},{"floor":45.0,"key":"Turnip"},{"floor":48,"key":"Happy Flower"}],"event_choices":[{"cards_removed":["Strike_G"],"damage_healed":0.0,"max_hp_gain":0.0,"max_hp_loss":0.0,"gold_gain":0.0,"event_name":"Purifier","player_choice":"Purged","floor":3.0,"gold_loss":0.0,"damage_taken":0.0},{"cards_removed":["All Out Attack"],"damage_healed":30.0,"max_hp_gain":0.0,"max_hp_loss":0.0,"gold_gain":0.0,"event_name":"Bonfire Elementals","player_choice":"Offered Uncommon","floor":13.0,"gold_loss":0.0,"damage_taken":0.0},{"damage_healed":0.0,"max_hp_gain":0.0,"max_hp_loss":0.0,"gold_gain":0.0,"event_name":"Knowing Skull","player_choice":"","floor":19.0,"potions_obtained":[],"gold_loss":0.0,"damage_taken":6.0,"cards_obtained":[]},{"damage_healed":0.0,"max_hp_gain":0.0,"max_hp_loss":0.0,"gold_gain":0.0,"event_name":"Addict","player_choice":"Obtained Relic","floor":30.0,"gold_loss":85.0,"damage_taken":0.0,"relics_obtained":["Ancient Tea Set"]},{"damage_healed":0.0,"max_hp_gain":0.0,"max_hp_loss":0.0,"gold_gain":0.0,"event_name":"Designer","player_choice":"Upgrade","floor":37.0,"gold_loss":50.0,"damage_taken":0.0,"cards_upgraded":["Venomology"]},{"damage_healed":0.0,"max_hp_gain":0.0,"max_hp_loss":0.0,"gold_gain":50.0,"event_name":"Golden Shrine","player_choice":"Pray","floor":46.0,"gold_loss":0.0,"damage_taken":0.0}],"is_beta":false,"boss_relics":[{"not_picked":["Ectoplasm","Empty Cage"],"picked":"Coffee Dripper"},{"not_picked":["Velvet Choker","Calling Bell"],"picked":"Runic Dome"}],"items_purged_floors":[5,21,38],"is_endless":false,"potions_floor_spawned":[1,4,7,11,20,22,31,39,40,45],"killed_by":"Donu and Deca","ascension_level":20}}