{"host":"fjaupvxe7fzqrf4j","time":1610450496,"event":{"mods":["ATMod(°¢èªMod)","BaseMod","Minty Spire (QoL Compilation)","StSLib"],"gold_per_floor":[118,43,43,57,69,95,120,145,145,173,173,206,206,234,234,308,308,319,319,47,63,79,111,140,170,170,205,240,274,307,354,354,426,426,441,148,163,177,188,219,252,279,279,305,137,167,167,196,196,196,196,196,196,43,73,73],"floor_reached":57,"playtime":1301,"items_purged":["SignatureMove","Halt","BowlingBash+1"],"score":4720,"play_id":"e52cacbe-a666-4f17-ab6f-549b802fbb60","local_time":"20210112192136","daily_mods":["SealedDeck","Heirloom","Time Dilation","Flight","Elite Swarm"],"is_ascension_mode":true,"campfire_choices":[{"data":"Ragnarok","floor":13.0,"key":"SMITH"},{"data":"1","floor":15.0,"key":"LIFT"},{"data":"2","floor":32.0,"key":"LIFT"},{"data":"3","floor":47,"key":"LIFT"},{"floor":49,"key":"RECALL"},{"floor":53,"key":"REST"}],"circlet_count":0,"master_deck":["AscendersBane","FollowUp+1","EmptyFist+1","Wallop+1","FlurryOfBlows+1","Consecrate+1","Crescendo+1","Indignation+1","AT_OneInchPunch+1","LessonLearned+1","Ragnarok+1","Scrawl+1","Brilliance+1","CurseOfTheBell","DeusExMachina+1","Scrawl+1","ClearTheMind+1","AT_ChampionStep+1","FearNoEvil+1","InnerPeace+1","EmptyMind+1","AT_ChampionStep+1","TalkToTheHand+1","AT_ChampionStep+1"],"relics":["PureWater","AT_ATBox","FossilizedHelix","Tiny Chest","CaptainsWheel","Ice Cream","Mango","Mercury Hourglass","AT_SilvercatRing","Girya","Calling Bell","Anchor","Matryoshka","GoldenEye","Akabeko","Eternal Feather","Vajra","MealTicket","CloakClasp","Boot","Prayer Wheel","Pocketwatch","AT_Kusabimaru","Du-Vu Doll","Strawberry","Bag of Marbles","Philosopher\u0027s Stone","Bag of Preparation","Whetstone","Juzu Bracelet","Pantograph","Frozen Egg 2","Orrery","CeramicFish","Pear"],"acts_visited":["Exordium","TheCity","TheBeyond","TheEnding"],"potions_floor_usage":[56],"damage_taken":[{"damage":0.0,"enemies":"2 Louse","floor":1.0,"turns":2.0},{"damage":0.0,"enemies":"Cultist","floor":4.0,"turns":1.0},{"damage":0.0,"enemies":"Jaw Worm","floor":5.0,"turns":2.0},{"damage":0.0,"enemies":"3 Sentries","floor":6.0,"turns":2.0},{"damage":0.0,"enemies":"Lagavulin","floor":7.0,"turns":3.0},{"damage":0.0,"enemies":"Gremlin Nob","floor":8.0,"turns":3.0},{"damage":0.0,"enemies":"Lagavulin","floor":10.0,"turns":3.0},{"damage":0.0,"enemies":"Gremlin Nob","floor":12.0,"turns":2.0},{"damage":0.0,"enemies":"Lagavulin","floor":14.0,"turns":3.0},{"damage":0.0,"enemies":"Hexaghost","floor":16.0,"turns":2.0},{"damage":0.0,"enemies":"Chosen","floor":18.0,"turns":4.0},{"damage":0.0,"enemies":"3 Byrds","floor":21.0,"turns":3.0},{"damage":0.0,"enemies":"Centurion and Healer","floor":22.0,"turns":1.0},{"damage":0.0,"enemies":"Book of Stabbing","floor":23.0,"turns":2.0},{"damage":0.0,"enemies":"Gremlin Leader","floor":24.0,"turns":1.0},{"damage":0.0,"enemies":"Slavers","floor":25.0,"turns":2.0},{"damage":0.0,"enemies":"Book of Stabbing","floor":27.0,"turns":3.0},{"damage":0.0,"enemies":"Gremlin Leader","floor":28.0,"turns":3.0},{"damage":0.0,"enemies":"Slavers","floor":29.0,"turns":1.0},{"damage":0.0,"enemies":"Book of Stabbing","floor":30.0,"turns":3.0},{"damage":0.0,"enemies":"Automaton","floor":33.0,"turns":2.0},{"damage":0.0,"enemies":"3 Shapes","floor":35.0,"turns":3.0},{"damage":0,"enemies":"Orb Walker","floor":37,"turns":1},{"damage":0,"enemies":"Jaw Worm Horde","floor":38,"turns":1},{"damage":0,"enemies":"Maw","floor":39,"turns":1},{"damage":0,"enemies":"Giant Head","floor":40,"turns":3},{"damage":0,"enemies":"Nemesis","floor":41,"turns":1},{"damage":0,"enemies":"Reptomancer","floor":42,"turns":1},{"damage":0,"enemies":"Nemesis","floor":44,"turns":1},{"damage":0,"enemies":"Reptomancer","floor":46,"turns":2},{"damage":0,"enemies":"Giant Head","floor":48,"turns":1},{"damage":0,"enemies":"Donu and Deca","floor":50,"turns":2},{"damage":0,"enemies":"Time Eater","floor":51,"turns":1},{"damage":0,"enemies":"Shield and Spear","floor":55,"turns":2},{"damage":78,"enemies":"The Heart","floor":56,"turns":5}],"seed_played":"-2283901979222525731","potions_obtained":[{"floor":4.0,"key":"StancePotion"},{"floor":5.0,"key":"BlessingOfTheForge"},{"floor":14.0,"key":"SteroidPotion"},{"floor":46,"key":"ColorlessPotion"},{"floor":55,"key":"Energy Potion"}],"is_trial":true,"path_per_floor":["M","$","?","M","M","E","E","E","T","E","?","E","R","E","R","B",null,"M","?","$","M","M","E","E","E","T","E","E","E","E","T","R","B",null,"M","$","M","M","M","E","E","E","T","E","$","E","R","E","R","B","B",null,"R","$","E","B",null],"character_chosen":"WATCHER","items_purchased":["Akabeko","Bag of Preparation","Orrery","TalkToTheHand","AT_ChampionStep+1"],"campfire_rested":1,"item_purchase_floors":[20,36,45,54,54],"current_hp_per_floor":[61,61,61,61,61,61,61,61,75,75,80,80,80,80,80,80,85,85,85,85,85,85,85,85,85,85,85,85,85,85,92,94,94,94,94,94,94,94,94,94,94,94,94,94,94,94,94,94,94,94,94,94,94,94,104,26],"gold":73,"neow_bonus":"","is_daily":false,"chose_seed":false,"campfire_upgraded":1,"win_rate":0.0,"timestamp":1610450496,"path_taken":["M","$","?","M","?","E","E","E","T","E","?","E","R","E","R","BOSS","M","?","$","M","?","E","E","E","T","E","E","E","E","?","R","BOSS","M","$","?","M","M","E","E","E","T","E","$","E","R","E","R","BOSS","BOSS","R","$","E","BOSS"],"items_purchased_type":["Relic","Relic","Relic","Card","Card"],"build_version":"2020-12-22","purchased_purges":3,"victory":true,"max_hp_per_floor":[68,68,68,68,68,68,68,68,82,82,87,87,87,87,87,87,87,87,87,87,87,87,87,87,87,87,87,87,87,87,94,94,94,94,94,94,94,94,94,94,94,94,94,94,94,94,94,94,94,94,94,94,94,94,104,104],"card_choices":[{"not_picked":["FlurryOfBlows","Evaluate","CutThroughFate"],"picked":"SKIP","floor":1.0},{"not_picked":["AT_OneInchPunch","FlyingSleeves","CrushJoints"],"picked":"SKIP","floor":4.0},{"not_picked":["LikeWater","CrushJoints","FlurryOfBlows"],"picked":"SKIP","floor":5.0},{"not_picked":["Vault","AT_MachinaRedman"],"picked":"LessonLearned","floor":6.0},{"not_picked":["MasterReality","SpiritShield"],"picked":"Ragnarok","floor":7.0},{"not_picked":["LessonLearned","SpiritShield","Judgement"],"picked":"SKIP","floor":8.0},{"not_picked":["AT_IrregularMenstruation","SpiritShield"],"picked":"Scrawl","floor":10.0},{"not_picked":["AT_RealColorLess","AT_ChampionKick"],"picked":"Brilliance","floor":12.0},{"not_picked":["Devotion","DevaForm","SpiritShield"],"picked":"SKIP","floor":14.0},{"not_picked":["SashWhip","Fasting2","AT_SoftenMuscles"],"picked":"SKIP","floor":18.0},{"not_picked":["FollowUp","MentalFortress","AT_RealFormLess"],"picked":"SKIP","floor":21.0},{"not_picked":["FlurryOfBlows","EmptyFist+1","ThirdEye"],"picked":"SKIP","floor":22.0},{"not_picked":["Ragnarok","AT_MachinaRedman","Judgement"],"picked":"SKIP","floor":23.0},{"not_picked":["Judgement","MasterReality","Blasphemy"],"picked":"SKIP","floor":24.0},{"not_picked":["AT_IrregularMenstruation","Brilliance"],"picked":"DeusExMachina","floor":25.0},{"not_picked":["LessonLearned","Brilliance"],"picked":"Scrawl","floor":27.0},{"not_picked":["AT_IrregularMenstruation","Scrawl","Vault"],"picked":"SKIP","floor":28.0},{"not_picked":["Devotion","SpiritShield","ConjureBlade"],"picked":"SKIP","floor":29.0},{"not_picked":["Devotion","Alpha","LessonLearned"],"picked":"SKIP","floor":30.0},{"not_picked":["ReachHeaven","AT_SoftenMuscles","Crescendo"],"picked":"SKIP","floor":35},{"not_picked":["FollowUp","Conclude+1","ClearTheMind"],"picked":"SKIP","floor":35},{"not_picked":["FollowUp","Conclude+1"],"picked":"ClearTheMind","floor":35},{"not_picked":["ReachHeaven","AT_SoftenMuscles","Crescendo"],"picked":"SKIP","floor":35},{"not_picked":["Evaluate","Wallop","Prostrate+1"],"picked":"SKIP","floor":37},{"not_picked":["PathToVictory","FollowUp","Consecrate"],"picked":"SKIP","floor":37},{"not_picked":["FlyingSleeves","Collect","AT_ChampionKick"],"picked":"SKIP","floor":38},{"not_picked":["Crescendo","Halt+1","Consecrate+1"],"picked":"SKIP","floor":38},{"not_picked":["CarveReality","BowlingBash"],"picked":"AT_ChampionStep","floor":39},{"not_picked":["Crescendo","FlyingSleeves","Vengeance"],"picked":"SKIP","floor":39},{"not_picked":["DeusExMachina","Wish","Devotion"],"picked":"SKIP","floor":40},{"not_picked":["Brilliance","Ragnarok","Vault"],"picked":"SKIP","floor":41},{"not_picked":["AT_RealColorLess","Establishment","Devotion"],"picked":"SKIP","floor":42},{"not_picked":["DeusExMachina","AT_ChampionKick","Brilliance"],"picked":"SKIP","floor":44},{"not_picked":["EmptyBody+1","DeceiveReality+1"],"picked":"FearNoEvil","floor":45},{"not_picked":["FearNoEvil+1","CrushJoints+1"],"picked":"InnerPeace+1","floor":45},{"not_picked":["EmptyBody+1","MasterReality+1"],"picked":"EmptyMind+1","floor":45},{"not_picked":["FollowUp","CrushJoints"],"picked":"AT_ChampionStep+1","floor":45},{"not_picked":["Establishment+1","Alpha","AT_MachinaRedman"],"picked":"SKIP","floor":46},{"not_picked":["AT_MachinaRedman","Wish","Judgement"],"picked":"SKIP","floor":48},{"not_picked":["Vault","AT_RealColorLess+1","MasterReality+1"],"picked":"SKIP","floor":55}],"player_experience":415879,"relics_obtained":[{"floor":6.0,"key":"Tiny Chest"},{"floor":7.0,"key":"CaptainsWheel"},{"floor":8.0,"key":"Ice Cream"},{"floor":9.0,"key":"Mango"},{"floor":10.0,"key":"Mercury Hourglass"},{"floor":12.0,"key":"AT_SilvercatRing"},{"floor":14.0,"key":"Girya"},{"floor":17.0,"key":"Anchor"},{"floor":17.0,"key":"Matryoshka"},{"floor":17.0,"key":"GoldenEye"},{"floor":23.0,"key":"Eternal Feather"},{"floor":24.0,"key":"Vajra"},{"floor":25.0,"key":"MealTicket"},{"floor":26.0,"key":"CloakClasp"},{"floor":26.0,"key":"Boot"},{"floor":27.0,"key":"Prayer Wheel"},{"floor":28.0,"key":"Pocketwatch"},{"floor":29.0,"key":"AT_Kusabimaru"},{"floor":30.0,"key":"Du-Vu Doll"},{"floor":31.0,"key":"Strawberry"},{"floor":31.0,"key":"Bag of Marbles"},{"floor":40,"key":"Whetstone"},{"floor":41,"key":"Juzu Bracelet"},{"floor":42,"key":"Pantograph"},{"floor":44,"key":"Frozen Egg 2"},{"floor":46,"key":"CeramicFish"},{"floor":55,"key":"Pear"}],"event_choices":[{"damage_healed":0.0,"max_hp_gain":0.0,"max_hp_loss":0.0,"gold_gain":0.0,"event_name":"Transmorgrifier","player_choice":"Ignored","floor":3.0,"gold_loss":0.0,"damage_taken":0.0},{"damage_healed":0.0,"max_hp_gain":5.0,"max_hp_loss":0.0,"gold_gain":0.0,"event_name":"Big Fish","player_choice":"Donut","floor":11.0,"gold_loss":0.0,"damage_taken":0.0},{"damage_healed":0.0,"max_hp_gain":0.0,"max_hp_loss":0.0,"gold_gain":0.0,"event_name":"Accursed Blacksmith","player_choice":"Forge","floor":19.0,"gold_loss":0.0,"damage_taken":0.0,"cards_upgraded":["Scrawl"]}],"is_beta":false,"boss_relics":[{"not_picked":["Tiny House","Snecko Eye"],"picked":"Calling Bell"},{"not_picked":["Velvet Choker","SlaversCollar"],"picked":"Philosopher\u0027s Stone"}],"items_purged_floors":[2,20,36],"is_endless":false,"potions_floor_spawned":[4,5,14,21,23,25,27,38,41,46,55],"ascension_level":20}}