{"host":"j3h0p3l2xgzxhnx7","time":1610465553,"event":{"mods":["BaseMod","Luminous","Marisa????????","Minty Spire (QoL Compilation)","Remilia??????","StSLib","The Bug Knight","The Cursed","The Servant 0.9.4"],"gold_per_floor":[118,136,136,148,168,197,162,162,231,231,259,278,278,304,304,405,405,418,433,446,460,471,471,505,533,598,610,610],"floor_reached":27,"playtime":1998,"items_purged":[],"score":296,"play_id":"cddcda87-e385-4873-8905-94b7ec486059","local_time":"20210112233233","is_ascension_mode":true,"campfire_choices":[{"data":"Eruption","floor":8,"key":"SMITH"},{"data":"ThirdEye","floor":15,"key":"SMITH"},{"floor":23,"key":"REST"}],"circlet_count":0,"master_deck":["Strike_P","Strike_P","Defend_P","Defend_P","Defend_P","Defend_P","Eruption+1","Vigilance","SashWhip","FlurryOfBlows","CutThroughFate","ThirdEye+1","CrushJoints","Scrawl","JustLucky","FlurryOfBlows","Consecrate","Devotion","Evaluate+1","DevaForm","Crescendo+1","Protect","DeceiveReality+1","WaveOfTheHand+1","Halt+1"],"relics":["SlaversCollar","Bird Faced Urn","InkBottle","Lantern","Unceasing Top","Question Card","Black Star","MawBank","HollowMod:QueensCombRelic","Boot"],"acts_visited":["Exordium","TheCity"],"potions_floor_usage":[11,16,16,21,22,24,27],"damage_taken":[{"damage":1,"enemies":"2 Louse","floor":1,"turns":4},{"damage":6,"enemies":"Jaw Worm","floor":2,"turns":3},{"damage":3,"enemies":"Small Slimes","floor":4,"turns":4},{"damage":0,"enemies":"Blue Slaver","floor":5,"turns":5},{"damage":12,"enemies":"HollowMod:MossKnight","floor":6,"turns":7},{"damage":3,"enemies":"Lagavulin","floor":11,"turns":8},{"damage":0,"enemies":"Looter","floor":12,"turns":3},{"damage":0,"enemies":"HollowMod:MossKnight","floor":14,"turns":4},{"damage":45,"enemies":"The Guardian","floor":16,"turns":15},{"damage":25,"enemies":"Shell Parasite","floor":18,"turns":6},{"damage":8,"enemies":"Chosen","floor":19,"turns":7},{"damage":7,"enemies":"Shelled Parasite and Fungi","floor":20,"turns":7},{"damage":30,"enemies":"Snake Plant","floor":21,"turns":6},{"damage":1,"enemies":"Cultist and Chosen","floor":22,"turns":5},{"damage":16,"enemies":"Book of Stabbing","floor":24,"turns":6},{"damage":6,"enemies":"Snecko","floor":25,"turns":7},{"damage":38,"enemies":"Slavers","floor":27,"turns":3}],"seed_played":"5145236663766301122","potions_obtained":[{"floor":5,"key":"Weak Potion"},{"floor":6,"key":"DistilledChaos"},{"floor":11,"key":"LiquidMemories"},{"floor":16,"key":"SkillPotion"},{"floor":18,"key":"StancePotion"},{"floor":20,"key":"Weak Potion"},{"floor":24,"key":"AttackPotion"}],"is_trial":false,"path_per_floor":["M","M","?","M","M","E","?","R","T","?","E","M","?","E","R","B",null,"M","M","M","M","M","R","E","M","T","E"],"character_chosen":"WATCHER","items_purchased":[],"campfire_rested":1,"item_purchase_floors":[],"current_hp_per_floor":[71,65,65,62,62,50,68,68,68,61,58,58,55,55,55,10,72,47,41,36,8,9,30,18,22,22,0,0],"gold":610,"neow_bonus":"BOSS_RELIC","is_daily":false,"chose_seed":false,"campfire_upgraded":2,"win_rate":0.0,"timestamp":1610465553,"path_taken":["M","M","?","M","M","E","?","R","T","?","E","M","?","E","R","BOSS","M","M","M","M","M","R","E","M","T","E"],"items_purchased_type":[],"build_version":"2020-12-22","purchased_purges":0,"victory":false,"max_hp_per_floor":[72,72,72,72,72,72,72,72,72,72,72,72,72,72,72,72,72,72,72,72,72,72,72,48,48,48,48,48],"card_choices":[{"not_picked":["FollowUp","Halt"],"picked":"SashWhip","floor":1},{"not_picked":["PathToVictory","Vault"],"picked":"FlurryOfBlows","floor":2},{"not_picked":["ClearTheMind","Adaptation"],"picked":"ThirdEye","floor":4},{"not_picked":["WreathOfFlame","SignatureMove"],"picked":"CrushJoints","floor":5},{"not_picked":["ThirdEye","SashWhip"],"picked":"Scrawl","floor":6},{"not_picked":["SashWhip","WaveOfTheHand"],"picked":"JustLucky","floor":11},{"not_picked":["Sanctity","Study"],"picked":"FlurryOfBlows","floor":12},{"not_picked":["Prostrate","ForeignInfluence"],"picked":"Consecrate","floor":14},{"not_picked":["Judgement","Establishment","ConjureBlade"],"picked":"Devotion","floor":16},{"not_picked":["CrushJoints","Protect+1","FlurryOfBlows+1"],"picked":"Evaluate+1","floor":18},{"not_picked":["Collect","Evaluate+1","PathToVictory"],"picked":"DevaForm","floor":19},{"not_picked":["Tantrum","SashWhip","Collect+1"],"picked":"Crescendo+1","floor":20},{"not_picked":["EmptyBody","BowlingBash","Worship"],"picked":"Protect","floor":21},{"not_picked":["Perseverance+1","EmptyFist+1","Vengeance"],"picked":"DeceiveReality+1","floor":22},{"not_picked":["ThirdEye","Collect","PathToVictory"],"picked":"WaveOfTheHand+1","floor":24},{"not_picked":["ThirdEye","EmptyBody+1","FollowUp"],"picked":"Halt+1","floor":25}],"player_experience":119467,"relics_obtained":[{"floor":6,"key":"Bird Faced Urn"},{"floor":9,"key":"InkBottle"},{"floor":11,"key":"Lantern"},{"floor":14,"key":"Question Card"},{"floor":24,"key":"MawBank"},{"floor":24,"key":"HollowMod:QueensCombRelic"},{"floor":26,"key":"Boot"}],"event_choices":[{"damage_healed":0,"gold_gain":0,"cards_transformed":["Strike_P"],"player_choice":"Change","damage_taken":0,"max_hp_gain":0,"max_hp_loss":0,"event_name":"Living Wall","floor":3,"gold_loss":0,"cards_obtained":["CutThroughFate"]},{"damage_healed":18,"gold_gain":0,"player_choice":"Healed","damage_taken":0,"max_hp_gain":0,"max_hp_loss":0,"event_name":"The Cleric","floor":7,"gold_loss":35},{"cards_removed":["Strike_P"],"damage_healed":0,"gold_gain":0,"player_choice":"Card Removal","damage_taken":7,"max_hp_gain":0,"max_hp_loss":0,"event_name":"Golden Wing","floor":10,"gold_loss":0},{"damage_healed":0,"gold_gain":0,"player_choice":"Success","damage_taken":3,"relics_obtained":["Unceasing Top"],"max_hp_gain":0,"max_hp_loss":0,"event_name":"Scrap Ooze","floor":13,"gold_loss":0}],"is_beta":false,"boss_relics":[{"not_picked":["Velvet Choker","Runic Pyramid"],"picked":"Black Star"}],"items_purged_floors":[],"is_endless":false,"potions_floor_spawned":[5,6,11,16,18,20,24],"killed_by":"Slavers","ascension_level":1}}