{"host":"zksvs3x2ysy9npnz","time":1610494277,"event":{"mods":["Aspiration","BaseMod","Beaked The Cultist","BetterRewards","Clockwork Mod","Colored Map","Conspire","Downfall","Duelist Mod","Ekko","Energized Spire","Fiend Mod","Halation","Highlight Path","Hubris","Hunter ??","Infinite Spire","Jedi Mod","JesterMod","Magitek Elite","Minty Spire (QoL Compilation)","Permanent Neow","Quick Restart","Relic Stats","Replay The Spire","Retaliation","Shade Mod","Shop Mod","StSLib","The Construct","The Poker Player","The Runesmith","The Witch","thorton"],"gold_per_floor":[99,117,117,127,37,137,137,137,157,187,206,236,249,266,280,378,378,303,319,319,338,358,79,79,4,4,18,18,18,18,3,3,34,51,154,154,79,79,79,95,105,147,147,147,46,66,66,85,85,117,134,134,134,134,134],"floor_reached":54,"playtime":4406,"items_purged":["hexamod:Strike","Looming Evil"],"score":911,"play_id":"bafe508a-72c7-4920-b6ae-fb09b3b20a6b","local_time":"20210113003117","is_ascension_mode":true,"campfire_choices":[{"floor":1.0,"key":"DIG"},{"data":"hexamod:FastForward","floor":8,"key":"SMITH"},{"data":"ReplayTheSpireMod:Tripwire","floor":18,"key":"SMITH"},{"floor":25,"key":"RECALL"},{"data":"hexamod:Rewind","floor":28,"key":"SMITH"},{"floor":32,"key":"REST"},{"data":"hexamod:ApocalypseNow","floor":37,"key":"SMITH"},{"data":"expansioncontent:CaCaw","floor":44,"key":"SMITH"},{"data":"Replay:SS_fish_2","floor":49,"key":"SMITH"}],"circlet_count":0,"master_deck":["hexamod:Strike","hexamod:Strike","hexamod:Defend","hexamod:Defend","hexamod:Defend","hexamod:Float","hexamod:FastForward+1","ReplayTheSpireMod:Tripwire+1","Deadly Poison","hexamod:TimeWarp","hexamod:GhostOfSpireFuture","hexamod:ShieldOfDarkness","hexamod:InspiringFlames","hexamod:Hexaguard","hexamod:ApocalypticArmor","hexamod:Hexaguard","hexamod:AdvancingGuard","hexamod:CrushingStance","hexamod:EmpoweredFlame+1","hexamod:GhostShield+1","hexamod:Rewind+1","hexamod:SkipABeat","Violence","Panacea","hexamod:Hexaguard","hexamod:GiftsFromTheDead","hexamod:RainOfEmbers","hexamod:ApocalypseNow+1","Replay:SS_fish_2+1","expansioncontent:YouAreMine","expansioncontent:CaCaw+1","hexamod:PowerFromBeyond","hexamod:ShieldOfDarkness+1","hexamod:GhostShield","jedi:forcepush","hexamod:GhostOfSpirePast","hexamod:ApocalypseNow","hexamod:GhostOfSpirePast","hexamod:CatchUp"],"relics":["hexamod:SpiritBrand","jedi:crownofsimplicity","Replay:Bottled Flurry","White Beast Statue","hubris:Metronome","Velvet Choker","downfall:HeartBlessingGreen","jedi:bottledfury","downfall:HeartBlessingBlue","aspiration:Stabinomicon","Cursed Key","downfall:HeartBlessingRed","Red Mask","downfall:RedIOUUpgrade","Regal Pillow","infinitespire:BottledMercury","jedi:angrymask","hubris:GlazedTorus"],"acts_visited":["Exordium","TheCity","TheBeyond","TheEnding"],"potions_floor_usage":[10,15,15,16,35,45,50,51,51],"damage_taken":[{"damage":0.0,"enemies":"2 Louse","floor":2.0,"turns":2.0},{"damage":2,"enemies":"Small Slimes","floor":4,"turns":3},{"damage":8,"enemies":"downfall:FleeingMerchant","floor":5,"turns":5},{"damage":4,"enemies":"downfall:LadyInBlue","floor":6,"turns":6},{"damage":0,"enemies":"Cultist","floor":9,"turns":3},{"damage":4,"enemies":"Lagavulin","floor":10,"turns":8},{"damage":0,"enemies":"3 Louse","floor":11,"turns":4},{"damage":0,"enemies":"Gremlin Nob","floor":12,"turns":3},{"damage":2,"enemies":"Blue Slaver","floor":13,"turns":4},{"damage":0,"enemies":"Exordium Thugs","floor":14,"turns":4},{"damage":0,"enemies":"Exordium Wildlife","floor":15,"turns":4},{"damage":3,"enemies":"downfall:Silent","floor":16,"turns":10},{"damage":0,"enemies":"Spheric Guardian","floor":19,"turns":4},{"damage":7,"enemies":"3 Byrds","floor":21,"turns":6},{"damage":0,"enemies":"Snecko","floor":22,"turns":5},{"damage":0,"enemies":"downfall:FleeingMerchant","floor":23,"turns":5},{"damage":19,"enemies":"Snake Plant","floor":27,"turns":5},{"damage":0,"enemies":"downfall:FleeingMerchant","floor":31,"turns":5},{"damage":3,"enemies":"Book of Stabbing","floor":33,"turns":7},{"damage":6,"enemies":"Centurion and Healer","floor":34,"turns":6},{"damage":0,"enemies":"downfall:Defect","floor":35,"turns":9},{"damage":8,"enemies":"Orb Walker","floor":40,"turns":3},{"damage":10,"enemies":"3 Shapes","floor":41,"turns":7},{"damage":8,"enemies":"conspire:MimicChest","floor":42,"turns":7},{"damage":0,"enemies":"downfall:FleeingMerchant","floor":45,"turns":3},{"damage":1,"enemies":"3 Darklings","floor":46,"turns":5},{"damage":9,"enemies":"4 Shapes","floor":48,"turns":5},{"damage":24,"enemies":"Giant Head","floor":50,"turns":10},{"damage":12,"enemies":"Transient","floor":51,"turns":5},{"damage":6,"enemies":"downfall:Ironclad","floor":52,"turns":7},{"damage":112,"enemies":"downfall:CharBossMerchant","floor":54,"turns":11}],"seed_played":"-7570874609544853535","potions_obtained":[{"floor":4,"key":"SkillPotion"},{"floor":6,"key":"LifebloodPotion"},{"floor":6,"key":"DistilledChaos"},{"floor":10,"key":"Block Potion"},{"floor":15,"key":"Swift Potion"},{"floor":16,"key":"DDmod:CleansePotion"},{"floor":19,"key":"Fire Potion"},{"floor":35,"key":"Milkshake"},{"floor":42,"key":"Block Potion"},{"floor":45,"key":"hexamod:InfernoChargePotion"},{"floor":50,"key":"Fire Potion"},{"floor":51,"key":"Elixir"}],"is_trial":false,"path_per_floor":["R_BF","M","?","M","$","?","T","R","M","E","M","E","M","M","M","B",null,"R","M","?","M","M","$","T","R","?","M","R","PTL","PTL","$","R","E","M","B",null,"R","?","?","M","M","?","T","R","$","M","?","M","R","E","M","B",null,"E"],"character_chosen":"THE_SPIRIT","items_purchased":["Violence","Panacea","jedi:angrymask","jedi:forcepush"],"campfire_rested":1,"item_purchase_floors":[23,23,45,45],"current_hp_per_floor":[70,70,70,68,60,56,56,56,56,52,52,52,50,50,50,47,70,70,70,70,63,63,63,63,73,73,54,54,54,54,54,78,75,69,69,80,80,70,70,70,68,68,68,68,68,67,67,66,66,56,58,66,80,0,0],"gold":134,"neow_bonus":"RANDOM_COMMON_RELIC","is_daily":false,"chose_seed":false,"campfire_upgraded":6,"win_rate":0.0,"timestamp":1610494277,"path_taken":["R_BF","M","?","M","$","?","T","R","M","E","M","E","?","M","M","BOSS","R","M","?","M","M","$","T","R","?","?","R","PTL","PTL","?","R","E","M","BOSS","R","?","?","?","M","?","T","R","$","M","?","M","R","E","M","BOSS","E"],"items_purchased_type":["Card","Card","Relic","Card"],"build_version":"2020-12-22","purchased_purges":2,"victory":false,"max_hp_per_floor":[70,70,70,70,70,70,70,70,70,70,70,70,70,70,70,70,70,70,70,70,70,70,70,70,80,80,80,80,80,80,80,80,80,80,80,80,80,80,80,80,80,80,80,80,80,80,80,80,80,80,80,80,80,80,80],"relic_stats":{"Regal Pillow":0,"counters":[31,171],"Cursed Key":1,"obtain_stats":[{"downfall:RedIOUUpgrade":39,"infinitespire:BottledMercury":43,"jedi:angrymask":45,"hubris:Metronome":7,"Regal Pillow":42,"downfall:HeartBlessingRed":37,"Velvet Choker":17,"downfall:HeartBlessingGreen":18,"aspiration:Stabinomicon":33,"jedi:crownofsimplicity":0,"jedi:bottledfury":20,"Cursed Key":36,"White Beast Statue":6,"conspire:TopHat":12,"downfall:HeartBlessingBlue":25,"downfall:RedIOU":26,"Replay:Bottled Flurry":1,"halation:PromiseList":10,"Red Mask":39,"hexamod:SpiritBrand":0,"hubris:GlazedTorus":50},{"downfall:RedIOUUpgrade":21,"infinitespire:BottledMercury":24,"jedi:angrymask":25,"hubris:Metronome":4,"Regal Pillow":24,"downfall:HeartBlessingRed":21,"Velvet Choker":12,"downfall:HeartBlessingGreen":12,"aspiration:Stabinomicon":19,"jedi:crownofsimplicity":0,"jedi:bottledfury":13,"Cursed Key":21,"White Beast Statue":4,"conspire:TopHat":8,"downfall:HeartBlessingBlue":16,"downfall:RedIOU":16,"Replay:Bottled Flurry":0,"halation:PromiseList":6,"Red Mask":21,"hexamod:SpiritBrand":0,"hubris:GlazedTorus":28},{"downfall:RedIOUUpgrade":108,"infinitespire:BottledMercury":125,"jedi:angrymask":128,"hubris:Metronome":16,"Regal Pillow":125,"downfall:HeartBlessingRed":108,"Velvet Choker":56,"downfall:HeartBlessingGreen":56,"aspiration:Stabinomicon":93,"jedi:crownofsimplicity":0,"jedi:bottledfury":60,"Cursed Key":108,"White Beast Statue":16,"conspire:TopHat":34,"downfall:HeartBlessingBlue":76,"downfall:RedIOU":76,"Replay:Bottled Flurry":0,"halation:PromiseList":27,"Red Mask":108,"hexamod:SpiritBrand":0,"hubris:GlazedTorus":148}]},"card_choices":[{"not_picked":["hexamod:RecurringNightmare","hexamod:GhostShield"],"picked":"hexamod:FastForward","floor":2.0},{"not_picked":["hexamod:GhostLash","hexamod:PhantomFireball","hexamod:RecurringNightmare"],"picked":"SKIP","floor":4},{"not_picked":["hexamod:SpectersWail","hexamod:PhantomFireball"],"picked":"hexamod:TimeWarp","floor":5},{"not_picked":["hexamod:EtherealExpedition","hexamod:Incineration"],"picked":"hexamod:GhostOfSpireFuture","floor":6},{"not_picked":["hexamod:Firestarter","hexamod:InspiringFlames"],"picked":"hexamod:ShieldOfDarkness","floor":9},{"not_picked":["hexamod:ExtraCrispy","hexamod:PhantomFireball"],"picked":"hexamod:InspiringFlames","floor":10},{"not_picked":["hexamod:SkipABeat","hexamod:Firestarter"],"picked":"hexamod:Hexaguard","floor":11},{"not_picked":["hexamod:FourthSeal","hexamod:SecondSeal"],"picked":"hexamod:ApocalypticArmor","floor":12},{"not_picked":["hexamod:NecessarySacrifice","hexamod:ExtraCrispy"],"picked":"hexamod:Hexaguard","floor":13},{"not_picked":["hexamod:HeatShield","hexamod:BurningTouch","hexamod:PhantomCloak"],"picked":"SKIP","floor":14},{"not_picked":["hexamod:InspiringFlames","hexamod:ChargedBarrage"],"picked":"hexamod:AdvancingGuard","floor":15},{"not_picked":["hexamod:GhostflameInferno","hexamod:WildfireWeapon"],"picked":"hexamod:CrushingStance","floor":16},{"not_picked":["hexamod:ThirdSeal","hexamod:InspiringFlames"],"picked":"hexamod:EmpoweredFlame+1","floor":19},{"not_picked":["hexamod:HauntingEcho","hexamod:SpectralSpark+1"],"picked":"hexamod:GhostShield+1","floor":21},{"not_picked":["hexamod:RainOfEmbers","hexamod:NightmareStrike"],"picked":"hexamod:Rewind","floor":22},{"not_picked":["hexamod:PhantomFireball","hexamod:GhostLash+1"],"picked":"hexamod:SkipABeat","floor":23},{"not_picked":["hexamod:RainOfEmbers+1","hexamod:SuperheatedStrike"],"picked":"hexamod:Hexaguard","floor":27},{"not_picked":["hexamod:InspiringFlames+1","hexamod:BacktrackSmack+1"],"picked":"hexamod:GiftsFromTheDead","floor":31},{"not_picked":["hexamod:UnleashSpirits","hexamod:AdvancingGuard"],"picked":"hexamod:RainOfEmbers","floor":33},{"not_picked":["hexamod:ThirdSeal","hexamod:HauntingEcho","hexamod:RadiantFlame"],"picked":"SKIP","floor":34},{"not_picked":["hexamod:UnleashSpirits","hexamod:SearingWound"],"picked":"hexamod:ApocalypseNow","floor":35},{"not_picked":["expansioncontent:Chronoboost","expansioncontent:ManipulateTime"],"picked":"Replay:SS_fish_2","floor":38},{"not_picked":["expansioncontent:Flail","expansioncontent:PrepareCrush"],"picked":"expansioncontent:YouAreMine","floor":38},{"not_picked":["Replay:SS_forest_6","Replay:SS_forest_5"],"picked":"expansioncontent:CaCaw","floor":38},{"not_picked":["hexamod:AdvancingGuard+1","hexamod:ChargedBarrage+1","hexamod:NightmareStrike+1"],"picked":"SKIP","floor":40},{"not_picked":["hexamod:StepThrough","hexamod:BurningTouch"],"picked":"hexamod:PowerFromBeyond","floor":41},{"not_picked":["hexamod:NightmareStrike+1","hexamod:FlamesFromBeyond+1"],"picked":"hexamod:ShieldOfDarkness+1","floor":42},{"not_picked":["hexamod:HeatCrush","hexamod:Toasty"],"picked":"hexamod:GhostShield","floor":45},{"not_picked":["hexamod:NightmareStrike","hexamod:Again+1"],"picked":"hexamod:GhostOfSpirePast","floor":46},{"not_picked":["hexamod:FlamesFromBeyond+1","hexamod:FourthSeal","hexamod:BurningTouch+1"],"picked":"SKIP","floor":48},{"not_picked":["hexamod:WildfireWeapon","hexamod:SpectralSpark"],"picked":"hexamod:GhostOfSpirePast","floor":50},{"not_picked":["hexamod:NightmareStrike","hexamod:GhostLash+1"],"picked":"hexamod:CatchUp","floor":51}],"player_experience":2500170,"relics_obtained":[{"floor":1.0,"key":"Replay:Bottled Flurry"},{"floor":6,"key":"White Beast Statue"},{"floor":7,"key":"hubris:Metronome"},{"floor":10,"key":"halation:PromiseList"},{"floor":12,"key":"conspire:TopHat"},{"floor":33,"key":"aspiration:Stabinomicon"},{"floor":42,"key":"Regal Pillow"},{"floor":43,"key":"infinitespire:BottledMercury"},{"floor":50,"key":"hubris:GlazedTorus"}],"event_choices":[],"is_beta":false,"boss_relics":[{"not_picked":["halation:LoveArrow","aspiration:RunicSpoon"],"picked":"Velvet Choker"},{"not_picked":["Snecko Heart","infinitespire:Cupcake"],"picked":"Cursed Key"}],"items_purged_floors":[5,45],"is_endless":false,"potions_floor_spawned":[4,9,10,11,12,13,14,15,16,19,21,22,23,27,31,33,34,35,40,41,42,45,46,48,50,51],"killed_by":"downfall:CharBossMerchant","ascension_level":3}}