{"host":"rklpmvb4pm0hdggz","time":1610477547,"event":{"mods":["Ascension Reborn","Aspiration","BaseMod","Better Altar","Better Skull","Better Third Choice","BetterRewards","Colored Map","Conspire","DeckTracker","Energized Spire","Googly Eyes","Gremlin\u0027s Dice","Halation","Hermit","Hubris","Infinite Spire","Melee Mod","Minty Spire (QoL Compilation)","Replay The Spire","Shop Mod","Spikes Relics","StSLib","The Blackbeard","The Exalted","The Hierophant","The Kombatant"],"gold_per_floor":[109,123,123,143,68,68,87,112,112,139,139,154,3,3,3,101,201,215,267,286,286,299,299,330,330,330,348,348,348,377,26,26,121,121,140,140,167,184,197,229,245,245,245,245,245,257,257,268,268,298],"floor_reached":51,"playtime":4702,"items_purged":["blackbeard:BlackbeardStrike","blackbeard:BlackbeardDefend"],"score":675,"play_id":"a999131f-be31-4f26-be52-458a5bcc2e53","local_time":"20210112105227","is_ascension_mode":true,"campfire_choices":[{"data":"blackbeard:ChaoticDefense","floor":6,"key":"SMITH"},{"data":"blackbeard:BeatUp","floor":11,"key":"SMITH"},{"floor":15,"key":"DIG"},{"data":"blackbeard:Fencing","floor":23,"key":"SMITH"},{"floor":28,"key":"REST"},{"floor":32,"key":"REST"},{"data":"Limit Break","floor":47,"key":"SMITH"},{"data":"blackbeard:BoostMorale","floor":49,"key":"SMITH"}],"circlet_count":0,"master_deck":["blackbeard:BlackbeardStrike","blackbeard:BlackbeardStrike","blackbeard:IntimidatingStrike","blackbeard:BlackbeardDefend","blackbeard:BlackbeardDefend","blackbeard:BlackbeardDefend","blackbeard:Cutlass","blackbeard:Spear","blackbeard:RemoveScurvy","blackbeard:ChaoticDefense+1","blackbeard:BeatUp+1","blackbeard:SwordDance","blackbeard:TacticalRetreat","blackbeard:Shrapnel","blackbeard:AgileStrike","blackbeard:DangerousBlow","blackbeard:FieryDefense+1","ReplayTheSpireMod:Splinters","blackbeard:Spear","blackbeard:BrownPants+1","infinitespire:Collect","blackbeard:Fencing+1","blackbeard:WeaponProficiency+1","CommonCold","blackbeard:Dagger+1","blackbeard:Toast","blackbeard:BoostMorale+1","blackbeard:GoldenStrike+1","ReplayTheSpireMod:Speed Training+1","Limit Break+1","blackbeard:Bandana+1"],"relics":["blackbeard:LoadTheCannons","NeowsBlessing","halation:PromiseList","Shovel","BicycleWheel","aspiration:Lifesprig","Bromod:ArcaneTempo","Replay:Wanted Poster","aspiration:HiddenCompartment","hubris:DisguiseKit","CaptainsWheel","infinitespire:Satchel","Shuriken","aspiration:SilentSkillbook","aspiration:ArtOfWarUpgrade","hubris:FunFungus","hubris:Spice"],"acts_visited":["Exordium","TheCity","TheBeyond"],"potions_floor_usage":[8,8,24,27,33,41,41,46],"damage_taken":[{"damage":0,"enemies":"Small Slimes","floor":1,"turns":1},{"damage":0,"enemies":"infinitespire:Voidling","floor":2,"turns":1},{"damage":0,"enemies":"Cultist","floor":4,"turns":1},{"damage":7,"enemies":"Large Slime","floor":7,"turns":4},{"damage":4,"enemies":"3 Sentries","floor":8,"turns":8},{"damage":21,"enemies":"Gremlin Nob","floor":10,"turns":5},{"damage":1,"enemies":"3 Louse","floor":12,"turns":3},{"damage":5,"enemies":"Slime Boss","floor":16,"turns":8},{"damage":4,"enemies":"Chosen","floor":18,"turns":4},{"damage":17,"enemies":"Spheric Guardian","floor":20,"turns":3},{"damage":5,"enemies":"conspire:HollyBat","floor":22,"turns":6},{"damage":2,"enemies":"Replay:Snechameleon","floor":24,"turns":4},{"damage":10,"enemies":"Chosen and Byrds","floor":27,"turns":4},{"damage":19,"enemies":"conspire:SneckoGhost","floor":30,"turns":6},{"damage":8,"enemies":"conspire:MysteriousRune","floor":33,"turns":7},{"damage":25,"enemies":"3 Darklings","floor":35,"turns":5},{"damage":26,"enemies":"Orb Walker","floor":38,"turns":3},{"damage":0,"enemies":"Maw","floor":39,"turns":5},{"damage":7,"enemies":"R_Hoarder","floor":40,"turns":6},{"damage":0,"enemies":"3 Darklings","floor":41,"turns":4},{"damage":20,"enemies":"4 Shapes","floor":46,"turns":6},{"damage":0,"enemies":"Sphere and 2 Shapes","floor":48,"turns":3},{"damage":31,"enemies":"Donu and Deca","floor":50,"turns":8}],"seed_played":"-3609437322777432974","potions_obtained":[{"floor":2,"key":"Dexterity Potion"},{"floor":4,"key":"SkillPotion"},{"floor":12,"key":"Weak Potion"},{"floor":19,"key":"Languid Potion"},{"floor":19,"key":"AttackPotion"},{"floor":20,"key":"DuplicationPotion"},{"floor":30,"key":"FearPotion"},{"floor":38,"key":"EssenceOfSteel"},{"floor":40,"key":"Regen Potion"},{"floor":41,"key":"Regen Potion"}],"is_trial":false,"path_per_floor":["M","M","?","M","$","R","M","E","T","E","R","M","$","?","R_BF","B",null,"M","?","M","AVR","M","R","E","?","T","M","R","?","E","$","R","B",null,"M","?","T","M","M","E","M","R","T","?","R","M","R","M","R","B",null],"character_chosen":"BLACKBEARD_CLASS","items_purchased":["aspiration:Lifesprig","Shuriken"],"campfire_rested":2,"item_purchase_floors":[13,31],"current_hp_per_floor":[75,75,75,75,75,75,70,71,71,50,50,49,49,49,49,49,75,71,71,54,54,49,49,47,47,47,37,59,52,38,38,60,52,75,55,55,55,29,34,27,39,39,47,55,55,82,82,83,83,60],"gold":298,"neow_bonus":"THREE_ENEMY_KILL","is_daily":false,"chose_seed":false,"campfire_upgraded":5,"win_rate":0.0,"timestamp":1610477547,"path_taken":["M","M","?","?","?","R","M","E","T","E","R","M","$","?","R_BF","BOSS","M","?","?","AVR","?","R","E","?","T","M","R","?","E","$","R","BOSS","M","?","?","M","M","E","?","R","T","?","R","M","R","M","R","BOSS"],"items_purchased_type":["Relic","Relic"],"build_version":"2020-12-22","purchased_purges":2,"victory":true,"max_hp_per_floor":[75,75,75,75,75,75,75,75,75,75,75,75,75,75,75,75,75,75,75,75,75,75,75,75,75,75,75,75,75,75,75,75,75,75,75,75,75,75,75,75,75,75,83,83,83,83,83,83,83,83],"card_choices":[{"not_picked":["blackbeard:BlindAttacks","blackbeard:Provisioning"],"picked":"blackbeard:Spear","floor":1},{"not_picked":["blackbeard:PirateEarring","blackbeard:DelayedPain"],"picked":"blackbeard:RemoveScurvy","floor":2},{"not_picked":["blackbeard:SwordDance","blackbeard:AgileStrike"],"picked":"blackbeard:BeatUp","floor":4},{"not_picked":["blackbeard:CloakAndCannonball","blackbeard:RearmingStrike"],"picked":"blackbeard:SwordDance","floor":7},{"not_picked":["blackbeard:RemoveScurvy","blackbeard:PiratesWill"],"picked":"blackbeard:TacticalRetreat","floor":8},{"not_picked":["blackbeard:DeadlyArsenal","blackbeard:BuriedTreasure"],"picked":"blackbeard:Shrapnel","floor":10},{"not_picked":["blackbeard:CloakAndCannonball","blackbeard:SwordDance"],"picked":"blackbeard:AgileStrike","floor":12},{"not_picked":["blackbeard:Recklessness","blackbeard:Toast+1"],"picked":"blackbeard:FieryDefense+1","floor":18},{"not_picked":["blackbeard:TacticalRetreat","blackbeard:ChaoticDefense+1"],"picked":"blackbeard:Spear","floor":19},{"not_picked":["blackbeard:BeatUp","blackbeard:TacticalRetreat"],"picked":"blackbeard:BrownPants+1","floor":20},{"not_picked":["blackbeard:BeatUp+1","blackbeard:Dagger"],"picked":"blackbeard:Fencing","floor":22},{"not_picked":["blackbeard:WiseDefense+1","blackbeard:BuriedTreasure"],"picked":"blackbeard:WeaponProficiency+1","floor":24},{"not_picked":["blackbeard:Toast+1","blackbeard:DoubleCannonball","Clash"],"picked":"blackbeard:Dagger+1","floor":27},{"not_picked":["blackbeard:PirateHook","blackbeard:GoldenDefense","Sword Boomerang"],"picked":"blackbeard:Toast","floor":30},{"not_picked":["blackbeard:Murder","blackbeard:HumongousCannonball","Double Tap"],"picked":"blackbeard:BoostMorale","floor":33},{"not_picked":["blackbeard:WiseDefense","Infinite Blades+1","blackbeard:TacticalRetreat","Anger"],"picked":"blackbeard:GoldenStrike+1","floor":35},{"not_picked":["blackbeard:GoldenStrike+1","Outmaneuver+1","Unload","Rupture"],"picked":"ReplayTheSpireMod:Speed Training+1","floor":38},{"not_picked":["blackbeard:BeatUp","Blade Dance+1","Setup+1","blackbeard:Fencing","Havoc"],"picked":"SKIP","floor":39},{"not_picked":["Flechettes","Deadly Poison","blackbeard:DeadlyArsenal","Dagger Spray","Evolve"],"picked":"SKIP","floor":40},{"not_picked":["blackbeard:Provisioning","blackbeard:RearmingStrike+1","Catalyst+1","Dash+1","Flex"],"picked":"SKIP","floor":41},{"not_picked":["blackbeard:Provisioning","Concentrate","Acrobatics","blackbeard:CannonballSupply"],"picked":"Limit Break","floor":46},{"not_picked":["Masterful Stab","blackbeard:GoldenStrike+1","blackbeard:Fencing","Body Slam"],"picked":"blackbeard:Bandana+1","floor":48}],"player_experience":540595,"relics_obtained":[{"floor":8,"key":"halation:PromiseList"},{"floor":9,"key":"Shovel"},{"floor":10,"key":"BicycleWheel"},{"floor":15,"key":"Bromod:ArcaneTempo"},{"floor":24,"key":"aspiration:HiddenCompartment"},{"floor":26,"key":"hubris:DisguiseKit"},{"floor":30,"key":"infinitespire:Satchel"},{"floor":37,"key":"Art of War"},{"floor":40,"key":"hubris:FunFungus"},{"floor":43,"key":"hubris:Spice"}],"event_choices":[{"damage_healed":0,"gold_gain":0,"player_choice":"1 cards matched","damage_taken":0,"max_hp_gain":0,"max_hp_loss":0,"event_name":"Match and Keep!","floor":3,"gold_loss":0,"cards_obtained":["blackbeard:ChaoticDefense"]},{"damage_healed":0,"gold_gain":0,"cards_transformed":["blackbeard:BlackbeardStrike"],"player_choice":"Transformed","damage_taken":0,"max_hp_gain":0,"max_hp_loss":0,"event_name":"Transmorgrifier","floor":14,"gold_loss":0,"cards_obtained":["blackbeard:DangerousBlow"]},{"damage_healed":0,"gold_gain":0,"player_choice":"CaptainsWheel","damage_taken":0,"relics_obtained":["CaptainsWheel"],"max_hp_gain":0,"max_hp_loss":0,"event_name":"blackbeard:ShipwreckEvent","floor":29,"gold_loss":0},{"damage_healed":0,"gold_gain":0,"player_choice":"Leave","damage_taken":0,"max_hp_gain":0,"max_hp_loss":0,"event_name":"conspire:Investor","floor":36,"gold_loss":0}],"is_beta":false,"boss_relics":[{"not_picked":["Philosopher\u0027s Stone","Busted Crown"],"picked":"Replay:Wanted Poster"},{"not_picked":["Tiny House","energizedSpire:MagnifyingGlass"],"picked":"aspiration:SilentSkillbook"}],"items_purged_floors":[5,31],"is_endless":false,"potions_floor_spawned":[2,4,7,12,20,22,30,38,40,41],"ascension_level":0}}