{"host":"vumwfieg2b2mnrfl","time":1610419188,"event":{"mods":["AchievementEnabler","BaseMod","Minty Spire (QoL Compilation)","Rare Cards Sparkle","Relic Stats"],"gold_per_floor":[10,25,25,25,45,77,77,109,159,193,193,193,226,237,237,237,237],"floor_reached":16,"playtime":516,"items_purged":[],"score":230,"play_id":"8b8be1b0-3e6a-4886-89d1-cfc8ed756540","local_time":"20210111203948","is_ascension_mode":true,"campfire_choices":[{"floor":7,"key":"REST"},{"floor":12,"key":"REST"},{"floor":15,"key":"REST"}],"circlet_count":0,"master_deck":["AscendersBane","Strike_R","Strike_R","Strike_R","Strike_R","Defend_R","Defend_R","Defend_R","Defend_R","Bash","Clash","Armaments","Pommel Strike","Fire Breathing","Rampage","Feel No Pain","Shockwave"],"relics":["Burning Blood","Magic Flower","Shuriken","Oddly Smooth Stone","Omamori","Smiling Mask","Dead Branch","Paper Frog"],"acts_visited":["Exordium"],"potions_floor_usage":[8,14,16,16],"damage_taken":[{"damage":6,"enemies":"2 Louse","floor":1,"turns":3},{"damage":11,"enemies":"Jaw Worm","floor":2,"turns":4},{"damage":1,"enemies":"Cultist","floor":5,"turns":4},{"damage":48,"enemies":"Gremlin Nob","floor":6,"turns":5},{"damage":25,"enemies":"Lagavulin","floor":8,"turns":6},{"damage":28,"enemies":"Gremlin Nob","floor":10,"turns":4},{"damage":37,"enemies":"Lagavulin","floor":13,"turns":6},{"damage":28,"enemies":"Gremlin Gang","floor":14,"turns":7},{"damage":43,"enemies":"Hexaghost","floor":16,"turns":10}],"seed_played":"6499551299941517304","potions_obtained":[{"floor":2,"key":"Strength Potion"},{"floor":8,"key":"BloodPotion"},{"floor":10,"key":"SpeedPotion"},{"floor":14,"key":"Swift Potion"}],"is_trial":false,"path_per_floor":["M","M","?","$","M","E","R","E","T","E","?","R","E","M","R","B"],"character_chosen":"IRONCLAD","items_purchased":[],"campfire_rested":3,"item_purchase_floors":[],"current_hp_per_floor":[71,69,69,69,75,36,58,42,42,23,23,45,17,21,43,0,0],"gold":237,"neow_bonus":"ONE_RARE_RELIC","is_daily":false,"chose_seed":false,"campfire_upgraded":0,"win_rate":0.0,"timestamp":1610419188,"path_taken":["M","M","?","?","M","E","R","E","T","E","?","R","E","?","R","BOSS"],"items_purchased_type":[],"build_version":"2020-12-22","purchased_purges":0,"victory":false,"max_hp_per_floor":[75,75,75,75,75,75,75,75,75,75,75,75,75,75,75,75,75],"relic_stats":{"counters":[9,49],"Shuriken":[5],"Dead Branch":[4],"Magic Flower":[30],"Smiling Mask":0,"obtain_stats":[{"Shuriken":6,"Dead Branch":11,"Magic Flower":0,"Oddly Smooth Stone":8,"Omamori":9,"Smiling Mask":10,"Burning Blood":0,"Paper Frog":13},{"Shuriken":4,"Dead Branch":6,"Magic Flower":0,"Oddly Smooth Stone":5,"Omamori":5,"Smiling Mask":6,"Burning Blood":0,"Paper Frog":7},{"Shuriken":16,"Dead Branch":26,"Magic Flower":0,"Oddly Smooth Stone":22,"Omamori":22,"Smiling Mask":26,"Burning Blood":0,"Paper Frog":32}],"Burning Blood":70},"card_choices":[{"not_picked":["Warcry","True Grit","Burning Pact"],"picked":"SKIP","floor":1},{"not_picked":["True Grit","Havoc"],"picked":"Clash","floor":2},{"not_picked":["Flex","Havoc"],"picked":"Pommel Strike","floor":5},{"not_picked":["Burning Pact","Shockwave"],"picked":"Fire Breathing","floor":6},{"not_picked":["Impervious","Offering"],"picked":"Rampage","floor":8},{"not_picked":["Twin Strike","Offering"],"picked":"Feel No Pain","floor":10},{"not_picked":["Power Through","Rupture","Searing Blow"],"picked":"SKIP","floor":13},{"not_picked":["Dropkick","Iron Wave"],"picked":"Shockwave","floor":14}],"player_experience":408467,"relics_obtained":[{"floor":6,"key":"Shuriken"},{"floor":8,"key":"Oddly Smooth Stone"},{"floor":9,"key":"Omamori"},{"floor":10,"key":"Smiling Mask"},{"floor":11,"key":"Dead Branch"},{"floor":13,"key":"Paper Frog"}],"event_choices":[{"damage_healed":0,"gold_gain":0,"cards_transformed":["Strike_R"],"player_choice":"Change","damage_taken":0,"max_hp_gain":0,"max_hp_loss":0,"event_name":"Living Wall","floor":3,"gold_loss":0,"cards_obtained":["Armaments"]},{"damage_healed":0,"gold_gain":0,"player_choice":"Relic","damage_taken":0,"max_hp_gain":0,"max_hp_loss":0,"event_name":"Wheel of Change","floor":11,"gold_loss":0}],"is_beta":false,"boss_relics":[],"items_purged_floors":[],"is_endless":false,"potions_floor_spawned":[2,8,10,14],"killed_by":"Hexaghost","ascension_level":16}}