{"host":"9n6i2vl93jt4o42q","time":1610493437,"event":{"mods":["BaseMod","Minty Spire (QoL Compilation)","Relic Stats"],"gold_per_floor":[110,110,35,35,51,84,102,116,142,142,161,191,205,43,43,43,43],"floor_reached":16,"language":"ENG","playtime":711,"items_purged":[],"score":274,"play_id":"8fa5d83c-8d9e-4a33-a857-ad91c8ebc51d","local_time":"20210113001717","is_ascension_mode":true,"campfire_choices":[{"data":"Bouncing Flask","floor":10.0,"key":"SMITH"},{"floor":15.0,"key":"REST"}],"circlet_count":0,"master_deck":["AscendersBane","Strike_G","Strike_G","Strike_G","Strike_G","Defend_G","Defend_G","Defend_G+1","Defend_G","Defend_G","Survivor+1","Neutralize","Quick Slash","Blade Dance","Bouncing Flask+1","Backstab","Leg Sweep","Heel Hook","Bane"],"relics":["Ring of the Snake","NeowsBlessing","PreservedInsect","Blood Vial","Art of War","TwistedFunnel"],"acts_visited":["Exordium"],"potions_floor_usage":[16],"damage_taken":[{"damage":0.0,"enemies":"Jaw Worm","floor":1.0,"turns":1.0},{"damage":0.0,"enemies":"2 Louse","floor":5.0,"turns":1.0},{"damage":0.0,"enemies":"Gremlin Nob","floor":6.0,"turns":1.0},{"damage":0.0,"enemies":"Small Slimes","floor":7.0,"turns":4.0},{"damage":0.0,"enemies":"Gremlin Gang","floor":8.0,"turns":4.0},{"damage":0.0,"enemies":"2 Fungi Beasts","floor":11.0,"turns":3.0},{"damage":20.0,"enemies":"Lagavulin","floor":12.0,"turns":4.0},{"damage":0.0,"enemies":"Looter","floor":13.0,"turns":2.0},{"damage":48,"enemies":"Slime Boss","floor":16,"turns":6}],"seed_played":"252165650245774697","potions_obtained":[{"floor":1.0,"key":"Strength Potion"},{"floor":6.0,"key":"Energy Potion"},{"floor":13.0,"key":"DuplicationPotion"}],"is_trial":false,"path_per_floor":["M","?","?","$","M","E","M","M","T","R","M","E","M","$","R","B"],"character_chosen":"THE_SILENT","items_purchased":["TwistedFunnel"],"campfire_rested":1,"item_purchase_floors":[14],"current_hp_per_floor":[59,39,39,39,39,39,39,39,39,39,41,23,25,25,44,0,0],"gold":43,"neow_bonus":"THREE_ENEMY_KILL","is_daily":false,"chose_seed":false,"campfire_upgraded":1,"win_rate":0.0,"timestamp":1610493437,"path_taken":["M","?","?","$","M","E","M","M","T","R","M","E","?","$","R","BOSS"],"items_purchased_type":["Relic"],"build_version":"2020-12-22","purchased_purges":0,"victory":false,"max_hp_per_floor":[66,66,66,66,66,66,66,66,66,66,66,66,66,66,66,66,66],"relic_stats":{"Blood Vial":8,"counters":[9,26],"PreservedInsect":29,"Art of War":[0],"obtain_stats":[{"Blood Vial":9,"TwistedFunnel":14,"NeowsBlessing":0,"PreservedInsect":6,"Art of War":12,"Ring of the Snake":0},{"Blood Vial":5,"TwistedFunnel":8,"NeowsBlessing":0,"PreservedInsect":3,"Art of War":7,"Ring of the Snake":0},{"Blood Vial":11,"TwistedFunnel":20,"NeowsBlessing":0,"PreservedInsect":3,"Art of War":18,"Ring of the Snake":0}],"Ring of the Snake":[18]},"card_choices":[{"not_picked":["Caltrops","Setup"],"picked":"Quick Slash","floor":1.0},{"not_picked":["Backflip","Underhanded Strike"],"picked":"Blade Dance","floor":5.0},{"not_picked":["Dodge and Roll","Phantasmal Killer"],"picked":"Bouncing Flask","floor":6.0},{"not_picked":["Blade Dance","Reflex"],"picked":"Backstab","floor":7.0},{"not_picked":["Reflex","Heel Hook"],"picked":"Leg Sweep","floor":8.0},{"not_picked":["Calculated Gamble","Endless Agony"],"picked":"Heel Hook","floor":11.0},{"not_picked":["Slice","Dodge and Roll","Prepared"],"picked":"SKIP","floor":12.0},{"not_picked":["Reflex","Dagger Throw"],"picked":"Bane","floor":13.0}],"player_experience":2053894,"relics_obtained":[{"floor":6.0,"key":"PreservedInsect"},{"floor":9.0,"key":"Blood Vial"},{"floor":12.0,"key":"Art of War"}],"event_choices":[{"damage_healed":0.0,"max_hp_gain":0.0,"max_hp_loss":0.0,"gold_gain":0.0,"event_name":"Shining Light","player_choice":"Entered Light","floor":2.0,"gold_loss":0.0,"damage_taken":20.0,"cards_upgraded":["Defend_G","Survivor"]},{"cards_removed":["Strike_G"],"damage_healed":0.0,"max_hp_gain":0.0,"max_hp_loss":0.0,"gold_gain":0.0,"event_name":"The Cleric","player_choice":"Card Removal","floor":3.0,"gold_loss":75.0,"damage_taken":0.0}],"is_beta":false,"boss_relics":[],"items_purged_floors":[],"is_endless":false,"potions_floor_spawned":[1,6,12,13],"killed_by":"Slime Boss","ascension_level":20}}