{"host":"msa0wxqjs3jv1k3j","time":1610461633,"event":{"mods":["AchievementEnabler","BaseMod","BetterRewards","Colored Map","Highlight Path","KOR Keyword Fix","Keyboard Shortcuts","Minty Spire (QoL Compilation)","Quick Restart","SuperFastMode","everything is the same but u backflip on backflip"],"gold_per_floor":[113,113,113,13,28,28,46,46,71,91,91,91,106,123,123,226,226,239,239,253,168,168,168,200,200,224,184,59,70,87,87,87,184,234,247,247,247,294,294,307,322,348,372,372,53,73,41,53,53,53],"floor_reached":51,"playtime":2569,"items_purged":["Defend_G","Strike_G","Defend_G","Defend_G"],"score":785,"play_id":"38ddadbc-84a6-4fcf-8833-26c473c9ed3b","local_time":"20210112232713","is_ascension_mode":false,"campfire_choices":[{"data":"Backstab","floor":6,"key":"SMITH"},{"data":"Neutralize","floor":8,"key":"SMITH"},{"data":"Infinite Blades","floor":15,"key":"SMITH"},{"data":"A Thousand Cuts","floor":23,"key":"SMITH"},{"floor":32,"key":"REST"},{"data":"Accuracy","floor":44,"key":"SMITH"},{"floor":49,"key":"REST"}],"circlet_count":0,"master_deck":["Strike_G","Strike_G","Strike_G","Strike_G","Defend_G","Defend_G","Survivor+1","Neutralize+1","Deflect+1","Dagger Throw","Flying Knee","Backflip+1","Backflip+1","Outmaneuver+1","Backflip+1","Infinite Blades+1","Blade Dance+1","A Thousand Cuts+1","Infinite Blades","Outmaneuver+1","Cloak And Dagger+1","Accuracy+1","Cloak And Dagger+1","Cloak And Dagger+1","Bullet Time+1","Panacea+1","Panacea+1","Blade Dance+1","Adrenaline+1","Accuracy","Blade Dance+1"],"relics":["Ring of the Snake","Tiny Chest","Eternal Feather","Prayer Wheel","Sling","Toxic Egg 2","Ancient Tea Set","Question Card","WristBlade","Torii","Singing Bowl","Darkstone Periapt","Unceasing Top","Bag of Preparation","Shuriken","Tiny House","The Specimen","HornCleat","The Courier","Centennial Puzzle","Mercury Hourglass"],"acts_visited":["Exordium","TheCity","TheBeyond"],"potions_floor_usage":[24,24,33,38,38,38,42,46,50,50],"damage_taken":[{"damage":1,"enemies":"Small Slimes","floor":1,"turns":5},{"damage":0,"enemies":"Jaw Worm","floor":5,"turns":2},{"damage":1,"enemies":"Cultist","floor":7,"turns":3},{"damage":1,"enemies":"Exordium Thugs","floor":10,"turns":6},{"damage":0,"enemies":"Blue Slaver","floor":13,"turns":5},{"damage":2,"enemies":"Looter","floor":14,"turns":3},{"damage":10,"enemies":"Slime Boss","floor":16,"turns":12},{"damage":23,"enemies":"2 Thieves","floor":18,"turns":3},{"damage":10,"enemies":"Shell Parasite","floor":20,"turns":4},{"damage":14,"enemies":"Slavers","floor":24,"turns":3},{"damage":6,"enemies":"Snecko","floor":29,"turns":4},{"damage":17,"enemies":"Shelled Parasite and Fungi","floor":30,"turns":3},{"damage":1,"enemies":"Champ","floor":33,"turns":6},{"damage":25,"enemies":"3 Shapes","floor":35,"turns":3},{"damage":33,"enemies":"2 Orb Walkers","floor":38,"turns":5},{"damage":0,"enemies":"Orb Walker","floor":40,"turns":3},{"damage":0,"enemies":"Transient","floor":41,"turns":5},{"damage":18,"enemies":"Nemesis","floor":42,"turns":5},{"damage":1,"enemies":"Maw","floor":46,"turns":4},{"damage":10,"enemies":"Writhing Mass","floor":48,"turns":5},{"damage":38,"enemies":"Awakened One","floor":50,"turns":6}],"seed_played":"5583274924294337707","potions_obtained":[{"floor":1,"key":"LiquidBronze"},{"floor":5,"key":"Weak Potion"},{"floor":13,"key":"AttackPotion"},{"floor":14,"key":"ColorlessPotion"},{"floor":33,"key":"ColorlessPotion"},{"floor":34,"key":"EntropicBrew"},{"floor":41,"key":"PowerPotion"},{"floor":42,"key":"LiquidBronze"},{"floor":46,"key":"Fruit Juice"}],"is_trial":false,"path_per_floor":["M","?","?","$","M","R","M","R","T","M","?","T","M","M","R","B",null,"M","?","M","?","T","R","E","T","T","$","$","M","M","T","R","B",null,"M","?","?","?","T","M","M","E","T","R","$","M","$","M","R","B",null],"character_chosen":"THE_SILENT","items_purchased":["Tiny Chest","Eternal Feather","Sling","Deflect","Accuracy","Mercury Hourglass","Accuracy"],"campfire_rested":2,"item_purchase_floors":[0,0,0,0,27,45,47],"current_hp_per_floor":[69,74,67,67,67,75,74,75,75,74,74,74,74,72,75,65,75,52,52,42,42,42,54,40,40,40,40,40,34,21,21,59,58,86,65,65,60,29,29,33,35,17,17,35,35,43,43,35,85,47],"gold":53,"neow_bonus":"","is_daily":false,"chose_seed":false,"campfire_upgraded":5,"win_rate":0.0,"timestamp":1610461633,"path_taken":["M","?","?","$","M","R","M","R","T","M","?","?","M","?","R","BOSS","M","?","M","?","?","R","E","?","T","?","$","?","M","?","R","BOSS","M","?","?","?","?","M","M","E","T","R","?","M","$","M","R","BOSS"],"items_purchased_type":["Relic","Relic","Relic","Card","Card","Relic","Card"],"build_version":"2020-12-22","purchased_purges":4,"victory":true,"max_hp_per_floor":[70,75,75,75,75,75,75,75,75,75,75,75,75,75,75,75,75,75,75,75,75,75,75,75,75,75,75,75,75,79,79,79,79,86,90,90,90,92,92,96,98,98,98,98,98,107,107,109,109,109],"card_choices":[{"not_picked":["Poisoned Stab","Bane"],"picked":"Backstab","floor":1},{"not_picked":["Slice","Sucker Punch"],"picked":"Dagger Throw","floor":1},{"not_picked":["Sucker Punch","Calculated Gamble+1"],"picked":"Flying Knee","floor":5},{"not_picked":["All Out Attack","Underhanded Strike"],"picked":"Backflip+1","floor":5},{"not_picked":["Deadly Poison+1","Acrobatics+1"],"picked":"Backflip+1","floor":7},{"not_picked":["Calculated Gamble+1","Dagger Throw","Prepared+1"],"picked":"SKIP","floor":7},{"not_picked":["Terror+1","Catalyst+1"],"picked":"Outmaneuver+1","floor":10},{"not_picked":["Wraith Form v2","Dagger Throw","Bane"],"picked":"SKIP","floor":10},{"not_picked":["Quick Slash","Noxious Fumes","Choke"],"picked":"Backflip+1","floor":13},{"not_picked":["Flechettes","Sucker Punch","Backstab"],"picked":"Infinite Blades","floor":13},{"not_picked":["Slice","Cloak And Dagger+1","Outmaneuver+1"],"picked":"Blade Dance+1","floor":14},{"not_picked":["Flying Knee","Poisoned Stab","Backflip+1","Prepared+1"],"picked":"SKIP","floor":14},{"not_picked":["Die Die Die","Unload","Storm of Steel+1"],"picked":"A Thousand Cuts","floor":16},{"not_picked":["Heel Hook","Backflip+1","Dodge and Roll+1"],"picked":"Infinite Blades","floor":18},{"not_picked":["Dagger Throw","Masterful Stab+1","Backflip+1","Calculated Gamble+1"],"picked":"SKIP","floor":18},{"not_picked":["PiercingWail+1","Reflex+1","Slice+1"],"picked":"Outmaneuver+1","floor":20},{"not_picked":["Catalyst+1","Acrobatics+1","Reflex+1","Expertise+1"],"picked":"SKIP","floor":20},{"not_picked":["Endless Agony","Outmaneuver+1","Unload"],"picked":"Cloak And Dagger+1","floor":24},{"not_picked":["PiercingWail+1","Sucker Punch","Heel Hook+1"],"picked":"Cloak And Dagger+1","floor":29},{"not_picked":["Quick Slash","Underhanded Strike","Heel Hook"],"picked":"Cloak And Dagger+1","floor":29},{"not_picked":["Distraction+1","Prepared+1","Underhanded Strike","Caltrops+1"],"picked":"Singing Bowl","floor":30},{"not_picked":["Underhanded Strike","Dash","Dodge and Roll+1","Cloak And Dagger+1"],"picked":"Singing Bowl","floor":30},{"not_picked":["A Thousand Cuts","Unload","Corpse Explosion+1"],"picked":"Bullet Time+1","floor":33},{"not_picked":["Outmaneuver+1","Bane","Deflect+1","Noxious Fumes"],"picked":"Singing Bowl","floor":34},{"not_picked":["Tactician+1","Deadly Poison+1","Quick Slash","Dodge and Roll+1"],"picked":"Singing Bowl","floor":35},{"not_picked":["Infinite Blades","Quick Slash+1","Dagger Spray+1","Eviscerate"],"picked":"Singing Bowl","floor":35},{"not_picked":["Mind Blast","Discovery+1","Flash of Steel"],"picked":"Panacea+1","floor":37},{"not_picked":["PanicButton+1","Discovery+1","HandOfGreed"],"picked":"Panacea+1","floor":37},{"not_picked":["Quick Slash","Deadly Poison+1","Slice","Underhanded Strike"],"picked":"Singing Bowl","floor":38},{"not_picked":["Escape Plan+1","Dagger Spray+1","Blur+1","Skewer+1"],"picked":"Singing Bowl","floor":40},{"not_picked":["Prepared+1","PiercingWail+1","Quick Slash+1","Cloak And Dagger+1"],"picked":"Singing Bowl","floor":40},{"not_picked":["Eviscerate+1","Terror+1","Poisoned Stab+1"],"picked":"Blade Dance+1","floor":41},{"not_picked":["Envenom","Bouncing Flask+1","Deflect+1","Outmaneuver+1"],"picked":"Singing Bowl","floor":41},{"not_picked":["Underhanded Strike","Deadly Poison+1","Cloak And Dagger+1"],"picked":"Adrenaline+1","floor":42},{"not_picked":["Cloak And Dagger+1","Sucker Punch","Dodge and Roll+1","Leg Sweep+1"],"picked":"Singing Bowl","floor":46},{"not_picked":["Setup+1","Tactician+1","Poisoned Stab+1","Malaise+1"],"picked":"Singing Bowl","floor":46},{"not_picked":["Riddle With Holes","Dagger Spray+1","Predator"],"picked":"Blade Dance+1","floor":48},{"not_picked":["All Out Attack","Escape Plan+1","Dagger Spray+1","Acrobatics+1"],"picked":"Singing Bowl","floor":48}],"player_experience":94804,"relics_obtained":[{"floor":9,"key":"Ancient Tea Set"},{"floor":12,"key":"Question Card"},{"floor":22,"key":"Singing Bowl"},{"floor":24,"key":"Darkstone Periapt"},{"floor":25,"key":"Unceasing Top"},{"floor":26,"key":"Bag of Preparation"},{"floor":31,"key":"Shuriken"},{"floor":38,"key":"The Specimen"},{"floor":39,"key":"HornCleat"},{"floor":42,"key":"The Courier"},{"floor":43,"key":"Centennial Puzzle"}],"event_choices":[{"damage_healed":0,"gold_gain":0,"player_choice":"Donut","damage_taken":0,"max_hp_gain":5,"max_hp_loss":0,"event_name":"Big Fish","floor":2,"gold_loss":0},{"damage_healed":0,"gold_gain":0,"player_choice":"Success","damage_taken":7,"relics_obtained":["Toxic Egg 2"],"max_hp_gain":0,"max_hp_loss":0,"event_name":"Scrap Ooze","floor":3,"gold_loss":0},{"damage_healed":0,"gold_gain":0,"player_choice":"Upgraded","damage_taken":0,"max_hp_gain":0,"max_hp_loss":0,"event_name":"Upgrade Shrine","floor":11,"gold_loss":0,"cards_upgraded":["Deflect"]},{"damage_healed":0,"gold_gain":0,"player_choice":"Ignored","damage_taken":0,"max_hp_gain":0,"max_hp_loss":0,"event_name":"Cursed Tome","floor":19,"gold_loss":0},{"damage_healed":0,"gold_gain":0,"player_choice":"Obtained Relic","damage_taken":0,"relics_obtained":["Torii"],"max_hp_gain":0,"max_hp_loss":0,"event_name":"Addict","floor":21,"gold_loss":85},{"cards_removed":["Backstab"],"damage_healed":0,"gold_gain":0,"player_choice":"Removed Attack","damage_taken":0,"max_hp_gain":0,"max_hp_loss":0,"event_name":"Falling","floor":36,"gold_loss":0},{"damage_healed":0,"gold_gain":0,"player_choice":"Memory 2","damage_taken":5,"max_hp_gain":0,"max_hp_loss":0,"event_name":"SensoryStone","floor":37,"gold_loss":0},{"damage_healed":0,"gold_gain":0,"player_choice":"Fight","damage_taken":0,"max_hp_gain":0,"max_hp_loss":0,"event_name":"Mysterious Sphere","floor":38,"gold_loss":0}],"is_beta":false,"boss_relics":[{"not_picked":["Astrolabe","Snecko Eye"],"picked":"WristBlade"},{"not_picked":["SacredBark","Busted Crown"],"picked":"Tiny House"}],"items_purged_floors":[0,4,28,45],"is_endless":false,"potions_floor_spawned":[1,5,13,14,18,33,41,42,46],"ascension_level":0}}