{"host":"jhrqf0ynsob022h8","time":1610417868,"event":{"mods":["2.2 Compatiblity","Act Like it!","AlwaysNeverKeys","BaseMod","Better Altar","Better Match","Better Sensory Stone","Better Skull","Better Synergies","Better Third Choice","Better Vampires","Better-Laid Plans","Block Reminder","CapriCore","Colored Map","Colored Powertips","DNKmod","Defuse TimeMaze Blight","Displayed Cursed Tome","Downfall","Evolution","Friendly Minions","GifTheSpireLib","Gold Saver","Minty Spire (QoL Compilation)","Permanent Neow","Quick Restart","Rare Cards Sparkle","Relic Stats","Remove Card Discount Mod","Robot Space Explorer","Shop Mod","Spicy Shops","StSLib","The Marked","Transform Curses","Uncapped","slay the spire mod where everything is the same but ironclad has a cowboy hat"],"gold_per_floor":[1018,28,48,123,135,162,162,193,246,259,259,62,77,112,112,214,214,196,211,56,68,81,116,133,133,133,144,144,169,128,145,145,250,250,270,195,249,265,24,24,39,73,155,155,166,166,166,186,186,186,186,186,84,118,118],"floor_reached":56,"playtime":18729,"items_purged":["Bash","Strike_R","Doubt","Defend_R","Headbutt","Headbutt","Strike_R+1","Headbutt","Rage","Defend_R","Defend_R+1","Defend_R+1","Armaments","Ghostly Armor","Iron Wave+1"],"score":1705,"play_id":"788c4513-f6e8-44e9-a2c5-349be21aa266","local_time":"20210111201748","is_ascension_mode":true,"campfire_choices":[{"data":"Armaments","floor":7,"key":"SMITH"},{"data":"Demon Form","floor":15,"key":"SMITH"},{"data":"1","floor":25,"key":"LIFT"},{"data":"2","floor":28,"key":"LIFT"},{"data":"3","floor":32,"key":"LIFT"},{"data":"Searing Blow","floor":40,"key":"SMITH"},{"floor":44,"key":"RECALL"},{"data":"Limit Break","floor":47,"key":"SMITH"},{"data":"Rage","floor":49,"key":"SMITH"},{"data":"Searing Blow+1","floor":52,"key":"SMITH"}],"circlet_count":0,"master_deck":["Searing Blow+2","Rage+1","Armaments+1","Demon Form+1","Limit Break+1","CurseOfTheBell","Shrug It Off+1","Shrug It Off","Armaments+1","Limit Break+1"],"relics":["Burning Blood","EVO:Axolotl","Whetstone","ClockworkSouvenir","War Paint","Darkstone Periapt","Medical Kit","Regal Pillow","Sundial","Smiling Mask","Red Skull","Orrery","Happy Flower","Calling Bell","Omamori","Blue Candle","Unceasing Top","MerchantsRug","Girya","Lantern","Incense Burner","Philosopher\u0027s Stone","HandDrill","Thread and Needle","Letter Opener","Toxic Egg 2","DollysMirror","Art of War"],"acts_visited":["Exordium","TheCity","TheBeyond","TheEnding"],"potions_floor_usage":[14,16,16,16,16,21,24,27,27,37,50,50],"damage_taken":[{"damage":2,"enemies":"Jaw Worm","floor":1,"turns":2},{"damage":0,"enemies":"2 Louse","floor":3,"turns":1},{"damage":0,"enemies":"Cultist","floor":5,"turns":3},{"damage":3,"enemies":"Gremlin Nob","floor":6,"turns":4},{"damage":14,"enemies":"Lagavulin","floor":8,"turns":5},{"damage":0,"enemies":"Blue Slaver","floor":10,"turns":3},{"damage":0,"enemies":"Looter","floor":13,"turns":3},{"damage":3,"enemies":"3 Sentries","floor":14,"turns":9},{"damage":0,"enemies":"Slime Boss","floor":16,"turns":4},{"damage":3,"enemies":"2 Thieves","floor":18,"turns":4},{"damage":7,"enemies":"Spheric Guardian","floor":19,"turns":7},{"damage":28,"enemies":"Chosen and Byrds","floor":21,"turns":6},{"damage":1,"enemies":"3 Cultists","floor":22,"turns":6},{"damage":33,"enemies":"Gremlin Leader","floor":23,"turns":7},{"damage":5,"enemies":"Snake Plant","floor":24,"turns":5},{"damage":18,"enemies":"Centurion and Healer","floor":27,"turns":6},{"damage":48,"enemies":"Book of Stabbing","floor":29,"turns":7},{"damage":1,"enemies":"Shelled Parasite and Fungi","floor":31,"turns":4},{"damage":1,"enemies":"Champ","floor":33,"turns":5},{"damage":1,"enemies":"Orb Walker","floor":35,"turns":3},{"damage":20,"enemies":"2 Orb Walkers","floor":37,"turns":3},{"damage":1,"enemies":"3 Darklings","floor":38,"turns":3},{"damage":5,"enemies":"Sphere and 2 Shapes","floor":41,"turns":4},{"damage":1,"enemies":"Reptomancer","floor":42,"turns":5},{"damage":1,"enemies":"Jaw Worm Horde","floor":45,"turns":3},{"damage":1,"enemies":"Transient","floor":48,"turns":5},{"damage":28,"enemies":"Time Eater","floor":50,"turns":5},{"damage":35,"enemies":"Shield and Spear","floor":54,"turns":4},{"damage":133,"enemies":"The Heart","floor":55,"turns":6}],"seed_played":"-1739400801927448123","potions_obtained":[{"floor":0,"key":"ColorlessPotion"},{"floor":0,"key":"DistilledChaos"},{"floor":0,"key":"FearPotion"},{"floor":5,"key":"champ:CounterPotion"},{"floor":14,"key":"EntropicBrew"},{"floor":18,"key":"AttackPotion"},{"floor":22,"key":"DistilledChaos"},{"floor":23,"key":"Regen Potion"},{"floor":24,"key":"LiquidMemories"},{"floor":31,"key":"Energy Potion"},{"floor":35,"key":"sneckomod:MuddlingPotion"},{"floor":45,"key":"Dexterity Potion"},{"floor":48,"key":"Weak Potion"},{"floor":54,"key":"FairyPotion"}],"is_trial":false,"path_per_floor":["M","$","M","?","M","E","R","E","T","M","?","$","M","E","R","B",null,"M","M","$","M","M","E","M","R","T","M","R","E","$","M","R","B",null,"M","$","?","M","$","R","M","E","T","R","M","?","R","M","R","B",null,"R","$","E","B",null],"character_chosen":"IRONCLAD","items_purchased":["Searing Blow","Whetstone","ClockworkSouvenir","War Paint","Darkstone Periapt","Medical Kit","Regal Pillow","Ghostly Armor","Orrery","MerchantsRug","Shrug It Off","HandDrill","Letter Opener","Armaments+1","DollysMirror"],"campfire_rested":0,"item_purchase_floors":[2,2,2,2,2,2,2,12,12,20,30,36,39,53,53],"current_hp_per_floor":[100,106,106,95,101,104,104,96,96,102,102,102,106,106,106,106,112,112,111,111,89,94,67,82,82,82,70,70,28,28,33,33,38,94,99,99,85,90,90,90,91,96,96,96,101,106,106,111,111,89,106,106,106,77,18],"gold":118,"neow_bonus":"THREE_SMALL_POTIONS","is_daily":false,"chose_seed":false,"campfire_upgraded":6,"win_rate":0.0,"timestamp":1610417868,"path_taken":["M","$","M","?","M","E","R","E","T","M","?","$","M","E","R","BOSS","M","M","$","M","M","E","M","R","T","M","R","E","$","?","R","BOSS","M","$","?","M","$","R","M","E","T","R","M","?","R","M","R","BOSS","R","$","E","BOSS"],"items_purchased_type":["Card","Relic","Relic","Relic","Relic","Relic","Relic","Card","Relic","Relic","Card","Relic","Relic","Card","Relic"],"build_version":"2020-12-22","purchased_purges":15,"victory":true,"max_hp_per_floor":[100,106,106,106,106,106,106,106,106,106,106,106,106,106,106,106,112,112,112,112,112,112,112,112,112,112,112,112,112,112,112,112,112,112,112,112,112,112,112,112,112,112,112,112,112,112,112,112,112,112,112,112,112,112,112],"relic_stats":{"Darkstone Periapt":12,"Regal Pillow":0,"Happy Flower":[34],"counters":[29,132],"Blue Candle":[18],"Whetstone":["Strike_R","Iron Wave"],"Letter Opener":[165],"War Paint":["Defend_R","Defend_R"],"Medical Kit":[22],"Smiling Mask":-576,"Burning Blood":150,"Sundial":[50],"HandDrill":[18],"Art of War":[2],"obtain_stats":[{"Darkstone Periapt":2,"Regal Pillow":2,"Lantern":26,"Incense Burner":29,"EVO:Axolotl":0,"Whetstone":2,"Smiling Mask":8,"Burning Blood":0,"ClockworkSouvenir":2,"Sundial":6,"DollysMirror":53,"Philosopher\u0027s Stone":34,"HandDrill":36,"Toxic Egg 2":42,"Red Skull":9,"MerchantsRug":20,"Girya":23,"Happy Flower":14,"Blue Candle":17,"Thread and Needle":37,"Omamori":17,"Letter Opener":39,"War Paint":2,"Medical Kit":2,"Calling Bell":17,"Orrery":12,"Art of War":54,"Unceasing Top":17},{"Darkstone Periapt":1,"Regal Pillow":1,"Lantern":15,"Incense Burner":17,"EVO:Axolotl":0,"Whetstone":1,"Smiling Mask":5,"Burning Blood":0,"ClockworkSouvenir":1,"Sundial":4,"DollysMirror":27,"Philosopher\u0027s Stone":19,"HandDrill":20,"Toxic Egg 2":24,"Red Skull":5,"MerchantsRug":11,"Girya":14,"Happy Flower":8,"Blue Candle":9,"Thread and Needle":21,"Omamori":9,"Letter Opener":22,"War Paint":1,"Medical Kit":1,"Calling Bell":9,"Orrery":6,"Art of War":28,"Unceasing Top":9},{"Darkstone Periapt":2,"Regal Pillow":2,"Lantern":69,"Incense Burner":82,"EVO:Axolotl":0,"Whetstone":2,"Smiling Mask":15,"Burning Blood":0,"ClockworkSouvenir":2,"Sundial":10,"DollysMirror":122,"Philosopher\u0027s Stone":91,"HandDrill":94,"Toxic Egg 2":109,"Red Skull":15,"MerchantsRug":45,"Girya":64,"Happy Flower":30,"Blue Candle":34,"Thread and Needle":97,"Omamori":34,"Letter Opener":100,"War Paint":2,"Medical Kit":2,"Calling Bell":34,"Orrery":18,"Art of War":126,"Unceasing Top":34}],"Unceasing Top":[117]},"card_choices":[{"not_picked":["Twin Strike","Battle Trance"],"picked":"Iron Wave","floor":1},{"not_picked":["Wild Strike","Clothesline"],"picked":"Rage","floor":3},{"not_picked":["Flame Barrier","Hemokinesis"],"picked":"Armaments","floor":5},{"not_picked":["Iron Wave","Flex"],"picked":"Armaments","floor":6},{"not_picked":["Uppercut","Bloodletting","Clash"],"picked":"SKIP","floor":8},{"not_picked":["Cleave","Carnage","Berserk"],"picked":"SKIP","floor":10},{"not_picked":["Wild Strike","Flex"],"picked":"Demon Form","floor":12},{"not_picked":["Perfected Strike","Brutality"],"picked":"Rage","floor":12},{"not_picked":["Disarm","Blood for Blood","Body Slam"],"picked":"SKIP","floor":13},{"not_picked":["Power Through","Thunderclap"],"picked":"Iron Wave","floor":14},{"not_picked":["Berserk","Brutality"],"picked":"Limit Break","floor":16},{"not_picked":["True Grit","Hemokinesis","Twin Strike"],"picked":"SKIP","floor":18},{"not_picked":["Thunderclap","Sever Soul","Shrug It Off"],"picked":"SKIP","floor":19},{"not_picked":["Rage+1","Cleave+1","Sword Boomerang"],"picked":"SKIP","floor":21},{"not_picked":["Evolve","True Grit","Anger"],"picked":"SKIP","floor":22},{"not_picked":["Spot Weakness","Offering","Clash"],"picked":"SKIP","floor":23},{"not_picked":["Body Slam","Headbutt","Feed"],"picked":"SKIP","floor":24},{"not_picked":["Perfected Strike","Inflame+1","Twin Strike+1"],"picked":"SKIP","floor":27},{"not_picked":["Corruption","Headbutt"],"picked":"Shrug It Off+1","floor":29},{"not_picked":["Twin Strike","Armaments+1","Seeing Red+1"],"picked":"SKIP","floor":31},{"not_picked":["Rupture","Clash","Thunderclap"],"picked":"SKIP","floor":35},{"not_picked":["Warcry","Clash","Thunderclap+1"],"picked":"SKIP","floor":38},{"not_picked":["Clash","Flex+1","Twin Strike+1"],"picked":"SKIP","floor":41},{"not_picked":["Heavy Blade","Spot Weakness+1","Reaper"],"picked":"SKIP","floor":42},{"not_picked":["Heavy Blade","Infernal Blade+1","Pommel Strike+1"],"picked":"SKIP","floor":45},{"not_picked":["Wild Strike+1","Twin Strike","Perfected Strike+1"],"picked":"SKIP","floor":48},{"not_picked":["Shrug It Off+1","Iron Wave+1","Entrench+1"],"picked":"SKIP","floor":54}],"player_experience":258050,"relics_obtained":[{"floor":6,"key":"Sundial"},{"floor":8,"key":"Smiling Mask"},{"floor":9,"key":"Red Skull"},{"floor":14,"key":"Happy Flower"},{"floor":17,"key":"Omamori"},{"floor":17,"key":"Blue Candle"},{"floor":17,"key":"Unceasing Top"},{"floor":23,"key":"Girya"},{"floor":26,"key":"Lantern"},{"floor":29,"key":"Incense Burner"},{"floor":37,"key":"Thread and Needle"},{"floor":42,"key":"Toxic Egg 2"},{"floor":54,"key":"Art of War"}],"event_choices":[{"damage_healed":0,"gold_gain":75,"player_choice":"Gold","damage_taken":11,"max_hp_gain":0,"max_hp_loss":0,"event_name":"betterThird:BetterGoop","floor":4,"gold_loss":0},{"damage_healed":0,"gold_gain":0,"player_choice":"Bought 0 Potions","damage_taken":0,"max_hp_gain":0,"max_hp_loss":0,"event_name":"The Woman in Blue","floor":11,"gold_loss":0},{"damage_healed":0,"gold_gain":0,"player_choice":"Fight","damage_taken":0,"max_hp_gain":0,"max_hp_loss":0,"event_name":"Mysterious Sphere","floor":37,"gold_loss":0},{"cards_removed":["Iron Wave"],"damage_healed":5,"gold_gain":0,"player_choice":"Offered Common","damage_taken":0,"max_hp_gain":0,"max_hp_loss":0,"event_name":"Bonfire Elementals","floor":46,"gold_loss":0},{"cards_removed":["Iron Wave"],"damage_healed":5,"gold_gain":0,"player_choice":"Offered Special","damage_taken":0,"max_hp_gain":0,"max_hp_loss":0,"event_name":"Bonfire Elementals","floor":46,"gold_loss":0}],"is_beta":false,"boss_relics":[{"not_picked":["Coffee Dripper","Empty Cage"],"picked":"Calling Bell"},{"not_picked":["Mark of Pain","Snecko Eye"],"picked":"Philosopher\u0027s Stone"}],"items_purged_floors":[2,2,2,12,12,12,12,12,12,12,30,30,30,36,53],"is_endless":false,"potions_floor_spawned":[5,8,10,14,18,22,23,24,31,35,45,48,54],"ascension_level":5}}