{"host":"8kweeulvvasqx820","time":1610416213,"event":{"mods":["Aspiration","BaseMod","Better Altar","Better Match","Better Note","Better Sensory Stone","Better Skull","Better Third Choice","BetterRewards","Colored Map","Conspire","Displayed Cursed Tome","Downfall","Hubris","Infinite Spire","Jorbs\u0027s Wanderer Trilogy","Minty Spire (QoL Compilation)","Relic Stats","Replay The Spire","Spicy Shops","StSLib","SuperFastMode","Swap Starting Deck Mod","The Construct","The Marked","The Servant 0.9.4","everything is the same but u backflip on backflip","slay the spire mod where everything is the same but ironclad has a cowboy hat"],"gold_per_floor":[99,110,210,225,225,225,235,246,259,259,259,286,298,298,314,314,52,64,161,161,161,180,180,196,35,35,35,35,35,35,35,35,54,86,105,105,105],"floor_reached":36,"playtime":2353,"items_purged":["Strike_P","Strike_P"],"score":284,"play_id":"3064f270-77ba-4053-8729-ce6648937c8c","local_time":"20210111205013","is_ascension_mode":false,"campfire_choices":[{"data":"Eruption","floor":1.0,"key":"SMITH"},{"data":"Tantrum","floor":11.0,"key":"SMITH"},{"data":"LikeWater","floor":16.0,"key":"SMITH"},{"floor":21.0,"key":"DIG"},{"data":"Replay:Battleflow","floor":26.0,"key":"SMITH"},{"data":"Replay:Battleflow","floor":28.0,"key":"SMITH"},{"data":"Defend_P","floor":32.0,"key":"PURGE"}],"circlet_count":0,"master_deck":["Strike_P","Defend_P","Defend_P","Defend_P","Eruption+1","Vigilance","FlyingSleeves","EmptyFist","FlurryOfBlows","Tantrum+1","EmptyBody","LikeWater+1","EmptyBody","Replay:Battleflow+1","FlurryOfBlows","Halt","WaveOfTheHand","Scrawl","Protect","Replay:Battleflow+1","FollowUp","Replay:ManipulateFuture","ReplayTheSpireMod:Black Plague+1","CutThroughFate","Protect"],"relics":["hubris:FruitBowl","Replay:Bottled Flurry","Ring of Misfortune","infinitespire:Chaos","conspire:RoyalGoblet","Ice Cream","Lantern","Counterbalance","hubris:Backtick","aspiration:DSix","Peace Pipe","infinitespire:FocusingShard"],"acts_visited":["Exordium","TheCity"],"potions_floor_usage":[34,36,36],"damage_taken":[{"damage":0.0,"enemies":"Small Slimes","floor":2.0,"turns":3.0},{"damage":1.0,"enemies":"conspire:RoseBush","floor":4.0,"turns":3.0},{"damage":1.0,"enemies":"2 Louse","floor":7.0,"turns":2.0},{"damage":10.0,"enemies":"Exordium Thugs","floor":8.0,"turns":4.0},{"damage":7.0,"enemies":"3 Louse","floor":9.0,"turns":2.0},{"damage":13.0,"enemies":"Lagavulin","floor":12.0,"turns":6.0},{"damage":0.0,"enemies":"Looter","floor":13.0,"turns":1.0},{"damage":0.0,"enemies":"Red Slaver","floor":15.0,"turns":2.0},{"damage":0.0,"enemies":"downfall:FleeingMerchant","floor":17.0,"turns":4.0},{"damage":0.0,"enemies":"Exordium Wildlife","floor":18.0,"turns":2.0},{"damage":36.0,"enemies":"Hexaghost","floor":19.0,"turns":7.0},{"damage":0.0,"enemies":"3 Byrds","floor":22.0,"turns":5.0},{"damage":10.0,"enemies":"Centurion and Healer","floor":24.0,"turns":7.0},{"damage":0.0,"enemies":"downfall:FleeingMerchant","floor":25.0,"turns":4.0},{"damage":3.0,"enemies":"Cultist and Chosen","floor":33.0,"turns":3.0},{"damage":20,"enemies":"conspire:SneckoGhost","floor":34,"turns":3},{"damage":0,"enemies":"Snecko","floor":35,"turns":3},{"damage":46,"enemies":"downfall:Ironclad","floor":36,"turns":4}],"seed_played":"-1968258470265404868","potions_obtained":[{"floor":2.0,"key":"BottledMiracle"},{"floor":4.0,"key":"BlessingOfTheForge"},{"floor":8.0,"key":"sneckomod:MuddlingPotion"},{"floor":12.0,"key":"construct:ShiftPotion"},{"floor":13.0,"key":"FearPotion"},{"floor":15.0,"key":"champ:CounterPotion"},{"floor":19.0,"key":"Adrenaline Potion"},{"floor":34,"key":"Doom Potion"},{"floor":35,"key":"champ:CounterPotion"}],"is_trial":false,"path_per_floor":["R","M","?","M","PTL","PTL","M","M","M","T","R","E","M","?","M","R","$","M","B",null,"R_BF","M","?","M","$","R","T","R","?","AVR","T","R","M","E","M","B"],"character_chosen":"WATCHER","items_purchased":["Halt","infinitespire:Chaos","Lantern"],"campfire_rested":0,"item_purchase_floors":[17,17,25],"current_hp_per_floor":[79,79,79,78,78,78,77,67,60,60,60,47,47,47,47,47,47,47,11,79,79,79,79,69,69,69,69,69,69,69,69,69,66,46,46,0,0],"gold":105,"neow_bonus":"TEN_PERCENT_HP_BONUS","is_daily":false,"chose_seed":false,"campfire_upgraded":5,"win_rate":0.0,"timestamp":1610416213,"path_taken":["R","M","?","M","PTL","PTL","M","?","M","T","R","E","M","?","M","R","$","M","BOSS","R_BF","M","?","M","?","R","T","R","?","AVR","?","R","M","E","M","BOSS"],"items_purchased_type":["Card","Relic","Relic"],"build_version":"2020-12-22","purchased_purges":2,"victory":false,"max_hp_per_floor":[79,79,79,79,79,79,79,79,79,79,79,79,79,79,79,79,79,79,79,79,79,79,79,79,79,79,79,79,79,79,79,79,79,79,79,79,79],"relic_stats":{"Peace Pipe":1,"counters":[18,65],"obtain_stats":[{"Ice Cream":21,"Lantern":25,"conspire:RoyalGoblet":20,"Quantum Egg":12,"Counterbalance":27,"infinitespire:EmptyRelic":17,"hubris:FruitBowl":17,"infinitespire:Beetle Shell":10,"infinitespire:FocusingShard":34,"Peace Pipe":31,"hubris:Backtick":30,"Ring of Misfortune":17,"Replay:Bottled Flurry":17,"PureWater":0,"infinitespire:Chaos":17,"aspiration:DSix":30},{"Ice Cream":11,"Lantern":14,"conspire:RoyalGoblet":11,"Quantum Egg":6,"Counterbalance":14,"infinitespire:EmptyRelic":9,"hubris:FruitBowl":9,"infinitespire:Beetle Shell":5,"infinitespire:FocusingShard":16,"Peace Pipe":14,"hubris:Backtick":14,"Ring of Misfortune":9,"Replay:Bottled Flurry":9,"PureWater":0,"infinitespire:Chaos":9,"aspiration:DSix":14},{"Ice Cream":36,"Lantern":52,"conspire:RoyalGoblet":36,"Quantum Egg":20,"Counterbalance":52,"infinitespire:EmptyRelic":27,"hubris:FruitBowl":27,"infinitespire:Beetle Shell":14,"infinitespire:FocusingShard":58,"Peace Pipe":52,"hubris:Backtick":52,"Ring of Misfortune":27,"Replay:Bottled Flurry":27,"PureWater":0,"infinitespire:Chaos":27,"aspiration:DSix":52}]},"card_choices":[{"not_picked":["Evaluate","Replay:Vibes"],"picked":"FlyingSleeves","floor":2.0},{"not_picked":["Consecrate","EmptyMind"],"picked":"EmptyFist","floor":4.0},{"not_picked":["FlyingSleeves","CrushJoints"],"picked":"FlurryOfBlows","floor":7.0},{"not_picked":["WindmillStrike","Fasting2","CrushJoints"],"picked":"SKIP","floor":8.0},{"not_picked":["Sanctity","SashWhip"],"picked":"Tantrum","floor":9.0},{"not_picked":["Sanctity","EmptyFist"],"picked":"EmptyBody","floor":12.0},{"not_picked":["CrushJoints","Indignation"],"picked":"LikeWater","floor":13.0},{"not_picked":["Replay:DivineShield","Protect"],"picked":"Replay:Battleflow","floor":15.0},{"not_picked":["Replay:BluntJabs","CutThroughFate"],"picked":"FlurryOfBlows","floor":17.0},{"not_picked":["WheelKick","JustLucky"],"picked":"WaveOfTheHand","floor":18.0},{"not_picked":["Brilliance","MasterReality"],"picked":"Scrawl","floor":19.0},{"not_picked":["WindmillStrike","EmptyFist"],"picked":"Protect","floor":22.0},{"not_picked":["Halt","JustLucky"],"picked":"FollowUp","floor":24.0},{"not_picked":["Replay:LoomingThreat","EmptyMind"],"picked":"Replay:ManipulateFuture","floor":25.0},{"not_picked":["EmptyBody","WreathOfFlame+1"],"picked":"CutThroughFate","floor":33.0},{"not_picked":["EmptyFist","Swivel","Establishment"],"picked":"SKIP","floor":34},{"not_picked":["Replay:ManipulateFuture","EmptyFist"],"picked":"Protect","floor":35}],"player_experience":69509,"relics_obtained":[{"floor":10.0,"key":"infinitespire:Beetle Shell"},{"floor":12.0,"key":"Quantum Egg"},{"floor":21.0,"key":"Ice Cream"},{"floor":27.0,"key":"Counterbalance"},{"floor":31.0,"key":"Peace Pipe"},{"floor":34,"key":"infinitespire:FocusingShard"}],"event_choices":[{"damage_healed":0.0,"max_hp_gain":0.0,"max_hp_loss":0.0,"gold_gain":100.0,"event_name":"Golden Shrine","player_choice":"Pray","floor":3.0,"gold_loss":0.0,"damage_taken":0.0},{"damage_healed":0.0,"max_hp_gain":0.0,"max_hp_loss":0.0,"gold_gain":0.0,"cards_transformed":["Strike_P"],"event_name":"Transmorgrifier","player_choice":"Transformed","floor":14.0,"gold_loss":0.0,"damage_taken":0.0,"cards_obtained":["EmptyBody"]},{"damage_healed":0.0,"max_hp_gain":0.0,"max_hp_loss":0.0,"gold_gain":0.0,"event_name":"Duplicator","player_choice":"Copied","floor":23.0,"gold_loss":0.0,"damage_taken":0.0,"cards_obtained":["Replay:Battleflow"]},{"cards_removed":["Protect"],"damage_healed":0.0,"max_hp_gain":0.0,"max_hp_loss":0.0,"gold_gain":0.0,"event_name":"betterNote:BetterNote","player_choice":"Take \u0026 Give","floor":29.0,"gold_loss":0.0,"damage_taken":0.0,"cards_obtained":["ReplayTheSpireMod:Black Plague"]}],"is_beta":false,"boss_relics":[{"not_picked":["hubris:GrandSneckoEye","conspire:SeveredTorchhead"],"picked":"conspire:RoyalGoblet"}],"items_purged_floors":[17,30],"is_endless":false,"potions_floor_spawned":[2,4,8,12,13,15,19,34,35],"killed_by":"downfall:Ironclad","ascension_level":0}}