{"host":"jnjxzd6rarbui4j8","time":1610492014,"event":{"mods":["AchievementEnabler","BaseMod","Colored Map","Highlight Path","Minty Spire (QoL Compilation)","Relic Stats","StSLib"],"gold_per_floor":[119,133,148,158,208,208,218,249,249,282,282,76,104,4,4,81,81,92,92,112,138,149,149,149,161,161,186,23,56,56,91,91,166,166,179,198,1197,1210,1432,1432,1457,1457,1457,1468,1482,1531,1118,1137,1137,1137,1137],"floor_reached":50,"playtime":5956,"items_purged":["Strike_G","Strike_G","Normality"],"score":1350,"play_id":"e67e176e-6ab1-42dd-ad02-6b71f5a4aa35","local_time":"20210112175334","is_ascension_mode":true,"campfire_choices":[{"data":"Cloak And Dagger","floor":6.0,"key":"SMITH"},{"data":"Blade Dance","floor":11.0,"key":"SMITH"},{"data":"Blade Dance","floor":15.0,"key":"SMITH"},{"data":"After Image","floor":23.0,"key":"SMITH"},{"data":"Accuracy","floor":30.0,"key":"SMITH"},{"data":"Envenom","floor":32.0,"key":"SMITH"},{"data":"Catalyst","floor":40.0,"key":"SMITH"},{"floor":42.0,"key":"RECALL"},{"data":"Bouncing Flask","floor":49.0,"key":"SMITH"}],"circlet_count":0,"master_deck":["AscendersBane","Defend_G+1","Defend_G+1","Defend_G+1","Defend_G+1","Defend_G+1","Survivor","Neutralize","Well Laid Plans","PiercingWail","Sucker Punch","Cloak And Dagger+1","Blade Dance+1","Slice+1","After Image+1","Blade Dance+1","Blade Dance","Envenom+1","Grand Finale+1","Deflect+1","Backstab+1","Noxious Fumes","Blade Dance","Accuracy+1","Infinite Blades","Blade Dance+1","Accuracy","Blade Dance","Burst","Die Die Die+1","Footwork","Corpse Explosion","Catalyst+1","Backflip+1","Normality","Accuracy","Cloak And Dagger+1","Storm of Steel","Bouncing Flask+1"],"relics":["WristBlade","Singing Bowl","Eternal Feather","Ninja Scroll","Happy Flower","Astrolabe","Red Mask","Darkstone Periapt","Orrery","Whetstone","Blue Candle","Coffee Dripper","Unceasing Top","Girya","TungstenRod","Centennial Puzzle"],"acts_visited":["Exordium","TheCity","TheBeyond"],"potions_floor_usage":[50,50],"damage_taken":[{"damage":0.0,"enemies":"Small Slimes","floor":1.0,"turns":4.0},{"damage":1.0,"enemies":"Cultist","floor":2.0,"turns":4.0},{"damage":1.0,"enemies":"Jaw Worm","floor":3.0,"turns":5.0},{"damage":5.0,"enemies":"2 Fungi Beasts","floor":4.0,"turns":5.0},{"damage":0.0,"enemies":"Looter","floor":7.0,"turns":3.0},{"damage":25.0,"enemies":"Lagavulin","floor":8.0,"turns":5.0},{"damage":11.0,"enemies":"3 Sentries","floor":10.0,"turns":7.0},{"damage":0.0,"enemies":"Lagavulin","floor":13.0,"turns":4.0},{"damage":4.0,"enemies":"Slime Boss","floor":16.0,"turns":7.0},{"damage":0.0,"enemies":"Chosen","floor":18.0,"turns":3.0},{"damage":0.0,"enemies":"Spheric Guardian","floor":20.0,"turns":1.0},{"damage":7.0,"enemies":"Masked Bandits","floor":21.0,"turns":6.0},{"damage":0.0,"enemies":"Snake Plant","floor":22.0,"turns":3.0},{"damage":0.0,"enemies":"Chosen and Byrds","floor":25.0,"turns":5.0},{"damage":0.0,"enemies":"Slavers","floor":27.0,"turns":4.0},{"damage":27.0,"enemies":"Gremlin Leader","floor":29.0,"turns":6.0},{"damage":0.0,"enemies":"Slavers","floor":31.0,"turns":5.0},{"damage":27.0,"enemies":"Champ","floor":33.0,"turns":7.0},{"damage":0.0,"enemies":"3 Shapes","floor":35.0,"turns":6.0},{"damage":1.0,"enemies":"3 Darklings","floor":36.0,"turns":3.0},{"damage":14.0,"enemies":"Spire Growth","floor":38.0,"turns":3.0},{"damage":19.0,"enemies":"Reptomancer","floor":41.0,"turns":4.0},{"damage":10.0,"enemies":"Maw","floor":44.0,"turns":6.0},{"damage":19.0,"enemies":"Writhing Mass","floor":45.0,"turns":8.0},{"damage":15.0,"enemies":"2 Orb Walkers","floor":46.0,"turns":4.0},{"damage":0.0,"enemies":"Sphere and 2 Shapes","floor":48.0,"turns":5.0},{"damage":81,"enemies":"Time Eater","floor":50,"turns":9}],"seed_played":"-163254128695680431","potions_obtained":[{"floor":1.0,"key":"Fruit Juice"},{"floor":3.0,"key":"PowerPotion"},{"floor":10.0,"key":"Ancient Potion"},{"floor":21.0,"key":"Dexterity Potion"},{"floor":22.0,"key":"Poison Potion"},{"floor":27.0,"key":"LiquidMemories"},{"floor":31.0,"key":"Block Potion"},{"floor":33.0,"key":"DuplicationPotion"},{"floor":36.0,"key":"Strength Potion"},{"floor":46.0,"key":"AttackPotion"}],"is_trial":false,"path_per_floor":["M","M","M","M","?","R","M","E","T","E","R","$","E","$","R","B",null,"M","$","M","?","M","R","?","M","T","E","$","E","R","E","R","B",null,"M","M","?","M","?","R","E","R","T","M","M","?","$","M","R","B"],"character_chosen":"THE_SILENT","items_purchased":["Blade Dance","CunningPotion","Orrery","Centennial Puzzle","Storm of Steel","Dexterity Potion"],"campfire_rested":0,"item_purchase_floors":[12,12,28,47,47,47],"current_hp_per_floor":[59,58,57,52,52,52,52,27,27,16,28,33,33,33,45,41,64,64,64,64,57,59,71,71,71,71,73,73,48,66,66,77,50,70,70,69,81,69,69,90,71,91,91,83,64,51,51,51,72,0,0],"gold":1137,"neow_bonus":"BOSS_RELIC","is_daily":false,"chose_seed":false,"campfire_upgraded":8,"win_rate":0.0,"timestamp":1610492014,"path_taken":["M","M","M","M","?","R","M","E","T","E","R","$","E","?","R","BOSS","M","?","M","?","M","R","?","M","T","E","$","E","R","E","R","BOSS","M","M","?","M","?","R","E","R","T","M","M","?","$","M","R","BOSS"],"items_purchased_type":["Card","Potion","Relic","Relic","Card","Potion"],"build_version":"2020-12-22","purchased_purges":3,"victory":false,"max_hp_per_floor":[66,66,66,66,66,66,66,66,66,66,66,71,71,71,71,71,71,71,71,71,71,73,73,73,73,73,75,75,77,77,77,77,77,77,77,77,89,91,91,91,91,91,91,93,93,95,95,95,95,95,95],"relic_stats":{"Darkstone Periapt":12,"Centennial Puzzle":[3],"Singing Bowl":12,"Happy Flower":[31],"counters":[27,132],"Astrolabe":["Grand Finale","Deflect","Backstab"],"Blue Candle":[8],"Eternal Feather":127,"Whetstone":["Die Die Die","Slice"],"obtain_stats":[{"Darkstone Periapt":27,"Girya":43,"Singing Bowl":8,"Happy Flower":13,"Astrolabe":17,"Blue Candle":31,"Eternal Feather":9,"Whetstone":29,"Centennial Puzzle":47,"WristBlade":0,"Ninja Scroll":10,"Orrery":28,"Red Mask":21,"Coffee Dripper":34,"Unceasing Top":41,"TungstenRod":46,"Ring of the Snake":0},{"Darkstone Periapt":15,"Girya":22,"Singing Bowl":6,"Happy Flower":8,"Astrolabe":9,"Blue Candle":17,"Eternal Feather":6,"Whetstone":16,"Centennial Puzzle":25,"WristBlade":0,"Ninja Scroll":7,"Orrery":15,"Red Mask":12,"Coffee Dripper":18,"Unceasing Top":22,"TungstenRod":25,"Ring of the Snake":0},{"Darkstone Periapt":66,"Girya":100,"Singing Bowl":26,"Happy Flower":37,"Astrolabe":44,"Blue Candle":77,"Eternal Feather":26,"Whetstone":72,"Centennial Puzzle":118,"WristBlade":0,"Ninja Scroll":33,"Orrery":66,"Red Mask":54,"Coffee Dripper":84,"Unceasing Top":100,"TungstenRod":118,"Ring of the Snake":0}],"Unceasing Top":[21],"TungstenRod":6},"card_choices":[{"not_picked":["Poisoned Stab","Accuracy"],"picked":"Well Laid Plans","floor":1.0},{"not_picked":["Leg Sweep","Catalyst"],"picked":"PiercingWail","floor":2.0},{"not_picked":["Tactician","Setup"],"picked":"Sucker Punch","floor":3.0},{"not_picked":["Bane","Outmaneuver"],"picked":"Cloak And Dagger","floor":4.0},{"not_picked":["PiercingWail","Dagger Throw"],"picked":"Blade Dance","floor":7.0},{"not_picked":["Eviscerate","Escape Plan"],"picked":"Slice","floor":8.0},{"not_picked":["Leg Sweep","Crippling Poison"],"picked":"After Image","floor":10.0},{"not_picked":["Sucker Punch","Concentrate"],"picked":"Blade Dance","floor":13.0},{"not_picked":["Night Terror","Storm of Steel"],"picked":"Envenom","floor":16.0},{"not_picked":["Skewer","Expertise"],"picked":"Noxious Fumes","floor":18.0},{"not_picked":["Predator","Bane"],"picked":"Blade Dance","floor":20.0},{"not_picked":["Terror","Underhanded Strike"],"picked":"Accuracy","floor":21.0},{"not_picked":["Bane","Caltrops","Masterful Stab"],"picked":"Singing Bowl","floor":22.0},{"not_picked":["Cloak And Dagger","Slice"],"picked":"Infinite Blades","floor":25.0},{"not_picked":["Slice","Eviscerate","Setup"],"picked":"Singing Bowl","floor":27.0},{"not_picked":["Riddle With Holes","Bane"],"picked":"Blade Dance+1","floor":28.0},{"not_picked":["Dagger Throw","Outmaneuver"],"picked":"Accuracy","floor":28.0},{"not_picked":["Bane","Crippling Poison"],"picked":"Blade Dance","floor":28.0},{"not_picked":["Caltrops","Tactician"],"picked":"Burst","floor":28.0},{"not_picked":["Outmaneuver","Deflect"],"picked":"Die Die Die","floor":28.0},{"not_picked":["Sucker Punch+1","Backflip","Heel Hook"],"picked":"Singing Bowl","floor":29.0},{"not_picked":["Setup","Endless Agony"],"picked":"Footwork","floor":31.0},{"not_picked":["Die Die Die","Venomology"],"picked":"Corpse Explosion","floor":33.0},{"not_picked":["Escape Plan+1","Deadly Poison"],"picked":"Catalyst","floor":35.0},{"not_picked":["Flying Knee+1","Deflect+1"],"picked":"Backflip+1","floor":36.0},{"not_picked":["Skewer","Endless Agony","Deadly Poison"],"picked":"Singing Bowl","floor":38.0},{"not_picked":["Grand Finale","PiercingWail"],"picked":"Accuracy","floor":41.0},{"not_picked":["Quick Slash","Caltrops","Dagger Throw"],"picked":"Singing Bowl","floor":44.0},{"not_picked":["Blade Dance","Slice"],"picked":"Cloak And Dagger+1","floor":45.0},{"not_picked":["Flying Knee","Poisoned Stab+1","Endless Agony"],"picked":"Singing Bowl","floor":46.0},{"not_picked":["Footwork","Dagger Throw"],"picked":"Bouncing Flask","floor":48.0}],"player_experience":2413348,"relics_obtained":[{"floor":8.0,"key":"Singing Bowl"},{"floor":9.0,"key":"Eternal Feather"},{"floor":10.0,"key":"Ninja Scroll"},{"floor":13.0,"key":"Happy Flower"},{"floor":21.0,"key":"Red Mask"},{"floor":27.0,"key":"Darkstone Periapt"},{"floor":29.0,"key":"Whetstone"},{"floor":31.0,"key":"Blue Candle"},{"floor":41.0,"key":"Unceasing Top"},{"floor":43.0,"key":"Girya"},{"floor":46.0,"key":"TungstenRod"}],"event_choices":[{"damage_healed":0.0,"max_hp_gain":0.0,"max_hp_loss":0.0,"gold_gain":50.0,"event_name":"Golden Shrine","player_choice":"Pray","floor":5.0,"gold_loss":0.0,"damage_taken":0.0},{"damage_healed":0.0,"max_hp_gain":0.0,"max_hp_loss":0.0,"gold_gain":0.0,"event_name":"Masked Bandits","player_choice":"Fought Bandits","floor":21.0,"gold_loss":0.0,"damage_taken":0.0},{"damage_healed":0.0,"max_hp_gain":0.0,"max_hp_loss":0.0,"gold_gain":0.0,"event_name":"Back to Basics","player_choice":"Simplicity","floor":24.0,"gold_loss":0.0,"damage_taken":0.0,"cards_upgraded":["Defend_G","Defend_G","Defend_G","Defend_G","Defend_G"]},{"damage_healed":0.0,"max_hp_gain":0.0,"max_hp_loss":0.0,"gold_gain":999.0,"event_name":"MindBloom","player_choice":"Gold","floor":37.0,"gold_loss":0.0,"damage_taken":0.0,"cards_obtained":["Normality","Normality"]},{"damage_healed":0.0,"max_hp_gain":0.0,"max_hp_loss":0.0,"gold_gain":222.0,"event_name":"Tomb of Lord Red Mask","player_choice":"Wore Mask","floor":39.0,"gold_loss":0.0,"damage_taken":0.0},{"damage_healed":0.0,"max_hp_gain":0.0,"max_hp_loss":0.0,"gold_gain":0.0,"event_name":"Mysterious Sphere","player_choice":"Fight","floor":46.0,"gold_loss":0.0,"damage_taken":0.0}],"is_beta":false,"boss_relics":[{"not_picked":["Busted Crown","Tiny House"],"picked":"Astrolabe"},{"not_picked":["SacredBark","Velvet Choker"],"picked":"Coffee Dripper"}],"items_purged_floors":[12,14,47],"is_endless":false,"potions_floor_spawned":[1,3,10,21,22,25,27,31,33,36,38,46,48],"killed_by":"Time Eater","ascension_level":20}}