{"host":"oiw60b5ins9fyx34","time":1610458489,"event":{"mods":["BaseMod","Colored Map","Colored Powertips","Minty Spire (QoL Compilation)","Permanent Neow","Quick Restart","Rare Cards Sparkle","Relic Stats","StSLib"],"gold_per_floor":[117,42,42,42,55,55,88,108,155,155,35,55,55,55,55,154,154,173,192,203,219,236,261,261,287,287,320,331,331,342,357,357,458,458,473,485,395,409,459,474,113,128,128,128,143,143,175,185,185,185,185,185,24,59,59],"floor_reached":56,"playtime":3127,"items_purged":["Strike_R","Strike_R","Strike_R"],"score":1417,"play_id":"0c2ec127-649a-497d-9a01-ba8410791817","local_time":"20210112223449","is_ascension_mode":true,"campfire_choices":[{"data":"Bash","floor":6,"key":"SMITH"},{"data":"Whirlwind","floor":13,"key":"SMITH"},{"floor":15,"key":"REST"},{"floor":24,"key":"REST"},{"floor":32,"key":"REST"},{"data":"Limit Break","floor":44,"key":"SMITH"},{"data":"Double Tap","floor":46,"key":"SMITH"},{"floor":49,"key":"RECALL"},{"data":"Heavy Blade","floor":52,"key":"SMITH"}],"circlet_count":0,"master_deck":["Strike_R+1","Defend_R","Defend_R","Defend_R+1","Defend_R+1","Bash+1","Twin Strike","Hemokinesis","Fiend Fire","Inflame+1","Whirlwind+1","Power Through","Feed","Thunderclap+1","Burning Pact","Spot Weakness","Limit Break+1","Shrug It Off","Heavy Blade+1","True Grit+1","Ghostly Armor+1","Clothesline","Double Tap+1","Spot Weakness","Shrug It Off+1","Battle Trance","Inflame","Shrug It Off+1","Ghostly Armor","Uppercut+1"],"relics":["Black Star","Toy Ornithopter","TungstenRod","Self Forming Clay","Philosopher\u0027s Stone","Omamori","FossilizedHelix","Letter Opener","Lantern","Nunchaku","Thread and Needle","Pocketwatch","Runic Cube","Bird Faced Urn","ClockworkSouvenir","Bottled Tornado","Mummified Hand","MealTicket","Ornamental Fan","Blood Vial"],"acts_visited":["Exordium","TheCity","TheBeyond","TheEnding"],"potions_floor_usage":[7,12,18,23,25,27,31,42,50,55,55],"damage_taken":[{"damage":13,"enemies":"Jaw Worm","floor":1,"turns":5},{"damage":6,"enemies":"2 Louse","floor":5,"turns":2},{"damage":21,"enemies":"Lagavulin","floor":7,"turns":5},{"damage":1,"enemies":"Cultist","floor":8,"turns":3},{"damage":1,"enemies":"Large Slime","floor":12,"turns":3},{"damage":1,"enemies":"Slime Boss","floor":16,"turns":4},{"damage":1,"enemies":"Shell Parasite","floor":18,"turns":1},{"damage":1,"enemies":"Chosen","floor":19,"turns":3},{"damage":14,"enemies":"Snecko","floor":20,"turns":4},{"damage":17,"enemies":"Cultist and Chosen","floor":21,"turns":6},{"damage":8,"enemies":"Chosen and Byrds","floor":22,"turns":6},{"damage":18,"enemies":"Slavers","floor":23,"turns":4},{"damage":16,"enemies":"Gremlin Leader","floor":25,"turns":6},{"damage":7,"enemies":"Slavers","floor":27,"turns":3},{"damage":11,"enemies":"Shelled Parasite and Fungi","floor":28,"turns":4},{"damage":0,"enemies":"Centurion and Healer","floor":30,"turns":3},{"damage":11,"enemies":"Sentry and Sphere","floor":31,"turns":4},{"damage":63,"enemies":"Collector","floor":33,"turns":9},{"damage":0,"enemies":"3 Darklings","floor":35,"turns":4},{"damage":0,"enemies":"Orb Walker","floor":36,"turns":3},{"damage":0,"enemies":"Sphere and 2 Shapes","floor":38,"turns":2},{"damage":0,"enemies":"Mind Bloom Boss Battle","floor":39,"turns":7},{"damage":9,"enemies":"4 Shapes","floor":40,"turns":1},{"damage":0,"enemies":"Jaw Worm Horde","floor":42,"turns":2},{"damage":33,"enemies":"Writhing Mass","floor":45,"turns":6},{"damage":15,"enemies":"Giant Head","floor":47,"turns":6},{"damage":16,"enemies":"Sphere and 2 Shapes","floor":48,"turns":5},{"damage":29,"enemies":"Donu and Deca","floor":50,"turns":8},{"damage":33,"enemies":"Shield and Spear","floor":54,"turns":4},{"damage":55,"enemies":"The Heart","floor":55,"turns":8}],"seed_played":"6112258194499279564","potions_obtained":[{"floor":5,"key":"Energy Potion"},{"floor":16,"key":"SneckoOil"},{"floor":20,"key":"Weak Potion"},{"floor":21,"key":"Ancient Potion"},{"floor":22,"key":"SkillPotion"},{"floor":25,"key":"Fire Potion"},{"floor":30,"key":"DuplicationPotion"},{"floor":33,"key":"Dexterity Potion"},{"floor":36,"key":"Strength Potion"},{"floor":45,"key":"HeartOfIron"},{"floor":48,"key":"Block Potion"}],"is_trial":false,"path_per_floor":["M","$","?","?","M","R","E","M","T","?","$","M","R","$","R","B",null,"M","M","M","M","M","E","R","E","T","E","M","?","M","M","R","B",null,"M","M","?","M","?","M","$","M","T","R","M","R","E","M","R","B",null,"R","$","E","B",null],"character_chosen":"IRONCLAD","items_purchased":["Whirlwind","SkillPotion","Battle Trance","Inflame","ClockworkSouvenir","Ghostly Armor"],"campfire_rested":3,"item_purchase_floors":[11,11,41,41,41,53],"current_hp_per_floor":[67,67,64,48,42,42,26,25,25,25,25,29,29,29,53,52,80,79,78,64,50,45,35,61,53,53,54,46,46,49,43,73,13,104,104,104,104,104,104,95,95,100,100,100,71,71,60,49,49,32,110,110,110,77,38],"gold":59,"neow_bonus":"BOSS_RELIC","is_daily":false,"chose_seed":false,"campfire_upgraded":5,"win_rate":0.0,"timestamp":1610458489,"path_taken":["M","$","?","?","M","R","E","M","T","?","$","M","R","$","R","BOSS","M","M","M","M","?","E","R","E","T","E","M","?","M","M","R","BOSS","M","M","?","?","?","M","$","M","T","R","M","R","E","M","R","BOSS","R","$","E","BOSS"],"items_purchased_type":["Card","Potion","Card","Card","Relic","Card"],"build_version":"2020-12-22","purchased_purges":3,"victory":true,"max_hp_per_floor":[80,80,80,80,80,80,80,80,80,80,80,80,80,80,80,80,80,80,80,80,83,86,89,89,92,92,95,98,98,101,101,101,104,104,104,104,104,104,104,104,104,104,104,104,104,104,104,107,107,110,110,110,110,110,110],"relic_stats":{"counters":[30,131],"Self Forming Clay":[189],"Letter Opener":[155],"Blood Vial":2,"Nunchaku":[12],"Mummified Hand":[7],"Ornamental Fan":[0],"Bird Faced Urn":[18],"MealTicket":0,"Black Star":6,"obtain_stats":[{"Lantern":25,"Self Forming Clay":7,"Thread and Needle":27,"Omamori":23,"Letter Opener":25,"Bottled Tornado":43,"Burning Blood":0,"ClockworkSouvenir":41,"Blood Vial":54,"Nunchaku":26,"Mummified Hand":47,"Ornamental Fan":54,"Bird Faced Urn":39,"Philosopher\u0027s Stone":17,"MealTicket":47,"Black Star":0,"Toy Ornithopter":3,"TungstenRod":7,"FossilizedHelix":23,"Pocketwatch":27,"Runic Cube":34},{"Lantern":13,"Self Forming Clay":3,"Thread and Needle":14,"Omamori":12,"Letter Opener":13,"Bottled Tornado":24,"Burning Blood":0,"ClockworkSouvenir":23,"Blood Vial":29,"Nunchaku":13,"Mummified Hand":26,"Ornamental Fan":29,"Bird Faced Urn":22,"Philosopher\u0027s Stone":6,"MealTicket":26,"Black Star":0,"Toy Ornithopter":1,"TungstenRod":3,"FossilizedHelix":12,"Pocketwatch":14,"Runic Cube":18},{"Lantern":52,"Self Forming Clay":12,"Thread and Needle":55,"Omamori":46,"Letter Opener":52,"Bottled Tornado":94,"Burning Blood":0,"ClockworkSouvenir":92,"Blood Vial":123,"Nunchaku":52,"Mummified Hand":106,"Ornamental Fan":123,"Bird Faced Urn":91,"Philosopher\u0027s Stone":22,"MealTicket":106,"Black Star":0,"Toy Ornithopter":5,"TungstenRod":12,"FossilizedHelix":46,"Pocketwatch":55,"Runic Cube":75}],"Toy Ornithopter":50,"TungstenRod":75,"Pocketwatch":[54],"Runic Cube":[36]},"card_choices":[{"not_picked":["Warcry","Body Slam"],"picked":"Twin Strike","floor":1},{"not_picked":["Wild Strike","Feel No Pain"],"picked":"Hemokinesis","floor":5},{"not_picked":["True Grit","Clash"],"picked":"Fiend Fire","floor":7},{"not_picked":["Power Through","Perfected Strike"],"picked":"Inflame","floor":8},{"not_picked":["Fire Breathing","Wild Strike"],"picked":"Power Through","floor":12},{"not_picked":["Exhume","Double Tap"],"picked":"Feed","floor":16},{"not_picked":["Pommel Strike","Twin Strike+1","Rage"],"picked":"SKIP","floor":18},{"not_picked":["Sword Boomerang","Second Wind"],"picked":"Thunderclap+1","floor":19},{"not_picked":["Heavy Blade","Cleave"],"picked":"Burning Pact","floor":20},{"not_picked":["Power Through","True Grit+1"],"picked":"Spot Weakness","floor":21},{"not_picked":["Cleave","Reckless Charge"],"picked":"Limit Break","floor":22},{"not_picked":["Whirlwind+1","Bludgeon"],"picked":"Shrug It Off","floor":23},{"not_picked":["Metallicize","Headbutt"],"picked":"Heavy Blade","floor":25},{"not_picked":["Warcry","Seeing Red"],"picked":"True Grit+1","floor":27},{"not_picked":["Reckless Charge+1","Body Slam","Pommel Strike"],"picked":"SKIP","floor":28},{"not_picked":["Wild Strike","Sword Boomerang+1"],"picked":"Ghostly Armor+1","floor":30},{"not_picked":["Sword Boomerang+1","Cleave"],"picked":"Clothesline","floor":31},{"not_picked":["Demon Form","Corruption"],"picked":"Double Tap","floor":33},{"not_picked":["Heavy Blade","Intimidate"],"picked":"Spot Weakness","floor":35},{"not_picked":["Perfected Strike+1","Sword Boomerang+1","True Grit+1"],"picked":"SKIP","floor":36},{"not_picked":["Wild Strike","Infernal Blade","Hemokinesis"],"picked":"SKIP","floor":38},{"not_picked":["Twin Strike+1","Iron Wave+1"],"picked":"Shrug It Off+1","floor":39},{"not_picked":["Clash+1","Heavy Blade","Body Slam+1"],"picked":"SKIP","floor":40},{"not_picked":["Wild Strike","Flex+1","Spot Weakness+1"],"picked":"SKIP","floor":42},{"not_picked":["Cleave","Bloodletting","Havoc"],"picked":"SKIP","floor":45},{"not_picked":["Body Slam","Fire Breathing+1"],"picked":"Shrug It Off+1","floor":47},{"not_picked":["Armaments","True Grit+1","Fiend Fire"],"picked":"SKIP","floor":48},{"not_picked":["Wild Strike","Perfected Strike+1"],"picked":"Uppercut+1","floor":54}],"player_experience":633606,"relics_obtained":[{"floor":7,"key":"TungstenRod"},{"floor":7,"key":"Self Forming Clay"},{"floor":23,"key":"Omamori"},{"floor":23,"key":"FossilizedHelix"},{"floor":25,"key":"Letter Opener"},{"floor":25,"key":"Lantern"},{"floor":26,"key":"Nunchaku"},{"floor":27,"key":"Thread and Needle"},{"floor":27,"key":"Pocketwatch"},{"floor":39,"key":"Bird Faced Urn"},{"floor":43,"key":"Bottled Tornado"},{"floor":47,"key":"Mummified Hand"},{"floor":47,"key":"MealTicket"},{"floor":54,"key":"Ornamental Fan"},{"floor":54,"key":"Blood Vial"}],"event_choices":[{"damage_healed":0,"gold_gain":0,"player_choice":"Success","damage_taken":3,"relics_obtained":["Toy Ornithopter"],"max_hp_gain":0,"max_hp_loss":0,"event_name":"Scrap Ooze","floor":3,"gold_loss":0},{"damage_healed":0,"gold_gain":0,"player_choice":"Entered Light","damage_taken":16,"max_hp_gain":0,"max_hp_loss":0,"event_name":"Shining Light","floor":4,"gold_loss":0,"cards_upgraded":["Defend_R","Defend_R"]},{"damage_healed":0,"gold_gain":0,"player_choice":"Upgraded","damage_taken":0,"max_hp_gain":0,"max_hp_loss":0,"event_name":"Upgrade Shrine","floor":10,"gold_loss":0,"cards_upgraded":["Inflame"]},{"damage_healed":0,"gold_gain":0,"player_choice":"Ignored","damage_taken":0,"max_hp_gain":0,"max_hp_loss":0,"event_name":"Cursed Tome","floor":29,"gold_loss":0},{"cards_removed":["Strike_R"],"damage_healed":0,"gold_gain":0,"player_choice":"Upgrade and Remove","damage_taken":0,"max_hp_gain":0,"max_hp_loss":0,"event_name":"Designer","floor":37,"gold_loss":90,"cards_upgraded":["Strike_R"]},{"damage_healed":0,"gold_gain":0,"player_choice":"Fight","damage_taken":0,"max_hp_gain":0,"max_hp_loss":0,"event_name":"MindBloom","floor":39,"gold_loss":0}],"is_beta":false,"boss_relics":[{"not_picked":["Calling Bell","Empty Cage"],"picked":"Philosopher\u0027s Stone"},{"not_picked":["SacredBark","Mark of Pain"],"picked":"Runic Cube"}],"items_purged_floors":[2,41,53],"is_endless":false,"potions_floor_spawned":[5,16,20,21,22,25,30,33,36,39,45,48],"ascension_level":2}}