{"host":"4cz9gr89nglr7k8k","time":1610483452,"event":{"mods":["BaseMod","Minty Spire (QoL Compilation)","Relic Stats","Slay-I"],"gold_per_floor":[110,54,54,19,19,19,51,51,96,112,129,129,159,176,176,255,255,272,75,75,34,44,76,76,93,168,194,194,206,206,221,221,221,221],"floor_reached":33,"language":"DEU","playtime":1074,"items_purged":[],"score":526,"play_id":"827fa299-98f5-4883-8c93-c4f3bf96eeff","local_time":"20210112213052","is_ascension_mode":true,"campfire_choices":[{"data":"Cleave","floor":6,"key":"SMITH"},{"data":"Ghostly Armor","floor":8,"key":"SMITH"},{"data":"Carnage","floor":12,"key":"SMITH"},{"floor":15,"key":"REST"},{"floor":24,"key":"REST"},{"data":"Metallicize","floor":30,"key":"SMITH"},{"data":"Bludgeon","floor":32,"key":"SMITH"}],"circlet_count":0,"master_deck":["AscendersBane","Strike_R+1","Strike_R","Strike_R","Strike_R","Strike_R","Defend_R","Defend_R","Defend_R","Defend_R","Bash+1","Perfected Strike+1","Cleave+1","Ghostly Armor+1","Carnage+1","Havoc","Iron Wave","Bludgeon+1","Rage+1","Whirlwind","Bash+1","Metallicize+1","Anger","Infernal Blade","Uppercut+1","Pain","Parasite","Flex","Rampage"],"relics":["Burning Blood","Whetstone","Happy Flower","Cursed Key","DollysMirror","Bottled Tornado","Eternal Feather","Nunchaku","TungstenRod"],"acts_visited":["Exordium","TheCity"],"potions_floor_usage":[23,33,33],"damage_taken":[{"damage":10,"enemies":"2 Louse","floor":1,"turns":3},{"damage":8,"enemies":"Gremlin Nob","floor":7,"turns":3},{"damage":0,"enemies":"Cultist","floor":10,"turns":3},{"damage":0,"enemies":"Small Slimes","floor":11,"turns":3},{"damage":24,"enemies":"The Mushroom Lair","floor":13,"turns":4},{"damage":14,"enemies":"3 Louse","floor":14,"turns":2},{"damage":52,"enemies":"The Guardian","floor":16,"turns":7},{"damage":27,"enemies":"Shell Parasite","floor":18,"turns":4},{"damage":8,"enemies":"Spheric Guardian","floor":22,"turns":3},{"damage":45,"enemies":"Gremlin Leader","floor":23,"turns":6},{"damage":15,"enemies":"Snecko","floor":25,"turns":3},{"damage":6,"enemies":"Sentry and Sphere","floor":29,"turns":4},{"damage":18,"enemies":"Chosen and Byrds","floor":31,"turns":5},{"damage":110,"enemies":"Champ","floor":33,"turns":10}],"seed_played":"134422624172942466","potions_obtained":[{"floor":7,"key":"GamblersBrew"},{"floor":11,"key":"LiquidMemories"},{"floor":22,"key":"Regen Potion"},{"floor":23,"key":"SkillPotion"},{"floor":29,"key":"Dexterity Potion"}],"is_trial":false,"path_per_floor":["M","$","?","?","$","R","E","R","T","M","M","R","?","M","R","B",null,"M","$","?","$","M","E","R","M","T","T","?","M","R","M","R","B"],"character_chosen":"IRONCLAD","items_purchased":["Cleave","Whirlwind","DollysMirror","Metallicize"],"campfire_rested":2,"item_purchase_floors":[2,19,19,21],"current_hp_per_floor":[60,60,60,82,82,82,80,80,80,86,89,89,71,63,89,43,78,57,57,89,89,87,48,74,65,65,65,65,65,80,68,83,0,0],"gold":221,"neow_bonus":"TWENTY_PERCENT_HP_BONUS","is_daily":false,"chose_seed":false,"campfire_upgraded":5,"win_rate":0.0,"timestamp":1610483452,"path_taken":["M","$","?","?","$","R","E","R","T","M","M","R","?","M","R","BOSS","M","$","?","$","?","E","R","M","T","?","?","M","R","?","R","BOSS"],"items_purchased_type":["Card","Card","Relic","Card"],"build_version":"2020-12-22","purchased_purges":0,"victory":false,"max_hp_per_floor":[89,89,89,89,89,89,89,89,89,89,89,89,89,89,89,89,89,89,89,89,89,89,89,89,89,89,89,89,89,89,89,89,89,89],"relic_stats":{"Nunchaku":[4],"Happy Flower":[18],"counters":[14,60],"Eternal Feather":30,"Whetstone":["Bash","Strike_R"],"Cursed Key":2,"obtain_stats":[{"Nunchaku":27,"Happy Flower":9,"DollysMirror":19,"Eternal Feather":26,"Whetstone":7,"Bottled Tornado":23,"Cursed Key":17,"Burning Blood":0,"TungstenRod":28},{"Nunchaku":11,"Happy Flower":2,"DollysMirror":8,"Eternal Feather":11,"Whetstone":2,"Bottled Tornado":10,"Cursed Key":7,"Burning Blood":0,"TungstenRod":11},{"Nunchaku":41,"Happy Flower":6,"DollysMirror":29,"Eternal Feather":41,"Whetstone":6,"Bottled Tornado":38,"Cursed Key":25,"Burning Blood":0,"TungstenRod":41}],"Burning Blood":75,"TungstenRod":18},"card_choices":[{"not_picked":["Pommel Strike","Armaments"],"picked":"Perfected Strike","floor":1},{"not_picked":["Warcry","Heavy Blade"],"picked":"Ghostly Armor","floor":7},{"not_picked":["Warcry","Headbutt"],"picked":"Carnage","floor":10},{"not_picked":["Heavy Blade","True Grit"],"picked":"Havoc","floor":11},{"not_picked":["Pummel","Body Slam"],"picked":"Iron Wave","floor":13},{"not_picked":["Rampage","Sword Boomerang"],"picked":"Infernal Blade","floor":14},{"not_picked":["Exhume","Juggernaut"],"picked":"Bludgeon","floor":16},{"not_picked":["Dual Wield","Pommel Strike+1"],"picked":"Rage+1","floor":18},{"not_picked":["Cleave","Twin Strike+1"],"picked":"Anger","floor":22},{"not_picked":["Cleave","Warcry"],"picked":"Infernal Blade","floor":23},{"not_picked":["Anger+1","Sentinel"],"picked":"Uppercut+1","floor":25},{"not_picked":["Offering","Perfected Strike"],"picked":"Flex","floor":29},{"not_picked":["Havoc","Thunderclap"],"picked":"Rampage","floor":31}],"player_experience":1492980,"relics_obtained":[{"floor":7,"key":"Whetstone"},{"floor":9,"key":"Happy Flower"},{"floor":23,"key":"Bottled Tornado"},{"floor":26,"key":"Eternal Feather"},{"floor":27,"key":"Nunchaku"}],"event_choices":[{"damage_healed":0,"gold_gain":0,"player_choice":"Grow","damage_taken":0,"max_hp_gain":0,"max_hp_loss":0,"event_name":"Living Wall","floor":3,"gold_loss":0,"cards_upgraded":["Perfected Strike"]},{"damage_healed":22,"gold_gain":0,"player_choice":"Healed","damage_taken":0,"max_hp_gain":0,"max_hp_loss":0,"event_name":"The Cleric","floor":4,"gold_loss":35},{"damage_healed":0,"gold_gain":0,"player_choice":"Fought Mushrooms","damage_taken":0,"max_hp_gain":0,"max_hp_loss":0,"event_name":"Mushrooms","floor":13,"gold_loss":0},{"cards_removed":["Infernal Blade"],"damage_healed":32,"gold_gain":0,"player_choice":"Offered Uncommon","damage_taken":0,"max_hp_gain":0,"max_hp_loss":0,"event_name":"Bonfire Elementals","floor":20,"gold_loss":0},{"damage_healed":0,"gold_gain":0,"player_choice":"Gave Potion","damage_taken":0,"relics_obtained":["TungstenRod"],"max_hp_gain":0,"max_hp_loss":0,"event_name":"WeMeetAgain","floor":28,"gold_loss":0}],"is_beta":false,"boss_relics":[{"not_picked":["Astrolabe","Mark of Pain"],"picked":"Cursed Key"}],"items_purged_floors":[],"is_endless":false,"potions_floor_spawned":[7,11,16,22,23,25,29],"killed_by":"Champ","ascension_level":20}}