{"host":"Timothy","time":1610446293,"event":{"mods":["AchievementEnabler","BaseMod","Bestiary","Highlight Path","Minty Spire (QoL Compilation)","Quick Restart","Slay-I"],"gold_per_floor":[114,129,144,159,126,126,126,156,156,67,82,112,127,142,142,242,242,257,257,282,312,62,62,77,92,92,92,122,137,167,182,182,282,282,309,371,398,410,452,494,506,533,545,587,599,626,668,695,707,719],"floor_reached":51,"playtime":2101,"items_purged":[],"score":1514,"play_id":"59f089c2-b33d-47a4-b070-ace71479a473","local_time":"20210112021133","daily_mods":["Cursed Run","Hoarder","DeadlyEvents"],"is_ascension_mode":false,"campfire_choices":[{"data":"Eruption","floor":6,"key":"SMITH"},{"data":"Study","floor":15,"key":"SMITH"},{"data":"BattleHymn","floor":23,"key":"SMITH"},{"data":"BattleHymn","floor":32,"key":"SMITH"},{"data":"Evaluate","floor":41,"key":"SMITH"},{"data":"Evaluate","floor":49,"key":"SMITH"}],"circlet_count":0,"master_deck":["Strike_P","Strike_P","Strike_P","Strike_P","Defend_P","Defend_P","Defend_P","Defend_P","Eruption+1","Vigilance+1","Evaluate+1","Evaluate+1","Evaluate","Study+1","Study","Study","CutThroughFate","CutThroughFate","CutThroughFate","BattleHymn+1","BattleHymn","BattleHymn+1","Injury","Injury","Injury","FlurryOfBlows","FlurryOfBlows","FlurryOfBlows","Weave","Weave","Weave","Prostrate","Prostrate+1","Prostrate","Clumsy","Clumsy","Clumsy","Devotion+1","Devotion+1","Devotion+1","Consecrate+1","Consecrate+1","Consecrate+1","Shame","Shame","Shame","Injury","Injury","Injury","ThirdEye","ThirdEye","ThirdEye","Perseverance+1","Perseverance+1","Perseverance+1","Prostrate+1","Prostrate+1","Prostrate+1","Parasite","Parasite","Parasite","Evaluate","Evaluate","Evaluate","DeceiveReality","DeceiveReality","Study+1","Study+1","Study+1","Sanctity","Sanctity","Sanctity","ThirdEye","ThirdEye","ThirdEye","Parasite","Parasite","Parasite","Ragnarok","Ragnarok","Ragnarok","CurseOfTheBell","CurseOfTheBell","CurseOfTheBell","Mind Blast","Mind Blast","Mind Blast","Crescendo+1","Crescendo+1","Crescendo+1","Normality","Normality","Normality","Perseverance+1","Perseverance+1","Perseverance+1","DeceiveReality+1","DeceiveReality+1","DeceiveReality+1","Pain","Pain","Pain"],"relics":["Cursed Key","Darkstone Periapt","Du-Vu Doll","Frozen Egg 2","GoldenEye","Orichalcum","Calipers","Sozu","Pen Nib","Akabeko","Ornamental Fan","Eternal Feather","War Paint","Vajra","Centennial Puzzle","Calling Bell","MawBank","Pear","Lizard Tail","Torii","Strawberry","Damaru","Ginger","Question Card","MealTicket"],"acts_visited":["Exordium","TheCity","TheBeyond"],"potions_floor_usage":[12,16,16],"damage_taken":[{"damage":0.0,"enemies":"Cultist","floor":1.0,"turns":2.0},{"damage":0.0,"enemies":"2 Louse","floor":2.0,"turns":2.0},{"damage":0,"enemies":"Jaw Worm","floor":3,"turns":4},{"damage":0,"enemies":"Looter","floor":4,"turns":3},{"damage":0,"enemies":"Lagavulin","floor":8,"turns":3},{"damage":2,"enemies":"Gremlin Gang","floor":11,"turns":3},{"damage":10,"enemies":"Gremlin Nob","floor":12,"turns":4},{"damage":5,"enemies":"Large Slime","floor":13,"turns":4},{"damage":5,"enemies":"Red Slaver","floor":14,"turns":2},{"damage":11,"enemies":"Hexaghost","floor":16,"turns":7},{"damage":14,"enemies":"2 Thieves","floor":18,"turns":2},{"damage":23,"enemies":"Gremlin Leader","floor":21,"turns":4},{"damage":0,"enemies":"Chosen","floor":24,"turns":2},{"damage":4,"enemies":"3 Cultists","floor":25,"turns":4},{"damage":6,"enemies":"Book of Stabbing","floor":28,"turns":3},{"damage":0,"enemies":"Cultist and Chosen","floor":29,"turns":3},{"damage":18,"enemies":"Slavers","floor":30,"turns":2},{"damage":0,"enemies":"Sentry and Sphere","floor":31,"turns":2},{"damage":0,"enemies":"Champ","floor":33,"turns":3},{"damage":5,"enemies":"3 Darklings","floor":35,"turns":2},{"damage":0,"enemies":"Mind Bloom Boss Battle","floor":36,"turns":2},{"damage":0,"enemies":"3 Shapes","floor":37,"turns":2},{"damage":0,"enemies":"Giant Head","floor":39,"turns":4},{"damage":0,"enemies":"Reptomancer","floor":40,"turns":1},{"damage":0,"enemies":"Jaw Worm Horde","floor":42,"turns":2},{"damage":7,"enemies":"Giant Head","floor":44,"turns":4},{"damage":1,"enemies":"4 Shapes","floor":46,"turns":2},{"damage":0,"enemies":"Reptomancer","floor":47,"turns":1},{"damage":0,"enemies":"3 Darklings","floor":48,"turns":2},{"damage":20,"enemies":"Time Eater","floor":50,"turns":2}],"seed_played":"-5514344210177769252","potions_obtained":[{"floor":1.0,"key":"GamblersBrew"},{"floor":3,"key":"Block Potion"},{"floor":8,"key":"GamblersBrew"},{"floor":12,"key":"EssenceOfSteel"},{"floor":14,"key":"SkillPotion"}],"is_trial":false,"path_per_floor":["M","M","M","M","$","R","?","E","T","$","M","E","M","M","R","B",null,"M","?","T","E","$","R","M","M","T","?","E","M","E","M","R","B",null,"M","?","M","?","E","E","R","M","T","E","?","M","E","M","R","B",null],"character_chosen":"WATCHER","items_purchased":["BattleHymn","FlurryOfBlows","Weave","Eternal Feather"],"campfire_rested":0,"item_purchase_floors":[5,10,10,22],"current_hp_per_floor":[72,72,72,72,72,72,69,69,87,87,85,75,70,65,65,72,108,94,112,130,107,107,137,137,133,151,151,145,145,127,127,162,180,208,203,203,203,203,210,210,215,215,233,226,226,225,225,225,233,231],"gold":731,"neow_bonus":"","is_daily":true,"chose_seed":false,"campfire_upgraded":6,"win_rate":0.0,"timestamp":1610446293,"path_taken":["M","?","M","M","$","R","?","?","T","?","M","?","?","M","R","BOSS","M","?","?","?","$","R","?","M","T","?","?","M","E","M","R","BOSS","M","?","M","?","?","E","R","?","T","E","?","?","?","M","R","BOSS"],"items_purchased_type":["Card","Card","Card","Relic"],"build_version":"2020-12-18","purchased_purges":0,"victory":true,"max_hp_per_floor":[72,72,72,72,72,72,72,72,90,90,90,90,90,90,90,108,108,108,126,144,144,144,144,144,144,162,162,162,162,162,162,162,180,208,208,208,208,208,215,215,215,215,233,233,233,233,233,233,233,251],"card_choices":[{"not_picked":["TalkToTheHand","DeceiveReality"],"picked":"Evaluate","floor":1.0},{"not_picked":["FlyingSleeves","ReachHeaven","Fasting2"],"picked":"SKIP","floor":2.0},{"not_picked":["Consecrate","Protect"],"picked":"Study","floor":3},{"not_picked":["BowlingBash","Adaptation"],"picked":"CutThroughFate","floor":4},{"not_picked":["Wireheading+1","FollowUp","SignatureMove"],"picked":"SKIP","floor":8},{"not_picked":["FollowUp","MasterReality+1"],"picked":"Prostrate","floor":11},{"not_picked":["FearNoEvil","PathToVictory","ClearTheMind"],"picked":"SKIP","floor":12},{"not_picked":["Study+1","Wallop","PathToVictory"],"picked":"SKIP","floor":13},{"not_picked":["Fasting2+1","PathToVictory","Halt"],"picked":"SKIP","floor":14},{"not_picked":["Alpha","ConjureBlade"],"picked":"Devotion+1","floor":16},{"not_picked":["CutThroughFate","Prostrate"],"picked":"Consecrate+1","floor":18},{"not_picked":["FlurryOfBlows","CutThroughFate"],"picked":"ThirdEye","floor":21},{"not_picked":["CutThroughFate","EmptyBody"],"picked":"Perseverance+1","floor":24},{"not_picked":["FlyingSleeves","PathToVictory"],"picked":"Prostrate+1","floor":25},{"not_picked":["FlurryOfBlows","ConjureBlade"],"picked":"DeceiveReality","floor":28},{"not_picked":["Tantrum","FollowUp"],"picked":"Study+1","floor":29},{"not_picked":["Omniscience","LikeWater+1"],"picked":"Sanctity","floor":30},{"not_picked":["JustLucky","FlurryOfBlows"],"picked":"ThirdEye","floor":31},{"not_picked":["Devotion+1","Brilliance"],"picked":"Ragnarok","floor":33},{"not_picked":["ClearTheMind+1","WheelKick+1","BattleHymn+1"],"picked":"SKIP","floor":35},{"not_picked":["FlurryOfBlows+1","Evaluate","CutThroughFate+1"],"picked":"SKIP","floor":37},{"not_picked":["Deep Breath","Violence"],"picked":"Mind Blast","floor":38},{"not_picked":["FlyingSleeves+1","ThirdEye","BowlingBash+1"],"picked":"SKIP","floor":39},{"not_picked":["Halt","Consecrate+1","Sanctity+1"],"picked":"SKIP","floor":40},{"not_picked":["ClearTheMind","TalkToTheHand"],"picked":"Crescendo+1","floor":42},{"not_picked":["Crescendo+1","SandsOfTime+1","SashWhip+1"],"picked":"SKIP","floor":44},{"not_picked":["LikeWater+1","Wish","Halt+1","WreathOfFlame+1"],"picked":"SKIP","floor":46},{"not_picked":["PathToVictory","EmptyFist+1","CutThroughFate"],"picked":"Perseverance+1","floor":47},{"not_picked":["SashWhip+1","Wireheading+1","FearNoEvil+1"],"picked":"DeceiveReality+1","floor":48}],"player_experience":811217,"relics_obtained":[{"floor":8,"key":"GoldenEye"},{"floor":9,"key":"Orichalcum"},{"floor":12,"key":"Calipers"},{"floor":20,"key":"Akabeko"},{"floor":21,"key":"Ornamental Fan"},{"floor":26,"key":"War Paint"},{"floor":28,"key":"Vajra"},{"floor":30,"key":"Centennial Puzzle"},{"floor":34,"key":"MawBank"},{"floor":34,"key":"Pear"},{"floor":34,"key":"Lizard Tail"},{"floor":36,"key":"Torii"},{"floor":39,"key":"Strawberry"},{"floor":40,"key":"Damaru"},{"floor":43,"key":"Ginger"},{"floor":44,"key":"Question Card"},{"floor":47,"key":"MealTicket"}],"event_choices":[{"damage_healed":0,"gold_gain":0,"player_choice":"Success","damage_taken":3,"relics_obtained":["Frozen Egg 2"],"max_hp_gain":0,"max_hp_loss":0,"event_name":"Scrap Ooze","floor":7,"gold_loss":0},{"damage_healed":0,"gold_gain":0,"player_choice":"Stole Relic","damage_taken":0,"relics_obtained":["Pen Nib"],"max_hp_gain":0,"max_hp_loss":0,"event_name":"Addict","floor":19,"gold_loss":0,"cards_obtained":["Shame"]},{"damage_healed":0,"gold_gain":0,"player_choice":"Read","damage_taken":0,"max_hp_gain":0,"max_hp_loss":0,"event_name":"The Library","floor":27,"gold_loss":0,"cards_obtained":["Evaluate"]},{"damage_healed":0,"gold_gain":0,"player_choice":"Fight","damage_taken":0,"max_hp_gain":0,"max_hp_loss":0,"event_name":"MindBloom","floor":36,"gold_loss":0},{"damage_healed":0,"gold_gain":0,"player_choice":"Memory 1","damage_taken":0,"max_hp_gain":0,"max_hp_loss":0,"event_name":"SensoryStone","floor":38,"gold_loss":0},{"cards_removed":["DeceiveReality"],"damage_healed":0,"gold_gain":0,"player_choice":"Removed Skill","damage_taken":0,"max_hp_gain":0,"max_hp_loss":0,"event_name":"Falling","floor":45,"gold_loss":0}],"is_beta":true,"boss_relics":[{"not_picked":["Tiny House","Black Star"],"picked":"Sozu"},{"not_picked":["SacredBark","Pandora\u0027s Box"],"picked":"Calling Bell"}],"items_purged_floors":[],"is_endless":false,"potions_floor_spawned":[1,3,8,12,14,25,30,31,33,37,39,40,46,47],"ascension_level":0}}