{"host":"txhhdwa0hqfs4jhb","time":1610486753,"event":{"mods":["BaseMod","Better Third Choice","Filter the Spire","Mad Scientist","Minty Spire (QoL Compilation)","Relic Stats","Replay The Spire","StSLib","Thieving Mod"],"gold_per_floor":[118,193,193,212,28,72,3,3,3,3,3,21,65,81,81,200,200,219,219,23,141,156,187,187,201,247,22,76,102,102,33,33,164,164,195,528,556,56,82,82,82,119,189,261,261,261,304,324,324,344],"floor_reached":51,"language":"ENG","playtime":4500,"items_purged":["Decay","MadScienceMod:Defend_MadScience"],"score":821,"play_id":"3628b4f8-3cdd-4707-9c5c-62d4902c43af","local_time":"20210112212552","is_ascension_mode":false,"campfire_choices":[{"data":"MadScienceMod:HideBehindJunk","floor":8,"key":"SMITH"},{"floor":11,"key":"REST"},{"floor":15,"key":"REST"},{"floor":24,"key":"REST"},{"data":"MadScienceMod:Virus","floor":30,"key":"SMITH"},{"data":"MadScienceMod:Virus","floor":32,"key":"SMITH"},{"data":"MadScienceMod:MinatureWeapons","floor":40,"key":"SMITH"},{"data":"MadScienceMod:MinatureWeapons","floor":46,"key":"SMITH"},{"data":"MadScienceMod:LabAccident","floor":49,"key":"SMITH"}],"circlet_count":0,"master_deck":["MadScienceMod:Strike_MadScience","MadScienceMod:Strike_MadScience","MadScienceMod:Strike_MadScience","MadScienceMod:Strike_MadScience","MadScienceMod:Defend_MadScience","MadScienceMod:Defend_MadScience","MadScienceMod:Defend_MadScience","MadScienceMod:PoweredStrike","MadScienceMod:HideBehindJunk+1","MadScienceMod:BandageBot","MadScienceMod:Bombardment","MadScienceMod:JunkLaser+1","MadScienceMod:FragmentationGrenade","MadScienceMod:ImposingConstruct","MadScienceMod:OmniHammer","MadScienceMod:LabAccident+1","MadScienceMod:ImposingConstruct+1","MadScienceMod:OilDrum+1","MadScienceMod:AcidSpray+1","Shrug It Off+1","MadScienceMod:Virus+1","Replay:DivineShield","ReplayTheSpireMod:Exploit Weakness+1","Hemogenesis","MadScienceMod:Virus+1","Impervious","Evaluate+1","Defy Death","MadScienceMod:MinatureWeapons+1","MadScienceMod:MinatureWeapons+1","Turbo","MadScienceMod:FlameThrower","MadScienceMod:CaptureMomentum+1","MadScienceMod:MechanicalSnecko","Parasite","MadScienceMod:ShrinkRay+1"],"relics":["MadScienceMod:FuelTank","Runic Dome","Replay:Bottled Flurry","MadScienceMod:DoomsdayDevice","Singing Bowl","Lantern","Runic Pyramid","Gremlin Food","Replay:Mystery Machine","Pondfish Scales","Replay:Bandana","Orrery","MadScienceMod:SignalFlag","Honey Jar","Happy Flower","Toolbox","Akabeko","Pear","Ice Cream","Simple Rune"],"acts_visited":["Exordium","TheCity","TheBeyond"],"potions_floor_usage":[6,13,13,20,23,28,29,33,35,42,42,42,42,42,42,50,50],"damage_taken":[{"damage":0.0,"enemies":"Small Slimes","floor":1.0,"turns":3.0},{"damage":5,"enemies":"Jaw Worm","floor":4,"turns":5},{"damage":32,"enemies":"Gremlin Nob","floor":6,"turns":4},{"damage":3,"enemies":"2 Louse","floor":12,"turns":3},{"damage":28,"enemies":"3 Sentries","floor":13,"turns":6},{"damage":2,"enemies":"Exordium Thugs","floor":14,"turns":4},{"damage":19,"enemies":"The Guardian","floor":16,"turns":13},{"damage":20,"enemies":"Spheric Guardian","floor":18,"turns":4},{"damage":11,"enemies":"Shell Parasite","floor":22,"turns":4},{"damage":41,"enemies":"Gremlin Leader","floor":23,"turns":7},{"damage":18,"enemies":"Snake Plant","floor":25,"turns":4},{"damage":4,"enemies":"Book of Stabbing","floor":28,"turns":8},{"damage":0,"enemies":"Centurion and Healer","floor":29,"turns":6},{"damage":25,"enemies":"Collector","floor":33,"turns":11},{"damage":0,"enemies":"Orb Walker","floor":35,"turns":4},{"damage":5,"enemies":"3 Darklings","floor":37,"turns":6},{"damage":19,"enemies":"Jaw Worm Horde","floor":39,"turns":4},{"damage":0,"enemies":"Transient","floor":42,"turns":5},{"damage":0,"enemies":"Mind Bloom Boss Battle","floor":44,"turns":4},{"damage":30,"enemies":"Nemesis","floor":47,"turns":5},{"damage":0,"enemies":"Writhing Mass","floor":48,"turns":3},{"damage":20,"enemies":"Awakened One","floor":50,"turns":5}],"seed_played":"-7421886934236584532","potions_obtained":[{"floor":1.0,"key":"Fire Potion"},{"floor":6,"key":"Explosive Potion"},{"floor":12,"key":"BlessingOfTheForge"},{"floor":13,"key":"Explosive Potion"},{"floor":16,"key":"DuplicationPotion"},{"floor":18,"key":"ColorlessPotion"},{"floor":28,"key":"PowerPotion"},{"floor":29,"key":"AttackPotion"},{"floor":33,"key":"SteroidPotion"},{"floor":39,"key":"FearPotion"},{"floor":47,"key":"Cursed Concoction"}],"is_trial":false,"path_per_floor":["M","?","?","M","$","E","$","R","T","?","R","M","E","M","R","B",null,"M","?","$","?","M","E","R","M","T","$","E","M","R","$","R","B",null,"M","?","M","$","M","R","?","M","T","?","?","R","E","M","R","B",null],"character_chosen":"MAD_SCIENTIST","items_purchased":["MadScienceMod:JunkLaser+1","MadScienceMod:FragmentationGrenade","MadScienceMod:ExploreOptions","ThievingMod:ThievingPotion","MadScienceMod:Virus","Orrery","MadScienceMod:Virus","MadScienceMod:MinatureWeapons","Happy Flower","Toolbox","Akabeko"],"campfire_rested":3,"item_purchase_floors":[5,5,7,20,27,27,31,38,38,38,38],"current_hp_per_floor":[75,64,64,62,62,36,36,36,36,36,56,55,27,28,49,39,71,57,57,57,63,54,18,42,24,24,28,34,41,41,41,41,25,89,89,89,89,89,84,84,66,87,97,102,102,102,86,86,86,71],"gold":344,"neow_bonus":"CURSED_BOSS_RELIC","is_daily":false,"chose_seed":false,"campfire_upgraded":6,"win_rate":0.0,"timestamp":1610486752,"path_taken":["M","?","?","M","$","E","$","R","T","?","R","?","E","M","R","BOSS","M","?","$","?","M","E","R","M","T","$","E","M","R","?","R","BOSS","M","?","M","$","M","R","?","?","T","?","?","R","E","M","R","BOSS"],"items_purchased_type":["Card","Card","Card","Potion","Card","Relic","Card","Card","Relic","Relic","Relic"],"build_version":"2020-12-22","purchased_purges":2,"victory":true,"max_hp_per_floor":[75,75,69,69,69,69,69,69,69,69,69,71,71,71,71,71,71,71,71,71,77,79,81,81,81,81,85,87,89,89,89,89,89,89,89,89,89,89,91,91,96,98,108,108,108,108,108,108,108,108],"relic_stats":{"Singing Bowl":24,"Happy Flower":[8],"counters":[22,118],"obtain_stats":[{"MadScienceMod:FuelTank":0,"Gremlin Food":20,"Ice Cream":44,"Lantern":13,"Pear":43,"Singing Bowl":9,"Happy Flower":38,"Golden Idol":3,"Replay:Mystery Machine":20,"PrismaticShard":20,"Akabeko":38,"MadScienceMod:SignalFlag":28,"Runic Dome":0,"Pondfish Scales":23,"Replay:Bandana":26,"MadScienceMod:DoomsdayDevice":7,"Orrery":27,"Honey Jar":34,"Toolbox":38,"Simple Rune":47,"Replay:Bottled Flurry":6,"Runic Pyramid":17},{"MadScienceMod:FuelTank":0,"Gremlin Food":8,"Ice Cream":19,"Lantern":5,"Pear":18,"Singing Bowl":3,"Happy Flower":16,"Golden Idol":1,"Replay:Mystery Machine":8,"PrismaticShard":8,"Akabeko":16,"MadScienceMod:SignalFlag":12,"Runic Dome":0,"Pondfish Scales":10,"Replay:Bandana":11,"MadScienceMod:DoomsdayDevice":3,"Orrery":11,"Honey Jar":14,"Toolbox":16,"Simple Rune":20,"Replay:Bottled Flurry":3,"Runic Pyramid":7},{"MadScienceMod:FuelTank":0,"Gremlin Food":42,"Ice Cream":105,"Lantern":21,"Pear":101,"Singing Bowl":12,"Happy Flower":92,"Golden Idol":3,"Replay:Mystery Machine":42,"PrismaticShard":42,"Akabeko":92,"MadScienceMod:SignalFlag":65,"Runic Dome":0,"Pondfish Scales":53,"Replay:Bandana":57,"MadScienceMod:DoomsdayDevice":12,"Orrery":57,"Honey Jar":82,"Toolbox":92,"Simple Rune":110,"Replay:Bottled Flurry":12,"Runic Pyramid":38}]},"card_choices":[{"not_picked":["MadScienceMod:Detonate","MadScienceMod:FumeBlast"],"picked":"MadScienceMod:BandageBot","floor":1.0},{"not_picked":["MadScienceMod:FlexibleSpear","MadScienceMod:AutoStrike"],"picked":"MadScienceMod:Bombardment","floor":4},{"not_picked":["MadScienceMod:FlameThrower","MadScienceMod:AcidSpray","MadScienceMod:AntimatterBomb"],"picked":"SKIP","floor":6},{"not_picked":["MadScienceMod:FumeBlast","MadScienceMod:Refuel","MadScienceMod:MechanicalClaw"],"picked":"Singing Bowl","floor":12},{"not_picked":["MadScienceMod:Detonate","MadScienceMod:PowerArmor"],"picked":"MadScienceMod:ImposingConstruct","floor":13},{"not_picked":["MadScienceMod:MindControlBeam","MadScienceMod:EnergyBarrier"],"picked":"MadScienceMod:OmniHammer","floor":14},{"not_picked":["MadScienceMod:Tinker","MadScienceMod:Postpone"],"picked":"MadScienceMod:LabAccident","floor":16},{"not_picked":["MadScienceMod:SoftenUp","MadScienceMod:ShrinkRay"],"picked":"MadScienceMod:ImposingConstruct+1","floor":18},{"not_picked":["Skewer","Eviscerate","Skim+1"],"picked":"Singing Bowl","floor":21},{"not_picked":["Accuracy","Cloak And Dagger","MadScienceMod:FlameCannon+1"],"picked":"Singing Bowl","floor":21},{"not_picked":["Dual Wield","MadScienceMod:Detonate","MadScienceMod:FlameCannon"],"picked":"Singing Bowl","floor":21},{"not_picked":["ReplayTheSpireMod:LeadingStrike","Go for the Eyes","Rebound"],"picked":"Singing Bowl","floor":22},{"not_picked":["Flex","Capacitor","ReplayTheSpireMod:Speed Training"],"picked":"Singing Bowl","floor":23},{"not_picked":["Defy Death","MadScienceMod:ImposingConstruct"],"picked":"Shrug It Off+1","floor":25},{"not_picked":["Blizzard","MadScienceMod:GattlingGun"],"picked":"Replay:DivineShield","floor":27},{"not_picked":["Scrape","MadScienceMod:FragmentationGrenade"],"picked":"ReplayTheSpireMod:Exploit Weakness+1","floor":27},{"not_picked":["Consecrate","Dagger Throw"],"picked":"Hemogenesis","floor":27},{"not_picked":["CrushJoints+1","Twin Strike+1","Fire Breathing"],"picked":"Singing Bowl","floor":27},{"not_picked":["Ball Lightning","Wild Strike+1","Consecrate+1"],"picked":"Singing Bowl","floor":27},{"not_picked":["Rampage","Acrobatics","Auto Shields"],"picked":"Singing Bowl","floor":28},{"not_picked":["ReplayTheSpireMod:Muscle Training","Rebound+1","Blade Dance"],"picked":"Singing Bowl","floor":29},{"not_picked":["Thunder Strike","ReplayTheSpireMod:Omega Cannon"],"picked":"Impervious","floor":33},{"not_picked":["EmptyFist","ClearTheMind","Indignation"],"picked":"Evaluate+1","floor":35},{"not_picked":["Doom and Gloom","Finisher","Steam"],"picked":"Defy Death","floor":37},{"not_picked":["Turbo","MadScienceMod:OilDrum+1","Conserve Battery","MadScienceMod:AutoStrike"],"picked":"Singing Bowl","floor":39},{"not_picked":["MadScienceMod:LabAccident","MadScienceMod:AntimatterBomb+1","MadScienceMod:FlameThrower","MadScienceMod:OmniHammer"],"picked":"Singing Bowl","floor":42},{"not_picked":["MadScienceMod:Weaponize","MadScienceMod:AutoStrike+1","MadScienceMod:Detonate+1"],"picked":"MadScienceMod:CaptureMomentum+1","floor":44},{"not_picked":["MadScienceMod:AntimatterBomb","MadScienceMod:Postpone","MadScienceMod:OmniHammer+1"],"picked":"MadScienceMod:MechanicalSnecko","floor":47},{"not_picked":["MadScienceMod:MinatureWeapons","MadScienceMod:OilDrum+1","MadScienceMod:Detonate+1"],"picked":"MadScienceMod:ShrinkRay+1","floor":48}],"player_experience":240564,"relics_obtained":[{"floor":6,"key":"Replay:Bottled Flurry"},{"floor":9,"key":"Singing Bowl"},{"floor":13,"key":"Lantern"},{"floor":23,"key":"Pondfish Scales"},{"floor":26,"key":"Replay:Bandana"},{"floor":28,"key":"MadScienceMod:SignalFlag"},{"floor":43,"key":"Pear"},{"floor":44,"key":"Ice Cream"},{"floor":47,"key":"Simple Rune"}],"event_choices":[{"damage_healed":0.0,"max_hp_gain":0.0,"max_hp_loss":0.0,"gold_gain":75.0,"event_name":"betterThird:BetterGoop","player_choice":"Gold","floor":2.0,"gold_loss":0.0,"damage_taken":11.0},{"damage_healed":0.0,"max_hp_gain":0.0,"max_hp_loss":6.0,"gold_gain":0.0,"event_name":"Golden Idol","player_choice":"Lose Max HP","floor":3.0,"gold_loss":0.0,"damage_taken":0.0,"relics_obtained":["Golden Idol"]},{"damage_healed":0,"gold_gain":0,"player_choice":"Ignored","damage_taken":0,"max_hp_gain":0,"max_hp_loss":0,"event_name":"Ghosts","floor":19,"gold_loss":0},{"damage_healed":0,"gold_gain":333,"player_choice":"Gave Idol","damage_taken":0,"max_hp_gain":0,"max_hp_loss":0,"event_name":"The Moai Head","floor":36,"relics_lost":["Golden Idol"],"gold_loss":0},{"damage_healed":0,"gold_gain":0,"player_choice":"Chosen: Violet","damage_taken":0,"max_hp_gain":0,"max_hp_loss":0,"event_name":"betterThird:BetterPortal","floor":41,"gold_loss":0},{"damage_healed":0,"gold_gain":0,"player_choice":"Shed Blood","damage_taken":23,"max_hp_gain":5,"max_hp_loss":0,"event_name":"Forgotten Altar","floor":41,"gold_loss":0},{"damage_healed":0,"gold_gain":0,"player_choice":"Fight","damage_taken":0,"max_hp_gain":0,"max_hp_loss":0,"event_name":"MindBloom","floor":44,"gold_loss":0},{"cards_removed":["MadScienceMod:ExploreOptions"],"damage_healed":0,"gold_gain":0,"player_choice":"Removed Skill","damage_taken":0,"max_hp_gain":0,"max_hp_loss":0,"event_name":"Falling","floor":45,"gold_loss":0}],"is_beta":false,"boss_relics":[{"not_picked":["Ectoplasm","Fusion Hammer"],"picked":"Runic Pyramid"},{"not_picked":["Ring of Chaos","Replay:Drink Me"],"picked":"Honey Jar"}],"items_purged_floors":[5,20],"is_endless":false,"potions_floor_spawned":[1,6,12,13,16,18,28,29,33,39,47],"ascension_level":0}}