{"host":"tl8jdqk9pnwb74j1","time":1610459751,"event":{"mods":["BaseMod","BetterRewards","Custom Start","Minty Spire (QoL Compilation)","Shop Mod","StSLib","SuperFastMode"],"gold_per_floor":[118,293,308,308,308,308,2,29,29,49,49,62,62,78,78,173,173,161,261,4,21,21,21],"floor_reached":22,"playtime":502,"items_purged":["Strike_R"],"score":174,"play_id":"cf00edad-3137-4278-9744-97fc98ac983e","local_time":"20210112215551","is_ascension_mode":false,"campfire_choices":[{"data":"Heavy Blade","floor":6.0,"key":"SMITH"},{"data":"Armaments","floor":11,"key":"SMITH"},{"data":"Rampage","floor":15,"key":"SMITH"}],"circlet_count":0,"master_deck":["Strike_R","Strike_R+1","Defend_R","Defend_R","Defend_R","Defend_R","Bash+1","Heavy Blade+1","Battle Trance","Armaments+1","Rampage+1","Rage","Barricade","Entrench+1","Body Slam","Entrench"],"relics":["Burning Blood","NeowsBlessing","Blue Candle","White Beast Statue","Odd Mushroom","Bottled Lightning","Whetstone","Empty Cage","MerchantsRug"],"acts_visited":["Exordium","TheCity"],"potions_floor_usage":[16],"damage_taken":[{"damage":0.0,"enemies":"Small Slimes","floor":1.0,"turns":1.0},{"damage":0.0,"enemies":"2 Louse","floor":3.0,"turns":1.0},{"damage":0.0,"enemies":"The Mushroom Lair","floor":8.0,"turns":2.0},{"damage":6,"enemies":"Cultist","floor":10,"turns":3},{"damage":6,"enemies":"2 Fungi Beasts","floor":12,"turns":4},{"damage":11,"enemies":"Red Slaver","floor":14,"turns":3},{"damage":69,"enemies":"Hexaghost","floor":16,"turns":12},{"damage":24,"enemies":"2 Thieves","floor":18,"turns":4},{"damage":14,"enemies":"Chosen","floor":21,"turns":5},{"damage":8,"enemies":"3 Cultists","floor":22,"turns":3}],"seed_played":"7874782112987182150","potions_obtained":[{"floor":8.0,"key":"LiquidMemories"},{"floor":10,"key":"SpeedPotion"},{"floor":12,"key":"Regen Potion"},{"floor":16,"key":"Weak Potion"},{"floor":21,"key":"ColorlessPotion"}],"is_trial":false,"path_per_floor":["M","?","M","?","?","R","$","?","T","M","R","M","$","M","R","B",null,"M","?","$","M","M"],"character_chosen":"IRONCLAD","items_purchased":["White Beast Statue","Armaments","MerchantsRug","Body Slam","Entrench"],"campfire_rested":0,"item_purchase_floors":[7,7,20,20,20],"current_hp_per_floor":[80,80,80,68,68,68,68,74,74,74,74,74,74,69,69,21,80,62,62,62,54,46,46],"gold":21,"neow_bonus":"THREE_ENEMY_KILL","is_daily":false,"chose_seed":false,"campfire_upgraded":3,"win_rate":0.0,"timestamp":1610459751,"path_taken":["M","?","M","?","?","R","$","?","T","M","R","?","$","M","R","BOSS","M","?","$","M","?"],"items_purchased_type":["Relic","Card","Relic","Card","Card"],"build_version":"2020-12-22","purchased_purges":1,"victory":false,"max_hp_per_floor":[80,80,80,80,80,80,80,80,80,80,80,80,80,80,80,80,80,80,80,80,80,80,80],"card_choices":[{"not_picked":["Warcry","Infernal Blade"],"picked":"Heavy Blade","floor":1.0},{"not_picked":["Cleave","Metallicize"],"picked":"Battle Trance","floor":3.0},{"not_picked":["Whirlwind","Battle Trance"],"picked":"Rampage","floor":10},{"not_picked":["Sever Soul","Havoc"],"picked":"Rage","floor":12},{"not_picked":["Warcry","Rampage","Disarm"],"picked":"SKIP","floor":14},{"not_picked":["Immolate","Juggernaut"],"picked":"Barricade","floor":16},{"not_picked":["Combust","Iron Wave"],"picked":"Entrench+1","floor":18},{"not_picked":["Warcry","Cleave","Rampage+1"],"picked":"SKIP","floor":21}],"player_experience":955802,"relics_obtained":[{"floor":8.0,"key":"Odd Mushroom"},{"floor":8.0,"key":"Bottled Lightning"},{"floor":9.0,"key":"Whetstone"}],"event_choices":[{"damage_healed":0.0,"max_hp_gain":0.0,"max_hp_loss":0.0,"gold_gain":175.0,"event_name":"Liars Game","player_choice":"AGREE","floor":2.0,"gold_loss":0.0,"damage_taken":0.0,"cards_obtained":["Doubt"]},{"damage_healed":0.0,"max_hp_gain":0.0,"max_hp_loss":0.0,"gold_gain":0.0,"event_name":"Scrap Ooze","player_choice":"Success","floor":4.0,"gold_loss":0.0,"damage_taken":12.0,"relics_obtained":["Blue Candle"]},{"cards_removed":["Doubt"],"damage_healed":0.0,"max_hp_gain":0.0,"max_hp_loss":0.0,"gold_gain":0.0,"event_name":"Living Wall","player_choice":"Forget","floor":5.0,"gold_loss":0.0,"damage_taken":0.0},{"damage_healed":0.0,"max_hp_gain":0.0,"max_hp_loss":0.0,"gold_gain":0.0,"event_name":"Mushrooms","player_choice":"Fought Mushrooms","floor":8.0,"gold_loss":0.0,"damage_taken":0.0},{"damage_healed":0,"gold_gain":100,"player_choice":"Pray","damage_taken":0,"max_hp_gain":0,"max_hp_loss":0,"event_name":"Golden Shrine","floor":19,"gold_loss":0}],"is_beta":false,"boss_relics":[{"not_picked":["Tiny House","Ectoplasm"],"picked":"Empty Cage"}],"items_purged_floors":[20],"is_endless":false,"potions_floor_spawned":[8,10,12,14,16,18,21],"killed_by":"3 Cultists","ascension_level":0}}