{"host":"oehe2dxjvdgux73m","time":1610465274,"event":{"mods":["AchievementEnabler","BaseMod","Colored Map","Colored Powertips","DeckTracker","Keyboard Shortcuts","Minty Spire (QoL Compilation)","Permanent Neow","Quick Restart","StSLib","SuperFastMode"],"gold_per_floor":[110,120,137,148,161,196,216,250,299,299,9,24,43,43,43,147,147,166,176,190,190,190],"floor_reached":21,"playtime":776,"items_purged":[],"score":256,"play_id":"c3fb8c00-5c93-4966-ad14-5226c0856bcc","local_time":"20210113002754","is_ascension_mode":true,"campfire_choices":[{"floor":10.0,"key":"REST"},{"data":"Dark Embrace","floor":15.0,"key":"SMITH"}],"circlet_count":0,"master_deck":["Strike_R","Strike_R","Strike_R","Defend_R","Defend_R","Defend_R","Defend_R","Bash","Intimidate","Carnage","Second Wind","Pommel Strike","Shockwave","Wild Strike","Headbutt","Dark Embrace+1","Feel No Pain","Battle Trance","Shrug It Off+1","Dropkick+1"],"relics":["Burning Blood","NeowsBlessing","Unceasing Top","Happy Flower","Anchor","White Beast Statue","Empty Cage"],"acts_visited":["Exordium","TheCity"],"potions_floor_usage":[21,21,21],"damage_taken":[{"damage":0.0,"enemies":"Cultist","floor":1.0,"turns":1.0},{"damage":0.0,"enemies":"Jaw Worm","floor":2.0,"turns":1.0},{"damage":0.0,"enemies":"2 Louse","floor":3.0,"turns":1.0},{"damage":14.0,"enemies":"2 Fungi Beasts","floor":4.0,"turns":3.0},{"damage":5.0,"enemies":"Red Slaver","floor":5.0,"turns":3.0},{"damage":29.0,"enemies":"Gremlin Nob","floor":6.0,"turns":4.0},{"damage":0.0,"enemies":"Large Slime","floor":7.0,"turns":5.0},{"damage":35.0,"enemies":"3 Sentries","floor":8.0,"turns":10.0},{"damage":4.0,"enemies":"Exordium Thugs","floor":12.0,"turns":4.0},{"damage":10.0,"enemies":"Gremlin Gang","floor":13.0,"turns":4.0},{"damage":2.0,"enemies":"Slime Boss","floor":16.0,"turns":7.0},{"damage":17.0,"enemies":"Chosen","floor":18.0,"turns":6.0},{"damage":38.0,"enemies":"Shell Parasite","floor":19.0,"turns":7.0},{"damage":16.0,"enemies":"Centurion and Healer","floor":20.0,"turns":9.0},{"damage":35,"enemies":"3 Cultists","floor":21,"turns":5}],"seed_played":"903348887128017642","potions_obtained":[{"floor":1.0,"key":"BlessingOfTheForge"},{"floor":5.0,"key":"SteroidPotion"},{"floor":6.0,"key":"SteroidPotion"},{"floor":13.0,"key":"SkillPotion"},{"floor":16.0,"key":"EntropicBrew"},{"floor":18.0,"key":"Dexterity Potion"},{"floor":19.0,"key":"Explosive Potion"},{"floor":20.0,"key":"Regen Potion"}],"is_trial":false,"path_per_floor":["M","M","M","M","M","E","M","E","T","R","$","M","M","$","R","B",null,"M","M","M","M"],"character_chosen":"IRONCLAD","items_purchased":["Dark Embrace","White Beast Statue"],"campfire_rested":1,"item_purchase_floors":[11,11],"current_hp_per_floor":[78,80,80,72,73,50,56,27,27,51,51,53,49,49,49,53,73,62,30,20,0,0],"gold":190,"neow_bonus":"THREE_ENEMY_KILL","is_daily":false,"chose_seed":false,"campfire_upgraded":1,"win_rate":0.0,"timestamp":1610465274,"path_taken":["M","M","M","M","M","E","M","E","T","R","?","?","M","?","R","BOSS","M","M","M","M"],"items_purchased_type":["Card","Relic"],"build_version":"2020-12-22","purchased_purges":0,"victory":false,"max_hp_per_floor":[80,80,80,80,80,80,80,80,80,80,80,80,80,80,80,80,80,80,80,80,80,80],"card_choices":[{"not_picked":["Rupture","Havoc"],"picked":"Intimidate","floor":1.0},{"not_picked":["Dual Wield","Shrug It Off"],"picked":"Carnage","floor":2.0},{"not_picked":["Anger","Warcry"],"picked":"Second Wind","floor":3.0},{"not_picked":["Sword Boomerang","Heavy Blade"],"picked":"Pommel Strike","floor":4.0},{"not_picked":["Carnage","Pommel Strike"],"picked":"Shockwave","floor":5.0},{"not_picked":["Impervious","Sword Boomerang"],"picked":"Wild Strike","floor":6.0},{"not_picked":["Thunderclap","Havoc","Sentinel"],"picked":"SKIP","floor":7.0},{"not_picked":["Uppercut","True Grit"],"picked":"Headbutt","floor":8.0},{"not_picked":["Dual Wield","Rampage"],"picked":"Feel No Pain","floor":12.0},{"not_picked":["Sever Soul","Iron Wave"],"picked":"Battle Trance","floor":13.0},{"not_picked":["Warcry","Cleave","Armaments"],"picked":"SKIP","floor":18.0},{"not_picked":["Pommel Strike","Dual Wield+1"],"picked":"Shrug It Off+1","floor":19.0},{"not_picked":["Anger","Reckless Charge"],"picked":"Dropkick+1","floor":20.0}],"player_experience":141680,"relics_obtained":[{"floor":6.0,"key":"Unceasing Top"},{"floor":8.0,"key":"Happy Flower"},{"floor":9.0,"key":"Anchor"}],"event_choices":[],"is_beta":false,"boss_relics":[{"not_picked":["Coffee Dripper","Philosopher\u0027s Stone"],"picked":"Empty Cage"}],"items_purged_floors":[],"is_endless":false,"potions_floor_spawned":[1,5,6,8,12,13,16,18,19,20],"killed_by":"3 Cultists","ascension_level":6}}