{"host":"test","time":1610470296,"event":{"mods":["BaseMod","Colored Map","Colored Powertips","Minty Spire (QoL Compilation)","Relic Stats","Slay the Relics Exporter","SpireBot","StSLib","ojb\u0027s Better Paths Mod","ojb\u0027s Info Mod"],"gold_per_floor":[364,364,364,374,394,426,426,31,31,31,59,59,93,103,103,180,180,198,123,141,56,2,36,36,62,62,75,75,75,87,121,121,195,195,211,229,241,241,257,282,282,296,296,328,328,328,361,376,376,376,376,376,376,40,65,65],"floor_reached":57,"playtime":4052,"items_purged":["Masterful Stab"],"score":3161,"play_id":"577b6567-32b1-4901-8729-2d79524bfd68","local_time":"20210113015136","is_ascension_mode":true,"campfire_choices":[{"floor":7,"key":"REST"},{"floor":10,"key":"REST"},{"data":"Crippling Poison","floor":12,"key":"SMITH"},{"floor":15,"key":"REST"},{"data":"Neutralize","floor":24,"key":"SMITH"},{"data":"Brutality","floor":29,"key":"SMITH"},{"data":"Hyperbeam","floor":32,"key":"SMITH"},{"floor":41,"key":"RECALL"},{"data":"Wraith Form v2","floor":46,"key":"SMITH"},{"data":"1","floor":49,"key":"LIFT"},{"data":"2","floor":53,"key":"LIFT"}],"circlet_count":0,"master_deck":["AscendersBane","Survivor","Neutralize+1","Crippling Poison+1","Crippling Poison+1","Dagger Throw","Predator","Deflect+1","Battle Trance+1","Turbo+1","Reprogram+1","Vault+1","Deflect+1","Unload","Terror+1","Heel Hook","Expertise+1","Blur+1","Prepared+1","Cloak And Dagger+1","Escape Plan+1","Disarm+1","Brutality+1","Iron Wave","Hyperbeam+1","Wraith Form v2+1","Riddle With Holes+1","Disarm+1","Battle Trance+1","Discovery+1","Master of Strategy+1","PanicButton+1","Leap+1","Dual Wield+1","Calculated Gamble+1","Backflip+1"],"relics":["Ring of the Snake","Toxic Egg 2","Tiny Chest","PrismaticShard","Ninja Scroll","Juzu Bracelet","Matryoshka","Pandora\u0027s Box","Calipers","Akabeko","Ancient Tea Set","Potion Belt","Meat on the Bone","White Beast Statue","Kunai","Philosopher\u0027s Stone","Frozen Egg 2","Bottled Lightning","Vajra","Girya","Lee\u0027s Waffle","Oddly Smooth Stone"],"acts_visited":["Exordium","TheCity","TheBeyond","TheEnding"],"potions_floor_usage":[6,16,33,48,51,56,56,56],"damage_taken":[{"damage":8.0,"enemies":"Jaw Worm","floor":1.0,"turns":6.0},{"damage":2,"enemies":"2 Louse","floor":4,"turns":5},{"damage":0,"enemies":"Small Slimes","floor":5,"turns":4},{"damage":15,"enemies":"Gremlin Nob","floor":6,"turns":4},{"damage":13,"enemies":"3 Sentries","floor":11,"turns":8},{"damage":25,"enemies":"Gremlin Nob","floor":13,"turns":4},{"damage":0,"enemies":"3 Louse","floor":14,"turns":1},{"damage":5,"enemies":"The Guardian","floor":16,"turns":9},{"damage":0,"enemies":"Chosen","floor":18,"turns":3},{"damage":2,"enemies":"2 Thieves","floor":20,"turns":3},{"damage":4,"enemies":"Gremlin Leader","floor":23,"turns":5},{"damage":1,"enemies":"Slavers","floor":25,"turns":4},{"damage":0,"enemies":"Centurion and Healer","floor":27,"turns":4},{"damage":2,"enemies":"Snecko","floor":30,"turns":3},{"damage":7,"enemies":"Gremlin Leader","floor":31,"turns":5},{"damage":6,"enemies":"Collector","floor":33,"turns":7},{"damage":15,"enemies":"3 Darklings","floor":35,"turns":3},{"damage":3,"enemies":"3 Shapes","floor":36,"turns":4},{"damage":9,"enemies":"Jaw Worm Horde","floor":37,"turns":5},{"damage":2,"enemies":"4 Shapes","floor":39,"turns":3},{"damage":6,"enemies":"Nemesis","floor":40,"turns":7},{"damage":5,"enemies":"Writhing Mass","floor":42,"turns":6},{"damage":5,"enemies":"Giant Head","floor":44,"turns":6},{"damage":3,"enemies":"Nemesis","floor":47,"turns":4},{"damage":5,"enemies":"Jaw Worm Horde","floor":48,"turns":6},{"damage":12,"enemies":"Donu and Deca","floor":50,"turns":13},{"damage":34,"enemies":"Time Eater","floor":51,"turns":13},{"damage":11,"enemies":"Shield and Spear","floor":55,"turns":7},{"damage":58,"enemies":"The Heart","floor":56,"turns":12}],"seed_played":"-5973372854276228421","potions_obtained":[{"floor":1.0,"key":"Fire Potion"},{"floor":6,"key":"Poison Potion"},{"floor":30,"key":"Explosive Potion"},{"floor":31,"key":"Block Potion"},{"floor":33,"key":"CunningPotion"},{"floor":36,"key":"Poison Potion"},{"floor":37,"key":"Strength Potion"},{"floor":40,"key":"GhostInAJar"},{"floor":48,"key":"DistilledChaos"},{"floor":55,"key":"Strength Potion"}],"is_trial":false,"path_per_floor":["M","?","?","M","M","E","R","$","T","R","E","R","E","M","R","B",null,"M","?","M","?","$","E","R","E","T","M","T","R","M","E","R","B",null,"M","M","M","?","M","E","R","M","T","E","?","R","E","M","R","B","B",null,"R","$","E","B",null],"character_chosen":"THE_SILENT","items_purchased":["PrismaticShard","FairyPotion","Predator","Deflect+1","FearPotion","Calculated Gamble+1","Backflip+1","Lee\u0027s Waffle"],"campfire_rested":3,"item_purchase_floors":[8,8,8,8,22,54,54,54],"current_hp_per_floor":[36,29,18,16,16,1,20,20,20,39,26,26,1,1,20,15,53,53,53,51,51,51,47,47,46,46,46,46,46,44,37,37,43,60,45,42,45,35,45,39,39,34,34,41,41,41,38,45,45,45,23,55,55,73,62,16],"gold":65,"neow_bonus":"TWO_FIFTY_GOLD","is_daily":false,"chose_seed":true,"campfire_upgraded":5,"win_rate":0.0,"timestamp":1610470296,"path_taken":["M","?","?","M","M","E","R","$","T","R","E","R","E","M","R","BOSS","M","?","M","?","?","E","R","E","T","M","?","R","M","E","R","BOSS","M","M","M","?","M","E","R","M","T","E","?","R","E","M","R","BOSS","BOSS","R","$","E","BOSS"],"items_purchased_type":["Relic","Potion","Card","Card","Potion","Card","Card","Relic"],"build_version":"2020-12-18","purchased_purges":1,"victory":true,"max_hp_per_floor":[66,66,66,66,66,66,66,66,66,66,66,66,66,66,66,66,66,66,66,66,66,66,66,66,66,66,66,66,66,66,66,66,66,66,66,66,66,66,66,66,66,66,66,66,66,66,66,66,66,66,66,66,66,73,73,73],"relic_stats":{"Lee\u0027s Waffle":18,"counters":[29,164],"Tiny Chest":1,"Pandora\u0027s Box":["Deflect","Unload","Masterful Stab","Flying Knee","Terror","Heel Hook","Expertise","Blur","Prepared"],"Juzu Bracelet":0,"Kunai":[47],"obtain_stats":[{"Potion Belt":26,"Girya":47,"Lee\u0027s Waffle":54,"Calipers":21,"Vajra":44,"Oddly Smooth Stone":55,"Juzu Bracelet":11,"Frozen Egg 2":40,"PrismaticShard":8,"Ancient Tea Set":25,"Akabeko":23,"White Beast Statue":28,"Matryoshka":13,"Ninja Scroll":9,"Tiny Chest":6,"Pandora\u0027s Box":17,"Philosopher\u0027s Stone":34,"Kunai":31,"Bottled Lightning":43,"Toxic Egg 2":3,"Ring of the Snake":0,"Meat on the Bone":26},{"Potion Belt":12,"Girya":24,"Lee\u0027s Waffle":27,"Calipers":10,"Vajra":23,"Oddly Smooth Stone":28,"Juzu Bracelet":5,"Frozen Egg 2":21,"PrismaticShard":4,"Ancient Tea Set":12,"Akabeko":11,"White Beast Statue":13,"Matryoshka":6,"Ninja Scroll":4,"Tiny Chest":4,"Pandora\u0027s Box":8,"Philosopher\u0027s Stone":16,"Kunai":15,"Bottled Lightning":22,"Toxic Egg 2":1,"Ring of the Snake":0,"Meat on the Bone":12},{"Potion Belt":56,"Girya":113,"Lee\u0027s Waffle":145,"Calipers":47,"Vajra":109,"Oddly Smooth Stone":152,"Juzu Bracelet":27,"Frozen Egg 2":97,"PrismaticShard":19,"Ancient Tea Set":56,"Akabeko":52,"White Beast Statue":60,"Matryoshka":31,"Ninja Scroll":19,"Tiny Chest":19,"Pandora\u0027s Box":41,"Philosopher\u0027s Stone":75,"Kunai":68,"Bottled Lightning":103,"Toxic Egg 2":6,"Ring of the Snake":0,"Meat on the Bone":56}],"Ring of the Snake":[58],"Meat on the Bone":96},"card_choices":[{"not_picked":["Blur","Underhanded Strike"],"picked":"Crippling Poison","floor":1.0},{"not_picked":["Cloak And Dagger+1","Calculated Gamble+1"],"picked":"Crippling Poison+1","floor":4},{"not_picked":["Reflex+1","Caltrops"],"picked":"Dagger Throw","floor":5},{"not_picked":["Prepared+1","PiercingWail+1"],"picked":"Dagger Throw","floor":6},{"not_picked":["Dagger Throw","Endless Agony"],"picked":"Battle Trance+1","floor":11},{"not_picked":["Havoc+1","Stack+1"],"picked":"Turbo+1","floor":13},{"not_picked":["Headbutt","SandsOfTime"],"picked":"Reprogram+1","floor":14},{"not_picked":["Thinking Ahead+1","Doppelganger+1"],"picked":"Vault+1","floor":16},{"not_picked":["Anger","Whirlwind"],"picked":"Cloak And Dagger+1","floor":18},{"not_picked":["Twin Strike","Nirvana","Lockon"],"picked":"SKIP","floor":20},{"not_picked":["Static Discharge","Prepared+1"],"picked":"Escape Plan+1","floor":23},{"not_picked":["Scrape","Dark Embrace"],"picked":"Disarm+1","floor":25},{"not_picked":["BattleHymn","ClearTheMind+1"],"picked":"Brutality","floor":27},{"not_picked":["InnerPeace+1","Ball Lightning"],"picked":"Iron Wave","floor":30},{"not_picked":["Conserve Battery+1","Acrobatics+1"],"picked":"Hyperbeam","floor":31},{"not_picked":["Die Die Die","Master of Strategy+1"],"picked":"Wraith Form v2","floor":33},{"not_picked":["Crescendo+1","ClearTheMind+1"],"picked":"Riddle With Holes+1","floor":35},{"not_picked":["ClearTheMind+1","Accuracy+1"],"picked":"Disarm+1","floor":36},{"not_picked":["Indignation+1","LikeWater+1"],"picked":"Battle Trance+1","floor":37},{"not_picked":["Forethought+1","Dramatic Entrance"],"picked":"Discovery+1","floor":38},{"not_picked":["Sadistic Nature","Finesse+1"],"picked":"Master of Strategy+1","floor":38},{"not_picked":["HandOfGreed","Good Instincts+1"],"picked":"PanicButton+1","floor":38},{"not_picked":["PathToVictory+1","Thunderclap","ClearTheMind+1"],"picked":"SKIP","floor":39},{"not_picked":["Go for the Eyes","Poisoned Stab"],"picked":"Leap+1","floor":40},{"not_picked":["EmptyBody+1","Quick Slash","Twin Strike"],"picked":"SKIP","floor":42},{"not_picked":["Thunderclap+1","Perfected Strike+1"],"picked":"Dual Wield+1","floor":44},{"not_picked":["Rainbow+1","Violence+1","FlyingSleeves"],"picked":"SKIP","floor":47},{"not_picked":["Quick Slash","Flex+1","FollowUp"],"picked":"SKIP","floor":48},{"not_picked":["Fission+1","Amplify+1","WreathOfFlame+1"],"picked":"SKIP","floor":55}],"player_experience":1930673,"relics_obtained":[{"floor":6,"key":"Tiny Chest"},{"floor":9,"key":"Ninja Scroll"},{"floor":11,"key":"Juzu Bracelet"},{"floor":13,"key":"Matryoshka"},{"floor":23,"key":"Akabeko"},{"floor":25,"key":"Ancient Tea Set"},{"floor":26,"key":"Potion Belt"},{"floor":26,"key":"Meat on the Bone"},{"floor":28,"key":"White Beast Statue"},{"floor":31,"key":"Kunai"},{"floor":40,"key":"Frozen Egg 2"},{"floor":43,"key":"Bottled Lightning"},{"floor":44,"key":"Vajra"},{"floor":47,"key":"Girya"},{"floor":55,"key":"Oddly Smooth Stone"}],"event_choices":[{"cards_removed":["Strike_G"],"damage_healed":0.0,"max_hp_gain":0.0,"max_hp_loss":0.0,"gold_gain":0.0,"event_name":"Golden Wing","player_choice":"Card Removal","floor":2.0,"gold_loss":0.0,"damage_taken":7.0},{"damage_healed":0.0,"max_hp_gain":0.0,"max_hp_loss":0.0,"gold_gain":0.0,"event_name":"Scrap Ooze","player_choice":"Success","floor":3.0,"gold_loss":0.0,"damage_taken":11.0,"relics_obtained":["Toxic Egg 2"]},{"cards_removed":["Flying Knee"],"damage_healed":0,"gold_gain":0,"player_choice":"Gave Gold","damage_taken":0,"max_hp_gain":0,"max_hp_loss":0,"event_name":"Beggar","floor":19,"gold_loss":75},{"damage_healed":0,"gold_gain":0,"player_choice":"Obtained Relic","damage_taken":0,"relics_obtained":["Calipers"],"max_hp_gain":0,"max_hp_loss":0,"event_name":"Addict","floor":21,"gold_loss":85},{"damage_healed":0,"gold_gain":0,"player_choice":"Memory 3","damage_taken":10,"max_hp_gain":0,"max_hp_loss":0,"event_name":"SensoryStone","floor":38,"gold_loss":0},{"cards_removed":["Dagger Throw"],"damage_healed":0,"gold_gain":0,"player_choice":"Removed Attack","damage_taken":0,"max_hp_gain":0,"max_hp_loss":0,"event_name":"Falling","floor":45,"gold_loss":0}],"is_beta":true,"boss_relics":[{"not_picked":["Velvet Choker","Fusion Hammer"],"picked":"Pandora\u0027s Box"},{"not_picked":["Runic Pyramid","Calling Bell"],"picked":"Philosopher\u0027s Stone"}],"items_purged_floors":[54],"is_endless":false,"potions_floor_spawned":[1,6,13,23,30,31,33,35,36,37,39,40,42,44,47,48,55],"ascension_level":20}}