{"host":"esx1hwjnbftf3eqj","time":1610492155,"event":{"mods":["BaseMod","Colored Map","Minty Spire (QoL Compilation)","StSLib","The Jungle"],"gold_per_floor":[115,132,144,164,182,182,195,195,195,195,210,16,16,49,49,126,126,142,156,156,156],"floor_reached":20,"language":"ENG","playtime":1413,"items_purged":["Strike_R"],"score":556,"play_id":"ee725e06-5ccd-4078-82e9-83ab4f14db4b","local_time":"20210112145555","is_ascension_mode":true,"campfire_choices":[{"data":"Uppercut","floor":6.0,"key":"SMITH"},{"data":"Searing Blow","floor":8.0,"key":"SMITH"},{"data":"Searing Blow+1","floor":13.0,"key":"SMITH"},{"data":"Searing Blow+2","floor":15.0,"key":"SMITH"}],"circlet_count":0,"master_deck":["AscendersBane","Strike_R","Strike_R","Strike_R","Defend_R","Defend_R","Defend_R","Defend_R","Bash","Battle Trance","Uppercut+1","Clothesline","Searing Blow+3","Perfected Strike","Shrug It Off","Shrug It Off","Whirlwind","Double Tap"],"relics":["Burning Blood","TungstenRod","The Courier","Membership Card","Dream Catcher","Black Star"],"acts_visited":["Exordium","TheCity"],"potions_floor_usage":[],"damage_taken":[{"damage":5.0,"enemies":"Cultist","floor":1.0,"turns":3.0},{"damage":0.0,"enemies":"2 Louse","floor":2.0,"turns":3.0},{"damage":11.0,"enemies":"Jaw Worm","floor":3.0,"turns":2.0},{"damage":20.0,"enemies":"Large Slime","floor":4.0,"turns":7.0},{"damage":0.0,"enemies":"3 Louse","floor":5.0,"turns":4.0},{"damage":20.0,"enemies":"Lots of Slimes","floor":7.0,"turns":9.0},{"damage":5.0,"enemies":"2 Fungi Beasts","floor":11.0,"turns":4.0},{"damage":5.0,"enemies":"Gremlin Nob","floor":14.0,"turns":3.0},{"damage":33.0,"enemies":"Hexaghost","floor":16.0,"turns":9.0},{"damage":34.0,"enemies":"Shell Parasite","floor":18.0,"turns":13.0},{"damage":13,"enemies":"Spheric Guardian","floor":19,"turns":4},{"damage":33,"enemies":"3 Cultists","floor":20,"turns":4}],"seed_played":"2283195975989691010","potions_obtained":[{"floor":2.0,"key":"Energy Potion"},{"floor":3.0,"key":"Fire Potion"},{"floor":14.0,"key":"Energy Potion"}],"is_trial":false,"path_per_floor":["M","M","M","M","M","R","M","R","T","?","M","$","R","E","R","B",null,"M","M","M"],"character_chosen":"IRONCLAD","items_purchased":["Membership Card","Shrug It Off"],"campfire_rested":0,"item_purchase_floors":[12,12],"current_hp_per_floor":[68,68,63,49,55,55,41,41,41,41,42,42,42,43,43,16,55,27,20,0,0],"gold":156,"neow_bonus":"ONE_RARE_RELIC","is_daily":false,"chose_seed":false,"campfire_upgraded":4,"win_rate":0.0,"timestamp":1610492155,"path_taken":["M","?","M","M","M","R","M","R","T","?","M","$","R","E","R","BOSS","M","M","?"],"items_purchased_type":["Relic","Card"],"build_version":"2020-12-22","purchased_purges":1,"victory":false,"max_hp_per_floor":[68,68,68,68,68,68,68,68,68,68,68,68,68,68,68,68,68,68,68,68,68],"card_choices":[{"not_picked":["Iron Wave","Perfected Strike"],"picked":"Battle Trance","floor":1.0},{"not_picked":["Heavy Blade","Pommel Strike"],"picked":"Uppercut","floor":2.0},{"not_picked":["Sever Soul","Body Slam","Burning Pact"],"picked":"SKIP","floor":3.0},{"not_picked":["Body Slam","Pommel Strike","Clash"],"picked":"SKIP","floor":4.0},{"not_picked":["Sword Boomerang","Thunderclap"],"picked":"Clothesline","floor":5.0},{"not_picked":["Body Slam","Headbutt"],"picked":"Searing Blow","floor":7.0},{"not_picked":["Exhume","Pommel Strike"],"picked":"Shrug It Off","floor":11.0},{"not_picked":["Seeing Red","True Grit"],"picked":"Whirlwind","floor":14.0},{"not_picked":["Immolate","Corruption"],"picked":"Double Tap","floor":16.0},{"not_picked":["Thunderclap","True Grit","Headbutt"],"picked":"SKIP","floor":18.0},{"not_picked":["Searing Blow+1","Headbutt","True Grit"],"picked":"SKIP","floor":19}],"player_experience":705292,"relics_obtained":[{"floor":9.0,"key":"The Courier"},{"floor":14.0,"key":"Dream Catcher"}],"event_choices":[{"damage_healed":0.0,"max_hp_gain":0.0,"max_hp_loss":0.0,"gold_gain":0.0,"cards_transformed":["Strike_R"],"event_name":"Transmorgrifier","player_choice":"Transformed","floor":10.0,"gold_loss":0.0,"damage_taken":0.0,"cards_obtained":["Perfected Strike"]}],"is_beta":false,"boss_relics":[{"not_picked":["Tiny House","Ectoplasm"],"picked":"Black Star"}],"items_purged_floors":[12],"is_endless":false,"potions_floor_spawned":[2,3,4,7,14],"killed_by":"3 Cultists","ascension_level":20}}