{"host":"s8k08j4eybfen9r6","time":1610426760,"event":{"mods":["Aspiration","BaseMod","Better Altar","Better Match","Better Note","Better Sensory Stone","Better Skull","Better Third Choice","BetterRewards","Downfall","Duelist Mod","Hubris","Minty Spire (QoL Compilation)","MostiFishMod","Rare Cards Sparkle","Shop Mod","Spicy Shops","StSLib"],"gold_per_floor":[139,159,176,191,47,75,75,201,201,214,214,214,227,258,258,355,355,369,144,163,180,180,211,227,262,312,340,37,37,57,88,88,190,190,200,60,110,127,127,140,172,184,211,211,238,238,256,330,330,370,370,370,43,69,109],"floor_reached":56,"playtime":3779,"items_purged":["theDuelist:CastleWalls","theDuelist:CastleWalls","theDuelist:CastleWalls","theDuelist:Sparks","theDuelist:WildNatureRelease+1"],"score":1871,"play_id":"ca7452ee-f03a-4884-9b49-4d1e68fbf4d0","local_time":"20210112144600","is_ascension_mode":true,"campfire_choices":[{"data":"theDuelist:NaturiaMarron","floor":7,"key":"SMITH"},{"data":"theDuelist:Terraforming","floor":11,"key":"SMITH"},{"data":"theDuelist:NaturiaSpiderfang","floor":15,"key":"SMITH"},{"floor":29,"key":"RECALL"},{"data":"theDuelist:NaturalDisaster","floor":32,"key":"SMITH"},{"floor":49,"key":"REST"},{"data":"theDuelist:MillenniumScorpion","floor":52,"key":"SMITH"}],"circlet_count":0,"master_deck":["theDuelist:NaturiaTulip","theDuelist:NaturiaSacredTree+1","theDuelist:NaturiaHydrangea","theDuelist:WormBait","theDuelist:Nameless:Magic:ObeliskTormentor","theDuelist:HuntingInstinct+1","theDuelist:NaturiaVein+1","theDuelist:SeedSacredTree+1","theDuelist:Nameless:Greed:AncientGearBox","theDuelist:MillenniumScorpion","theDuelist:Nameless:Power:ForbiddenLance","theDuelist:NaturiaEggplant","theDuelist:Terraforming+1","theDuelist:NaturiaCliff","theDuelist:Sparks","theDuelist:Nameless:Power:KamionTimelord","theDuelist:NaturiaBarkion+1","theDuelist:SummoningSwarm","theDuelist:NaturiaBeast","theDuelist:NaturalDisaster+1","theDuelist:DeltaMagnet","theDuelist:NaturiaRagweed+1","theDuelist:NaturiaForest","theDuelist:Sparks","Regret","Parasite","theDuelist:MillenniumGolem+1","hubris:Compulsion","theDuelist:NaturiaStinkbug","theDuelist:NaturiaRock","theDuelist:MillenniumScorpion+1","theDuelist:Terraforming+1","theDuelist:NaturiaRosewhip","hubris:Envy","theDuelist:NaturiaSpiderfang+1","theDuelist:Nameless:Magic:ImperialOrder","theDuelist:NaturiaMarron+1","theDuelist:NatureReflection","theDuelist:NaturiaParadizo"],"relics":["theDuelist:MillenniumPuzzle","theDuelist:CardPoolRelic","theDuelist:CardPoolBasicRelic","theDuelist:BoosterPackPoolRelic","theDuelist:CardPoolAddRelic","theDuelist:CardPoolMinusRelic","theDuelist:CardPoolSaveRelic","theDuelist:CardPoolOptionsRelic","DaveBox","EGODaCapo","aspiration:Nostalgia","theDuelist:ChallengePuzzle","SynthV:TestCard","CaptainsWheel","theDuelist:MillenniumCoin","Ornamental Fan","theDuelist:DuelistTeaSet","Question Card","FeatherPendant","theDuelist:MillenniumRod","Cables","Red Mask","theDuelist:ZoneToken","Regal Pillow","Mark of Pain","theDuelist:NamelessWarRelicB","hubris:FunFungus","hubris:GlazedTorus","DianPoetry","aspiration:SeaSaltIceCream","BirthdayGift-Icosahedron","hubris:TinFlute","SynthV:C4","Pear","theDuelist:NamelessWarRelicA","Self Forming Clay","Dodecahedron","War Paint"],"acts_visited":[],"potions_floor_usage":[16,33,55,55,55],"damage_taken":[{"damage":0,"enemies":"Cultist","floor":1,"turns":4},{"damage":0,"enemies":"2 Louse","floor":2,"turns":3},{"damage":6,"enemies":"Jaw Worm","floor":3,"turns":4},{"damage":0,"enemies":"Red Slaver","floor":4,"turns":3},{"damage":7,"enemies":"Gremlin Nob","floor":6,"turns":5},{"damage":0,"enemies":"Lagavulin","floor":8,"turns":6},{"damage":3,"enemies":"Blue Slaver","floor":10,"turns":4},{"damage":0,"enemies":"Exordium Wildlife","floor":13,"turns":3},{"damage":8,"enemies":"Gremlin Nob","floor":14,"turns":4},{"damage":0,"enemies":"Hexaghost","floor":16,"turns":8},{"damage":0,"enemies":"Shell Parasite","floor":18,"turns":4},{"damage":0,"enemies":"3 Byrds","floor":20,"turns":3},{"damage":0,"enemies":"Snecko","floor":21,"turns":3},{"damage":1,"enemies":"theDuelist:KaibaA2","floor":23,"turns":3},{"damage":10,"enemies":"Centurion and Healer","floor":24,"turns":4},{"damage":15,"enemies":"Slavers","floor":25,"turns":4},{"damage":9,"enemies":"Masked Bandits","floor":27,"turns":3},{"damage":0,"enemies":"Cultist and Chosen","floor":30,"turns":3},{"damage":0,"enemies":"theDuelist:KaibaA2","floor":31,"turns":4},{"damage":27,"enemies":"hubris:MusketHawk","floor":33,"turns":5},{"damage":0,"enemies":"3 Darklings","floor":35,"turns":4},{"damage":0,"enemies":"3 Darklings","floor":37,"turns":5},{"damage":0,"enemies":"3 Shapes","floor":38,"turns":2},{"damage":0,"enemies":"Jaw Worm Horde","floor":40,"turns":2},{"damage":21,"enemies":"Nemesis","floor":41,"turns":3},{"damage":0,"enemies":"Writhing Mass","floor":42,"turns":3},{"damage":0,"enemies":"Reptomancer","floor":45,"turns":3},{"damage":0,"enemies":"Maw","floor":47,"turns":2},{"damage":0,"enemies":"Nemesis","floor":48,"turns":3},{"damage":2,"enemies":"hubris:GrandSnecko","floor":50,"turns":4},{"damage":0,"enemies":"Shield and Spear","floor":54,"turns":2},{"damage":30,"enemies":"The Heart","floor":55,"turns":6}],"seed_played":"2864414929321107043","potions_obtained":[{"floor":1,"key":"theDuelist:SealedPackD"},{"floor":6,"key":"DuplicationPotion"},{"floor":8,"key":"Energy Potion"},{"floor":16,"key":"theDuelist:MillenniumElixir"},{"floor":27,"key":"BlessingOfTheForge"},{"floor":35,"key":"Slimebound:ThreeZeroPotion"}],"is_trial":false,"path_per_floor":["M","M","M","M","$","E","R","E","T","M","R","?","M","E","R","B",null,"M","$","M","M","?","E","M","E","T","?","$","R","M","E","R","B",null,"M","?","?","M","T","M","E","M","T","?","E","?","M","E","R","B",null,"R","$","E","B",null],"character_chosen":"THE_DUELIST","items_purchased":["theDuelist:NaturiaForest","theDuelist:ZoneToken","Dodecahedron"],"campfire_rested":1,"item_purchase_floors":[5,28,53],"current_hp_per_floor":[80,80,74,74,74,67,67,67,67,64,64,58,58,50,50,50,73,73,73,73,73,73,72,62,47,47,38,38,38,38,38,38,11,63,63,63,63,63,63,64,48,49,49,49,60,47,48,49,90,89,90,90,90,90,62],"gold":109,"neow_bonus":"NOSTALGIA","is_daily":false,"chose_seed":false,"campfire_upgraded":5,"win_rate":0.0,"timestamp":1610426760,"path_taken":["M","M","M","M","?","E","R","E","T","?","R","?","M","E","R","BOSS","M","$","M","M","?","E","M","E","T","?","$","R","M","E","R","BOSS","M","?","?","M","?","M","E","?","T","?","E","?","M","E","R","BOSS","R","$","E","BOSS"],"items_purchased_type":["Card","Relic","Relic"],"build_version":"2020-12-22","purchased_purges":5,"victory":true,"max_hp_per_floor":[80,80,80,80,80,80,80,80,80,80,80,80,80,80,80,80,80,80,80,80,80,80,80,80,80,80,80,80,80,80,80,80,80,80,80,80,80,80,80,80,80,80,80,80,90,90,90,90,90,90,90,90,90,90,90],"card_choices":[{"not_picked":["theDuelist:NaturiaSunflower","theDuelist:NaturiaHydrangea","theDuelist:FossilDig","theDuelist:SummoningSwarm"],"picked":"theDuelist:NaturiaEggplant","floor":1},{"not_picked":["theDuelist:NaturiaHydrangea","theDuelist:NaturiaCliff","theDuelist:NaturiaGaiastrio","theDuelist:NaturiaBambooShoot"],"picked":"theDuelist:NaturiaParadizo","floor":2},{"not_picked":["theDuelist:NaturiaEggplant","theDuelist:NaturiaTulip","theDuelist:NaturiaSunflower","theDuelist:NaturiaRagweed"],"picked":"theDuelist:SummoningSwarm","floor":3},{"not_picked":["theDuelist:NaturiaDragonfly","theDuelist:NaturiaEggplant","theDuelist:SummoningSwarm","theDuelist:NaturiaTulip"],"picked":"theDuelist:NaturiaMarron","floor":4},{"not_picked":["theDuelist:NaturiaHydrangea","theDuelist:NaturiaEggplant","theDuelist:NaturiaDragonfly","theDuelist:NaturiaCliff"],"picked":"theDuelist:NaturiaSpiderfang","floor":6},{"not_picked":["theDuelist:AttackTheMoon","theDuelist:DarkHole","theDuelist:MillenniumGolem","theDuelist:Wiseman"],"picked":"theDuelist:Terraforming","floor":8},{"not_picked":["theDuelist:NaturiaMosquito","theDuelist:NaturiaButterfly","theDuelist:NaturiaBeans","theDuelist:PotDuality"],"picked":"theDuelist:NaturiaStinkbug","floor":10},{"not_picked":["theDuelist:NaturiaEggplant","theDuelist:NaturiaDragonfly","theDuelist:NaturiaCliff","theDuelist:NaturiaSpiderfang"],"picked":"theDuelist:NaturiaHydrangea","floor":13},{"not_picked":["theDuelist:Sangan","theDuelist:WingedKuriboh","theDuelist:EarthEffigy","theDuelist:Fissure"],"picked":"theDuelist:MillenniumScorpion","floor":14},{"not_picked":["theDuelist:NaturiaForest","theDuelist:Canyon","theDuelist:HeartUnderdog","theDuelist:NaturiaHorneedle"],"picked":"theDuelist:NaturiaBarkion","floor":16},{"not_picked":["theDuelist:NaturiaDragonfly","theDuelist:NaturiaAntjaw+1","theDuelist:FossilDig","theDuelist:NaturiaMantis"],"picked":"theDuelist:NaturiaRagweed","floor":18},{"not_picked":["theDuelist:NaturiaGaiastrio+1","theDuelist:Wildfire+1"],"picked":"theDuelist:WildNatureRelease+1","floor":20},{"not_picked":["theDuelist:FuryFire+1","theDuelist:VenomShot+1","theDuelist:Cloning","theDuelist:SphereKuriboh+1","theDuelist:Wiretap"],"picked":"SKIP","floor":21},{"not_picked":["theDuelist:NaturiaHydrangea","theDuelist:NaturiaSunflower","theDuelist:NaturiaCliff+1","theDuelist:FossilDig"],"picked":"theDuelist:NaturiaRosewhip","floor":23},{"not_picked":["theDuelist:NaturiaCliff","theDuelist:NaturiaRock","theDuelist:NaturiaBeast","theDuelist:NaturiaParadizo","theDuelist:NaturiaSpiderfang"],"picked":"SKIP","floor":24},{"not_picked":["theDuelist:NaturiaCherries","theDuelist:NaturiaBeans+1","theDuelist:LonefireBlossom","theDuelist:NaturiaLadybug+1"],"picked":"theDuelist:SeedSacredTree","floor":25},{"not_picked":["theDuelist:SurvivalInstinct","theDuelist:Pollinosis+1","theDuelist:Wiretap","theDuelist:BottomlessTrapHole"],"picked":"theDuelist:NaturalDisaster","floor":27},{"not_picked":["theDuelist:FuryFire+1","theDuelist:LuminousMoss+1","theDuelist:Wiretap","theDuelist:VenomShot+1","theDuelist:Wildfire+1"],"picked":"SKIP","floor":30},{"not_picked":["theDuelist:BigFire","theDuelist:Sangan","theDuelist:MudragonSwamp","theDuelist:GraniteLoyalist"],"picked":"theDuelist:MillenniumGolem+1","floor":31},{"not_picked":["theDuelist:DemiseLand","theDuelist:SeismicShockwave","theDuelist:MultiplicationOfAnts","theDuelist:NaturiaHorneedle"],"picked":"theDuelist:NaturiaVein+1","floor":33},{"not_picked":["theDuelist:NaturiaEggplant+1","theDuelist:NaturiaDragonfly+1","theDuelist:SummoningSwarm+1","theDuelist:FossilDig","theDuelist:SangaEarth"],"picked":"SKIP","floor":35},{"not_picked":["theDuelist:NaturiaDragonfly","theDuelist:NaturiaMantis","theDuelist:NaturiaHydrangea","theDuelist:NaturiaMarron"],"picked":"theDuelist:WormBait","floor":37},{"not_picked":["theDuelist:HammerShot+1","theDuelist:RedMedicine","theDuelist:WingedKuriboh","theDuelist:Fissure+1"],"picked":"theDuelist:Terraforming+1","floor":38},{"not_picked":["theDuelist:WildNatureRelease","theDuelist:VenomShot+1","theDuelist:FossilExcavation","theDuelist:GracefulCharity","theDuelist:FuryFire+1"],"picked":"SKIP","floor":40},{"not_picked":["theDuelist:AttackTheMoon+1","theDuelist:MudragonSwamp","theDuelist:GoldenApples","theDuelist:HeavyStorm+1","theDuelist:WingedKuriboh+1"],"picked":"SKIP","floor":41},{"not_picked":["theDuelist:NaturiaDragonfly","theDuelist:NaturiaSunflower+1","theDuelist:NaturiaTulip","theDuelist:SummoningSwarm","theDuelist:LonefireBlossom+1"],"picked":"SKIP","floor":42},{"not_picked":["theDuelist:Mudora+1","theDuelist:Terraforming","theDuelist:BigFire","theDuelist:BigEye"],"picked":"theDuelist:MillenniumScorpion","floor":45},{"not_picked":["theDuelist:ClosedForest+1","theDuelist:Canyon+1","theDuelist:HeartUnderdog","theDuelist:NaturiaHorneedle"],"picked":"theDuelist:HuntingInstinct+1","floor":47},{"not_picked":["theDuelist:ConvulsionNature","theDuelist:NaturiaLeodrake","theDuelist:Anteater","theDuelist:Canyon+1"],"picked":"theDuelist:NatureReflection","floor":48},{"not_picked":["theDuelist:NaturalDisaster+1","theDuelist:LeodrakeMane+1","theDuelist:LairWire+1"],"picked":"theDuelist:NaturiaSacredTree+1","floor":54}],"player_experience":393791,"relics_obtained":[{"floor":1,"key":"SynthV:TestCard"},{"floor":6,"key":"CaptainsWheel"},{"floor":8,"key":"theDuelist:MillenniumCoin"},{"floor":9,"key":"Ornamental Fan"},{"floor":14,"key":"Question Card"},{"floor":23,"key":"theDuelist:MillenniumRod"},{"floor":25,"key":"Cables"},{"floor":27,"key":"Red Mask"},{"floor":31,"key":"Regal Pillow"},{"floor":37,"key":"hubris:FunFungus"},{"floor":37,"key":"hubris:GlazedTorus"},{"floor":37,"key":"DianPoetry"},{"floor":39,"key":"aspiration:SeaSaltIceCream"},{"floor":41,"key":"hubris:TinFlute"},{"floor":43,"key":"SynthV:C4"},{"floor":45,"key":"Pear"},{"floor":48,"key":"Self Forming Clay"},{"floor":54,"key":"War Paint"}],"event_choices":[{"damage_healed":0,"gold_gain":0,"player_choice":"Dig - random Duelist relic","duelist":true,"damage_taken":0,"max_hp_gain":0,"max_hp_loss":0,"event_name":"Aknamkanon\u0027s Tomb","floor":12,"gold_loss":0},{"damage_healed":0,"gold_gain":0,"player_choice":"Fought Bandits","damage_taken":0,"max_hp_gain":0,"max_hp_loss":0,"event_name":"Masked Bandits","floor":27,"gold_loss":0},{"power_reward":4,"total_magic_score":68,"gold_gain":0,"duelist":true,"damage_taken":0,"relics_obtained":["theDuelist:NamelessWarRelicB"],"points":8,"war_reward":2,"max_hp_gain":0,"max_hp_loss":0,"spent_points":{"magic":2,"greed":0,"war":2,"power":4,"hunger":0},"event_name":"Nameless Tomb","floor":36,"gold_loss":140,"magic_reward":2,"cards_obtained":["theDuelist:Nameless:Magic:ObeliskTormentor","hubris:Compulsion","hubris:Envy","theDuelist:Nameless:Power:ForbiddenLance"]},{"damage_healed":0,"gold_gain":0,"player_choice":"Fight","duelist":true,"damage_taken":0,"max_hp_gain":0,"max_hp_loss":0,"event_name":"Battle City","floor":37,"gold_loss":0},{"damage_healed":0,"gold_gain":0,"player_choice":"Delta Electro","duelist":true,"damage_taken":0,"max_hp_gain":0,"max_hp_loss":0,"event_name":"Egyptian Village","floor":44,"gold_loss":0,"cards_obtained":["Delta Electromagnet Warrior"]},{"power_reward":4,"total_magic_score":79,"gold_gain":0,"greed_reward":4,"duelist":true,"damage_taken":13,"relics_obtained":["theDuelist:NamelessWarRelicA"],"points":13,"war_reward":1,"max_hp_gain":0,"max_hp_loss":0,"spent_points":{"magic":3,"greed":4,"war":1,"power":4,"hunger":1},"event_name":"Nameless Tomb","floor":46,"gold_loss":0,"magic_reward":3,"cards_obtained":["theDuelist:Nameless:Power:KamionTimelord","theDuelist:Nameless:Greed:AncientGearBox","theDuelist:Nameless:Magic:ImperialOrder","Regret"]}],"is_beta":false,"boss_relics":[{"not_picked":["Sozu","Inserter"],"picked":"FeatherPendant"},{"not_picked":["hubris:VirtuousBlindfold","ExusiaiGun"],"picked":"Mark of Pain"}],"items_purged_floors":[5,19,19,28,53],"is_endless":false,"potions_floor_spawned":[1,6,8,14,16,20,23,24,27,30,35,38,41,42],"ascension_level":5}}