{"host":"5icjlaq41ghjcr7h","time":1610448638,"event":{"mods":["AchievementEnabler","BaseMod","Colored Map","Minty Spire (QoL Compilation)","SuperFastMode","everything is the same but u backflip on backflip"],"gold_per_floor":[119,119,44,54,14,48,48,68,68,94,113,113,113,125,125,227,227,238,249,262,262,275,275,310,310,333,333,333],"floor_reached":27,"playtime":1137,"items_purged":["Strike_R"],"score":294,"play_id":"81cb6888-2243-42c6-9276-55ab950111e9","local_time":"20210112195038","is_ascension_mode":true,"campfire_choices":[{"data":"Corruption","floor":15,"key":"SMITH"},{"floor":23,"key":"REST"},{"floor":25,"key":"RECALL"}],"circlet_count":0,"master_deck":["Strike_R+1","Strike_R","Strike_R","Defend_R","Defend_R","Defend_R","Defend_R","Bash","Dark Embrace+1","Perfected Strike","Sever Soul+1","Wild Strike","Corruption+1","Entrench","Seeing Red","Exhume","Shrug It Off","Armaments+1","Body Slam+1","Offering"],"relics":["Black Blood","NeowsBlessing","Orichalcum","Matryoshka","Question Card","Meat on the Bone","Spirit Poop","Pear","Singing Bowl","Whetstone"],"acts_visited":["Exordium","TheCity"],"potions_floor_usage":[8,10,16,16,16,18,20,20,22],"damage_taken":[{"damage":0,"enemies":"2 Louse","floor":1,"turns":1},{"damage":0,"enemies":"Cultist","floor":4,"turns":1},{"damage":9,"enemies":"3 Sentries","floor":6,"turns":2},{"damage":7,"enemies":"Jaw Worm","floor":8,"turns":3},{"damage":3,"enemies":"Gremlin Nob","floor":10,"turns":4},{"damage":20,"enemies":"Red Slaver","floor":11,"turns":4},{"damage":9,"enemies":"2 Fungi Beasts","floor":14,"turns":3},{"damage":59,"enemies":"The Guardian","floor":16,"turns":10},{"damage":69,"enemies":"3 Byrds","floor":18,"turns":8},{"damage":7,"enemies":"Spheric Guardian","floor":19,"turns":4},{"damage":40,"enemies":"Shelled Parasite and Fungi","floor":20,"turns":6},{"damage":21,"enemies":"Sentry and Sphere","floor":22,"turns":6},{"damage":0,"enemies":"Gremlin Leader","floor":24,"turns":2},{"damage":37,"enemies":"Colosseum Slavers","floor":27,"turns":3},{"damage":67,"enemies":"Colosseum Nobs","floor":27,"turns":5}],"seed_played":"2621849038911142281","potions_obtained":[{"floor":1,"key":"Swift Potion"},{"floor":8,"key":"Energy Potion"},{"floor":14,"key":"EntropicBrew"},{"floor":16,"key":"Block Potion"},{"floor":18,"key":"LiquidBronze"},{"floor":20,"key":"Dexterity Potion"}],"is_trial":false,"path_per_floor":["M","?","$","M","$","E","T","M","T","E","M","?","?","M","R","B",null,"M","M","M","?","M","R","E","R","T","?"],"character_chosen":"IRONCLAD","items_purchased":["Sever Soul"],"campfire_rested":1,"item_purchase_floors":[5],"current_hp_per_floor":[80,80,80,80,80,77,77,76,76,79,65,65,65,62,62,21,80,35,52,36,36,39,63,85,85,85,0,0],"gold":333,"neow_bonus":"THREE_ENEMY_KILL","is_daily":false,"chose_seed":false,"campfire_upgraded":1,"win_rate":0.0,"timestamp":1610448638,"path_taken":["M","?","$","M","?","E","?","?","T","E","M","?","?","M","R","BOSS","M","M","M","?","M","R","E","R","T","?"],"items_purchased_type":["Card"],"build_version":"2020-12-22","purchased_purges":1,"victory":false,"max_hp_per_floor":[80,80,80,80,80,80,80,80,80,80,80,80,80,80,80,80,80,80,80,80,80,80,80,90,90,90,90,90],"card_choices":[{"not_picked":["Headbutt","Clash"],"picked":"Dark Embrace","floor":1},{"not_picked":["Warcry","Twin Strike"],"picked":"Perfected Strike","floor":4},{"not_picked":["Bludgeon","Thunderclap","Wild Strike"],"picked":"SKIP","floor":6},{"not_picked":["Pommel Strike","Battle Trance"],"picked":"Wild Strike","floor":8},{"not_picked":["Pummel","True Grit"],"picked":"Corruption","floor":10},{"not_picked":["Clash","Sever Soul","Evolve"],"picked":"Entrench","floor":11},{"not_picked":["Wild Strike","Thunderclap","Reckless Charge"],"picked":"Seeing Red","floor":14},{"not_picked":["Double Tap","Brutality","Berserk"],"picked":"Exhume","floor":16},{"not_picked":["Pommel Strike","Thunderclap","Corruption"],"picked":"Shrug It Off","floor":18},{"not_picked":["Entrench","Iron Wave+1","Pommel Strike"],"picked":"Armaments+1","floor":19},{"not_picked":["Headbutt","Cleave+1","Armaments"],"picked":"Body Slam+1","floor":20},{"not_picked":["Anger","Twin Strike+1","Pommel Strike","Havoc"],"picked":"SKIP","floor":22},{"not_picked":["Inflame","Disarm","Ghostly Armor"],"picked":"Offering","floor":24}],"player_experience":118002,"relics_obtained":[{"floor":6,"key":"Orichalcum"},{"floor":9,"key":"Matryoshka"},{"floor":10,"key":"Question Card"},{"floor":24,"key":"Pear"},{"floor":26,"key":"Singing Bowl"},{"floor":26,"key":"Whetstone"}],"event_choices":[{"damage_healed":0,"gold_gain":0,"player_choice":"Forge","damage_taken":0,"max_hp_gain":0,"max_hp_loss":0,"event_name":"Accursed Blacksmith","floor":2,"gold_loss":0,"cards_upgraded":["Dark Embrace"]},{"damage_healed":0,"gold_gain":0,"player_choice":"Box","damage_taken":0,"relics_obtained":["Meat on the Bone"],"max_hp_gain":0,"max_hp_loss":0,"event_name":"Big Fish","floor":12,"gold_loss":0,"cards_obtained":["Regret"]},{"cards_removed":["Regret"],"damage_healed":0,"gold_gain":0,"player_choice":"Offered Curse","damage_taken":0,"relics_obtained":["Spirit Poop"],"max_hp_gain":0,"max_hp_loss":0,"event_name":"Bonfire Elementals","floor":13,"gold_loss":0},{"cards_removed":["Strike_R"],"damage_healed":0,"gold_gain":0,"player_choice":"Elegance","damage_taken":0,"max_hp_gain":0,"max_hp_loss":0,"event_name":"Back to Basics","floor":21,"gold_loss":0},{"damage_healed":0,"gold_gain":0,"player_choice":"Fight","damage_taken":0,"max_hp_gain":0,"max_hp_loss":0,"event_name":"Colosseum","floor":27,"gold_loss":0},{"damage_healed":0,"gold_gain":0,"player_choice":"Fought Nobs","damage_taken":0,"max_hp_gain":0,"max_hp_loss":0,"event_name":"Colosseum","floor":27,"gold_loss":0}],"is_beta":false,"boss_relics":[{"not_picked":["Coffee Dripper","Empty Cage"],"picked":"Black Blood"}],"items_purged_floors":[3],"is_endless":false,"potions_floor_spawned":[1,8,14,16,18,20,27],"killed_by":"Colosseum Nobs","ascension_level":2}}