{"host":"opg65mucj6ra7dr1","time":1610436228,"event":{"mods":["BaseMod","DeckTracker","Keyboard Shortcuts","Minty Spire (QoL Compilation)","Permanent Neow","Quick Restart","everything is the same but u backflip on backflip"],"gold_per_floor":[110,110,35,46,56,84,84,84,84],"floor_reached":8,"playtime":244,"items_purged":["Strike_G"],"score":64,"play_id":"b064b0a8-e0c7-4982-86d2-650d1cf90721","local_time":"20210112162348","is_ascension_mode":true,"campfire_choices":[{"data":"Neutralize","floor":7.0,"key":"SMITH"}],"circlet_count":0,"master_deck":["Strike_G","Strike_G","Strike_G","Strike_G","Defend_G","Defend_G","Defend_G","Defend_G","Defend_G","Survivor","Neutralize+1","Backflip","Quick Slash","Backflip","Flying Knee","Blur"],"relics":["Ring of the Snake","Art of War","Bag of Preparation"],"acts_visited":["Exordium"],"potions_floor_usage":[],"damage_taken":[{"damage":0.0,"enemies":"2 Louse","floor":1.0,"turns":3.0},{"damage":0.0,"enemies":"Cultist","floor":4.0,"turns":3.0},{"damage":0.0,"enemies":"Jaw Worm","floor":5.0,"turns":4.0},{"damage":32.0,"enemies":"3 Sentries","floor":6.0,"turns":14.0},{"damage":6,"enemies":"Gremlin Nob","floor":8,"turns":3}],"seed_played":"1973357387038965045","potions_obtained":[{"floor":1.0,"key":"ColorlessPotion"}],"is_trial":false,"path_per_floor":["M","?","$","M","M","E","R","E"],"character_chosen":"THE_SILENT","items_purchased":[],"campfire_rested":0,"item_purchase_floors":[],"current_hp_per_floor":[70,70,70,70,70,38,38,32,32],"gold":84,"neow_bonus":"THREE_CARDS","is_daily":false,"chose_seed":false,"campfire_upgraded":1,"win_rate":0.0,"timestamp":1610436228,"path_taken":["M","?","$","M","M","E","R","E"],"items_purchased_type":[],"build_version":"2020-12-22","purchased_purges":1,"victory":false,"max_hp_per_floor":[70,70,70,70,70,70,70,70,70],"card_choices":[{"not_picked":["Cloak And Dagger","Bane"],"picked":"Backflip","floor":0.0},{"not_picked":["Leg Sweep","Poisoned Stab"],"picked":"Quick Slash","floor":1.0},{"not_picked":["Leg Sweep","Blade Dance"],"picked":"Backflip","floor":4.0},{"not_picked":["Outmaneuver","Dodge and Roll"],"picked":"Flying Knee","floor":5.0},{"not_picked":["Poisoned Stab","Bullet Time"],"picked":"Blur","floor":6.0}],"player_experience":95249,"relics_obtained":[{"floor":6.0,"key":"Bag of Preparation"}],"event_choices":[{"damage_healed":0.0,"max_hp_gain":0.0,"max_hp_loss":0.0,"gold_gain":0.0,"event_name":"WeMeetAgain","player_choice":"Gave Potion","floor":2.0,"gold_loss":0.0,"damage_taken":0.0,"relics_obtained":["Art of War"]}],"is_beta":false,"boss_relics":[],"items_purged_floors":[3],"is_endless":false,"potions_floor_spawned":[1],"killed_by":"Gremlin Nob","ascension_level":3}}