{"host":"khm4we1ijduz33xh","time":1610431865,"event":{"mods":["AchievementEnabler","BaseMod","Colored Map","Minty Spire (QoL Compilation)","Rare Cards Sparkle","StSLib","SuperFastMode"],"gold_per_floor":[119,135,135,55,55,96,96,108,108,130,155,193,218,42,42,154,154,172,172,191,218,218,218,133,133,159,191,218,235,235,78,78,189,189,211,211,229,229,265,265,20,20,88,100,200,221,248,309,309,309,309,309,13,53,53],"floor_reached":56,"playtime":2224,"items_purged":["Strike_G","Strike_G"],"score":1393,"play_id":"11ec4983-b3a1-48dd-bd56-65ecb7a0f260","local_time":"20210112151105","is_ascension_mode":true,"campfire_choices":[{"data":"Infinite Blades","floor":7,"key":"SMITH"},{"data":"Accuracy","floor":15,"key":"SMITH"},{"data":"After Image","floor":23,"key":"SMITH"},{"data":"Blade Dance","floor":25,"key":"SMITH"},{"floor":32,"key":"REST"},{"data":"Phantasmal Killer","floor":40,"key":"SMITH"},{"floor":42,"key":"RECALL"},{"data":"Deflect","floor":49,"key":"SMITH"},{"data":"Terror","floor":52,"key":"SMITH"}],"circlet_count":0,"master_deck":["Strike_G","Defend_G","Defend_G","Defend_G","Defend_G","Defend_G","Survivor","Neutralize","Accuracy+1","Blade Dance+1","Infinite Blades+1","Infinite Blades","Finisher","Terror+1","PiercingWail","Blade Dance+1","After Image+1","Outmaneuver+1","Concentrate+1","Backflip+1","Phantasmal Killer+1","Blade Dance+1","Parasite","Calculated Gamble+1","Deflect+1","Accuracy+1","Deflect+1","Footwork"],"relics":["Ring of the Serpent","NeowsBlessing","Art of War","CeramicFish","Mummified Hand","InkBottle","Nilry\u0027s Codex","Ancient Tea Set","Regal Pillow","Potion Belt","HandDrill","WristBlade","Bag of Preparation","Kunai","Du-Vu Doll","Vajra","Torii"],"acts_visited":["Exordium","TheCity","TheBeyond","TheEnding"],"potions_floor_usage":[14,29,44,47,50,50,50,55,55,55],"damage_taken":[{"damage":0,"enemies":"Small Slimes","floor":1,"turns":1},{"damage":0,"enemies":"Cultist","floor":2,"turns":1},{"damage":0,"enemies":"Lagavulin","floor":6,"turns":2},{"damage":6,"enemies":"2 Louse","floor":8,"turns":3},{"damage":11,"enemies":"Looter","floor":10,"turns":2},{"damage":0,"enemies":"Large Slime","floor":11,"turns":3},{"damage":7,"enemies":"3 Sentries","floor":12,"turns":5},{"damage":6,"enemies":"2 Fungi Beasts","floor":13,"turns":2},{"damage":15,"enemies":"Hexaghost","floor":16,"turns":5},{"damage":8,"enemies":"Shell Parasite","floor":18,"turns":3},{"damage":0,"enemies":"Chosen","floor":20,"turns":3},{"damage":0,"enemies":"Snecko","floor":21,"turns":3},{"damage":26,"enemies":"Gremlin Leader","floor":27,"turns":5},{"damage":2,"enemies":"Snake Plant","floor":28,"turns":3},{"damage":0,"enemies":"Centurion and Healer","floor":29,"turns":4},{"damage":0,"enemies":"Champ","floor":33,"turns":6},{"damage":0,"enemies":"3 Darklings","floor":35,"turns":3},{"damage":0,"enemies":"Orb Walker","floor":37,"turns":2},{"damage":0,"enemies":"Writhing Mass","floor":39,"turns":3},{"damage":4,"enemies":"Maw","floor":44,"turns":3},{"damage":10,"enemies":"Sphere and 2 Shapes","floor":46,"turns":4},{"damage":0,"enemies":"Jaw Worm Horde","floor":47,"turns":3},{"damage":0,"enemies":"2 Orb Walkers","floor":48,"turns":3},{"damage":18,"enemies":"Time Eater","floor":50,"turns":4},{"damage":4,"enemies":"Shield and Spear","floor":54,"turns":3},{"damage":52,"enemies":"The Heart","floor":55,"turns":5}],"seed_played":"2602964567248240491","potions_obtained":[{"floor":1,"key":"SteroidPotion"},{"floor":6,"key":"GhostInAJar"},{"floor":12,"key":"GhostInAJar"},{"floor":13,"key":"Energy Potion"},{"floor":16,"key":"Weak Potion"},{"floor":21,"key":"Swift Potion"},{"floor":27,"key":"PowerPotion"},{"floor":33,"key":"SteroidPotion"},{"floor":37,"key":"FearPotion"},{"floor":39,"key":"Regen Potion"},{"floor":44,"key":"Fire Potion"},{"floor":47,"key":"EssenceOfSteel"},{"floor":54,"key":"GhostInAJar"}],"is_trial":false,"path_per_floor":["M","M","?","$","T","E","R","M","T","M","M","E","M","$","R","B",null,"M","?","M","M","?","R","?","R","T","E","M","M","T","$","R","B",null,"M","?","M","?","M","R","$","R","T","M","?","M","M","?","R","B",null,"R","$","E","B",null],"character_chosen":"THE_SILENT","items_purchased":["Infinite Blades","Fruit Juice","HandDrill","FairyPotion","Bag of Preparation","Vajra","ColorlessPotion"],"campfire_rested":1,"item_purchase_floors":[4,14,31,41,41,53,53],"current_hp_per_floor":[70,70,70,70,70,70,70,64,64,53,53,46,40,45,45,30,75,67,67,67,67,51,51,51,51,51,25,23,23,23,23,60,60,75,75,75,75,75,75,75,75,75,75,71,71,61,61,61,61,55,75,75,75,71,19],"gold":53,"neow_bonus":"THREE_ENEMY_KILL","is_daily":false,"chose_seed":false,"campfire_upgraded":7,"win_rate":0.0,"timestamp":1610431865,"path_taken":["M","M","?","$","?","E","R","M","T","M","M","E","M","$","R","BOSS","M","?","M","M","?","R","?","R","T","E","M","M","?","$","R","BOSS","M","?","M","?","M","R","$","R","T","M","?","?","M","?","R","BOSS","R","$","E","BOSS"],"items_purchased_type":["Card","Potion","Relic","Potion","Relic","Relic","Potion"],"build_version":"2020-12-22","purchased_purges":2,"victory":true,"max_hp_per_floor":[70,70,70,70,70,70,70,70,70,70,70,70,70,75,75,75,75,75,75,75,75,75,75,75,75,75,75,75,75,75,75,75,75,75,75,75,75,75,75,75,75,75,75,75,75,75,75,75,75,75,75,75,75,75,75],"card_choices":[{"not_picked":["Flying Knee","Poisoned Stab"],"picked":"Accuracy","floor":1},{"not_picked":["Flying Knee","Distraction"],"picked":"Blade Dance","floor":2},{"not_picked":["Setup","Sucker Punch"],"picked":"Infinite Blades","floor":6},{"not_picked":["Dagger Throw","Setup","Sucker Punch"],"picked":"SKIP","floor":8},{"not_picked":["Die Die Die","Blade Dance"],"picked":"Finisher","floor":10},{"not_picked":["Riddle With Holes","Dagger Spray"],"picked":"Terror","floor":11},{"not_picked":["Terror","Acrobatics"],"picked":"PiercingWail","floor":12},{"not_picked":["Prepared","Choke"],"picked":"Blade Dance","floor":13},{"not_picked":["Malaise","Wraith Form v2"],"picked":"After Image","floor":16},{"not_picked":["Outmaneuver","Eviscerate","Bane"],"picked":"SKIP","floor":18},{"not_picked":["Poisoned Stab","Quick Slash"],"picked":"Outmaneuver+1","floor":20},{"not_picked":["Endless Agony","Slice+1"],"picked":"Concentrate+1","floor":21},{"not_picked":["Outmaneuver","Poisoned Stab","Riddle With Holes+1"],"picked":"SKIP","floor":27},{"not_picked":["Outmaneuver","Poisoned Stab","Riddle With Holes+1"],"picked":"SKIP","floor":27},{"not_picked":["Deadly Poison","Outmaneuver"],"picked":"Backflip+1","floor":28},{"not_picked":["Heel Hook","Dodge and Roll","Choke+1"],"picked":"SKIP","floor":29},{"not_picked":["Night Terror","Doppelganger"],"picked":"Phantasmal Killer","floor":33},{"not_picked":["Quick Slash","Crippling Poison"],"picked":"Blade Dance+1","floor":35},{"not_picked":["Sucker Punch+1","Slice","Setup+1"],"picked":"SKIP","floor":37},{"not_picked":["Sucker Punch","Backflip"],"picked":"Calculated Gamble+1","floor":39},{"not_picked":["Bouncing Flask+1","Sucker Punch+1","Dagger Throw"],"picked":"SKIP","floor":44},{"not_picked":["Dodge and Roll+1","Backflip+1"],"picked":"Deflect","floor":46},{"not_picked":["PiercingWail+1","Cloak And Dagger"],"picked":"Accuracy+1","floor":47},{"not_picked":["Leg Sweep+1","Dash"],"picked":"Deflect+1","floor":48},{"not_picked":["Slice+1","Deadly Poison"],"picked":"Footwork","floor":54}],"player_experience":214363,"relics_obtained":[{"floor":5,"key":"Art of War"},{"floor":6,"key":"CeramicFish"},{"floor":9,"key":"Mummified Hand"},{"floor":12,"key":"InkBottle"},{"floor":22,"key":"Nilry\u0027s Codex"},{"floor":26,"key":"Regal Pillow"},{"floor":27,"key":"Potion Belt"},{"floor":43,"key":"Kunai"},{"floor":48,"key":"Du-Vu Doll"},{"floor":54,"key":"Torii"}],"event_choices":[{"damage_healed":0,"gold_gain":0,"player_choice":"Forge","damage_taken":0,"max_hp_gain":0,"max_hp_loss":0,"event_name":"Accursed Blacksmith","floor":3,"gold_loss":0,"cards_upgraded":["Blade Dance"]},{"cards_removed":["Strike_G"],"damage_healed":0,"gold_gain":0,"player_choice":"Elegance","damage_taken":0,"max_hp_gain":0,"max_hp_loss":0,"event_name":"Back to Basics","floor":19,"gold_loss":0},{"damage_healed":0,"gold_gain":0,"player_choice":"Obtained Book","damage_taken":16,"max_hp_gain":0,"max_hp_loss":0,"event_name":"Cursed Tome","floor":22,"gold_loss":0},{"damage_healed":0,"gold_gain":0,"player_choice":"Obtained Relic","damage_taken":0,"relics_obtained":["Ancient Tea Set"],"max_hp_gain":0,"max_hp_loss":0,"event_name":"Addict","floor":24,"gold_loss":85},{"cards_removed":["Strike_G"],"damage_healed":0,"gold_gain":0,"player_choice":"Removed Attack","damage_taken":0,"max_hp_gain":0,"max_hp_loss":0,"event_name":"Falling","floor":36,"gold_loss":0},{"damage_healed":0,"gold_gain":0,"player_choice":"Ignored","damage_taken":0,"max_hp_gain":0,"max_hp_loss":0,"event_name":"Tomb of Lord Red Mask","floor":38,"gold_loss":0},{"damage_healed":0,"gold_gain":100,"player_choice":"Pray","damage_taken":0,"max_hp_gain":0,"max_hp_loss":0,"event_name":"Golden Shrine","floor":45,"gold_loss":0},{"damage_healed":0,"gold_gain":0,"player_choice":"Fight","damage_taken":0,"max_hp_gain":0,"max_hp_loss":0,"event_name":"Mysterious Sphere","floor":48,"gold_loss":0}],"is_beta":false,"boss_relics":[{"not_picked":["SacredBark","Astrolabe"],"picked":"Ring of the Serpent"},{"not_picked":["Philosopher\u0027s Stone","Calling Bell"],"picked":"WristBlade"}],"items_purged_floors":[14,53],"is_endless":false,"potions_floor_spawned":[1,6,12,13,16,18,21,27,33,37,39,44,47,54],"ascension_level":3}}