{"host":"Jackie","time":1610448680,"event":{"mods":["BaseMod","Highlight Path","Minty Spire (QoL Compilation)","Relic Stats","Slay the Relics Exporter","StSLib","Twitch Decklist"],"gold_per_floor":[112,132,132,148,164,164,64,97,97,114,114,114,114,155,155,248,248,272,285,200,200,17,48,48,64,64,103,103,103,117,117,117,210,210,231,255,286,286,19,55,69,92,119,17,17,51,101,101,101],"floor_reached":48,"playtime":2284,"items_purged":["Strike_R","Strike_R","Anger","Strike_R+1"],"score":1122,"play_id":"0beb28d4-4ff1-4a88-9b47-d5fb1bc45a43","local_time":"20210112025120","is_ascension_mode":true,"campfire_choices":[{"data":"Searing Blow","floor":6.0,"key":"SMITH"},{"data":"Searing Blow+1","floor":11.0,"key":"SMITH"},{"data":"Searing Blow+2","floor":15.0,"key":"SMITH"},{"floor":24.0,"key":"REST"},{"data":"Searing Blow+3","floor":28,"key":"SMITH"},{"floor":32,"key":"REST"},{"floor":45,"key":"REST"}],"circlet_count":0,"master_deck":["AscendersBane","Strike_R+1","Defend_R+1","Defend_R+1","Defend_R+1","Defend_R+1","Bash+1","Feel No Pain","Searing Blow+4","Cleave","Headbutt","Immolate","Armaments","Feed","Uppercut+1","Metallicize+1","Inflame+1","Offering","Battle Trance","Shockwave","Shrug It Off+1","Limit Break"],"relics":["SlaversCollar","Shuriken","Gremlin Horn","Golden Idol","Frozen Egg 2","Philosopher\u0027s Stone","Potion Belt","Oddly Smooth Stone","Ornamental Fan","InkBottle","SacredBark","Pocketwatch","Membership Card","CeramicFish","Toy Ornithopter","Thread and Needle"],"acts_visited":["Exordium","TheCity","TheBeyond"],"potions_floor_usage":[27,27,33,40,40,40,46,46],"damage_taken":[{"damage":2.0,"enemies":"Cultist","floor":1.0,"turns":4.0},{"damage":9.0,"enemies":"2 Louse","floor":2.0,"turns":3.0},{"damage":12.0,"enemies":"Small Slimes","floor":4.0,"turns":4.0},{"damage":7.0,"enemies":"2 Fungi Beasts","floor":5.0,"turns":4.0},{"damage":12.0,"enemies":"3 Sentries","floor":8.0,"turns":7.0},{"damage":9.0,"enemies":"Red Slaver","floor":10.0,"turns":2.0},{"damage":20.0,"enemies":"Lagavulin","floor":14.0,"turns":5.0},{"damage":8.0,"enemies":"Slime Boss","floor":16.0,"turns":5.0},{"damage":3.0,"enemies":"Chosen","floor":18.0,"turns":3.0},{"damage":11.0,"enemies":"2 Thieves","floor":19.0,"turns":3.0},{"damage":17.0,"enemies":"Slavers","floor":23.0,"turns":2.0},{"damage":2.0,"enemies":"Centurion and Healer","floor":25.0,"turns":4.0},{"damage":0,"enemies":"Gremlin Leader","floor":27,"turns":3},{"damage":24,"enemies":"Cultist and Chosen","floor":30,"turns":7},{"damage":29,"enemies":"Collector","floor":33,"turns":6},{"damage":18,"enemies":"Orb Walker","floor":35,"turns":3},{"damage":6,"enemies":"3 Shapes","floor":36,"turns":7},{"damage":2,"enemies":"Mind Bloom Boss Battle","floor":37,"turns":7},{"damage":22,"enemies":"Nemesis","floor":40,"turns":5},{"damage":7,"enemies":"Sphere and 2 Shapes","floor":41,"turns":5},{"damage":16,"enemies":"Transient","floor":46,"turns":6},{"damage":19,"enemies":"Reptomancer","floor":47,"turns":5},{"damage":21,"enemies":"Writhing Mass","floor":48,"turns":4}],"seed_played":"923854308609676029","potions_obtained":[{"floor":2.0,"key":"FairyPotion"},{"floor":8.0,"key":"Swift Potion"},{"floor":14.0,"key":"Dexterity Potion"},{"floor":18.0,"key":"AttackPotion"},{"floor":23.0,"key":"DuplicationPotion"},{"floor":25.0,"key":"ColorlessPotion"},{"floor":30,"key":"Strength Potion"},{"floor":35,"key":"FearPotion"},{"floor":36,"key":"SneckoOil"},{"floor":40,"key":"Ancient Potion"},{"floor":41,"key":"PowerPotion"}],"is_trial":false,"path_per_floor":["M","M","?","M","M","R","$","E","T","M","R","?","?","E","R","B",null,"M","M","?","?","$","E","R","M","T","E","R","?","M","?","R","B",null,"M","M","?","?","$","E","M","T","T","$","R","M","E","M"],"character_chosen":"IRONCLAD","items_purchased":["Headbutt","GamblersBrew","Membership Card","EssenceOfSteel","Block Potion"],"campfire_rested":3,"item_purchase_floors":[7,22,39,39,44],"current_hp_per_floor":[66,57,57,45,38,38,38,26,26,17,17,10,10,20,20,12,54,51,40,40,34,34,20,41,43,43,43,43,43,19,19,41,12,59,44,41,42,42,42,20,13,13,13,13,38,32,13,0,0],"gold":101,"neow_bonus":"BOSS_RELIC","is_daily":false,"chose_seed":false,"campfire_upgraded":4,"win_rate":0.0,"timestamp":1610448680,"path_taken":["M","?","?","M","M","R","$","E","T","M","R","?","?","E","R","BOSS","M","M","?","?","$","E","R","?","T","E","R","?","M","?","R","BOSS","M","M","?","?","$","E","M","?","T","$","R","M","E","M"],"items_purchased_type":["Card","Potion","Relic","Potion","Potion"],"build_version":"2020-12-18","purchased_purges":4,"victory":false,"max_hp_per_floor":[75,75,75,75,75,75,75,75,75,75,75,75,68,68,68,68,68,68,68,68,68,68,71,71,75,75,75,75,75,75,75,75,75,75,78,81,84,84,84,84,84,84,84,84,84,84,84,84,84],"relic_stats":{"Gremlin Horn":[21,22],"counters":[23,104],"Shuriken":[23],"Golden Idol":117,"Ornamental Fan":[56],"CeramicFish":18,"obtain_stats":[{"Potion Belt":20,"Gremlin Horn":9,"Golden Idol":13,"SacredBark":34,"CeramicFish":40,"Oddly Smooth Stone":23,"Thread and Needle":47,"Frozen Egg 2":14,"Burning Blood":0,"SlaversCollar":0,"Shuriken":8,"Ornamental Fan":26,"Philosopher\u0027s Stone":17,"Membership Card":39,"InkBottle":27,"Toy Ornithopter":43,"Pocketwatch":37},{"Potion Belt":10,"Gremlin Horn":5,"Golden Idol":6,"SacredBark":15,"CeramicFish":19,"Oddly Smooth Stone":11,"Thread and Needle":22,"Frozen Egg 2":7,"Burning Blood":0,"SlaversCollar":0,"Shuriken":5,"Ornamental Fan":12,"Philosopher\u0027s Stone":8,"Membership Card":18,"InkBottle":13,"Toy Ornithopter":20,"Pocketwatch":18},{"Potion Belt":40,"Gremlin Horn":22,"Golden Idol":24,"SacredBark":62,"CeramicFish":84,"Oddly Smooth Stone":42,"Thread and Needle":100,"Frozen Egg 2":29,"Burning Blood":0,"SlaversCollar":0,"Shuriken":22,"Ornamental Fan":46,"Philosopher\u0027s Stone":34,"Membership Card":79,"InkBottle":49,"Toy Ornithopter":89,"Pocketwatch":79}],"InkBottle":[16],"Toy Ornithopter":10,"Pocketwatch":[33]},"card_choices":[{"not_picked":["Perfected Strike","Wild Strike"],"picked":"Feel No Pain","floor":1.0},{"not_picked":["Armaments","Spot Weakness"],"picked":"Anger","floor":2.0},{"not_picked":["Cleave","Entrench"],"picked":"Searing Blow","floor":4.0},{"not_picked":["Infernal Blade","Twin Strike"],"picked":"Cleave","floor":5.0},{"not_picked":["Second Wind","Battle Trance"],"picked":"Immolate","floor":8.0},{"not_picked":["Combust","Clash","Dark Embrace"],"picked":"SKIP","floor":10.0},{"not_picked":["Blood for Blood","Perfected Strike"],"picked":"Armaments","floor":14.0},{"not_picked":["Berserk+1","Limit Break"],"picked":"Feed","floor":16.0},{"not_picked":["Pommel Strike","Combust+1"],"picked":"Uppercut+1","floor":18.0},{"not_picked":["Perfected Strike+1","True Grit"],"picked":"Metallicize+1","floor":19.0},{"not_picked":["True Grit","Cleave","Thunderclap"],"picked":"SKIP","floor":23.0},{"not_picked":["Headbutt","Havoc","Metallicize+1"],"picked":"SKIP","floor":25.0},{"not_picked":["Reckless Charge","Pommel Strike"],"picked":"Inflame+1","floor":27},{"not_picked":["Headbutt","Cleave+1","Wild Strike"],"picked":"SKIP","floor":30},{"not_picked":["Demon Form+1","Juggernaut+1"],"picked":"Offering","floor":33},{"not_picked":["Body Slam","Perfected Strike"],"picked":"Battle Trance","floor":35},{"not_picked":["Wild Strike","Clothesline"],"picked":"Power Through+1","floor":36},{"not_picked":["Dark Embrace+1","Flex"],"picked":"Shockwave","floor":37},{"not_picked":["Dual Wield","Clothesline+1","Bloodletting"],"picked":"SKIP","floor":40},{"not_picked":["Reckless Charge+1","Power Through","Twin Strike"],"picked":"SKIP","floor":41},{"not_picked":["Cleave","Armaments"],"picked":"Shrug It Off+1","floor":46},{"not_picked":["Berserk+1","Fire Breathing+1"],"picked":"Limit Break","floor":47}],"player_experience":2165422,"relics_obtained":[{"floor":8.0,"key":"Shuriken"},{"floor":9.0,"key":"Gremlin Horn"},{"floor":14.0,"key":"Frozen Egg 2"},{"floor":23.0,"key":"Oddly Smooth Stone"},{"floor":26.0,"key":"Ornamental Fan"},{"floor":27,"key":"InkBottle"},{"floor":37,"key":"Pocketwatch"},{"floor":40,"key":"CeramicFish"},{"floor":43,"key":"Toy Ornithopter"},{"floor":47,"key":"Thread and Needle"}],"event_choices":[{"damage_healed":0.0,"max_hp_gain":0.0,"max_hp_loss":0.0,"gold_gain":0.0,"event_name":"Living Wall","player_choice":"Grow","floor":3.0,"gold_loss":0.0,"damage_taken":0.0,"cards_upgraded":["Bash"]},{"cards_removed":["Strike_R"],"damage_healed":0.0,"max_hp_gain":0.0,"max_hp_loss":0.0,"gold_gain":0.0,"event_name":"Golden Wing","player_choice":"Card Removal","floor":12.0,"gold_loss":0.0,"damage_taken":7.0},{"damage_healed":0.0,"max_hp_gain":0.0,"max_hp_loss":7.0,"gold_gain":0.0,"event_name":"Golden Idol","player_choice":"Lose Max HP","floor":13.0,"gold_loss":0.0,"damage_taken":0.0,"relics_obtained":["Golden Idol"]},{"damage_healed":0.0,"max_hp_gain":0.0,"max_hp_loss":0.0,"gold_gain":0.0,"event_name":"Addict","player_choice":"Obtained Relic","floor":20.0,"gold_loss":85.0,"damage_taken":0.0,"relics_obtained":["Potion Belt"]},{"damage_healed":0.0,"max_hp_gain":0.0,"max_hp_loss":0.0,"gold_gain":0.0,"event_name":"Knowing Skull","player_choice":"","floor":21.0,"potions_obtained":[],"gold_loss":0.0,"damage_taken":6.0,"cards_obtained":[]},{"damage_healed":0,"gold_gain":0,"player_choice":"Ignored","damage_taken":0,"max_hp_gain":0,"max_hp_loss":0,"event_name":"Vampires","floor":29,"gold_loss":0},{"damage_healed":0,"gold_gain":0,"player_choice":"Simplicity","damage_taken":0,"max_hp_gain":0,"max_hp_loss":0,"event_name":"Back to Basics","floor":31,"gold_loss":0,"cards_upgraded":["Strike_R","Strike_R","Defend_R","Defend_R","Defend_R","Defend_R"]},{"damage_healed":0,"gold_gain":0,"player_choice":"Fight","damage_taken":0,"max_hp_gain":0,"max_hp_loss":0,"event_name":"MindBloom","floor":37,"gold_loss":0},{"cards_removed":["Power Through"],"damage_healed":0,"gold_gain":0,"player_choice":"Removed Skill","damage_taken":0,"max_hp_gain":0,"max_hp_loss":0,"event_name":"Falling","floor":38,"gold_loss":0}],"is_beta":true,"boss_relics":[{"not_picked":["Runic Cube","Mark of Pain"],"picked":"Philosopher\u0027s Stone"},{"not_picked":["Fusion Hammer","Black Star"],"picked":"SacredBark"}],"items_purged_floors":[7,22,39,44],"is_endless":false,"potions_floor_spawned":[2,8,14,18,23,25,30,35,36,40,41],"killed_by":"Writhing Mass","ascension_level":20}}