{"host":"44ogagedco4idcly","time":1610427333,"event":{"mods":["BaseMod","Downfall","Minty Spire (QoL Compilation)","StSLib"],"gold_per_floor":[99,116,127,137,149,149,149,149,95,95,95,111,29,49,59,154,154,154,254,272,287,186,203,203,236,236,236,236],"floor_reached":26,"playtime":1136,"items_purged":[],"score":220,"play_id":"1ad7047e-dea5-49d9-8e5d-58e44f5c9f37","local_time":"20210111225533","is_ascension_mode":false,"campfire_choices":[{"data":"Slimebound:CorrosiveSpit","floor":1,"key":"SMITH"},{"data":"Slimebound:SlimeSpikes","floor":10,"key":"SMITH"},{"data":"Slimebound:LevelUp","floor":18,"key":"SMITH"}],"circlet_count":0,"master_deck":["Slimebound:Strike_Slimebound","Slimebound:Strike_Slimebound","Slimebound:Strike_Slimebound","Slimebound:Tackle","Slimebound:Defend_Slimebound","Slimebound:Defend_Slimebound","Slimebound:Defend_Slimebound","Slimebound:Defend_Slimebound","Slimebound:Split","Slimebound:CorrosiveSpit+1","Slimebound:LeechEnergy","Slimebound:GrowthPunch","Slimebound:SlimeSpikes+1","Slimebound:Schlurp","Slimebound:ItLooksTasty","Slimebound:RallyTheTroops","Slimebound:SplitBruiser","Slimebound:LevelUp+1","Slimebound:FormOfPuddle","Slimebound:SplitBruiser","Slimebound:OozeBath","Slimebound:SlimeSpikes+1","Slimebound:Schlurp+1","Slimebound:ViciousTackle","Slimebound:LevelUp","Slimebound:ComboTackle+1","Slimebound:FormOfPuddle+1"],"relics":["Slimebound:AbsorbEndCombat","Incense Burner","Philosopher\u0027s Stone","Toxic Egg 2","Gambling Chip"],"acts_visited":["Exordium","TheCity"],"potions_floor_usage":[16,25],"damage_taken":[{"damage":7,"enemies":"Jaw Worm","floor":2,"turns":4},{"damage":7,"enemies":"Small Slimes","floor":3,"turns":3},{"damage":7,"enemies":"2 Louse","floor":4,"turns":3},{"damage":8,"enemies":"Red Slaver","floor":5,"turns":3},{"damage":8,"enemies":"downfall:FleeingMerchant","floor":9,"turns":4},{"damage":15,"enemies":"Exordium Thugs","floor":12,"turns":3},{"damage":12,"enemies":"downfall:FleeingMerchant","floor":13,"turns":4},{"damage":7,"enemies":"Red Slaver","floor":14,"turns":2},{"damage":18,"enemies":"3 Louse","floor":15,"turns":4},{"damage":44,"enemies":"downfall:Watcher","floor":16,"turns":6},{"damage":23,"enemies":"Spheric Guardian","floor":20,"turns":4},{"damage":12,"enemies":"Shell Parasite","floor":21,"turns":6},{"damage":40,"enemies":"downfall:FleeingMerchant","floor":22,"turns":4},{"damage":20,"enemies":"Cultist and Chosen","floor":23,"turns":4},{"damage":15,"enemies":"Slavers","floor":25,"turns":5},{"damage":32,"enemies":"Centurion and Healer","floor":26,"turns":5}],"seed_played":"-1281005042768814640","potions_obtained":[{"floor":3,"key":"Slimebound:SlimyTonguePotion"},{"floor":12,"key":"DuplicationPotion"},{"floor":14,"key":"Block Potion"},{"floor":16,"key":"hexamod:EctoCoolerPotion"}],"is_trial":false,"path_per_floor":["R","M","M","M","M","?","T","?","$","R","?","M","$","M","M","B",null,"R","?","M","M","$","M","T","E","M"],"character_chosen":"SLIMEBOUND","items_purchased":["Slimebound:ItLooksTasty","Slimebound:LevelUp","Slimebound:ViciousTackle","Slimebound:LevelUp"],"campfire_rested":0,"item_purchase_floors":[9,13,22,22],"current_hp_per_floor":[66,66,66,65,62,62,62,67,69,69,69,62,58,57,51,27,71,71,71,49,51,29,19,19,18,0,0,0],"gold":236,"neow_bonus":"TEN_PERCENT_HP_BONUS","is_daily":false,"chose_seed":false,"campfire_upgraded":3,"win_rate":0.0,"timestamp":1610427333,"path_taken":["R","M","M","M","M","?","T","?","$","R","?","M","$","?","M","BOSS","R","?","M","M","?","M","T","E","M"],"items_purchased_type":["Card","Card","Card","Card"],"build_version":"2020-12-22","purchased_purges":0,"victory":false,"max_hp_per_floor":[66,66,66,66,66,66,66,71,71,71,71,71,71,71,71,71,71,71,71,71,71,71,71,71,71,71,71,71],"card_choices":[{"not_picked":["Slimebound:GoopSpray","Slimebound:SplitAcid"],"picked":"Slimebound:LeechEnergy","floor":2},{"not_picked":["Slimebound:SpikyOuterGoop","Slimebound:SamplingLick"],"picked":"Slimebound:GrowthPunch","floor":3},{"not_picked":["Slimebound:GrowthPunch","Slimebound:SlimeTap"],"picked":"Slimebound:SlimeSpikes","floor":4},{"not_picked":["Slimebound:MegaLick","Slimebound:Repurpose"],"picked":"Slimebound:Schlurp","floor":5},{"not_picked":["Slimebound:GoopSpray","Slimebound:TongueLash","Slimebound:GrowthPunch"],"picked":"SKIP","floor":9},{"not_picked":["Slimebound:FirmFortitude","Slimebound:SlimeSpikes"],"picked":"Slimebound:RallyTheTroops","floor":12},{"not_picked":["Slimebound:LeechingTouch","Slimebound:HauntingLick"],"picked":"Slimebound:SplitBruiser","floor":13},{"not_picked":["Slimebound:FirmFortitude","Slimebound:LeadByExample"],"picked":"Slimebound:FormOfPuddle","floor":14},{"not_picked":["Slimebound:LivingWall","Slimebound:RollThrough"],"picked":"Slimebound:SplitBruiser","floor":15},{"not_picked":["Slimebound:RallyTheTroops","Slimebound:WasteNot"],"picked":"Slimebound:OozeBath","floor":16},{"not_picked":["Slimebound:GoopSpray","Slimebound:SplitLeeching"],"picked":"Slimebound:SlimeSpikes+1","floor":20},{"not_picked":["Slimebound:SlimeSpikes","Slimebound:LeechEnergy","Slimebound:LeadByExample"],"picked":"SKIP","floor":21},{"not_picked":["Slimebound:SlimeSpikes","Slimebound:LivingWall"],"picked":"Slimebound:Schlurp+1","floor":22},{"not_picked":["Slimebound:Grow","Slimebound:RollThrough+1"],"picked":"Slimebound:ComboTackle+1","floor":23},{"not_picked":["Slimebound:FinishingTackle+1","Slimebound:Dissolve+1"],"picked":"Slimebound:FormOfPuddle+1","floor":25}],"player_experience":120192,"relics_obtained":[{"floor":7,"key":"Incense Burner"},{"floor":24,"key":"Toxic Egg 2"},{"floor":25,"key":"Gambling Chip"}],"event_choices":[{"damage_healed":0,"gold_gain":0,"player_choice":"Donut","damage_taken":0,"max_hp_gain":5,"max_hp_loss":0,"event_name":"Big Fish","floor":8,"gold_loss":0},{"damage_healed":0,"gold_gain":0,"player_choice":"Ignored","damage_taken":0,"max_hp_gain":0,"max_hp_loss":0,"event_name":"Purifier","floor":11,"gold_loss":0}],"is_beta":false,"boss_relics":[{"not_picked":["Tiny House","Pandora\u0027s Box"],"picked":"Philosopher\u0027s Stone"}],"items_purged_floors":[],"is_endless":false,"potions_floor_spawned":[3,12,14,16,23],"killed_by":"Centurion and Healer","ascension_level":0}}