{"host":"g7trc0x2teqyd8ye","time":1610472921,"event":{"mods":["BaseMod","Key Reminder","Minty Spire (QoL Compilation)","Relic Stats"],"gold_per_floor":[114,114,124,135,18,18,49,49,49,49,62,91,71,71,71],"floor_reached":14,"playtime":479,"items_purged":[],"score":157,"play_id":"d90693bc-ba09-4e67-aecd-8b67eefdfe9a","local_time":"20210112183521","is_ascension_mode":true,"campfire_choices":[{"data":"Zap","floor":6,"key":"SMITH"},{"data":"Thunder Strike","floor":8,"key":"SMITH"},{"data":"Dualcast","floor":10,"key":"SMITH"}],"circlet_count":0,"master_deck":["AscendersBane","Strike_B","Defend_B","Defend_B","Defend_B","Defend_B","Zap+1","Dualcast+1","All For One","Thunder Strike+1","Turbo","FTL","Genetic Algorithm","Sunder","Beam Cell","Fission","Reprogram"],"relics":["Cracked Core","Emotion Chip","keyreminder:keyreminder","Matryoshka","Darkstone Periapt"],"acts_visited":["Exordium"],"potions_floor_usage":[7,14],"damage_taken":[{"damage":0,"enemies":"2 Louse","floor":1,"turns":3},{"damage":1,"enemies":"Cultist","floor":3,"turns":3},{"damage":0,"enemies":"Small Slimes","floor":4,"turns":3},{"damage":13,"enemies":"Gremlin Nob","floor":7,"turns":3},{"damage":1,"enemies":"3 Louse","floor":11,"turns":2},{"damage":20,"enemies":"Lagavulin","floor":12,"turns":4},{"damage":22,"enemies":"3 Sentries","floor":14,"turns":4}],"seed_played":"1609307157179552163","potions_obtained":[{"floor":3,"key":"Weak Potion"},{"floor":11,"key":"PotionOfCapacity"},{"floor":13,"key":"Swift Potion"}],"is_trial":false,"path_per_floor":["M","?","M","M","$","R","E","R","T","R","M","E","?","E"],"character_chosen":"DEFECT","items_purchased":["Sunder","Beam Cell"],"campfire_rested":0,"item_purchase_floors":[5,5],"current_hp_per_floor":[50,50,49,49,49,49,36,36,36,36,35,15,15,0,0],"gold":71,"neow_bonus":"TRANSFORM_TWO_CARDS","is_daily":false,"chose_seed":false,"campfire_upgraded":3,"win_rate":0.0,"timestamp":1610472921,"path_taken":["M","?","M","M","$","R","E","R","T","R","?","E","?","E"],"items_purchased_type":["Card","Card"],"build_version":"2020-12-22","purchased_purges":0,"victory":false,"max_hp_per_floor":[75,75,75,75,75,75,75,75,75,75,75,75,75,75,75],"relic_stats":{"Darkstone Periapt":0,"Emotion Chip":[2,2,0,0,0],"counters":[7,22],"obtain_stats":[{"keyreminder:keyreminder":7,"Darkstone Periapt":12,"Emotion Chip":7,"Matryoshka":9,"Cracked Core":0},{"keyreminder:keyreminder":4,"Darkstone Periapt":6,"Emotion Chip":4,"Matryoshka":4,"Cracked Core":0},{"keyreminder:keyreminder":12,"Darkstone Periapt":18,"Emotion Chip":12,"Matryoshka":12,"Cracked Core":0}]},"card_choices":[{"not_picked":["Cold Snap","Heatsinks"],"picked":"Turbo","floor":1},{"not_picked":["Rebound","BootSequence"],"picked":"FTL","floor":3},{"not_picked":["Turbo","Beam Cell"],"picked":"Genetic Algorithm","floor":4},{"not_picked":["Steam","Conserve Battery"],"picked":"Fission","floor":7},{"not_picked":["Barrage","Recycle","Rip and Tear"],"picked":"SKIP","floor":11},{"not_picked":["Compile Driver","Double Energy"],"picked":"Reprogram","floor":12}],"player_experience":907626,"relics_obtained":[{"floor":7,"key":"Emotion Chip"},{"floor":9,"key":"Matryoshka"},{"floor":12,"key":"Darkstone Periapt"}],"event_choices":[{"cards_removed":["Strike_B"],"damage_healed":0,"gold_gain":0,"player_choice":"Purged","damage_taken":0,"max_hp_gain":0,"max_hp_loss":0,"event_name":"Purifier","floor":2,"gold_loss":0},{"damage_healed":0,"gold_gain":0,"player_choice":"Bought 1 Potion","damage_taken":0,"max_hp_gain":0,"max_hp_loss":0,"event_name":"The Woman in Blue","floor":13,"gold_loss":0}],"is_beta":false,"boss_relics":[],"items_purged_floors":[],"is_endless":false,"potions_floor_spawned":[3,11],"killed_by":"3 Sentries","ascension_level":12}}