{"host":"7z9izfsmsy4azoxx","time":1610458055,"event":{"mods":["AchievementEnabler","BaseMod","Colored Map","Custom Start","Hermit","Minty Spire (QoL Compilation)","StSLib","SuperFastMode"],"gold_per_floor":[56546664,56545904,56545918,56545245,56545263,56545263,56545297,56545309,56545335,56545335,56545350,56544462,56544493,56544493,56544493,56544568,56544568,56544585,56544510,56544510,56544544,56544558,56544558,56544568,56544596,56544620,56544636,56544636,56543961,56543961,56543157,56543157,56543231,56543231,56543241,56543241,56542803,56542823,56541977,56541977,56541977,56541977,56542004,56542004,56542038,56541009,56541009,56541027,56541027,56541027,56541027],"floor_reached":50,"playtime":966,"items_purged":["Strike_R","Mind Blast","Strike_R","Decay","Writhe","Headbutt","Wild Strike"],"score":1213,"play_id":"893b083c-409a-43e2-8aea-bc844cf91ecf","local_time":"20210112222735","is_ascension_mode":true,"campfire_choices":[{"data":"Blood for Blood","floor":6.0,"key":"SMITH"},{"data":"Uppercut","floor":15.0,"key":"SMITH"},{"data":"Demon Form","floor":23.0,"key":"SMITH"},{"data":"True Grit","floor":32.0,"key":"SMITH"},{"data":"1","floor":40.0,"key":"LIFT"},{"data":"2","floor":42.0,"key":"LIFT"},{"data":"3","floor":44.0,"key":"LIFT"},{"floor":49,"key":"RECALL"}],"circlet_count":0,"master_deck":["AscendersBane","Bash","Carnage","Dropkick","Uppercut+1","Double Tap","Demon Form+1","Ghostly Armor","Intimidate","Shrug It Off","Thunderclap","Good Instincts","Inflame+1","True Grit+1","Madness","Madness","Immolate","Seeing Red+1","Dark Shackles+1","Flash of Steel","Sword Boomerang+1"],"relics":["Burning Blood","Juzu Bracelet","Lee\u0027s Waffle","Regal Pillow","Art of War","Orichalcum","ClockworkSouvenir","Red Skull","Bag of Preparation","Singing Bowl","Vajra","OrangePellets","Dream Catcher","Bag of Marbles","Pandora\u0027s Box","Red Mask","Lantern","PreservedInsect","Blood Vial","Mercury Hourglass","Girya","Frozen Egg 2","Pen Nib","Black Star","Toxic Egg 2","Ginger","MealTicket","Toolbox","Boot","Pantograph","Blue Candle","White Beast Statue","Frozen Eye"],"acts_visited":["Exordium","TheCity","TheBeyond"],"potions_floor_usage":[],"damage_taken":[{"damage":19.0,"enemies":"Jaw Worm","floor":1.0,"turns":3.0},{"damage":1.0,"enemies":"Cultist","floor":3.0,"turns":3.0},{"damage":10.0,"enemies":"Small Slimes","floor":5.0,"turns":3.0},{"damage":28.0,"enemies":"Lagavulin","floor":7.0,"turns":5.0},{"damage":3.0,"enemies":"3 Louse","floor":8.0,"turns":3.0},{"damage":8.0,"enemies":"Blue Slaver","floor":11.0,"turns":2.0},{"damage":22.0,"enemies":"Gremlin Nob","floor":13.0,"turns":4.0},{"damage":88.0,"enemies":"Slime Boss","floor":16.0,"turns":13.0},{"damage":12.0,"enemies":"Chosen","floor":18.0,"turns":4.0},{"damage":26.0,"enemies":"Masked Bandits","floor":21.0,"turns":4.0},{"damage":13.0,"enemies":"Shell Parasite","floor":22.0,"turns":3.0},{"damage":0.0,"enemies":"Snake Plant","floor":24.0,"turns":2.0},{"damage":42.0,"enemies":"Book of Stabbing","floor":25.0,"turns":5.0},{"damage":3.0,"enemies":"Snecko","floor":27.0,"turns":3.0},{"damage":56.0,"enemies":"Automaton","floor":33.0,"turns":8.0},{"damage":29.0,"enemies":"3 Darklings","floor":35.0,"turns":5.0},{"damage":9.0,"enemies":"Orb Walker","floor":38.0,"turns":3.0},{"damage":25.0,"enemies":"Reptomancer","floor":45.0,"turns":4.0},{"damage":0,"enemies":"Transient","floor":48,"turns":6},{"damage":127,"enemies":"Time Eater","floor":50,"turns":9}],"seed_played":"-6480854988285981941","potions_obtained":[{"floor":1.0,"key":"Swift Potion"},{"floor":7.0,"key":"BlessingOfTheForge"},{"floor":10.0,"key":"EntropicBrew"},{"floor":18.0,"key":"SpeedPotion"},{"floor":24.0,"key":"Regen Potion"},{"floor":25.0,"key":"BloodPotion"},{"floor":48,"key":"Ancient Potion"}],"is_trial":false,"path_per_floor":["M","$","M","$","M","R","E","M","T","?","M","$","E","?","R","B",null,"M","?","?","?","M","R","M","E","T","M","?","$","?","$","R","B",null,"M","?","$","M","$","R","?","R","T","R","E","$","?","M","R","B"],"character_chosen":"IRONCLAD","items_purchased":["Juzu Bracelet","Lee\u0027s Waffle","Regal Pillow","Wild Strike","Mind Blast","SteroidPotion","Art of War","Orichalcum","ClockworkSouvenir","Blood for Blood","Singing Bowl","Vajra","OrangePellets","Double Tap","Blood Vial","Mercury Hourglass","Good Instincts","Frozen Egg 2","Pen Nib","Inflame+1","True Grit","Weak Potion","Toxic Egg 2","Immolate","Ginger","MealTicket","Toolbox","Blue Candle","White Beast Statue","Frozen Eye","Seeing Red+1"],"campfire_rested":0,"item_purchase_floors":[2,2,2,2,2,2,4,4,4,4,12,12,12,12,29,29,29,31,31,31,31,31,37,37,39,39,39,46,46,46,46],"current_hp_per_floor":[62,89,89,89,85,85,63,66,66,66,64,64,50,50,50,19,73,69,69,69,51,46,46,54,39,39,44,44,44,44,44,44,13,82,63,44,44,45,45,45,45,45,45,45,30,45,37,45,45,0,0],"gold":56541027,"neow_bonus":"TEN_PERCENT_HP_BONUS","is_daily":false,"chose_seed":false,"campfire_upgraded":4,"win_rate":0.0,"timestamp":1610458055,"path_taken":["M","$","M","$","M","R","E","M","T","?","M","?","E","?","R","BOSS","M","?","?","?","M","R","M","E","T","M","?","$","?","$","R","BOSS","M","?","$","M","$","R","?","R","T","R","E","$","?","M","R","BOSS"],"items_purchased_type":["Relic","Relic","Relic","Card","Card","Potion","Relic","Relic","Relic","Card","Relic","Relic","Relic","Card","Relic","Relic","Card","Relic","Relic","Card","Card","Potion","Relic","Card","Relic","Relic","Relic","Relic","Relic","Relic","Card"],"build_version":"2020-12-22","purchased_purges":7,"victory":false,"max_hp_per_floor":[82,89,89,89,89,89,89,89,89,89,89,89,91,91,91,91,91,93,93,93,95,97,97,99,101,101,103,103,103,103,103,103,105,105,107,107,107,109,109,109,109,109,109,109,111,111,113,113,113,113,113],"card_choices":[{"not_picked":["Metallicize","Perfected Strike"],"picked":"Carnage","floor":1.0},{"not_picked":["Sentinel","Clothesline","Reckless Charge"],"picked":"SKIP","floor":3.0},{"not_picked":["Warcry","Perfected Strike"],"picked":"Dropkick","floor":5.0},{"not_picked":["Infernal Blade","Barricade","Bloodletting"],"picked":"SKIP","floor":7.0},{"not_picked":["Twin Strike","Fire Breathing","Thunderclap"],"picked":"SKIP","floor":8.0},{"not_picked":["Uppercut","Searing Blow","Twin Strike"],"picked":"SKIP","floor":11.0},{"not_picked":["Searing Blow","Twin Strike"],"picked":"Uppercut","floor":11.0},{"not_picked":["Pommel Strike","Combust","True Grit"],"picked":"Singing Bowl","floor":13.0},{"not_picked":["Barricade","Double Tap"],"picked":"Demon Form","floor":16.0},{"not_picked":["Anger","Dark Embrace","Heavy Blade+1"],"picked":"Singing Bowl","floor":18.0},{"not_picked":["Rampage","Twin Strike","Cleave"],"picked":"Singing Bowl","floor":21.0},{"not_picked":["True Grit","Heavy Blade","Iron Wave"],"picked":"Singing Bowl","floor":22.0},{"not_picked":["Blood for Blood","Flex","Burning Pact+1"],"picked":"Singing Bowl","floor":24.0},{"not_picked":["Flex","Cleave+1","Reaper"],"picked":"Singing Bowl","floor":25.0},{"not_picked":["Iron Wave","Spot Weakness","Hemokinesis"],"picked":"Singing Bowl","floor":27.0},{"not_picked":["Exhume","Impervious","Juggernaut+1"],"picked":"Singing Bowl","floor":33.0},{"not_picked":["Clash+1","Body Slam","Hemokinesis+1"],"picked":"Singing Bowl","floor":35.0},{"not_picked":["Disarm+1","Uppercut","Sword Boomerang+1"],"picked":"Singing Bowl","floor":38.0},{"not_picked":["Body Slam+1","Exhume+1","Iron Wave+1"],"picked":"Singing Bowl","floor":45.0},{"not_picked":["Good Instincts+1","Dramatic Entrance"],"picked":"Dark Shackles+1","floor":47.0},{"not_picked":["Transmutation+1","Secret Weapon+1","Deep Breath+1"],"picked":"Singing Bowl","floor":47.0},{"not_picked":["Good Instincts+1","Panacea+1"],"picked":"Flash of Steel","floor":47.0},{"not_picked":["Heavy Blade+1","Wild Strike"],"picked":"Sword Boomerang+1","floor":48}],"player_experience":526148,"relics_obtained":[{"floor":7.0,"key":"Red Skull"},{"floor":9.0,"key":"Bag of Preparation"},{"floor":13.0,"key":"Dream Catcher"},{"floor":21.0,"key":"Red Mask"},{"floor":25.0,"key":"Lantern"},{"floor":26.0,"key":"PreservedInsect"},{"floor":45.0,"key":"Boot"},{"floor":45.0,"key":"Pantograph"}],"event_choices":[{"damage_healed":0.0,"max_hp_gain":0.0,"max_hp_loss":0.0,"gold_gain":0.0,"event_name":"Lab","player_choice":"Got Potions","floor":10.0,"gold_loss":0.0,"damage_taken":0.0},{"damage_healed":0.0,"max_hp_gain":0.0,"max_hp_loss":0.0,"gold_gain":0.0,"event_name":"Dead Adventurer","player_choice":"Searched \u00271\u0027 times","floor":14.0,"gold_loss":0.0,"damage_taken":0.0,"relics_obtained":["Bag of Marbles"]},{"cards_removed":["Clash"],"damage_healed":0.0,"max_hp_gain":0.0,"max_hp_loss":0.0,"gold_gain":0.0,"event_name":"Beggar","player_choice":"Gave Gold","floor":19.0,"gold_loss":75.0,"damage_taken":0.0},{"cards_removed":["Uppercut"],"damage_healed":0.0,"max_hp_gain":0.0,"max_hp_loss":0.0,"gold_gain":0.0,"event_name":"Purifier","player_choice":"Purged","floor":20.0,"gold_loss":0.0,"damage_taken":0.0},{"damage_healed":0.0,"max_hp_gain":0.0,"max_hp_loss":0.0,"gold_gain":0.0,"event_name":"Masked Bandits","player_choice":"Fought Bandits","floor":21.0,"gold_loss":0.0,"damage_taken":0.0},{"damage_healed":0.0,"max_hp_gain":0.0,"max_hp_loss":0.0,"gold_gain":0.0,"event_name":"Forgotten Altar","player_choice":"Smashed Altar","floor":28.0,"gold_loss":0.0,"damage_taken":0.0,"cards_obtained":["Decay"]},{"damage_healed":0.0,"max_hp_gain":0.0,"max_hp_loss":0.0,"gold_gain":0.0,"event_name":"The Mausoleum","player_choice":"Opened","floor":30.0,"gold_loss":0.0,"damage_taken":0.0,"relics_obtained":["Girya"],"cards_obtained":["Writhe"]},{"damage_healed":0.0,"max_hp_gain":0.0,"max_hp_loss":0.0,"gold_gain":0.0,"event_name":"Winding Halls","player_choice":"Embrace Madness","floor":36.0,"gold_loss":0.0,"damage_taken":19.0,"cards_obtained":["Madness","Madness"]},{"cards_removed":["Blood for Blood"],"damage_healed":0.0,"max_hp_gain":0.0,"max_hp_loss":0.0,"gold_gain":0.0,"event_name":"Falling","player_choice":"Removed Attack","floor":41.0,"gold_loss":0.0,"damage_taken":0.0},{"damage_healed":0.0,"max_hp_gain":0.0,"max_hp_loss":0.0,"gold_gain":0.0,"event_name":"SensoryStone","player_choice":"Memory 3","floor":47.0,"gold_loss":0.0,"damage_taken":10.0}],"is_beta":false,"boss_relics":[{"not_picked":["Fusion Hammer","Philosopher\u0027s Stone"],"picked":"Pandora\u0027s Box"},{"not_picked":["Tiny House","Busted Crown"],"picked":"Black Star"}],"items_purged_floors":[2,4,12,29,31,39,46],"is_endless":false,"potions_floor_spawned":[1,7,8,11,18,21,24,25,48],"killed_by":"Time Eater","ascension_level":20}}