{"host":"f5n4tidiz2n5sooh","time":1610453508,"event":{"mods":["BaseMod","Colored Map","Minty Spire (QoL Compilation)","Relic Stats","Slay the Relics Exporter","StSLib"],"gold_per_floor":[114,94,112,11,29,29,61,26,26,26,36,47,47,47],"floor_reached":13,"playtime":398,"items_purged":["Strike_B"],"score":170,"play_id":"295ab0e5-c237-4365-a804-ac3e0691396a","local_time":"20210112061148","is_ascension_mode":true,"campfire_choices":[{"data":"Beam Cell","floor":6,"key":"SMITH"},{"data":"Genetic Algorithm","floor":10,"key":"SMITH"}],"circlet_count":0,"master_deck":["AscendersBane","Strike_B","Strike_B","Strike_B","Defend_B","Defend_B","Defend_B","Defend_B","Zap","Dualcast","Cold Snap","Beam Cell+1","Go for the Eyes","Genetic Algorithm+1","Ball Lightning"],"relics":["Cracked Core","CaptainsWheel","Ginger","Question Card"],"acts_visited":["Exordium"],"potions_floor_usage":[7,12,13],"damage_taken":[{"damage":9,"enemies":"Jaw Worm","floor":1,"turns":3},{"damage":0,"enemies":"Cultist","floor":3,"turns":3},{"damage":2,"enemies":"Small Slimes","floor":5,"turns":3},{"damage":26,"enemies":"3 Sentries","floor":7,"turns":9},{"damage":3,"enemies":"Blue Slaver","floor":11,"turns":3},{"damage":25,"enemies":"Exordium Thugs","floor":12,"turns":4},{"damage":14,"enemies":"Gremlin Nob","floor":13,"turns":3}],"seed_played":"-3676037364948436972","potions_obtained":[{"floor":2,"key":"Regen Potion"},{"floor":5,"key":"SpeedPotion"},{"floor":7,"key":"LiquidMemories"}],"is_trial":false,"path_per_floor":["M","?","M","$","M","R","E","?","T","R","M","M","E"],"character_chosen":"DEFECT","items_purchased":["Go for the Eyes"],"campfire_rested":0,"item_purchase_floors":[4],"current_hp_per_floor":[37,37,37,37,35,35,24,41,41,41,38,13,0,0],"gold":47,"neow_bonus":"ONE_RARE_RELIC","is_daily":false,"chose_seed":false,"campfire_upgraded":2,"win_rate":0.0,"timestamp":1610453508,"path_taken":["M","?","M","$","?","R","E","?","T","R","M","M","E"],"items_purchased_type":["Card"],"build_version":"2020-12-22","purchased_purges":1,"victory":false,"max_hp_per_floor":[71,71,71,71,71,71,71,71,71,71,71,71,71,71],"relic_stats":{"counters":[7,28],"Ginger":[2],"Question Card":2,"obtain_stats":[{"CaptainsWheel":0,"Ginger":7,"Cracked Core":0,"Question Card":9},{"CaptainsWheel":0,"Ginger":4,"Cracked Core":0,"Question Card":4},{"CaptainsWheel":0,"Ginger":18,"Cracked Core":0,"Question Card":18}]},"card_choices":[{"not_picked":["Steam","Aggregate"],"picked":"Cold Snap","floor":1},{"not_picked":["Recycle","Streamline"],"picked":"Beam Cell","floor":3},{"not_picked":["Go for the Eyes","Recycle","Double Energy"],"picked":"SKIP","floor":5},{"not_picked":["Stack","Hologram"],"picked":"Genetic Algorithm","floor":7},{"not_picked":["Reprogram","Self Repair","Undo","BootSequence"],"picked":"SKIP","floor":11},{"not_picked":["Reprogram","Self Repair","Undo","BootSequence"],"picked":"SKIP","floor":11},{"not_picked":["Go for the Eyes","Beam Cell","Doom and Gloom"],"picked":"Ball Lightning","floor":12}],"player_experience":2001597,"relics_obtained":[{"floor":7,"key":"Ginger"},{"floor":9,"key":"Question Card"}],"event_choices":[{"damage_healed":0,"gold_gain":0,"player_choice":"Bought 1 Potion","damage_taken":0,"max_hp_gain":0,"max_hp_loss":0,"event_name":"The Woman in Blue","floor":2,"gold_loss":0},{"damage_healed":17,"gold_gain":0,"player_choice":"Healed","damage_taken":0,"max_hp_gain":0,"max_hp_loss":0,"event_name":"The Cleric","floor":8,"gold_loss":35}],"is_beta":false,"boss_relics":[],"items_purged_floors":[4],"is_endless":false,"potions_floor_spawned":[5,7,11],"killed_by":"Gremlin Nob","ascension_level":20}}