{"host":"qkbnayyek6fga752","time":1610422255,"event":{"mods":["2.2 Compatiblity","Aspiration","Astrologer","BaseMod","Beaked The Cultist","Better Altar","Better Match","Better Note","Better Sensory Stone","Better Skull","Better Third Choice","CCEM","CapriCore","ChefMod","Clockwork Mod","Conspire","Ekko","Energized Spire","Evolution","Glutton Mod","Hermit","Hubris","Humility","Jedi Mod","Koishi","Mad Scientist","Marisa????????","Minty Spire (QoL Compilation)","Quarter Circle Forward PUNCH!","Random Character Mod","Replay The Spire","Robot Space Explorer","SIMod","Spicy Shops","StSLib","The Administrix","The Alterego","The Blackbeard","The Blue Laboratory","The Bug Knight","The Construct","The Cursed","The Death Knight","The Disciple","The Druid","The Edgeheg","The Exalted","The Forsaken","The Gatherer","The Hayseed","The Hierophant","The Immortal","The Juggle","The Marked","The Necromancer","The Problem Sleuth","The Runesmith","The Sage","The Senshi","The Vixen","TheArtist","TheBandit","TheFirefly","TheLocksmith","TheSwordswoman","TheVacant","TheVelvet","Trackpad","Wandering Minibosses","Yuri Mod","thorton","vexMod","??????REMEMod"],"gold_per_floor":[112,112,129,144,144,175,175,207,234,248,248,16,41,51,51,153,153,168,184,384,384,404,404,431,448,448,474,474,492,123,148,148,244,244,257,307,326,343,363,363,398,243,243,273,273,273,291,321,321,321],"floor_reached":51,"playtime":2982,"items_purged":[],"score":1290,"play_id":"ed04f696-bb41-4ecd-8da9-10f631f27e46","local_time":"20210111223055","daily_mods":["SealedDeck","Heirloom","DeadlyEvents","Elite Swarm","Uncertain Future"],"is_ascension_mode":false,"campfire_choices":[{"data":"MokouMod:Overheat","floor":7,"key":"SMITH"},{"data":"MokouMod:Sear","floor":7,"key":"SMITH"},{"data":"MokouMod:RisingSunBarrier","floor":11,"key":"SMITH"},{"data":"Juggernaut","floor":11,"key":"SMITH"},{"data":"MokouMod:Ventilation","floor":15,"key":"SMITH"},{"data":"MokouMod:Ventilation","floor":15,"key":"SMITH"},{"data":"MokouMod:RisingSunBarrier","floor":23,"key":"SMITH"},{"data":"MokouMod:Firecracker","floor":23,"key":"SMITH"},{"data":"MokouMod:Ember","floor":28,"key":"SMITH"},{"data":"MokouMod:Rekindle","floor":28,"key":"SMITH"},{"data":"MokouMod:FlareStarter","floor":32,"key":"SMITH"},{"data":"MokouMod:FlareStarter","floor":32,"key":"SMITH"},{"data":"MokouMod:Rebirth","floor":40,"key":"SMITH"},{"data":"MokouMod:ScorchedEarth","floor":40,"key":"SMITH"},{"data":"Pot Of Greed","floor":46,"key":"SMITH"},{"data":"Pot Of Greed","floor":46,"key":"SMITH"},{"data":"MokouMod:ExplosiveFlame","floor":49,"key":"SMITH"},{"data":"MokouMod:ResoluteFlare","floor":49,"key":"SMITH"}],"circlet_count":0,"master_deck":["Juggernaut+1","MokouMod:ResoluteFlare+1","MokouMod:ResoluteFlare","MokouMod:Sear+1","MokouMod:Stoke","MokouMod:Stoke","MokouMod:Firecracker+1","MokouMod:CrimsonArmoury","MokouMod:Overheat+1","MokouMod:FlareStarter+1","MokouMod:FlareStarter+1","MokouMod:IndiscriminateIgnition","MokouMod:RisingSunBarrier+1","MokouMod:Ember+1","MokouMod:Ventilation+1","MokouMod:Ventilation+1","MokouMod:RisingSunBarrier+1","MokouMod:Rekindle+1","MokouMod:SearingBlow","MokouMod:ScorchedEarth+1","MokouMod:Rebirth+1","MokouMod:Scorch+1","Pot Of Greed+1","Pot Of Greed+1","MokouMod:ExplosiveFlame+1"],"relics":["MokouMod:PhoenixFeather","EVO:Axolotl","REME_ComplimentaryCards","Replay:Arrowhead","qcfpunch:Red_Headband","conspire:TopHat","Counterbalance","theSenshi:SailorFukuRelic","qcfpunch:Necklace_of_Skulls","qcfpunch:Dark_Gi","Regal Pillow","trackpad:PetRock","CCEMRelics:JestersCrown","Bottled Flame","aspiration:Nostalgia","PureWater","qcfpunch:Wrestler\u0027s_Cloak","Runesmith:AutoHammer","Unceasing Top","thethorton:BottledFunds","TheSimpletonMod:WoodChipper","Runesmith:Nanobots","Grinning Jar","Ice Cream","qcfpunch:Red_Beret","vexMod:BarristanHead"],"acts_visited":["Exordium","TheCity","TheBeyond"],"potions_floor_usage":[16,22,22,27,33,50,50,50],"damage_taken":[{"damage":0,"enemies":"Jaw Worm","floor":1,"turns":3},{"damage":5,"enemies":"2 Louse","floor":3,"turns":2},{"damage":7,"enemies":"Small Slimes","floor":4,"turns":2},{"damage":0,"enemies":"Lagavulin","floor":6,"turns":3},{"damage":0,"enemies":"Gremlin Nob","floor":8,"turns":4},{"damage":2,"enemies":"Looter","floor":10,"turns":2},{"damage":0,"enemies":"Lagavulin","floor":13,"turns":3},{"damage":7,"enemies":"Blue Slaver","floor":14,"turns":4},{"damage":0,"enemies":"Fading Forest","floor":16,"turns":9},{"damage":0,"enemies":"2 Thieves","floor":18,"turns":2},{"damage":2,"enemies":"3 Byrds","floor":19,"turns":3},{"damage":10,"enemies":"3 Cultists","floor":22,"turns":3},{"damage":10,"enemies":"Slavers","floor":24,"turns":3},{"damage":0,"enemies":"Centurion and Healer","floor":25,"turns":4},{"damage":0,"enemies":"Gremlin Leader","floor":27,"turns":3},{"damage":0,"enemies":"Snake Plant","floor":29,"turns":2},{"damage":0,"enemies":"HollowMod:Nosk","floor":31,"turns":3},{"damage":0,"enemies":"Collector","floor":33,"turns":5},{"damage":0,"enemies":"3 Shapes","floor":35,"turns":2},{"damage":0,"enemies":"3 Darklings","floor":37,"turns":2},{"damage":1,"enemies":"Writhing Mass","floor":38,"turns":2},{"damage":0,"enemies":"Spire Growth","floor":39,"turns":2},{"damage":0,"enemies":"Nemesis","floor":41,"turns":3},{"damage":0,"enemies":"Reptomancer","floor":44,"turns":2},{"damage":0,"enemies":"Sphere and 2 Shapes","floor":47,"turns":3},{"damage":0,"enemies":"beaked:SuperParasite","floor":48,"turns":2},{"damage":0,"enemies":"Awakened One","floor":50,"turns":5}],"seed_played":"3698822051614076397","potions_obtained":[{"floor":6,"key":"blueLaboratory:BottleOfVodka"},{"floor":8,"key":"Toxic Potion"},{"floor":13,"key":"Explosive Potion"},{"floor":16,"key":"blueLaboratory:LouseDecoction"},{"floor":18,"key":"Swift Potion"},{"floor":24,"key":"jedi:tentaclejuice"},{"floor":25,"key":"Swift Potion"},{"floor":37,"key":"EntropicBrew"},{"floor":39,"key":"FearPotion"},{"floor":44,"key":"blueLaboratory:FrostheartPotion"},{"floor":48,"key":"blueLaboratory:FrostheartPotion"}],"is_trial":true,"path_per_floor":["M","?","M","M","T","E","R","E","T","M","R","$","E","M","R","B",null,"M","M","?","T","M","R","E","M","T","E","R","M","$","E","R","B",null,"M","T","M","M","M","R","E","$","T","E","?","R","M","E","R","B",null],"character_chosen":"MKU","items_purchased":["MokouMod:Ventilation","aspiration:Nostalgia","qcfpunch:Wrestler\u0027s_Cloak","Runesmith:AutoHammer","Grinning Jar"],"campfire_rested":0,"item_purchase_floors":[12,30,30,30,42],"current_hp_per_floor":[75,80,75,68,68,68,68,68,68,66,66,66,66,59,59,59,52,52,50,50,50,40,40,30,30,30,30,30,30,30,30,30,30,52,52,52,52,51,51,51,51,51,51,51,51,51,51,51,51,51],"gold":321,"neow_bonus":"","is_daily":false,"chose_seed":false,"campfire_upgraded":18,"win_rate":0.0,"timestamp":1610422255,"path_taken":["M","?","M","M","?","E","R","E","T","?","R","$","E","M","R","BOSS","M","M","?","?","?","R","E","M","T","E","R","M","$","E","R","BOSS","M","?","?","M","M","R","E","$","T","E","?","R","M","E","R","BOSS"],"items_purchased_type":["Card","Relic","Relic","Relic","Relic"],"build_version":"2020-12-22","purchased_purges":0,"victory":true,"max_hp_per_floor":[75,80,80,80,80,80,80,80,80,80,80,80,80,80,80,80,52,52,52,52,52,52,52,52,52,52,52,52,52,52,52,52,52,52,52,52,52,52,52,52,52,52,52,52,52,52,52,52,52,52],"card_choices":[{"not_picked":["MokouMod:ControlledCombustion","MokouMod:FujiyamaVolcano"],"picked":"MokouMod:IndiscriminateIgnition","floor":1},{"not_picked":["MokouMod:BurningDraft","MokouMod:InfernalWave","MokouMod:Meltdown"],"picked":"SKIP","floor":3},{"not_picked":["MokouMod:Meltdown","MokouMod:Scorch"],"picked":"MokouMod:RisingSunBarrier","floor":4},{"not_picked":["MokouMod:ProfanedFlare","MokouMod:EnchantingBambooForest","MokouMod:SpontaneousHumanCombustion"],"picked":"SKIP","floor":6},{"not_picked":["MokouMod:RadiantBlade","MokouMod:HouraiForge","MokouMod:EnchantingBambooForest"],"picked":"SKIP","floor":8},{"not_picked":["MokouMod:Singe","MokouMod:SearingShot"],"picked":"MokouMod:Ember","floor":10},{"not_picked":["MokouMod:Extinguish","MokouMod:EnchantingBambooForest"],"picked":"MokouMod:Ventilation","floor":13},{"not_picked":["MokouMod:Ember","MokouMod:BlazingComet","MokouMod:ResoluteFlare"],"picked":"SKIP","floor":14},{"not_picked":["MokouMod:EternalBurstReactor+1","MokouMod:InfernalWave"],"picked":"MokouMod:RisingSunBarrier","floor":18},{"not_picked":["MokouMod:BlazingComet","MokouMod:Wildfire+1","MokouMod:ControlledCombustion"],"picked":"SKIP","floor":19},{"not_picked":["MokouMod:Overheat","MokouMod:BurningDraft+1","MokouMod:FujiyamaVolcano"],"picked":"SKIP","floor":22},{"not_picked":["MokouMod:SpontaneousHumanCombustion","MokouMod:Extinguish"],"picked":"MokouMod:Rekindle","floor":24},{"not_picked":["MokouMod:Sear","MokouMod:Ember","MokouMod:SearingShot+1"],"picked":"SKIP","floor":25},{"not_picked":["MokouMod:Geothermal","MokouMod:BurningHiddenBullet"],"picked":"MokouMod:SearingBlow","floor":27},{"not_picked":["MokouMod:IgnitionBarrier","MokouMod:Sear"],"picked":"MokouMod:ScorchedEarth","floor":29},{"not_picked":["MokouMod:HouraiForge","MokouMod:EnchantingBambooForest"],"picked":"MokouMod:Rebirth","floor":31},{"not_picked":["MokouMod:AdaptivePyromancy+1","MokouMod:FlickeringFlame"],"picked":"MokouMod:Scorch+1","floor":35},{"not_picked":["MokouMod:Scorch+1","MokouMod:Singe","MokouMod:HeatFactory"],"picked":"SKIP","floor":37},{"not_picked":["MokouMod:BurningDraft","MokouMod:FlickeringFlame","MokouMod:Sear+1"],"picked":"SKIP","floor":38},{"not_picked":["MokouMod:Stoke","MokouMod:Cataclysm+1","MokouMod:FujiyamaVolcano+1"],"picked":"SKIP","floor":39},{"not_picked":["MokouMod:RadiantBlade","MokouMod:HouraiForge","MokouMod:Rebirth"],"picked":"SKIP","floor":41},{"not_picked":["MokouMod:Geothermal","MokouMod:BurningHiddenBullet"],"picked":"MokouMod:ExplosiveFlame","floor":44},{"not_picked":["MokouMod:SubterraneanCore","MokouMod:IgnitionBarrier+1","MokouMod:Meltdown"],"picked":"SKIP","floor":47},{"not_picked":["MokouMod:Rebirth","MokouMod:SacredFire","MokouMod:ProfanedFlare"],"picked":"SKIP","floor":48}],"player_experience":380427,"relics_obtained":[{"floor":5,"key":"qcfpunch:Red_Headband"},{"floor":6,"key":"conspire:TopHat"},{"floor":8,"key":"Counterbalance"},{"floor":9,"key":"theSenshi:SailorFukuRelic"},{"floor":13,"key":"qcfpunch:Necklace_of_Skulls"},{"floor":21,"key":"Regal Pillow"},{"floor":24,"key":"trackpad:PetRock"},{"floor":26,"key":"CCEMRelics:JestersCrown"},{"floor":27,"key":"Bottled Flame"},{"floor":31,"key":"Unceasing Top"},{"floor":36,"key":"TheSimpletonMod:WoodChipper"},{"floor":41,"key":"Runesmith:Nanobots"},{"floor":43,"key":"Ice Cream"},{"floor":44,"key":"qcfpunch:Red_Beret"},{"floor":48,"key":"vexMod:BarristanHead"}],"event_choices":[{"damage_healed":0,"gold_gain":0,"player_choice":"Donut","damage_taken":0,"max_hp_gain":5,"max_hp_loss":0,"event_name":"Big Fish","floor":2,"gold_loss":0},{"damage_healed":0,"gold_gain":200,"player_choice":"Gold","damage_taken":0,"max_hp_gain":0,"max_hp_loss":0,"event_name":"Wheel of Change","floor":20,"gold_loss":0}],"is_beta":false,"boss_relics":[{"not_picked":["energizedSpire:CursedPentagram","Runic Dome"],"picked":"qcfpunch:Dark_Gi"},{"not_picked":["construct:ClawGrip","energizedSpire:StickyHand"],"picked":"thethorton:BottledFunds"}],"items_purged_floors":[],"is_endless":false,"potions_floor_spawned":[6,8,13,16,18,19,24,25,37,39,44,48],"ascension_level":0}}