{"host":"64h6jdpsiwrne03s","time":1610440287,"event":{"mods":["Act Like it!","BaseMod","Bestiary","Colored Powertips","Gensokyo","Marisa£®ÏF”Í°°ƒß¿Ì…≥£©","Minty Spire (QoL Compilation)","Reimu£®≤©¿ˆ¡È√Œ£©","Remilia£®¿Ÿ√◊¿Ú—«£©","StSLib","The Servant 0.9.4","Youmu£®ªÍ∆«—˝√Œ£©"],"gold_per_floor":[115,190,210,61,1,1,33,45,45,72,72,72,112,112,112,211,274,289,314,333,111,135,135,135,135],"floor_reached":24,"playtime":1433,"items_purged":["Defend_Lin:ReiMu","Strike_Lin:ReiMu"],"score":453,"play_id":"773e1b9a-267c-4980-a8a7-87a3cd794869","local_time":"20210112163127","is_ascension_mode":true,"campfire_choices":[{"data":"OctopathBindingBorder2:ReiMu","floor":6.0,"key":"SMITH"},{"floor":12.0,"key":"REST"},{"data":"FantasyMoon:ReiMu","floor":15.0,"key":"SMITH"},{"data":"KyokaiOfKami:ReiMu","floor":23,"key":"SMITH"}],"circlet_count":0,"master_deck":["AscendersBane","Strike_Lin:ReiMu","Strike_Lin:ReiMu","Strike_Lin:ReiMu","Defend_Lin:ReiMu","Defend_Lin:ReiMu","Defend_Lin:ReiMu","NB:ReiMu","Stagnation:ReiMu","ShadowOfCrow2:ReiMu","SpreadBorder2:ReiMu","OctopathBindingBorder2:ReiMu+1","KyokaiOfKami:ReiMu+1","RainPray2:ReiMu","FantasyMoon:ReiMu+1","Authority:ReiMu+1","LovePray:ReiMu","RainPray2:ReiMu","SpreadBorder2:ReiMu+1","SubAcupoint:ReiMu"],"relics":["FlyPower:ReiMu","NeowsBlessing","PaintedHorse:ReiMu","KaguraBell:ReiMu","Unceasing Top","Golden Idol","StrikeDummy","Spirit Poop","Tiny House","Membership Card","Frozen Eye"],"acts_visited":["Exordium","Gensokyo:Gensokyoer"],"potions_floor_usage":[],"damage_taken":[{"damage":0.0,"enemies":"Small Slimes","floor":1.0,"turns":1.0},{"damage":0.0,"enemies":"2 Louse","floor":3.0,"turns":1.0},{"damage":0.0,"enemies":"Gremlin Nob","floor":7.0,"turns":1.0},{"damage":1.0,"enemies":"Jaw Worm","floor":8.0,"turns":4.0},{"damage":13.0,"enemies":"3 Sentries","floor":10.0,"turns":6.0},{"damage":16.0,"enemies":"Gremlin Nob","floor":13.0,"turns":5.0},{"damage":10.0,"enemies":"Hexaghost","floor":16.0,"turns":8.0},{"damage":0,"enemies":"Gensokyo:Chomper","floor":18,"turns":4},{"damage":20,"enemies":"Gensokyo:3_Dogs","floor":19,"turns":4},{"damage":0,"enemies":"Gensokyo:Chomper_and_Gloop","floor":20,"turns":4},{"damage":1,"enemies":"Gensokyo:Swordslinger","floor":22,"turns":5},{"damage":26,"enemies":"Gensokyo:Koishi","floor":24,"turns":8}],"seed_played":"-590625296286192360","potions_obtained":[{"floor":1.0,"key":"AttackPotion"},{"floor":8.0,"key":"EssenceOfSteel"},{"floor":10.0,"key":"PinkPotion:ReiMu"},{"floor":13.0,"key":"AttackPotion"},{"floor":16.0,"key":"DuplicationPotion"}],"is_trial":false,"path_per_floor":["M","?","M","$","?","R","E","M","T","E","?","R","E","?","R","B",null,"M","M","M","$","M","R","E"],"character_chosen":"REIMU","items_purchased":["OctopathBindingBorder2:ReiMu","Membership Card"],"campfire_rested":1,"item_purchase_floors":[4,21],"current_hp_per_floor":[54,43,43,43,43,43,43,42,42,29,29,47,31,31,31,21,55,55,35,35,35,34,34,8,8],"gold":135,"neow_bonus":"THREE_ENEMY_KILL","is_daily":false,"chose_seed":false,"campfire_upgraded":3,"win_rate":0.0,"timestamp":1610440287,"path_taken":["M","?","M","$","?","R","E","M","T","E","?","R","E","?","R","BOSS","M","?","M","$","?","R","E"],"items_purchased_type":["Card","Relic"],"build_version":"2020-12-22","purchased_purges":2,"victory":false,"max_hp_per_floor":[60,60,60,60,60,60,60,60,60,60,60,60,60,60,60,60,65,65,65,65,65,65,65,65,65],"card_choices":[{"not_picked":["Revelation:ReiMu","Enchanting:ReiMu"],"picked":"ShadowOfCrow2:ReiMu","floor":1.0},{"not_picked":["Amulet:ReiMu","BarrageOfMoneybags:ReiMu"],"picked":"SpreadBorder2:ReiMu","floor":3.0},{"not_picked":["UpKicking:ReiMu","SpringWay:ReiMu"],"picked":"KyokaiOfKami:ReiMu","floor":7.0},{"not_picked":["Enchanting:ReiMu","PrepareRite:ReiMu"],"picked":"RainPray2:ReiMu","floor":8.0},{"not_picked":["InherentArray:ReiMu","DoubleButterfly:ReiMu"],"picked":"FantasyMoon:ReiMu","floor":10.0},{"not_picked":["SpringWay:ReiMu","Meditation:ReiMu","HakureiPhantom:ReiMu"],"picked":"SKIP","floor":13.0},{"not_picked":["CleanRite:ReiMu","RunawayExorcism:ReiMu"],"picked":"Authority:ReiMu","floor":16.0},{"not_picked":["SubcavityInstant:ReiMu","Amulet:ReiMu"],"picked":"LovePray:ReiMu","floor":17},{"not_picked":["MountainWay:ReiMu","AlertArray:ReiMu"],"picked":"RainPray2:ReiMu","floor":18},{"not_picked":["BarrageOfMoneybags:ReiMu","Intuition:ReiMu"],"picked":"SpreadBorder2:ReiMu+1","floor":19},{"not_picked":["OrbThrow:ReiMu+1","SpreadBorder2:ReiMu","WonderfulDomain:ReiMu"],"picked":"SKIP","floor":20},{"not_picked":["Intuition:ReiMu","OrbThrow:ReiMu"],"picked":"SubAcupoint:ReiMu","floor":22}],"player_experience":402755,"relics_obtained":[{"floor":7.0,"key":"KaguraBell:ReiMu"},{"floor":10.0,"key":"Unceasing Top"},{"floor":13.0,"key":"StrikeDummy"}],"event_choices":[{"damage_healed":0.0,"max_hp_gain":0.0,"max_hp_loss":0.0,"gold_gain":75.0,"event_name":"World of Goop","player_choice":"Gather Gold","floor":2.0,"gold_loss":0.0,"damage_taken":11.0},{"damage_healed":0.0,"max_hp_gain":0.0,"max_hp_loss":0.0,"gold_gain":0.0,"event_name":"yidonshenshe","player_choice":"»˚«Æ","floor":5.0,"gold_loss":60.0,"damage_taken":0.0,"relics_obtained":["PaintedHorse:ReiMu"]},{"damage_healed":0.0,"max_hp_gain":0.0,"max_hp_loss":0.0,"gold_gain":0.0,"event_name":"Golden Idol","player_choice":"Take Wound","floor":11.0,"gold_loss":0.0,"damage_taken":0.0,"relics_obtained":["Golden Idol"],"cards_obtained":["Injury"]},{"cards_removed":["Injury"],"damage_healed":0.0,"max_hp_gain":0.0,"max_hp_loss":0.0,"gold_gain":0.0,"event_name":"Bonfire Elementals","player_choice":"Offered Curse","floor":14.0,"gold_loss":0.0,"damage_taken":0.0,"relics_obtained":["Spirit Poop"]}],"is_beta":false,"boss_relics":[{"not_picked":["Ectoplasm","Calling Bell"],"picked":"Tiny House"}],"items_purged_floors":[4,21],"is_endless":false,"potions_floor_spawned":[1,8,10,13,16,22],"killed_by":"Gensokyo:Koishi","ascension_level":18}}