{"host":"e2ju6k0wppswbhbd","time":1610414778,"event":{"mods":["BaseMod","Minty Spire (QoL Compilation)","Rare Cards Sparkle","StSLib"],"gold_per_floor":[113,132,144,160,177,209,219,251,251,278,291,291,321,351,351,449,449,461,16,27,39,49,49,69,100,160,172,216,239,251,280,292,403,415,441,110,128,128,142,175,175,186,186,186,186,215,227,5,5,5,5,5,5,33,33,33],"floor_reached":55,"playtime":8710,"items_purged":["Strike_G","Strike_G+1"],"score":878,"play_id":"076bf37c-0316-4a50-810c-a46ce224bff4","local_time":"20210112022618","is_ascension_mode":false,"campfire_choices":[{"floor":12.0,"key":"RECALL"},{"data":"Neutralize","floor":15.0,"key":"SMITH"},{"data":"Survivor","floor":23.0,"key":"SMITH"},{"data":"Dash","floor":32.0,"key":"SMITH"},{"floor":41.0,"key":"DIG"},{"floor":45.0,"key":"DIG"},{"floor":49,"key":"DIG"},{"floor":52,"key":"DIG"}],"circlet_count":0,"master_deck":["Strike_G+1","Strike_G+1","Strike_G+1","Defend_G+1","Defend_G+1","Defend_G+1","Defend_G+1","Defend_G+1","Survivor+1","Neutralize+1","Deadly Poison","Backstab","Calculated Gamble","Underhanded Strike+1","Footwork","Blade Dance","Prepared","Dash+1","Predator","Poisoned Stab+1","Corpse Explosion","After Image","Dagger Spray","Infinite Blades","Deadly Poison","Quick Slash","Caltrops","Sucker Punch+1","Deadly Poison+1","Well Laid Plans+1","Flying Knee","Venomology","Terror","Mayhem","Dash+1","Madness","Madness","Blade Dance+1","Prepared+1","Bouncing Flask","PiercingWail+1","Blind"],"relics":["Ring of the Snake","War Paint","Pocketwatch","Bottled Flame","Mummified Hand","Ornamental Fan","Shovel","Mercury Hourglass","SlaversCollar","Membership Card","Ice Cream","MawBank","Darkstone Periapt","Fusion Hammer","Bag of Marbles","DollysMirror","PreservedInsect","Juzu Bracelet","Frozen Egg 2","MealTicket","Shuriken","Paper Crane","White Beast Statue","Kunai","Whetstone"],"acts_visited":["Exordium","TheCity","TheBeyond","TheEnding"],"potions_floor_usage":[50,54,55,55,55,55,55,55],"damage_taken":[{"damage":0.0,"enemies":"Jaw Worm","floor":1.0,"turns":4.0},{"damage":2.0,"enemies":"Small Slimes","floor":2.0,"turns":5.0},{"damage":2.0,"enemies":"2 Louse","floor":3.0,"turns":3.0},{"damage":4.0,"enemies":"Gremlin Gang","floor":4.0,"turns":8.0},{"damage":0.0,"enemies":"3 Louse","floor":5.0,"turns":3.0},{"damage":21.0,"enemies":"Gremlin Nob","floor":6.0,"turns":5.0},{"damage":0.0,"enemies":"Large Slime","floor":7.0,"turns":6.0},{"damage":7.0,"enemies":"Lagavulin","floor":8.0,"turns":7.0},{"damage":4.0,"enemies":"Gremlin Nob","floor":10.0,"turns":4.0},{"damage":0.0,"enemies":"2 Fungi Beasts","floor":11.0,"turns":2.0},{"damage":4.0,"enemies":"Lagavulin","floor":14.0,"turns":7.0},{"damage":2.0,"enemies":"Hexaghost","floor":16.0,"turns":10.0},{"damage":10.0,"enemies":"Spheric Guardian","floor":18.0,"turns":4.0},{"damage":0.0,"enemies":"3 Byrds","floor":20.0,"turns":4.0},{"damage":3.0,"enemies":"Snake Plant","floor":21.0,"turns":4.0},{"damage":0.0,"enemies":"Shelled Parasite and Fungi","floor":22.0,"turns":4.0},{"damage":0.0,"enemies":"Chosen and Byrds","floor":24.0,"turns":6.0},{"damage":3.0,"enemies":"Gremlin Leader","floor":25.0,"turns":5.0},{"damage":6.0,"enemies":"Slavers","floor":28.0,"turns":4.0},{"damage":5.0,"enemies":"Snake Plant","floor":29.0,"turns":3.0},{"damage":14.0,"enemies":"Centurion and Healer","floor":31.0,"turns":5.0},{"damage":9.0,"enemies":"Collector","floor":33.0,"turns":8.0},{"damage":0.0,"enemies":"3 Shapes","floor":35.0,"turns":2.0},{"damage":0.0,"enemies":"Orb Walker","floor":37.0,"turns":3.0},{"damage":1.0,"enemies":"3 Darklings","floor":39.0,"turns":4.0},{"damage":0.0,"enemies":"Giant Head","floor":40.0,"turns":6.0},{"damage":1.0,"enemies":"Writhing Mass","floor":42.0,"turns":6.0},{"damage":5.0,"enemies":"Reptomancer","floor":46.0,"turns":5.0},{"damage":0.0,"enemies":"Transient","floor":47.0,"turns":5.0},{"damage":64,"enemies":"Time Eater","floor":50,"turns":10},{"damage":19,"enemies":"Shield and Spear","floor":54,"turns":4},{"damage":59,"enemies":"The Heart","floor":55,"turns":9}],"seed_played":"-6211992317397161366","potions_obtained":[{"floor":3.0,"key":"DuplicationPotion"},{"floor":4.0,"key":"Regen Potion"},{"floor":6.0,"key":"Dexterity Potion"},{"floor":8.0,"key":"BlessingOfTheForge"},{"floor":16.0,"key":"Fruit Juice"},{"floor":18.0,"key":"PowerPotion"},{"floor":20.0,"key":"ColorlessPotion"},{"floor":21.0,"key":"Swift Potion"},{"floor":24.0,"key":"PowerPotion"},{"floor":31.0,"key":"Fire Potion"},{"floor":33.0,"key":"Block Potion"},{"floor":39.0,"key":"SkillPotion"},{"floor":40.0,"key":"Block Potion"},{"floor":47.0,"key":"Explosive Potion"},{"floor":54,"key":"Dexterity Potion"}],"is_trial":false,"path_per_floor":["M","M","M","M","M","E","M","E","T","E","M","R","?","E","R","B",null,"M","$","M","M","M","R","M","E","T","?","E","M","?","M","R","B",null,"M","$","M","?","M","E","R","M","T","?","R","E","M","$","R","B",null,"R","$","E","B"],"character_chosen":"THE_SILENT","items_purchased":["Membership Card","Infinite Blades","Ice Cream","Deadly Poison","Block Potion","AttackPotion","Bag of Marbles","Mayhem","DollysMirror","ColorlessPotion","Weak Potion","EntropicBrew","Blind","Paper Crane"],"campfire_rested":0,"item_purchase_floors":[19,19,19,19,19,19,36,36,36,36,36,48,48,48],"current_hp_per_floor":[70,68,66,62,62,41,56,49,49,45,45,45,45,41,41,39,70,65,65,65,62,62,62,62,59,59,59,53,48,73,59,59,50,75,75,75,75,66,65,65,65,70,70,70,70,65,65,78,78,14,78,78,78,59,0,0],"gold":33,"neow_bonus":"RANDOM_COMMON_RELIC","is_daily":false,"chose_seed":false,"campfire_upgraded":3,"win_rate":0.0,"timestamp":1610414778,"path_taken":["M","M","M","M","M","E","M","E","T","E","M","R","?","E","R","BOSS","M","$","M","M","M","R","M","E","T","?","E","M","?","M","R","BOSS","M","$","M","?","M","E","R","M","T","?","R","E","M","$","R","BOSS","R","$","E","BOSS"],"items_purchased_type":["Relic","Card","Relic","Card","Potion","Potion","Relic","Card","Relic","Potion","Potion","Potion","Card","Relic"],"build_version":"2020-12-22","purchased_purges":2,"victory":false,"max_hp_per_floor":[70,70,70,70,70,70,70,70,70,70,70,70,70,70,70,70,70,75,75,75,75,75,75,75,75,75,75,75,75,75,75,75,75,75,75,75,75,75,75,75,75,81,81,78,78,78,78,78,78,78,78,78,78,78,78,78],"card_choices":[{"not_picked":["Accuracy","Outmaneuver"],"picked":"Deadly Poison","floor":1.0},{"not_picked":["Slice","Deadly Poison"],"picked":"Backstab","floor":2.0},{"not_picked":["Finisher","Endless Agony"],"picked":"Calculated Gamble","floor":3.0},{"not_picked":["Backflip","Reflex"],"picked":"Underhanded Strike","floor":4.0},{"not_picked":["Expertise","Outmaneuver"],"picked":"Footwork","floor":5.0},{"not_picked":["Cloak And Dagger","Bane"],"picked":"Blade Dance","floor":6.0},{"not_picked":["Dash","Flying Knee"],"picked":"Prepared","floor":7.0},{"not_picked":["Expertise","Sucker Punch"],"picked":"Dash","floor":8.0},{"not_picked":["Wraith Form v2","Cloak And Dagger"],"picked":"Predator","floor":10.0},{"not_picked":["Backflip","Blade Dance"],"picked":"Poisoned Stab","floor":11.0},{"not_picked":["Concentrate","Prepared"],"picked":"Corpse Explosion","floor":14.0},{"not_picked":["Burst","Bullet Time"],"picked":"After Image","floor":16.0},{"not_picked":["Footwork","Cloak And Dagger"],"picked":"Dagger Spray","floor":18.0},{"not_picked":["Sucker Punch","Acrobatics"],"picked":"Quick Slash","floor":20.0},{"not_picked":["Blur","Deadly Poison"],"picked":"Caltrops","floor":21.0},{"not_picked":["Prepared","Dodge and Roll"],"picked":"Sucker Punch+1","floor":22.0},{"not_picked":["PiercingWail","Quick Slash+1"],"picked":"Deadly Poison+1","floor":24.0},{"not_picked":["Dagger Spray","Bane+1","Deflect"],"picked":"SKIP","floor":25.0},{"not_picked":["Expertise","Malaise"],"picked":"Well Laid Plans+1","floor":28.0},{"not_picked":["Dash","Well Laid Plans"],"picked":"Flying Knee","floor":29.0},{"not_picked":["Backstab","Poisoned Stab","Deadly Poison"],"picked":"SKIP","floor":31.0},{"not_picked":["Bullet Time","Tools of the Trade"],"picked":"Venomology","floor":33.0},{"not_picked":["Outmaneuver","Skewer"],"picked":"Terror","floor":35.0},{"not_picked":["Underhanded Strike+1","Blade Dance","Dagger Throw+1"],"picked":"SKIP","floor":37.0},{"not_picked":["Sucker Punch+1","Dagger Spray+1","Quick Slash"],"picked":"SKIP","floor":39.0},{"not_picked":["Bane","Bouncing Flask"],"picked":"Blade Dance+1","floor":40.0},{"not_picked":["Flying Knee","Infinite Blades+1"],"picked":"Prepared+1","floor":42.0},{"not_picked":["Corpse Explosion","Prepared"],"picked":"Bouncing Flask","floor":46.0},{"not_picked":["Acrobatics","Masterful Stab+1"],"picked":"PiercingWail+1","floor":47.0},{"not_picked":["Infinite Blades+1","Blade Dance+1","Flying Knee"],"picked":"SKIP","floor":54}],"player_experience":2640722,"relics_obtained":[{"floor":6.0,"key":"Pocketwatch"},{"floor":8.0,"key":"Bottled Flame"},{"floor":9.0,"key":"Mummified Hand"},{"floor":10.0,"key":"Ornamental Fan"},{"floor":14.0,"key":"Mercury Hourglass"},{"floor":25.0,"key":"MawBank"},{"floor":28.0,"key":"Darkstone Periapt"},{"floor":40.0,"key":"PreservedInsect"},{"floor":41.0,"key":"Juzu Bracelet"},{"floor":43.0,"key":"Frozen Egg 2"},{"floor":45.0,"key":"MealTicket"},{"floor":46.0,"key":"Shuriken"},{"floor":49,"key":"White Beast Statue"},{"floor":52,"key":"Kunai"},{"floor":54,"key":"Whetstone"}],"event_choices":[{"damage_healed":0.0,"max_hp_gain":0.0,"max_hp_loss":0.0,"gold_gain":30.0,"event_name":"Dead Adventurer","player_choice":"Searched \u00272\u0027 times","floor":13.0,"gold_loss":0.0,"damage_taken":0.0,"relics_obtained":["Shovel"]},{"damage_healed":0.0,"max_hp_gain":0.0,"max_hp_loss":0.0,"gold_gain":0.0,"event_name":"Back to Basics","player_choice":"Simplicity","floor":27.0,"gold_loss":0.0,"damage_taken":0.0,"cards_upgraded":["Strike_G","Strike_G","Strike_G","Strike_G","Defend_G","Defend_G","Defend_G"]},{"damage_healed":25.0,"max_hp_gain":0.0,"max_hp_loss":0.0,"gold_gain":0.0,"event_name":"The Library","player_choice":"Heal","floor":30.0,"gold_loss":0.0,"damage_taken":0.0},{"damage_healed":0.0,"max_hp_gain":0.0,"max_hp_loss":0.0,"gold_gain":0.0,"event_name":"Winding Halls","player_choice":"Embrace Madness","floor":38.0,"gold_loss":0.0,"damage_taken":9.0,"cards_obtained":["Madness","Madness"]},{"cards_removed":["Parasite"],"damage_healed":0.0,"max_hp_gain":0.0,"max_hp_loss":0.0,"gold_gain":0.0,"event_name":"Purifier","player_choice":"Purged","floor":44.0,"gold_loss":0.0,"damage_taken":0.0}],"is_beta":false,"boss_relics":[{"not_picked":["Snecko Eye","Velvet Choker"],"picked":"SlaversCollar"},{"not_picked":["Sozu","Astrolabe"],"picked":"Fusion Hammer"}],"items_purged_floors":[19,36],"is_endless":false,"potions_floor_spawned":[3,4,6,8,16,18,20,21,24,31,33,37,39,40,47,54],"killed_by":"The Heart","ascension_level":0}}