{"host":"2nhpogk5xa0u9xre","time":1610473223,"event":{"mods":["Aspiration","BaseMod","Colored Powertips","Googly Eyes","Hubris","Infinite Spire","Minty Spire (QoL Compilation)","Rare Cards Sparkle","Replay The Spire","StSLib","The Construct","The Hayseed","The Hierophant","The Runesmith","The Senshi","everything is the same but u backflip on backflip"],"gold_per_floor":[109,184,203,124,124,124,124,124,149,166,180,197,197,208,208,306,306,316,335,147,158,168,193,193,228,255,275,307,307,232,232,232,336,336,354,354,370,386,399,430,445,445,445,445,464,464,464,464,464,464],"floor_reached":51,"playtime":2816,"items_purged":[],"score":904,"play_id":"d7ce94cb-8a0e-4199-bad5-1983cbc32eb9","local_time":"20210112124023","daily_mods":["SealedDeck","Specialized"],"is_ascension_mode":false,"campfire_choices":[{"data":"construct:GuardCore","floor":6,"key":"SMITH"},{"data":"construct:Stasis","floor":8,"key":"SMITH"},{"data":"construct:BatteryCore","floor":15,"key":"SMITH"},{"data":"construct:Backup","floor":24,"key":"SMITH"},{"floor":29,"key":"REST"},{"data":"construct:LaserCore","floor":32,"key":"SMITH"},{"floor":42,"key":"REST"},{"data":"construct:BatteryCore","floor":44,"key":"SMITH"},{"data":"construct:BatteryCore","floor":46,"key":"SMITH"},{"data":"construct:BatteryCore","floor":49,"key":"SMITH"}],"circlet_count":0,"master_deck":["construct:BatteryCore+1","construct:BatteryCore+1","construct:BatteryCore","construct:BatteryCore+1","construct:BatteryCore+1","construct:Hazardproof","construct:OneWayMirror","construct:Forcefield","construct:SyphonStrike","construct:SyphonStrike","construct:Analyze","construct:Analyze","construct:Stasis+1","construct:Failsafe","construct:ForceCore","construct:Boost","construct:SyphonStrike","construct:GuardCore+1","Specialist","construct:SyphonStrike","construct:SweepLaser","construct:Autoturret","construct:Bunker","construct:QuickAttack+1","construct:Autoturret","construct:PointDefense","construct:Backup+1","construct:LaserCore+1","construct:QuickAttack+1","construct:HammerDown","construct:SweepLaser+1","hubris:InfiniteBlow+2","construct:Autoturret","Parasite","construct:Forcefield+1","construct:Synchronize+1","Sadistic Nature"],"relics":["theSenshi:TransformationBroochRelic","infinitespire:Cubic Diamond","Blood Vial","Painkiller Herb","Lee\u0027s Waffle","Replay:Wax Seal","Regal Pillow","Vajra","Replay:Ringing Soul","Runic Pyramid","Replay:Mystery Machine","hubris:Backtick","Toxic Egg 2","hubris:Reverence","Garlic","Ring of Searing"],"acts_visited":["Exordium","TheCity","TheBeyond"],"potions_floor_usage":[16,16,16,25,27,33,35,40,40],"damage_taken":[{"damage":0,"enemies":"Cultist","floor":1,"turns":3},{"damage":0,"enemies":"2 Louse","floor":3,"turns":2},{"damage":0,"enemies":"Jaw Worm","floor":10,"turns":3},{"damage":0,"enemies":"Large Slime","floor":11,"turns":4},{"damage":7,"enemies":"2 Fungi Beasts","floor":12,"turns":4},{"damage":4,"enemies":"Lots of Slimes","floor":14,"turns":3},{"damage":0,"enemies":"The Guardian","floor":16,"turns":4},{"damage":10,"enemies":"Shell Parasite","floor":18,"turns":4},{"damage":11,"enemies":"Spheric Guardian","floor":19,"turns":4},{"damage":24,"enemies":"Centurion and Healer","floor":21,"turns":5},{"damage":10,"enemies":"Chosen and Byrds","floor":22,"turns":5},{"damage":11,"enemies":"Book of Stabbing","floor":23,"turns":5},{"damage":6,"enemies":"Replay:Snechameleon","floor":25,"turns":5},{"damage":26,"enemies":"Sentry and Sphere","floor":27,"turns":6},{"damage":17,"enemies":"Book of Stabbing","floor":28,"turns":4},{"damage":30,"enemies":"hubris:MusketHawk","floor":33,"turns":6},{"damage":17,"enemies":"Orb Walker","floor":35,"turns":4},{"damage":22,"enemies":"3 Darklings","floor":37,"turns":5},{"damage":24,"enemies":"Writhing Mass","floor":38,"turns":6},{"damage":0,"enemies":"Maw","floor":39,"turns":6},{"damage":10,"enemies":"Giant Head","floor":40,"turns":5},{"damage":19,"enemies":"Spire Growth","floor":41,"turns":5},{"damage":8,"enemies":"Writhing Mass","floor":45,"turns":5},{"damage":61,"enemies":"Donu and Deca","floor":50,"turns":6}],"seed_played":"-5178331701548584790","potions_obtained":[{"floor":1,"key":"Dexterity Potion"},{"floor":12,"key":"SkillPotion"},{"floor":14,"key":"PowerPotion"},{"floor":16,"key":"SkillPotion"},{"floor":21,"key":"LiquidBronze"},{"floor":25,"key":"BlessingOfTheForge"},{"floor":28,"key":"SkillPotion"},{"floor":33,"key":"Weak Potion"},{"floor":35,"key":"SteroidPotion"},{"floor":39,"key":"Languid Potion"}],"is_trial":true,"path_per_floor":["M","?","M","$","?","R","?","R","T","M","M","M","?","M","R","B",null,"?","?","T","?","?","E","T","E","T","?","E","T","?","?","T","B",null,"?","AVR","?","?","?","E","?","T","T","T","?","T","?","?","T","B",null],"character_chosen":"THE_CONSTRUCT_MOD","items_purchased":["construct:GuardCore","construct:Autoturret","Lee\u0027s Waffle"],"campfire_rested":2,"item_purchase_floors":[4,20,20],"current_hp_per_floor":[85,74,74,74,74,74,74,74,74,76,78,73,78,76,76,78,90,80,71,97,73,65,56,56,52,52,28,16,61,61,61,61,36,103,89,92,75,56,61,53,39,90,90,90,84,84,87,87,87,28],"gold":464,"neow_bonus":"","is_daily":false,"chose_seed":false,"campfire_upgraded":8,"win_rate":0.0,"timestamp":1610473223,"path_taken":["M","?","M","$","?","R","?","R","T","?","M","M","?","M","R","BOSS","?","?","T","?","?","E","T","E","T","?","E","T","?","?","T","BOSS","?","AVR","?","?","?","E","?","T","T","T","?","T","?","?","T","BOSS"],"items_purchased_type":["Card","Card","Relic"],"build_version":"2020-12-22","purchased_purges":0,"victory":true,"max_hp_per_floor":[85,85,85,85,85,85,85,85,85,85,85,85,90,90,90,90,90,90,90,97,97,97,97,97,97,97,97,100,100,100,100,100,103,103,106,109,112,115,118,118,121,121,121,121,121,121,124,124,124,124],"card_choices":[{"not_picked":["construct:SweepLaser","construct:OneWayMirror"],"picked":"construct:Boost","floor":1},{"not_picked":["construct:Backfire","construct:Tumble"],"picked":"construct:SyphonStrike","floor":3},{"not_picked":["construct:SuppressiveFire","construct:Accumulate"],"picked":"construct:SyphonStrike","floor":10},{"not_picked":["construct:Analyze","construct:SuppressiveFire"],"picked":"construct:MassProduction","floor":11},{"not_picked":["construct:HeavyBolt","construct:Analyze"],"picked":"construct:SweepLaser","floor":12},{"not_picked":["construct:Anticipate","construct:LongRangeLance"],"picked":"construct:Autoturret","floor":14},{"not_picked":["construct:ShiftingStance","construct:HammerDown"],"picked":"construct:Bunker","floor":16},{"not_picked":["construct:ShiftStrike","construct:VentSteam+1"],"picked":"construct:QuickAttack+1","floor":18},{"not_picked":["construct:Forcefield","construct:Isolate","construct:OneWayMirror"],"picked":"SKIP","floor":19},{"not_picked":["construct:Anticipate+1","construct:FierceBash+1","construct:ShiftingStance"],"picked":"SKIP","floor":21},{"not_picked":["construct:Backfire+1","construct:ClusterMines"],"picked":"construct:PointDefense","floor":22},{"not_picked":["construct:Overcharge","construct:OmegaCannon"],"picked":"construct:Backup","floor":23},{"not_picked":["construct:Tumble+1","construct:VentSteam","construct:Dampening"],"picked":"SKIP","floor":25},{"not_picked":["construct:Versatility","construct:Antimatter+1"],"picked":"construct:LaserCore","floor":27},{"not_picked":["construct:ChargeShot+1","construct:Anticipate+1"],"picked":"construct:QuickAttack+1","floor":28},{"not_picked":["construct:GatlingGun","construct:GoldenBullet"],"picked":"construct:HammerDown","floor":33},{"not_picked":["construct:PointDefense","construct:CripplingShot+1"],"picked":"construct:SweepLaser+1","floor":35},{"not_picked":["construct:SaveState+1","construct:SuppressiveFire"],"picked":"construct:Autoturret","floor":37},{"not_picked":["construct:Versatility","construct:ModeShift+1","construct:Electrocute+1"],"picked":"SKIP","floor":38},{"not_picked":["construct:SaveState+1","construct:FierceBash"],"picked":"construct:Forcefield+1","floor":39},{"not_picked":["construct:VentSteam+1","construct:SaveState+1","construct:Chainstrike"],"picked":"SKIP","floor":40},{"not_picked":["construct:HeavyBolt+1","construct:SweepLaser"],"picked":"construct:Synchronize+1","floor":41},{"not_picked":["construct:FocusedBeam+1","construct:Chainstrike+1","construct:SuppressiveFire+1"],"picked":"SKIP","floor":45},{"not_picked":["hubris:EnhanceAbility","Replay:Sssssssssstrike"],"picked":"Sadistic Nature","floor":47}],"player_experience":237644,"relics_obtained":[{"floor":9,"key":"Blood Vial"},{"floor":23,"key":"Replay:Wax Seal"},{"floor":25,"key":"Regal Pillow"},{"floor":26,"key":"Vajra"},{"floor":28,"key":"Replay:Ringing Soul"},{"floor":40,"key":"hubris:Reverence"},{"floor":43,"key":"Garlic"},{"floor":48,"key":"Ring of Searing"}],"event_choices":[{"damage_healed":0,"gold_gain":75,"player_choice":"Gather Gold","damage_taken":11,"max_hp_gain":0,"max_hp_loss":0,"event_name":"World of Goop","floor":2,"gold_loss":0},{"damage_healed":0,"gold_gain":0,"player_choice":"1 cards matched","damage_taken":0,"max_hp_gain":0,"max_hp_loss":0,"event_name":"Match and Keep!","floor":7,"gold_loss":0,"cards_obtained":["Specialist"]},{"damage_healed":0,"gold_gain":0,"player_choice":"Donut","damage_taken":0,"max_hp_gain":5,"max_hp_loss":0,"event_name":"Big Fish","floor":13,"gold_loss":0},{"cards_removed":["construct:MassProduction"],"damage_healed":0,"gold_gain":0,"player_choice":"Gave Gold","damage_taken":0,"max_hp_gain":0,"max_hp_loss":0,"event_name":"Beggar","floor":30,"gold_loss":75},{"damage_healed":0,"gold_gain":0,"player_choice":"Bought 0 Potions","damage_taken":0,"max_hp_gain":0,"max_hp_loss":0,"event_name":"The Woman in Blue","floor":31,"gold_loss":0},{"damage_healed":0,"gold_gain":0,"player_choice":"Memory 1","damage_taken":0,"max_hp_gain":0,"max_hp_loss":0,"event_name":"SensoryStone","floor":47,"gold_loss":0}],"is_beta":false,"boss_relics":[{"not_picked":["Ring of Chaos","Ectoplasm"],"picked":"Painkiller Herb"},{"not_picked":["infinitespire:Cupcake","Snecko Heart"],"picked":"Runic Pyramid"}],"items_purged_floors":[],"is_endless":false,"potions_floor_spawned":[1,12,14,16,21,25,28,33,35,39],"ascension_level":0}}