{"host":"ymw71f7rc9ndansy","time":1610462126,"event":{"mods":["ATMod(阿瑾Mod)","Act Like it!","Aspiration","BaseMod","DeckTracker","Hubris","Library of Ruina","Library of Ruina Extra","Lobotomy","LobotomyExtend","Minty Spire (QoL Compilation)","MostiFishMod","Remove Card Discount Mod","Replay The Spire","StSLib","TestMod","【功能Mod】精心准备","【遗物卡牌】REMEMod"],"gold_per_floor":[610,1128,1645,2164,2677,2703,1951,1951,1951,2462,2972,3521,2357,2898,2898,3488,3488,4004,4523,5046,5046,5565,6101,6621,7171,7183,7195,7731,8259,7450,7985,7985,8575,8575,9103,8195,8720,9241,8850,9362,9899,9899,9976,9976,9422,9985,10538,11082,11082,11643,12180,12180,12180,12180,11788,12375,12423],"floor_reached":58,"playtime":1885,"items_purged":["Strike_B","Strike_B","Strike_B","Defend_B","Defend_B","Strike_B","Defend_B+1","MostiFishMod:GoodWordForIt","Capacitor","Capacitor","AT_ThunderBolt","Zap","Dualcast","FIFO Queue","hubris:Ukulele","MostiFishMod:Impulse","Stack+1","Self Repair","Lockon+1","Meteor Strike+1","Defend_B+1","Coolheaded+1","Coolheaded"],"score":3693,"play_id":"677b03ab-9f1a-498a-99e8-438d94272479","local_time":"20210112223526","is_ascension_mode":true,"campfire_choices":[{"data":"Defragment","floor":8.0,"key":"SMITH"},{"data":"Coolheaded","floor":15.0,"key":"SMITH"},{"data":"AT_StudyProgram","floor":27.0,"key":"SMITH"},{"data":"Defragment","floor":32.0,"key":"SMITH"},{"data":"Biased Cognition","floor":42,"key":"SMITH"},{"data":"Seek","floor":44,"key":"SMITH"},{"floor":49,"key":"RECALL"},{"floor":54,"key":"DIG"}],"circlet_count":0,"master_deck":["AscendersBane","AT_FamilyPortrait+1","Seek+1","Defragment+1","Sweeping Beam+1","Skim+1","AT_FamilyPortrait","Master of Strategy","Biased Cognition+1","AT_StudyProgram+1","Core Surge+1","Defragment+1","MostiFishMod:#F4004","Reload+1","MostiFishMod:PerfectForm+1","AT_StudyProgram+1","Finesse","Panic Button+1","IronWall"],"relics":["DaveBox","REME_ComplimentaryCards","AT_ATBox","ChiXiaoBlade","testmod-Prudence","ReplayTheSpireMod:Ring of Challenge","PageOfBlackSwan","Happy Flower","Replay:Mystery Machine","SynthV:TestCard","aspiration:HummingbirdHeart","Replay:Towering Pillar of Hats","Singing Bowl","PageOfBloodbath","Centennial Puzzle","Akabeko","Bag of Marbles","hubris:Potato","aspiration:SeaSaltIceCream","DaveBox","ChiXiaoBlade","AT_SeraphEmbrace","ReplayTheSpireMod:ShopPack","Ancient Tea Set","testmod-LifeArmor","hubris:BallOfYels","Geode","testmod-AssaultLearning","testmod-TurbochargingSystem","testmod-Acrobat","Lantern","testmod-Antiphasic","Oddly Smooth Stone","AT_SunfireAegis","MetatronsCube","Pen Nib","Replay:Rubber Ducky","DataDisk","Blue Doll","testmod-CyclicPeriapt","hubris:ToyBattleship","Whetstone","ShadowXiaoBlade","AT_LudenTempest","Orichalcum","Replay:Ringing Soul","Gremlin Food","Toy Ornithopter","War Paint","REME_PuzzleBoxRelic","PageOfSpiderBud","AT_ChloranthyRing","Dream Catcher","Simple Rune","AT_BladeRuinedKing","CeramicFish","MawBank","aspiration:Stabinomicon","AT_SpeedBoots","Civilization","Molten Egg 2","testmod-OneHitWonder","ReplayTheSpireMod:Lightbulb","Replay:Bandana","Solar Panel","PageOfTodaysShyLook","PrismaticShard","Shovel","AT_DeathDance","Tiny Chest","Gremlin Horn","testmod-FatalChain","Potion Belt","Smiling Mask","HereWithMe","Vajra","TungstenRod","AT_EbonyIvory","Boot","Girya","DollysMirror","AT_BellDemon","Replay:Accelerometer","hubris:GlazedTorus","Anchor","Bottled Tornado","Bottled Lightning","ReplayFunnel","Darkstone Periapt","SynthV:C4","Bag of Preparation","Replay:Antivirus Software","Bronze Scales","AT_MibuBalloonWealth","Replay:Bottled Snecko","Garlic","Runic Capacitor","hubris:RGBLights","Replay:Wax Seal","PageOfSingingMachine","Regal Pillow","aspiration:Lifesprig","PreservedInsect","Nunchaku","aspiration:EnhancedActuators","Blood Vial","hubris:PeanutButter","testmod-InjuryResistance","Omamori","HornCleat","ReplayTheSpireMod:TigerMarble","BrkXgEgg","Du-Vu Doll","REME_HourglassOfDeath","Art of War","aspiration:ChemicalBlood","hubris:TenFootPole"],"acts_visited":["Exordium","TheCity","TheBeyond","TheEnding"],"potions_floor_usage":[40],"damage_taken":[{"damage":8.0,"enemies":"Small Slimes","floor":1.0,"turns":4.0},{"damage":6.0,"enemies":"2 Louse","floor":2.0,"turns":8.0},{"damage":4.0,"enemies":"Cultist","floor":3.0,"turns":5.0},{"damage":7.0,"enemies":"2 Fungi Beasts","floor":4.0,"turns":6.0},{"damage":1.0,"enemies":"Blue Slaver","floor":5.0,"turns":3.0},{"damage":0.0,"enemies":"Gremlin Nob","floor":6.0,"turns":3.0},{"damage":0.0,"enemies":"Lots of Slimes","floor":10.0,"turns":3.0},{"damage":0.0,"enemies":"Red Slaver","floor":11.0,"turns":1.0},{"damage":0.0,"enemies":"Lagavulin","floor":12.0,"turns":3.0},{"damage":0.0,"enemies":"Gremlin Nob","floor":14.0,"turns":1.0},{"damage":0.0,"enemies":"The Guardian","floor":16.0,"turns":3.0},{"damage":0.0,"enemies":"Chosen","floor":18.0,"turns":1.0},{"damage":0.0,"enemies":"Shell Parasite","floor":19.0,"turns":1.0},{"damage":0.0,"enemies":"Snecko","floor":20.0,"turns":1.0},{"damage":0.0,"enemies":"Snake Plant","floor":22.0,"turns":1.0},{"damage":0.0,"enemies":"REME_1_Revenger","floor":23.0,"turns":1.0},{"damage":0.0,"enemies":"Sentry and Sphere","floor":24.0,"turns":1.0},{"damage":0.0,"enemies":"Book of Stabbing","floor":25.0,"turns":1.0},{"damage":0.0,"enemies":"3 Cultists","floor":28.0,"turns":1.0},{"damage":0.0,"enemies":"Snake Plant","floor":29.0,"turns":1.0},{"damage":0.0,"enemies":"Chosen and Byrds","floor":31.0,"turns":1.0},{"damage":0.0,"enemies":"Automaton","floor":33.0,"turns":1.0},{"damage":0.0,"enemies":"Orb Walker","floor":35.0,"turns":1.0},{"damage":0,"enemies":"3 Darklings","floor":37,"turns":1},{"damage":0,"enemies":"Spire Growth","floor":38,"turns":1},{"damage":0,"enemies":"Jaw Worm Horde","floor":40,"turns":1},{"damage":0,"enemies":"Reptomancer","floor":41,"turns":1},{"damage":0,"enemies":"Transient","floor":46,"turns":1},{"damage":0,"enemies":"Maw","floor":47,"turns":1},{"damage":0,"enemies":"Writhing Mass","floor":48,"turns":1},{"damage":0,"enemies":"Donu and Deca","floor":50,"turns":1},{"damage":0,"enemies":"Time Eater","floor":51,"turns":1},{"damage":0,"enemies":"Shield and Spear","floor":56,"turns":1},{"damage":0,"enemies":"The Heart","floor":57,"turns":1}],"seed_played":"3277331079344868784","potions_obtained":[{"floor":1.0,"key":"Weak Potion"},{"floor":37,"key":"testmod-SpacePotion"},{"floor":40,"key":"SteroidPotion"},{"floor":46,"key":"Explosive Potion"},{"floor":48,"key":"FocusPotion"}],"is_trial":false,"path_per_floor":["M","M","M","M","M","E","$","R","T","M","M","E","$","E","R","B",null,"M","M","M","?","M","E","M","E","T","R","M","M","$","M","R","B",null,"M","$","M","M","$","M","E","R","T","R","$","M","M","M","R","B","B",null,null,"R","$","E","B",null],"character_chosen":"DEFECT","items_purchased":["ReplayTheSpireMod:ShopPack","Ancient Tea Set","testmod-LifeArmor","Skim","Coolheaded","hubris:Ukulele","PowerPotion","Elixir","MetatronsCube","Pen Nib","AT_StudyProgram","PrismaticShard","Shovel","AT_DeathDance","Capacitor","MostiFishMod:PerfectForm+1","Boot","Girya","FocusPotion","Explosive Potion","DollysMirror","Finesse","Meteor Strike+1","Lockon+1","MostiFishMod:Impulse","Stack+1","Self Repair","Runic Capacitor","hubris:RGBLights","Replay:Wax Seal","Panic Button+1","ReplayTheSpireMod:TigerMarble","BrkXgEgg","Adrenaline Potion"],"campfire_rested":0,"item_purchase_floors":[7,7,7,7,7,7,7,7,13,13,13,30,30,30,30,36,36,36,36,36,36,39,39,39,39,39,39,45,45,45,45,55,55,55],"current_hp_per_floor":[56,50,48,41,42,46,46,48,48,50,50,50,50,52,52,52,74,74,77,79,79,81,84,86,88,88,88,93,99,102,111,111,122,126,138,141,157,174,177,197,220,220,220,220,223,248,273,299,299,325,352,352,352,352,352,383,413],"gold":12423,"neow_bonus":"BOSS_RELIC","is_daily":false,"chose_seed":false,"campfire_upgraded":6,"win_rate":0.0,"timestamp":1610462126,"path_taken":["M","M","M","M","M","E","$","R","T","M","M","E","$","E","R","BOSS","M","M","M","?","M","E","M","E","T","R","M","M","$","M","R","BOSS","M","$","M","M","$","M","E","R","T","R","$","M","M","M","R","BOSS","BOSS","R","$","E","BOSS"],"items_purchased_type":["Relic","Relic","Relic","Card","Card","Card","Potion","Potion","Relic","Relic","Card","Relic","Relic","Relic","Card","Card","Relic","Relic","Potion","Potion","Relic","Card","Card","Card","Card","Card","Card","Relic","Relic","Relic","Card","Relic","Relic","Potion"],"build_version":"2020-12-22","purchased_purges":23,"victory":true,"max_hp_per_floor":[71,71,73,73,75,75,75,77,77,79,79,79,79,81,81,81,81,81,84,86,86,88,91,93,95,95,95,100,106,109,118,118,127,127,138,141,157,174,177,197,220,220,220,220,223,248,273,299,299,325,352,352,352,352,352,383,413],"card_choices":[{"not_picked":["Streamline","ReplaySolidLightProjector","Leap"],"picked":"SKIP","floor":1.0},{"not_picked":["Self Repair","Cold Snap","AT_ThreeBodyProblem","Force Field"],"picked":"Defragment","floor":2.0},{"not_picked":["Conserve Battery","Barrage","Panic Button","Rebound","Beam Cell"],"picked":"Singing Bowl","floor":3.0},{"not_picked":["Crystallizer","Turbo","REME_Whirling","MostiFishMod:PushDownKick"],"picked":"Sweeping Beam","floor":4.0},{"not_picked":["Beam Cell","MostiFishMod:PushDownKick","AT_DarkMatter","Blizzard","Melter"],"picked":"Singing Bowl","floor":5.0},{"not_picked":["AT_HeatAcrobatics","Reprogram","ReplayTheSpireMod:Calculation Training","Leap"],"picked":"MostiFishMod:GoodWordForIt","floor":6.0},{"not_picked":["testmod-Reproduce","testmod-AssimilatedRune","testmod-PowerStrike","Poisoned Strike"],"picked":"AT_FamilyPortrait","floor":8.0},{"not_picked":["testmod-SubstituteBySubterfuge","ReplayTheSpireMod:Uncanny Aura","REME_ProfessionalPlagiarism","Thinking Ahead"],"picked":"Master of Strategy","floor":8.0},{"not_picked":["Bandage Up","testmod-PainDetonator","testmod-PerfectCombo","Specialist","testmod-Provocation"],"picked":"Singing Bowl","floor":8.0},{"not_picked":["Cold Snap","AT_RobotInSpace","Melter","Barrage","Turbo"],"picked":"Singing Bowl","floor":10.0},{"not_picked":["Sweeping Beam","Go for the Eyes","Conserve Battery","Hologram"],"picked":"FIFO Queue","floor":11.0},{"not_picked":["Thunder Strike","Hologram","ReplayTheSpireMod:Calculation Training","Undo"],"picked":"Biased Cognition","floor":12.0},{"not_picked":["Beam Cell","AT_HeatAcrobatics","Compile Driver","BasicCrystalCard","Fission"],"picked":"Singing Bowl","floor":14.0},{"not_picked":["MostiFishMod:SeaWaves","Mirror Shield","MostiFishMod:Exploitation","MostiFishMod:Tomorrow"],"picked":"Core Surge","floor":16.0},{"not_picked":["Streamline","Tempest","ReplaySort","Gash"],"picked":"Coolheaded","floor":18.0},{"not_picked":["Beam Cell","ReplayTheSpireMod:Reroute Power","AT_HeatAcrobatics","Gash"],"picked":"Defragment","floor":19.0},{"not_picked":["BootSequence","Rip and Tear+1","Conserve Battery","Loop","Steam"],"picked":"Singing Bowl","floor":20.0},{"not_picked":["Rebound","Turbo","Beam Cell","Storm","Melter"],"picked":"Singing Bowl","floor":22.0},{"not_picked":["Conserve Battery+1","Hyperbeam","MostiFishMod:PushDownKick","Auto Shields"],"picked":"AT_ThunderBolt","floor":23.0},{"not_picked":["Cold Snap","Gash","hubris:Ukulele","Redo","Steam Power+1"],"picked":"Singing Bowl","floor":24.0},{"not_picked":["Barrage","Conserve Battery","AT_HeatAcrobatics","Beam Cell","Reinforced Body"],"picked":"Singing Bowl","floor":25.0},{"not_picked":["MostiFishMod:FluxCapactior","Multi-Cast","MostiFishMod:PushDownKick+1","Go for the Eyes+1","BasicCrystalCard"],"picked":"Singing Bowl","floor":28.0},{"not_picked":["Compile Driver+1","BootSequence","Scrape+1","Storm+1","Double Energy"],"picked":"Singing Bowl","floor":29.0},{"not_picked":["Compile Driver+1","ClassAndRespect+1","Dodge and Roll+1","Poisoned Stab+1"],"picked":"MostiFishMod:#F4004","floor":31.0},{"not_picked":["Deflect_lor","REME_GrazeFinale+1","TheSmile","MostiFishMod:RainCloud+1","AT_EmpoweredMortalDraw+1"],"picked":"Singing Bowl","floor":33.0},{"not_picked":["Stack","Evaluate+1","FollowUp+1","Endless Agony+1"],"picked":"Reload+1","floor":35.0},{"not_picked":["REME_Repentance","Warcry+1","Concentration","TalkToTheHand+1","QuickSuppression+1"],"picked":"Singing Bowl","floor":37},{"not_picked":["MostiFishMod:Pointsdynamics","SunsetBlade","Rewind","Massacre+1","Panic Button"],"picked":"Singing Bowl","floor":38},{"not_picked":["GatherIntel","Replay:BasicMightCard+1","Slice_lor+1","YouOnlyLiveOnce+1","BiteOff+1"],"picked":"Singing Bowl","floor":40},{"not_picked":["MostiFishMod:FireWorks","MostiFishMod:PreservedThorns","Eclipse","AT_TinkerSharpsword","GrazeTheGrass+1"],"picked":"Singing Bowl","floor":41},{"not_picked":["JustLucky+1","BowlingBash+1","ViolentFlame","Sanctity"],"picked":"IronWall","floor":46},{"not_picked":["After Image","Ball Lightning+1","Entrench","FlyingSleeves+1","Quickness+1"],"picked":"Singing Bowl","floor":47},{"not_picked":["Tough+1","Twin Strike+1","Flying Knee+1","Spore","Slice+1"],"picked":"Singing Bowl","floor":48},{"not_picked":["AT_BodySlamDance+1","SomberProcuration","Second Wind","MostiFishMod:SpreadingSpore+1","SearingSword+1"],"picked":"Singing Bowl","floor":56}],"player_experience":1100453,"relics_obtained":[{"floor":1.0,"key":"Happy Flower"},{"floor":1.0,"key":"Replay:Mystery Machine"},{"floor":1.0,"key":"SynthV:TestCard"},{"floor":2.0,"key":"aspiration:HummingbirdHeart"},{"floor":2.0,"key":"Replay:Towering Pillar of Hats"},{"floor":3.0,"key":"Singing Bowl"},{"floor":3.0,"key":"PageOfBloodbath"},{"floor":4.0,"key":"Centennial Puzzle"},{"floor":4.0,"key":"Akabeko"},{"floor":4.0,"key":"Bag of Marbles"},{"floor":5.0,"key":"hubris:Potato"},{"floor":5.0,"key":"aspiration:SeaSaltIceCream"},{"floor":6.0,"key":"AT_ArchangelStaff"},{"floor":10.0,"key":"hubris:BallOfYels"},{"floor":10.0,"key":"Geode"},{"floor":10.0,"key":"testmod-AssaultLearning"},{"floor":11.0,"key":"testmod-TurbochargingSystem"},{"floor":11.0,"key":"testmod-Acrobat"},{"floor":12.0,"key":"Lantern"},{"floor":12.0,"key":"testmod-Antiphasic"},{"floor":12.0,"key":"Oddly Smooth Stone"},{"floor":12.0,"key":"AT_SunfireAegis"},{"floor":14.0,"key":"Replay:Rubber Ducky"},{"floor":14.0,"key":"DataDisk"},{"floor":14.0,"key":"Blue Doll"},{"floor":16.0,"key":"testmod-CyclicPeriapt"},{"floor":16.0,"key":"hubris:ToyBattleship"},{"floor":16.0,"key":"Whetstone"},{"floor":18.0,"key":"AT_LudenTempest"},{"floor":18.0,"key":"Orichalcum"},{"floor":19.0,"key":"Replay:Ringing Soul"},{"floor":19.0,"key":"Gremlin Food"},{"floor":19.0,"key":"Toy Ornithopter"},{"floor":20.0,"key":"War Paint"},{"floor":22.0,"key":"REME_PuzzleBoxRelic"},{"floor":22.0,"key":"PageOfSpiderBud"},{"floor":23.0,"key":"AT_ChloranthyRing"},{"floor":23.0,"key":"Dream Catcher"},{"floor":23.0,"key":"Simple Rune"},{"floor":24.0,"key":"AT_BladeRuinedKing"},{"floor":24.0,"key":"CeramicFish"},{"floor":24.0,"key":"MawBank"},{"floor":25.0,"key":"aspiration:Stabinomicon"},{"floor":25.0,"key":"AT_SpeedBoots"},{"floor":25.0,"key":"Civilization"},{"floor":26.0,"key":"Molten Egg 2"},{"floor":28.0,"key":"testmod-OneHitWonder"},{"floor":28.0,"key":"ReplayTheSpireMod:Lightbulb"},{"floor":28.0,"key":"Replay:Bandana"},{"floor":29.0,"key":"Solar Panel"},{"floor":29.0,"key":"PageOfTodaysShyLook"},{"floor":31.0,"key":"Tiny Chest"},{"floor":31.0,"key":"Gremlin Horn"},{"floor":31.0,"key":"testmod-FatalChain"},{"floor":33.0,"key":"Potion Belt"},{"floor":33.0,"key":"Smiling Mask"},{"floor":35.0,"key":"Vajra"},{"floor":35.0,"key":"TungstenRod"},{"floor":35.0,"key":"AT_EbonyIvory"},{"floor":37,"key":"AT_BellDemon"},{"floor":37,"key":"Replay:Accelerometer"},{"floor":38,"key":"hubris:GlazedTorus"},{"floor":38,"key":"Anchor"},{"floor":38,"key":"Bottled Tornado"},{"floor":38,"key":"Bottled Lightning"},{"floor":40,"key":"ReplayFunnel"},{"floor":40,"key":"Darkstone Periapt"},{"floor":40,"key":"SynthV:C4"},{"floor":41,"key":"Bag of Preparation"},{"floor":41,"key":"Replay:Antivirus Software"},{"floor":41,"key":"Bronze Scales"},{"floor":41,"key":"AT_MibuBalloonWealth"},{"floor":41,"key":"Replay:Bottled Snecko"},{"floor":43,"key":"Garlic"},{"floor":46,"key":"PageOfSingingMachine"},{"floor":46,"key":"Regal Pillow"},{"floor":46,"key":"aspiration:Lifesprig"},{"floor":47,"key":"PreservedInsect"},{"floor":47,"key":"Nunchaku"},{"floor":47,"key":"aspiration:EnhancedActuators"},{"floor":47,"key":"Blood Vial"},{"floor":48,"key":"hubris:PeanutButter"},{"floor":48,"key":"testmod-InjuryResistance"},{"floor":48,"key":"Omamori"},{"floor":54,"key":"HornCleat"},{"floor":56,"key":"Du-Vu Doll"},{"floor":56,"key":"REME_HourglassOfDeath"},{"floor":56,"key":"Art of War"},{"floor":56,"key":"aspiration:ChemicalBlood"},{"floor":56,"key":"hubris:TenFootPole"}],"event_choices":[{"damage_healed":0.0,"max_hp_gain":0.0,"max_hp_loss":0.0,"gold_gain":0.0,"event_name":"Ghosts","player_choice":"Ignored","floor":21.0,"gold_loss":0.0,"damage_taken":0.0}],"is_beta":false,"boss_relics":[{"not_picked":["GuanYuAspect","hubris:RunicObelisk"],"picked":"ShadowXiaoBlade"},{"not_picked":["TimeKeys","ExusiaiGun"],"picked":"HereWithMe"}],"items_purged_floors":[7,7,7,7,13,30,30,30,36,36,36,36,36,36,36,39,39,39,39,39,55,55,55],"is_endless":false,"potions_floor_spawned":[1,10,12,14,16,19,20,22,23,25,31,37,40,46,48],"ascension_level":20}}