{"host":"aaqofma31c3gm2hj","time":1610440149,"event":{"mods":["BaseMod","GungeonMod","Minty Spire (QoL Compilation)","Replay The Spire","Spicy Shops","StSLib"],"gold_per_floor":[113,113,38,38,50,76,76,1,301,301,318,318,338,338,338],"floor_reached":14,"playtime":145,"items_purged":["Defend_P"],"score":226,"play_id":"f6cafc8d-7949-4624-b0c2-52864dcb4b50","local_time":"20210112162909","is_ascension_mode":true,"campfire_choices":[{"data":"Eruption","floor":7,"key":"SMITH"},{"data":"WheelKick","floor":10,"key":"SMITH"}],"circlet_count":0,"master_deck":["AscendersBane","Strike_P","Strike_P","Strike_P","Defend_P","Eruption+1","Vigilance","WheelKick+1"],"relics":["PureWater","NeowsBlessing","DemoMod:Metronome","Old Coin"],"acts_visited":["Exordium"],"potions_floor_usage":[],"damage_taken":[{"damage":0,"enemies":"Small Slimes","floor":1,"turns":1},{"damage":0,"enemies":"Jaw Worm","floor":5,"turns":1},{"damage":0,"enemies":"Gremlin Nob","floor":6,"turns":1},{"damage":0,"enemies":"2 Louse","floor":11,"turns":2},{"damage":5,"enemies":"Looter","floor":13,"turns":3},{"damage":5,"enemies":"3 Sentries","floor":14,"turns":2}],"seed_played":"6211733558676843661","potions_obtained":[{"floor":1,"key":"FearPotion"},{"floor":11,"key":"Weak Potion"}],"is_trial":false,"path_per_floor":["M","?","?","?","M","E","R","$","T","R","M","?","M","E"],"character_chosen":"WATCHER","items_purchased":[],"campfire_rested":0,"item_purchase_floors":[],"current_hp_per_floor":[61,54,54,54,54,54,54,54,54,54,54,54,49,44,44],"gold":338,"neow_bonus":"THREE_ENEMY_KILL","is_daily":false,"chose_seed":false,"campfire_upgraded":2,"win_rate":0.0,"timestamp":1610440149,"path_taken":["M","?","?","?","M","E","R","$","T","R","M","?","?","E"],"items_purchased_type":[],"build_version":"2020-12-22","purchased_purges":1,"victory":false,"max_hp_per_floor":[68,68,68,68,68,68,68,68,68,68,68,68,68,68,68],"card_choices":[{"not_picked":["WreathOfFlame","Meditate"],"picked":"WheelKick","floor":1},{"not_picked":["JustLucky","FollowUp","CrushJoints"],"picked":"SKIP","floor":5},{"not_picked":["PathToVictory","CutThroughFate","Worship"],"picked":"SKIP","floor":6},{"not_picked":["Halt","JustLucky","Indignation"],"picked":"SKIP","floor":11},{"not_picked":["EmptyFist","Protect","Replay:AtTheReady"],"picked":"SKIP","floor":13}],"player_experience":589125,"relics_obtained":[{"floor":6,"key":"DemoMod:Metronome"},{"floor":9,"key":"Old Coin"}],"event_choices":[{"cards_removed":["Defend_P"],"damage_healed":0,"gold_gain":0,"player_choice":"Card Removal","damage_taken":7,"max_hp_gain":0,"max_hp_loss":0,"event_name":"Golden Wing","floor":2,"gold_loss":0},{"cards_removed":["Defend_P"],"damage_healed":0,"gold_gain":0,"player_choice":"Card Removal","damage_taken":0,"max_hp_gain":0,"max_hp_loss":0,"event_name":"The Cleric","floor":3,"gold_loss":75},{"damage_healed":0,"gold_gain":0,"player_choice":"Ignored","damage_taken":0,"max_hp_gain":0,"max_hp_loss":0,"event_name":"Liars Game","floor":12,"gold_loss":0}],"is_beta":false,"boss_relics":[],"items_purged_floors":[8],"is_endless":false,"potions_floor_spawned":[1,11],"killed_by":"3 Sentries","ascension_level":20}}