{"host":"zekcc3vicrep0och","time":1610487271,"event":{"mods":["AchievementEnabler","BaseMod","Colored Map","Colored Powertips","Displayed Cursed Tome","Highlight Path","Minty Spire (QoL Compilation)","Quick Restart","Relic Stats","StSLib","The Cursed"],"gold_per_floor":[112,124,178,197,213,213,245,215,215,226,252,270,281,292,292,292,292],"floor_reached":16,"language":"ENG","playtime":517,"items_purged":[],"score":226,"play_id":"23d96c31-d46a-459e-9d68-891bd0ab44fe","local_time":"20210113003431","is_ascension_mode":true,"campfire_choices":[{"data":"Bash","floor":6.0,"key":"SMITH"},{"data":"Twin Strike","floor":15,"key":"SMITH"}],"circlet_count":0,"master_deck":["AscendersBane","Strike_R","Strike_R","Strike_R","Strike_R","Strike_R","Defend_R","Defend_R","Defend_R","Defend_R","Bash+1","Cleave","Twin Strike+1","Feed","Hemokinesis","Iron Wave","Metallicize","Shrug It Off"],"relics":["Burning Blood","NeowsBlessing","Anchor","WingedGreaves","Gremlin Horn","Bag of Preparation"],"acts_visited":["Exordium"],"potions_floor_usage":[11,16],"damage_taken":[{"damage":0.0,"enemies":"Cultist","floor":1.0,"turns":1.0},{"damage":0.0,"enemies":"Small Slimes","floor":2.0,"turns":1.0},{"damage":0.0,"enemies":"2 Louse","floor":4.0,"turns":1.0},{"damage":1.0,"enemies":"Looter","floor":5.0,"turns":2.0},{"damage":25.0,"enemies":"3 Sentries","floor":7.0,"turns":7.0},{"damage":2,"enemies":"2 Fungi Beasts","floor":10,"turns":3},{"damage":34,"enemies":"Lagavulin","floor":11,"turns":4},{"damage":3,"enemies":"Large Slime","floor":12,"turns":5},{"damage":0,"enemies":"Exordium Wildlife","floor":13,"turns":2},{"damage":1,"enemies":"Looter","floor":14,"turns":4},{"damage":85,"enemies":"Hexaghost","floor":16,"turns":11}],"seed_played":"-4269259505378114590","potions_obtained":[{"floor":2.0,"key":"Swift Potion"},{"floor":5.0,"key":"DistilledChaos"},{"floor":8.0,"key":"EssenceOfSteel"},{"floor":8.0,"key":"FairyPotion"},{"floor":10,"key":"DuplicationPotion"},{"floor":13,"key":"Energy Potion"}],"is_trial":false,"path_per_floor":["M","M","T","M","M","R","E","?","T","M","E","M","M","M","R","B"],"character_chosen":"IRONCLAD","items_purchased":[],"campfire_rested":0,"item_purchase_floors":[],"current_hp_per_floor":[74,75,75,75,75,75,56,56,56,63,38,44,53,58,58,0,0],"gold":292,"neow_bonus":"THREE_ENEMY_KILL","is_daily":false,"chose_seed":false,"campfire_upgraded":2,"win_rate":0.0,"timestamp":1610487271,"path_taken":["M","M","?","M","M","R","E","?","T","M","E","M","?","M","R","BOSS"],"items_purchased_type":[],"build_version":"2020-12-22","purchased_purges":0,"victory":false,"max_hp_per_floor":[75,75,75,75,75,75,75,75,75,78,81,84,87,87,87,87,87],"relic_stats":{"Gremlin Horn":[3,3],"counters":[11,41],"Bag of Preparation":[8],"obtain_stats":[{"Anchor":3,"NeowsBlessing":0,"Gremlin Horn":9,"WingedGreaves":7,"Bag of Preparation":11,"Burning Blood":0},{"Anchor":2,"NeowsBlessing":0,"Gremlin Horn":5,"WingedGreaves":5,"Bag of Preparation":7,"Burning Blood":0},{"Anchor":2,"NeowsBlessing":0,"Gremlin Horn":12,"WingedGreaves":12,"Bag of Preparation":19,"Burning Blood":0}],"Burning Blood":44},"card_choices":[{"not_picked":["Flex","Heavy Blade","Pommel Strike"],"picked":"SKIP","floor":1.0},{"not_picked":["Clash","Anger"],"picked":"Cleave","floor":2.0},{"not_picked":["Limit Break","Heavy Blade"],"picked":"Twin Strike","floor":4.0},{"not_picked":["Heavy Blade","Sword Boomerang","Warcry"],"picked":"SKIP","floor":5.0},{"not_picked":["Anger","Disarm"],"picked":"Feed","floor":7.0},{"not_picked":["Heavy Blade","Cleave"],"picked":"Hemokinesis","floor":10},{"not_picked":["Wild Strike","Fire Breathing","Clash"],"picked":"SKIP","floor":11},{"not_picked":["Carnage","True Grit"],"picked":"Iron Wave","floor":12},{"not_picked":["Seeing Red","Flex"],"picked":"Metallicize","floor":13},{"not_picked":["Iron Wave","True Grit"],"picked":"Shrug It Off","floor":14}],"player_experience":520295,"relics_obtained":[{"floor":3.0,"key":"Anchor"},{"floor":7.0,"key":"WingedGreaves"},{"floor":9.0,"key":"Gremlin Horn"},{"floor":11,"key":"Bag of Preparation"}],"event_choices":[{"damage_healed":0.0,"max_hp_gain":0.0,"max_hp_loss":0.0,"gold_gain":0.0,"event_name":"The Woman in Blue","player_choice":"Bought 2 Potions","floor":8.0,"gold_loss":0.0,"damage_taken":0.0}],"is_beta":false,"boss_relics":[],"items_purged_floors":[],"is_endless":false,"potions_floor_spawned":[2,5,10,13,14],"killed_by":"Hexaghost","ascension_level":19}}