{"host":"SteinPartDos","time":1610418222,"event":{"mods":["BaseMod","Colored Map","Minty Spire (QoL Compilation)","StSLib"],"gold_per_floor":[112,187,197,211,31,62,77,88,113,113,113,13,47,62,62,166,166,182,170,170,188,63,63,92,109,158,192,192,203,237,237,237],"floor_reached":31,"playtime":1848,"items_purged":["Strike_P","Pain","Strike_P"],"score":322,"play_id":"82e58510-763a-417c-8b6a-ab0c84cccf1b","local_time":"20210111212342","is_ascension_mode":true,"campfire_choices":[{"floor":11.0,"key":"REST"},{"data":"Devotion","floor":15.0,"key":"SMITH"},{"floor":23,"key":"REST"},{"floor":28,"key":"REST"}],"circlet_count":0,"master_deck":["Defend_P","Defend_P+1","Defend_P","Eruption","Vigilance","DevaForm","Evaluate+1","FlurryOfBlows+1","BattleHymn","Wallop","Nirvana","Fasting2","BowlingBash","Devotion+1","SignatureMove","Fasting2+1","LessonLearned+1","Nirvana+1","Fasting2+1","Meditate+1","ThirdEye+1","CutThroughFate+1","LikeWater+1","TalkToTheHand","Tantrum","TalkToTheHand+1","TalkToTheHand","InnerPeace"],"relics":["PureWater","PreservedInsect","Regal Pillow","WarpedTongs","Tiny Chest","Astrolabe","Enchiridion","Dream Catcher","Bag of Marbles","GoldenEye","HornCleat"],"acts_visited":["Exordium","TheCity"],"potions_floor_usage":[19,19],"damage_taken":[{"damage":12.0,"enemies":"2 Louse","floor":1.0,"turns":2.0},{"damage":2.0,"enemies":"Small Slimes","floor":3.0,"turns":4.0},{"damage":1.0,"enemies":"Cultist","floor":4.0,"turns":3.0},{"damage":10.0,"enemies":"3 Sentries","floor":6.0,"turns":5.0},{"damage":2.0,"enemies":"Looter","floor":7.0,"turns":4.0},{"damage":3.0,"enemies":"Gremlin Gang","floor":8.0,"turns":3.0},{"damage":1.0,"enemies":"Lagavulin","floor":13.0,"turns":5.0},{"damage":5.0,"enemies":"Exordium Thugs","floor":14.0,"turns":4.0},{"damage":28.0,"enemies":"Hexaghost","floor":16.0,"turns":8.0},{"damage":34.0,"enemies":"Spheric Guardian","floor":18.0,"turns":7.0},{"damage":9,"enemies":"2 Thieves","floor":19,"turns":4},{"damage":0,"enemies":"Snecko","floor":21,"turns":7},{"damage":13,"enemies":"Gremlin Leader","floor":24,"turns":7},{"damage":9,"enemies":"Cultist and Chosen","floor":25,"turns":8},{"damage":19,"enemies":"Slavers","floor":27,"turns":3},{"damage":12,"enemies":"Chosen and Byrds","floor":29,"turns":9},{"damage":13,"enemies":"Gremlin Leader","floor":30,"turns":7},{"damage":21,"enemies":"Snake Plant","floor":31,"turns":2}],"seed_played":"-5545752593951270360","potions_obtained":[{"floor":3.0,"key":"Explosive Potion"},{"floor":6.0,"key":"Fire Potion"},{"floor":8.0,"key":"SkillPotion"},{"floor":14.0,"key":"SteroidPotion"},{"floor":18.0,"key":"FearPotion"},{"floor":19,"key":"CultistPotion"},{"floor":24,"key":"Strength Potion"}],"is_trial":false,"path_per_floor":["M","?","M","M","$","E","M","M","T","?","R","$","E","M","R","B",null,"M","M","?","M","$","R","E","M","T","E","R","M","E","M"],"character_chosen":"WATCHER","items_purchased":["Wallop","Nirvana"],"campfire_rested":3,"item_purchase_floors":[5,5],"current_hp_per_floor":[60,49,47,46,46,36,34,31,31,31,67,67,66,61,61,33,72,38,29,13,13,13,49,36,27,27,8,44,32,19,0,0],"gold":237,"neow_bonus":"ONE_RANDOM_RARE_CARD","is_daily":false,"chose_seed":false,"campfire_upgraded":1,"win_rate":0.0,"timestamp":1610418222,"path_taken":["M","?","M","M","$","E","M","M","T","?","R","$","E","M","R","BOSS","M","M","?","M","$","R","E","M","T","E","R","M","E","M"],"items_purchased_type":["Card","Card"],"build_version":"2020-12-18","purchased_purges":3,"victory":false,"max_hp_per_floor":[72,72,72,72,72,72,72,72,72,72,72,72,72,72,72,72,72,72,72,72,72,72,72,72,72,72,72,72,72,72,72,72],"card_choices":[{"not_picked":["JustLucky","WindmillStrike"],"picked":"Evaluate","floor":1.0},{"not_picked":["Consecrate","Sanctity"],"picked":"FlurryOfBlows","floor":3.0},{"not_picked":["EmptyFist","BattleHymn","Evaluate"],"picked":"SKIP","floor":4.0},{"not_picked":["EmptyFist","Evaluate"],"picked":"BattleHymn","floor":4.0},{"not_picked":["Collect","FlurryOfBlows"],"picked":"Fasting2","floor":6.0},{"not_picked":["Indignation","Crescendo"],"picked":"BowlingBash","floor":7.0},{"not_picked":["FollowUp","EmptyBody"],"picked":"Devotion","floor":8.0},{"not_picked":["FollowUp","Evaluate"],"picked":"SignatureMove","floor":13.0},{"not_picked":["SashWhip","JustLucky"],"picked":"Fasting2","floor":14.0},{"not_picked":["Judgement","Scrawl"],"picked":"LessonLearned","floor":16.0},{"not_picked":["EmptyBody","SignatureMove"],"picked":"ThirdEye","floor":18.0},{"not_picked":["CrushJoints","Fasting2+1"],"picked":"CutThroughFate","floor":19},{"not_picked":["FlyingSleeves","CrushJoints"],"picked":"LikeWater+1","floor":21},{"not_picked":["Fasting2","BowlingBash"],"picked":"TalkToTheHand","floor":24},{"not_picked":["Halt","InnerPeace"],"picked":"Tantrum","floor":25},{"not_picked":["Prostrate","FollowUp+1"],"picked":"TalkToTheHand+1","floor":27},{"not_picked":["FlyingSleeves+1","Sanctity"],"picked":"TalkToTheHand","floor":28},{"not_picked":["SignatureMove","Weave","BowlingBash"],"picked":"SKIP","floor":29},{"not_picked":["DevaForm","SandsOfTime+1"],"picked":"InnerPeace","floor":30}],"player_experience":38718,"relics_obtained":[{"floor":6.0,"key":"PreservedInsect"},{"floor":9.0,"key":"Regal Pillow"},{"floor":13.0,"key":"Tiny Chest"},{"floor":20,"key":"Enchiridion"},{"floor":24,"key":"Dream Catcher"},{"floor":26,"key":"Bag of Marbles"},{"floor":27,"key":"GoldenEye"},{"floor":30,"key":"HornCleat"}],"event_choices":[{"damage_healed":0.0,"max_hp_gain":0.0,"max_hp_loss":0.0,"gold_gain":75.0,"event_name":"World of Goop","player_choice":"Gather Gold","floor":2.0,"gold_loss":0.0,"damage_taken":11.0},{"damage_healed":0.0,"max_hp_gain":0.0,"max_hp_loss":0.0,"gold_gain":0.0,"event_name":"Accursed Blacksmith","player_choice":"Rummage","floor":10.0,"gold_loss":0.0,"damage_taken":0.0,"relics_obtained":["WarpedTongs"],"cards_obtained":["Pain"]},{"damage_healed":0,"gold_gain":0,"player_choice":"Obtained Book","damage_taken":16,"max_hp_gain":0,"max_hp_loss":0,"event_name":"Cursed Tome","floor":20,"gold_loss":0}],"is_beta":true,"boss_relics":[{"not_picked":["Empty Cage","Sozu"],"picked":"Astrolabe"}],"items_purged_floors":[5,12,22],"is_endless":false,"potions_floor_spawned":[3,6,8,14,18,19,24],"killed_by":"Snake Plant","ascension_level":1}}