{"host":"cbu6enf2xtq4r7r3","time":1610443336,"event":{"mods":["2.2 Compatiblity","AlwaysNeverKeys","BaseMod","Better Match","Better Note","Better Sensory Stone","Better Skull","Better Third Choice","Colored Map","Colored Powertips","Defuse TimeMaze Blight","Emptier Cage","Minty Spire (QoL Compilation)","Permanent Neow","Quick Restart","Random Character Button","Relic Sorter","Reorder Act Four","Shop Mod","StSLib"],"gold_per_floor":[113,126,76,76,91,91,125,125,125,125,125,142,63,90,90,192,192,202,152,166,185,195,195,230,230,530,555,555,555,569,581,581,581,581],"floor_reached":33,"playtime":1021,"items_purged":[],"score":354,"play_id":"7e9fca74-2731-4943-8e4b-28ea8a99c861","local_time":"20210112102216","is_ascension_mode":true,"campfire_choices":[{"data":"Bash","floor":6,"key":"SMITH"},{"data":"True Grit","floor":10,"key":"SMITH"},{"data":"Uppercut","floor":15,"key":"SMITH"},{"data":"Disarm","floor":23,"key":"SMITH"},{"data":"Metallicize","floor":25,"key":"SMITH"},{"data":"Sword Boomerang","floor":28,"key":"SMITH"},{"data":"Battle Trance","floor":32,"key":"SMITH"}],"circlet_count":0,"master_deck":["Strike_R","Strike_R","Strike_R","Strike_R","Defend_R","Defend_R","Defend_R","Defend_R","Bash+1","True Grit+1","Cleave","Ghostly Armor","Master of Strategy","Twin Strike","Disarm+1","Uppercut+1","Impervious","Shrug It Off","Heavy Blade+1","Metallicize+1","Sword Boomerang+1","Battle Trance+1","Ghostly Armor"],"relics":["Burning Blood","Vajra","Bronze Scales","Bag of Preparation","Tiny Chest","Mango","Philosopher\u0027s Stone","Red Skull","Old Coin","Mummified Hand","Sundial"],"acts_visited":["Exordium","TheCity"],"potions_floor_usage":[14,14,22,27,27,27,27,30,30],"damage_taken":[{"damage":0,"enemies":"Small Slimes","floor":1,"turns":3},{"damage":0,"enemies":"2 Louse","floor":2,"turns":3},{"damage":2,"enemies":"Jaw Worm","floor":5,"turns":3},{"damage":36,"enemies":"Lagavulin","floor":7,"turns":6},{"damage":0,"enemies":"2 Fungi Beasts","floor":12,"turns":3},{"damage":6,"enemies":"Gremlin Nob","floor":14,"turns":3},{"damage":16,"enemies":"The Guardian","floor":16,"turns":9},{"damage":4,"enemies":"Spheric Guardian","floor":18,"turns":4},{"damage":6,"enemies":"3 Byrds","floor":20,"turns":4},{"damage":19,"enemies":"Centurion and Healer","floor":21,"turns":5},{"damage":0,"enemies":"Snake Plant","floor":22,"turns":5},{"damage":12,"enemies":"Book of Stabbing","floor":24,"turns":7},{"damage":23,"enemies":"Slavers","floor":27,"turns":5},{"damage":13,"enemies":"Cultist and Chosen","floor":30,"turns":4},{"damage":27,"enemies":"Shelled Parasite and Fungi","floor":31,"turns":5},{"damage":0,"enemies":"Collector","floor":33,"turns":2}],"seed_played":"6907605236016316147","potions_obtained":[{"floor":2,"key":"Swift Potion"},{"floor":5,"key":"BloodPotion"},{"floor":12,"key":"Fire Potion"},{"floor":20,"key":"EntropicBrew"},{"floor":21,"key":"SpeedPotion"},{"floor":24,"key":"GamblersBrew"},{"floor":27,"key":"Block Potion"},{"floor":31,"key":"SpeedPotion"}],"is_trial":false,"path_per_floor":["M","M","?","?","M","R","E","?","T","R","?","M","$","E","R","B",null,"M","?","M","M","M","R","E","R","T","E","R","T","M","M","R","B"],"character_chosen":"IRONCLAD","items_purchased":["Disarm"],"campfire_rested":0,"item_purchase_floors":[13],"current_hp_per_floor":[80,80,80,77,80,80,50,50,50,50,50,56,56,70,70,60,94,94,94,94,81,87,87,81,81,81,82,82,82,75,54,54,54,54],"gold":581,"neow_bonus":"RANDOM_COMMON_RELIC","is_daily":false,"chose_seed":false,"campfire_upgraded":7,"win_rate":0.0,"timestamp":1610443336,"path_taken":["M","M","?","?","M","R","E","?","T","R","?","?","$","E","R","BOSS","M","?","M","M","M","R","E","R","T","E","R","?","?","M","R","BOSS"],"items_purchased_type":["Card"],"build_version":"2020-12-22","purchased_purges":0,"victory":false,"max_hp_per_floor":[80,80,80,80,80,80,80,80,80,80,80,80,80,94,94,94,94,94,94,94,94,94,94,94,94,94,94,94,94,94,94,94,94,94],"card_choices":[{"not_picked":["Sentinel","Evolve"],"picked":"True Grit","floor":1},{"not_picked":["True Grit","Heavy Blade"],"picked":"Cleave","floor":2},{"not_picked":["True Grit","Flex","Rupture"],"picked":"SKIP","floor":5},{"not_picked":["True Grit","Barricade"],"picked":"Ghostly Armor","floor":7},{"not_picked":["Purity","Bandage Up"],"picked":"Master of Strategy","floor":11},{"not_picked":["Headbutt","Cleave"],"picked":"Twin Strike","floor":12},{"not_picked":["Sentinel","Second Wind"],"picked":"Uppercut","floor":14},{"not_picked":["Double Tap","Juggernaut"],"picked":"Impervious","floor":16},{"not_picked":["Havoc","Pommel Strike"],"picked":"Shrug It Off","floor":18},{"not_picked":["Warcry","Reaper","Clothesline"],"picked":"SKIP","floor":20},{"not_picked":["Clash","Perfected Strike"],"picked":"Heavy Blade+1","floor":21},{"not_picked":["Armaments","Perfected Strike+1","Thunderclap"],"picked":"SKIP","floor":22},{"not_picked":["Clash","Bludgeon"],"picked":"Metallicize","floor":24},{"not_picked":["Sentinel","Rampage+1"],"picked":"Sword Boomerang","floor":27},{"not_picked":["Flex+1","True Grit"],"picked":"Battle Trance","floor":30},{"not_picked":["Entrench+1","Carnage"],"picked":"Ghostly Armor","floor":31}],"player_experience":93608,"relics_obtained":[{"floor":7,"key":"Bag of Preparation"},{"floor":9,"key":"Tiny Chest"},{"floor":14,"key":"Mango"},{"floor":24,"key":"Red Skull"},{"floor":26,"key":"Old Coin"},{"floor":27,"key":"Mummified Hand"},{"floor":29,"key":"Sundial"}],"event_choices":[{"cards_removed":["Strike_R"],"damage_healed":0,"gold_gain":0,"player_choice":"Card Removal","damage_taken":0,"max_hp_gain":0,"max_hp_loss":0,"event_name":"The Cleric","floor":3,"gold_loss":50},{"damage_healed":0,"gold_gain":0,"player_choice":"Relic ","damage_taken":3,"max_hp_gain":0,"max_hp_loss":0,"event_name":"betterThird:BetterScrap","floor":4,"gold_loss":0,"cards_obtained":["Seek"]},{"damage_healed":0,"gold_gain":0,"player_choice":"Ignored","damage_taken":125,"max_hp_gain":0,"max_hp_loss":0,"event_name":"betterThird:BetterSerpent","floor":8,"gold_loss":0},{"damage_healed":0,"gold_gain":1,"player_choice":"1","damage_taken":0,"max_hp_gain":0,"max_hp_loss":0,"event_name":"betterStone:BetterStone","floor":11,"gold_loss":0},{"damage_healed":0,"gold_gain":0,"player_choice":"Bet on Owner","damage_taken":0,"max_hp_gain":0,"max_hp_loss":0,"event_name":"The Joust","floor":19,"gold_loss":50}],"is_beta":false,"boss_relics":[{"not_picked":["Empty Cage","Ectoplasm"],"picked":"Philosopher\u0027s Stone"}],"items_purged_floors":[],"is_endless":false,"potions_floor_spawned":[2,5,12,20,21,24,27,31],"killed_by":"Collector","ascension_level":4}}