{"host":"byizzf0lry06owoh","time":1610439036,"event":{"mods":["Act Like it!","Aspiration","BaseMod","BetterRewards","Card Forge","Conspire","Downfall","Friendly Minions","GifTheSpireLib","Hallownest","Hubris","Infinite Spire","Minty Spire (QoL Compilation)","Relic Sorter","Replay The Spire","StSLib","Wandering Minibosses"],"gold_per_floor":[99,99,99,99,199,212,212,206,56,83,83,178,189,199,209,204,204,204],"floor_reached":16,"playtime":1044,"items_purged":[],"score":125,"play_id":"f10bb8d0-a63f-41fc-89fd-ddbb80ccbbf3","local_time":"20210112001036","is_ascension_mode":false,"campfire_choices":[{"floor":1,"key":"RECALL"},{"data":"champ:Taunt","floor":9,"key":"SMITH"},{"floor":11,"key":"REST"}],"circlet_count":0,"master_deck":["champ:Strike","champ:Strike","champ:Strike","champ:Defend","champ:Defend","champ:Execute","champ:Taunt+1","champ:FanOfKnives","champ:FocusedBerserking","champ:EndlessRage","champ:BringItOn","champ:BringItOn","champ:FlashCut","champ:SwordThrow","champ:PreciseThrust","champ:Circumvent","Spreading Infection","champ:Taunt","Panacea","champ:AdrenalArmor","champ:BerserkersShout","champ:AdrenalArmor","champ:GutPunch"],"relics":["champ:ChampionCrown","Seething Fire","Hammer of Thor","Anvil of the Gods","downfall:HeartsMalice","downfall:HeartBlessingRed","downfall:HeartBlessingBlue","hubris:SphereOfDissonance","downfall:GremlinSack"],"acts_visited":["Exordium"],"potions_floor_usage":[6],"damage_taken":[{"damage":0,"enemies":"Cultist","floor":2,"turns":1},{"damage":0,"enemies":"Small Slimes","floor":3,"turns":1},{"damage":0,"enemies":"Jaw Worm","floor":4,"turns":1},{"damage":36,"enemies":"Lots of Slimes","floor":6,"turns":6},{"damage":15,"enemies":"2 Fungi Beasts","floor":8,"turns":7},{"damage":42,"enemies":"Lagavulin","floor":10,"turns":8},{"damage":57,"enemies":"Lagavulin","floor":12,"turns":6},{"damage":12,"enemies":"Exordium Thugs","floor":13,"turns":5},{"damage":26,"enemies":"Lots of Slimes","floor":14,"turns":3},{"damage":0,"enemies":"Red Slaver","floor":15,"turns":2},{"damage":3,"enemies":"downfall:Defect","floor":16,"turns":3}],"seed_played":"4529708851016762149","potions_obtained":[{"floor":6,"key":"Fruit Juice"},{"floor":10,"key":"Dexterity Potion"},{"floor":13,"key":"Energy Potion"},{"floor":14,"key":"SteroidPotion"},{"floor":15,"key":"BlessingOfTheForge"}],"is_trial":false,"path_per_floor":["R","M","M","M","?","M","T","M","R","E","R","?","M","M","M","B"],"character_chosen":"THE_CHAMP","items_purchased":[],"campfire_rested":1,"item_purchase_floors":[],"current_hp_per_floor":[90,90,90,90,90,69,69,64,74,40,71,19,14,1,1,0,0,0],"gold":204,"neow_bonus":"THREE_ENEMY_KILL","is_daily":false,"chose_seed":false,"campfire_upgraded":1,"win_rate":0.0,"timestamp":1610439036,"path_taken":["R","M","?","M","?","M","T","M","R","E","R","?","M","M","M","BOSS"],"items_purchased_type":[],"build_version":"2020-12-22","purchased_purges":0,"victory":false,"max_hp_per_floor":[90,90,90,90,90,95,95,95,105,105,105,105,105,105,105,105,105,105],"card_choices":[{"not_picked":["champ:BladeFlurry","champ:FightOn"],"picked":"champ:FanOfKnives","floor":2},{"not_picked":["champ:GutPunch","champ:DefensiveShout"],"picked":"champ:FocusedBerserking","floor":3},{"not_picked":["champ:DefensiveShout","champ:BladeFlurry"],"picked":"champ:EndlessRage","floor":4},{"not_picked":["champ:StanceDance","champ:Haymaker"],"picked":"champ:BringItOn","floor":6},{"not_picked":["champ:CrookedStrike","champ:LastStand"],"picked":"champ:BringItOn","floor":8},{"not_picked":["champ:ArenaPreparation","champ:VampiricStrike"],"picked":"champ:FlashCut","floor":10},{"not_picked":["champ:FanOfKnives","champ:BladeFlurry"],"picked":"champ:AdrenalArmor","floor":12},{"not_picked":["champ:BringItOn","champ:FaceSlap"],"picked":"champ:BerserkersShout","floor":13},{"not_picked":["champ:BerserkersShout","champ:Haymaker"],"picked":"champ:AdrenalArmor","floor":14},{"not_picked":["champ:Haymaker","champ:Lariat"],"picked":"champ:GutPunch","floor":15}],"player_experience":109524,"relics_obtained":[{"floor":10,"key":"hubris:SphereOfDissonance"},{"floor":12,"key":"downfall:GremlinSack"}],"event_choices":[],"is_beta":false,"boss_relics":[],"items_purged_floors":[],"is_endless":false,"potions_floor_spawned":[6,10,13,14,15],"killed_by":"downfall:Defect","ascension_level":0}}