{"host":"oy4pyvr762z5n0bb","time":1610412691,"event":{"mods":["AchievementEnabler","BaseMod","Colored Map","Colored Powertips","Googly Eyes","Key Reminder","Minty Spire (QoL Compilation)","Quick Restart","Relic Sorter","Slay the Relics Exporter","StSLib","SuperFastMode","Unceasing Turn Reminder","slay the spire mod where everything is the same but ironclad has a cowboy hat"],"gold_per_floor":[116,116,129,140,140,140,170,187,210,210,253,25,25,44,44,44,44],"floor_reached":16,"playtime":180,"items_purged":["Strike_R"],"score":160,"play_id":"ac238d15-0cba-45e0-bfa8-e03fc75c2948","local_time":"20210111165131","is_ascension_mode":true,"campfire_choices":[{"data":"Fire Breathing","floor":6,"key":"SMITH"},{"data":"Inflame","floor":15,"key":"SMITH"}],"circlet_count":0,"master_deck":["Strike_R+1","Strike_R","Strike_R+1","Strike_R","Defend_R","Defend_R","Defend_R+1","Defend_R","Bash","Wild Strike","Fire Breathing+1","Cleave+1","Uppercut","Injury","Wild Strike","Inflame+1"],"relics":["Burning Blood","NeowsBlessing","Ancient Tea Set","Whetstone","Golden Idol","Vajra","Strawberry","Blue Candle"],"acts_visited":["Exordium"],"potions_floor_usage":[7,11],"damage_taken":[{"damage":0,"enemies":"Jaw Worm","floor":1,"turns":1},{"damage":0,"enemies":"2 Louse","floor":3,"turns":1},{"damage":0,"enemies":"Small Slimes","floor":4,"turns":1},{"damage":16,"enemies":"Gremlin Nob","floor":7,"turns":3},{"damage":16,"enemies":"Blue Slaver","floor":8,"turns":4},{"damage":30,"enemies":"Lagavulin","floor":11,"turns":4},{"damage":15,"enemies":"Exordium Wildlife","floor":14,"turns":4},{"damage":18,"enemies":"Hexaghost","floor":16,"turns":5}],"seed_played":"-4546937986059054846","potions_obtained":[{"floor":3,"key":"BlessingOfTheForge"},{"floor":7,"key":"Energy Potion"}],"is_trial":false,"path_per_floor":["M","?","M","M","?","R","E","M","T","?","E","$","T","M","R","B"],"character_chosen":"IRONCLAD","items_purchased":["Strawberry"],"campfire_rested":0,"item_purchase_floors":[12],"current_hp_per_floor":[78,78,80,80,64,64,54,44,44,44,20,27,27,18,18,0,0],"gold":44,"neow_bonus":"THREE_ENEMY_KILL","is_daily":false,"chose_seed":false,"campfire_upgraded":2,"win_rate":0.0,"timestamp":1610412691,"path_taken":["M","?","M","M","?","R","E","M","T","?","E","$","?","M","R","BOSS"],"items_purchased_type":["Relic"],"build_version":"2020-12-22","purchased_purges":1,"victory":false,"max_hp_per_floor":[80,80,80,80,80,80,80,80,80,80,80,87,87,87,87,87,87],"card_choices":[{"not_picked":["Clash","Shrug It Off","Body Slam"],"picked":"SKIP","floor":1},{"not_picked":["Shrug It Off","Headbutt"],"picked":"Wild Strike","floor":3},{"not_picked":["True Grit","Perfected Strike"],"picked":"Fire Breathing","floor":4},{"not_picked":["Dark Embrace","Combust"],"picked":"Cleave","floor":7},{"not_picked":["Warcry","True Grit"],"picked":"Uppercut","floor":8},{"not_picked":["Iron Wave","True Grit"],"picked":"Wild Strike","floor":11},{"not_picked":["Barricade","Clothesline"],"picked":"Inflame","floor":14}],"player_experience":732523,"relics_obtained":[{"floor":7,"key":"Ancient Tea Set"},{"floor":9,"key":"Whetstone"},{"floor":11,"key":"Vajra"},{"floor":13,"key":"Blue Candle"}],"event_choices":[{"damage_healed":0,"gold_gain":0,"player_choice":"Ignored","damage_taken":0,"max_hp_gain":0,"max_hp_loss":0,"event_name":"Golden Wing","floor":2,"gold_loss":0},{"damage_healed":0,"gold_gain":0,"player_choice":"Entered Light","damage_taken":16,"max_hp_gain":0,"max_hp_loss":0,"event_name":"Shining Light","floor":5,"gold_loss":0,"cards_upgraded":["Strike_R","Defend_R"]},{"damage_healed":0,"gold_gain":0,"player_choice":"Take Wound","damage_taken":0,"relics_obtained":["Golden Idol"],"max_hp_gain":0,"max_hp_loss":0,"event_name":"Golden Idol","floor":10,"gold_loss":0,"cards_obtained":["Injury"]}],"is_beta":false,"boss_relics":[],"items_purged_floors":[12],"is_endless":false,"potions_floor_spawned":[3,7],"killed_by":"Hexaghost","ascension_level":9}}