{"host":"egwexuw5uvnxf11j","time":1610416518,"event":{"mods":["2.2 Compatiblity","Aspiration","BaseMod","Better Altar","Better Note","Better Sensory Stone","Better Third Choice","Displayed Cursed Tome","Downfall","Hermit","Key Reminder","Koishi","Marisa????????","Minty Spire (QoL Compilation)","Quick Restart","Shade Mod","Spicy Shops","StSLib","The Construct","The Cursed","The Hierophant","The Runesmith","The Senshi","The Servant 0.9.4","Transform Curses"],"gold_per_floor":[109,109,120,120,140,170,184,184,184],"floor_reached":8,"playtime":1798,"items_purged":[],"score":61,"play_id":"686dd0be-e872-4f54-b352-f02ba969a15c","local_time":"20210111205518","is_ascension_mode":true,"campfire_choices":[],"circlet_count":0,"master_deck":["hermit:Strike_Hermit","hermit:Strike_Hermit","hermit:Strike_Hermit","hermit:Strike_Hermit","hermit:Defend_Hermit","hermit:Defend_Hermit+1","hermit:Defend_Hermit","hermit:Defend_Hermit","hermit:Snapshot+1","hermit:Covet","expansioncontent:CaCaw","hermit:ItchyTrigger+1","hermit:Grudge","hermit:GoldenBullet","hermit:ShadowCloak","hermit:LowProfile"],"relics":["hermit:Momento","Juzu Bracelet"],"acts_visited":["Exordium"],"potions_floor_usage":[8],"damage_taken":[{"damage":6,"enemies":"Jaw Worm","floor":1,"turns":3},{"damage":0,"enemies":"Small Slimes","floor":3,"turns":1},{"damage":1,"enemies":"Cultist","floor":5,"turns":3},{"damage":19,"enemies":"3 Sentries","floor":6,"turns":6},{"damage":9,"enemies":"Blue Slaver","floor":7,"turns":4},{"damage":34,"enemies":"Lagavulin","floor":8,"turns":5}],"seed_played":"3523179671407830533","potions_obtained":[{"floor":5,"key":"Swift Potion"}],"is_trial":false,"path_per_floor":["M","?","M","?","M","E","M","E"],"character_chosen":"HERMIT","items_purchased":[],"campfire_rested":0,"item_purchase_floors":[],"current_hp_per_floor":[69,54,54,54,53,34,25,0,0],"gold":184,"neow_bonus":"RANDOM_COLORLESS","is_daily":false,"chose_seed":false,"campfire_upgraded":0,"win_rate":0.0,"timestamp":1610416518,"path_taken":["M","?","M","?","M","E","M","E"],"items_purchased_type":[],"build_version":"2020-12-22","purchased_purges":0,"victory":false,"max_hp_per_floor":[75,75,75,75,75,75,75,75,75],"card_choices":[{"not_picked":["Finesse","Purity"],"picked":"expansioncontent:CaCaw","floor":0},{"not_picked":["hermit:LoneWolf","hermit:BodyArmor"],"picked":"hermit:ItchyTrigger","floor":1},{"not_picked":["hermit:LuckOfTheDraw","hermit:Showdown"],"picked":"hermit:Grudge","floor":3},{"not_picked":["hermit:WideOpen","hermit:Quickdraw"],"picked":"hermit:GoldenBullet","floor":5},{"not_picked":["hermit:Snipe","hermit:CalledShot"],"picked":"hermit:ShadowCloak","floor":6},{"not_picked":["hermit:SprayPray","hermit:Headshot"],"picked":"hermit:LowProfile","floor":7}],"player_experience":2207485,"relics_obtained":[{"floor":6,"key":"Juzu Bracelet"}],"event_choices":[{"damage_healed":69,"gold_gain":0,"player_choice":"Upgrade","damage_taken":15,"max_hp_gain":0,"max_hp_loss":75,"event_name":"betterThird:BetterShining","floor":2,"gold_loss":0,"cards_upgraded":["hermit:Defend_Hermit","hermit:Snapshot"]},{"damage_healed":0,"gold_gain":0,"player_choice":"Upgraded","damage_taken":0,"max_hp_gain":0,"max_hp_loss":0,"event_name":"Upgrade Shrine","floor":4,"gold_loss":0,"cards_upgraded":["hermit:ItchyTrigger"]}],"is_beta":false,"boss_relics":[],"items_purged_floors":[],"is_endless":false,"potions_floor_spawned":[5],"killed_by":"Lagavulin","ascension_level":1}}