{"host":"ny1uxs7aco9qql8p","time":1610475438,"event":{"mods":["AchievementEnabler","Alarm Clock","BaseMod","Bestiary","Colored Map","Colored Powertips","DeckTracker","Highlight Path","Minty Spire (QoL Compilation)","Permanent Neow","Quick Restart","Rare Cards Sparkle","Relic Stats"],"gold_per_floor":[212,225,240,25,25,25,56,56,56,70,40,40,71,96,96,224,224,242,267,177,201,201,201],"floor_reached":22,"playtime":1965,"items_purged":[],"score":221,"play_id":"f7dfddef-4d2c-4f49-8c7c-e11156e25c8f","local_time":"20210112131718","is_ascension_mode":false,"campfire_choices":[{"data":"Whirlwind","floor":6,"key":"SMITH"},{"data":"Pommel Strike","floor":8,"key":"SMITH"},{"data":"Rampage","floor":12,"key":"SMITH"},{"data":"Bash","floor":15,"key":"SMITH"}],"circlet_count":0,"master_deck":["Strike_R","Strike_R","Strike_R","Defend_R","Defend_R+1","Defend_R","Defend_R","Bash+1","Iron Wave","Spot Weakness","Pommel Strike+1","Whirlwind+1","Dark Embrace+1","Rampage+1","Thunderclap","Shrug It Off","Brutality+1","Infernal Blade+1","Shrug It Off+1","True Grit","Fire Breathing+1","Thunderclap+1"],"relics":["Burning Blood","Chemical X","Golden Idol","Frozen Egg 2","Paper Frog","Bottled Tornado","Astrolabe"],"acts_visited":["Exordium","TheCity"],"potions_floor_usage":[11,11],"damage_taken":[{"damage":0,"enemies":"Cultist","floor":1,"turns":4},{"damage":5,"enemies":"Small Slimes","floor":2,"turns":5},{"damage":1,"enemies":"Jaw Worm","floor":3,"turns":3},{"damage":16,"enemies":"Lagavulin","floor":7,"turns":5},{"damage":15,"enemies":"Exordium Thugs","floor":10,"turns":3},{"damage":0,"enemies":"3 Sentries","floor":13,"turns":2},{"damage":1,"enemies":"2 Fungi Beasts","floor":14,"turns":2},{"damage":46,"enemies":"Hexaghost","floor":16,"turns":7},{"damage":30,"enemies":"Shell Parasite","floor":18,"turns":5},{"damage":12,"enemies":"3 Byrds","floor":19,"turns":4},{"damage":34,"enemies":"Centurion and Healer","floor":21,"turns":3},{"damage":36,"enemies":"Snake Plant","floor":22,"turns":6}],"seed_played":"1745692117830158565","potions_obtained":[{"floor":7,"key":"Fruit Juice"},{"floor":10,"key":"Swift Potion"},{"floor":11,"key":"Fruit Juice"},{"floor":11,"key":"BlessingOfTheForge"},{"floor":14,"key":"ColorlessPotion"}],"is_trial":false,"path_per_floor":["M","M","M","$","?","R","E","R","T","M","?","R","E","M","R","B",null,"M","M","?","M","M"],"character_chosen":"IRONCLAD","items_purchased":["Chemical X","Whirlwind"],"campfire_rested":0,"item_purchase_floors":[4,4],"current_hp_per_floor":[80,80,80,80,80,80,70,70,70,61,71,71,77,82,82,42,90,66,60,60,32,0,0],"gold":201,"neow_bonus":"HUNDRED_GOLD","is_daily":false,"chose_seed":false,"campfire_upgraded":4,"win_rate":0.0,"timestamp":1610475438,"path_taken":["M","M","M","$","?","R","E","R","T","M","?","R","E","M","R","BOSS","M","?","?","M","M"],"items_purchased_type":["Relic","Card"],"build_version":"2020-12-22","purchased_purges":0,"victory":false,"max_hp_per_floor":[80,80,80,80,80,80,80,80,80,80,90,90,90,90,90,90,90,90,90,90,90,90,90],"relic_stats":{"counters":[12,49],"Golden Idol":60,"Astrolabe":["Infernal Blade","Shrug It Off","Decay"],"Chemical X":[15],"obtain_stats":[{"Golden Idol":5,"Astrolabe":17,"Chemical X":4,"Frozen Egg 2":7,"Bottled Tornado":13,"Burning Blood":0,"Paper Frog":9},{"Golden Idol":3,"Astrolabe":8,"Chemical X":3,"Frozen Egg 2":4,"Bottled Tornado":6,"Burning Blood":0,"Paper Frog":4},{"Golden Idol":12,"Astrolabe":31,"Chemical X":12,"Frozen Egg 2":17,"Bottled Tornado":22,"Burning Blood":0,"Paper Frog":17}],"Burning Blood":54},"card_choices":[{"not_picked":["Cleave","Clothesline"],"picked":"Iron Wave","floor":1},{"not_picked":["Havoc","True Grit"],"picked":"Spot Weakness","floor":2},{"not_picked":["Sentinel","Twin Strike"],"picked":"Pommel Strike","floor":3},{"not_picked":["Reckless Charge","Rage"],"picked":"Dark Embrace+1","floor":7},{"not_picked":["Searing Blow","Spot Weakness"],"picked":"Rampage","floor":10},{"not_picked":["Ghostly Armor","Shrug It Off"],"picked":"Thunderclap","floor":13},{"not_picked":["Cleave","Twin Strike"],"picked":"Shrug It Off","floor":14},{"not_picked":["Offering","Berserk+1"],"picked":"Brutality+1","floor":16},{"not_picked":["Twin Strike+1","Entrench+1"],"picked":"True Grit","floor":18},{"not_picked":["Seeing Red","Dropkick"],"picked":"Fire Breathing+1","floor":19},{"not_picked":["True Grit","Perfected Strike"],"picked":"Thunderclap+1","floor":21}],"player_experience":157013,"relics_obtained":[{"floor":7,"key":"Frozen Egg 2"},{"floor":9,"key":"Paper Frog"},{"floor":13,"key":"Bottled Tornado"}],"event_choices":[{"damage_healed":0,"gold_gain":0,"player_choice":"Take Wound","damage_taken":0,"relics_obtained":["Golden Idol"],"max_hp_gain":0,"max_hp_loss":0,"event_name":"Golden Idol","floor":5,"gold_loss":0,"cards_obtained":["Injury"]},{"damage_healed":0,"gold_gain":0,"player_choice":"Bought 2 Potions","damage_taken":0,"max_hp_gain":0,"max_hp_loss":0,"event_name":"The Woman in Blue","floor":11,"gold_loss":0},{"cards_removed":["Decay"],"damage_healed":0,"gold_gain":0,"player_choice":"Upgrade and Remove","damage_taken":0,"max_hp_gain":0,"max_hp_loss":0,"event_name":"Designer","floor":20,"gold_loss":90,"cards_upgraded":["Defend_R"]}],"is_beta":false,"boss_relics":[{"not_picked":["Ectoplasm","Philosopher\u0027s Stone"],"picked":"Astrolabe"}],"items_purged_floors":[],"is_endless":false,"potions_floor_spawned":[7,10,14,16,18],"killed_by":"Snake Plant","ascension_level":0}}