{"host":"4rvakrj1idbgia3f","time":1610458354,"event":{"mods":["BaseMod","Colored Map","Colored Powertips","DeckTracker","Highlight Path","Minty Spire (QoL Compilation)","Random Character Button","StSLib"],"gold_per_floor":[111,135,135,152,77,77,110,127,127,154,154,154,173,204,204,279,279,299,318,331,156,175,175,210,210,236,264,264,264,292,292,292,292,292],"floor_reached":33,"playtime":1435,"items_purged":["Strike_R","Strike_R"],"score":742,"play_id":"4dcc45d0-6cb1-4da1-b7cd-3d917df7d9d3","local_time":"20210112223234","is_ascension_mode":true,"campfire_choices":[{"data":"Bash","floor":6.0,"key":"SMITH"},{"data":"Carnage","floor":12.0,"key":"SMITH"},{"data":"Wild Strike","floor":15,"key":"SMITH"},{"data":"Cleave","floor":23,"key":"SMITH"},{"data":"Power Through","floor":25,"key":"SMITH"},{"data":"Shrug It Off","floor":28,"key":"SMITH"},{"data":"Strike_R","floor":32,"key":"PURGE"}],"circlet_count":0,"master_deck":["AscendersBane","Strike_R","Defend_R","Defend_R","Defend_R","Bash+1","Power Through+1","Offering","Wild Strike+1","Carnage+1","Shrug It Off+1","Cleave+1","Offering","Uppercut+1","Feel No Pain","Burning Pact","Fire Breathing","Shockwave+1","Battle Trance"],"relics":["Burning Blood","NeowsBlessing","Lantern","Anchor","StrikeDummy","Peace Pipe","Matryoshka","Coffee Dripper","Pear","Strawberry","MealTicket","Vajra","Orichalcum"],"acts_visited":["Exordium","TheCity"],"potions_floor_usage":[14,19,30,30],"damage_taken":[{"damage":0.0,"enemies":"Cultist","floor":1.0,"turns":1.0},{"damage":0.0,"enemies":"Small Slimes","floor":4.0,"turns":1.0},{"damage":0.0,"enemies":"Gremlin Nob","floor":7.0,"turns":1.0},{"damage":0.0,"enemies":"2 Louse","floor":8.0,"turns":3.0},{"damage":6.0,"enemies":"Lagavulin","floor":10.0,"turns":3.0},{"damage":8.0,"enemies":"Exordium Thugs","floor":13.0,"turns":3.0},{"damage":5,"enemies":"3 Sentries","floor":14,"turns":6},{"damage":58,"enemies":"The Guardian","floor":16,"turns":8},{"damage":15,"enemies":"Shell Parasite","floor":18,"turns":3},{"damage":6,"enemies":"3 Byrds","floor":19,"turns":5},{"damage":5,"enemies":"Centurion and Healer","floor":20,"turns":5},{"damage":25,"enemies":"3 Cultists","floor":22,"turns":4},{"damage":26,"enemies":"Gremlin Leader","floor":24,"turns":4},{"damage":24,"enemies":"Book of Stabbing","floor":27,"turns":4},{"damage":13,"enemies":"Slavers","floor":30,"turns":3},{"damage":10,"enemies":"Champ","floor":33,"turns":7}],"seed_played":"8389776391704503804","potions_obtained":[{"floor":1.0,"key":"SpeedPotion"},{"floor":7.0,"key":"DuplicationPotion"},{"floor":8.0,"key":"DistilledChaos"},{"floor":10.0,"key":"Weak Potion"},{"floor":18,"key":"AttackPotion"},{"floor":27,"key":"BlessingOfTheForge"}],"is_trial":false,"path_per_floor":["M","T","?","M","$","R","E","M","T","E","?","R","M","E","R","B",null,"M","M","M","$","M","R","E","R","T","E","R","?","E","?","R","B"],"character_chosen":"IRONCLAD","items_purchased":["Fire Breathing"],"campfire_rested":0,"item_purchase_floors":[21],"current_hp_per_floor":[74,74,67,73,73,73,75,75,75,75,75,75,73,74,74,22,62,53,53,54,54,35,35,25,25,32,14,14,14,7,7,7,0,0],"gold":292,"neow_bonus":"THREE_ENEMY_KILL","is_daily":false,"chose_seed":false,"campfire_upgraded":6,"win_rate":0.0,"timestamp":1610458354,"path_taken":["M","?","?","M","$","R","E","M","T","E","?","R","?","E","R","BOSS","M","M","M","$","M","R","E","R","T","E","R","?","E","?","R","BOSS"],"items_purchased_type":["Card"],"build_version":"2020-12-22","purchased_purges":2,"victory":false,"max_hp_per_floor":[75,75,75,75,75,75,75,75,75,75,75,75,75,75,75,75,75,75,75,75,75,75,75,85,85,92,92,92,92,92,92,92,92,92],"card_choices":[{"not_picked":["Flex","Sword Boomerang"],"picked":"Power Through","floor":1.0},{"not_picked":["Twin Strike","Second Wind"],"picked":"Offering","floor":4.0},{"not_picked":["Shrug It Off","Twin Strike"],"picked":"Wild Strike","floor":7.0},{"not_picked":["Power Through","Headbutt"],"picked":"Carnage","floor":8.0},{"not_picked":["Perfected Strike","Pommel Strike"],"picked":"Shrug It Off","floor":10.0},{"not_picked":["Thunderclap","Dropkick","Blood for Blood"],"picked":"SKIP","floor":13.0},{"not_picked":["Double Tap","Iron Wave"],"picked":"Cleave","floor":14},{"not_picked":["Double Tap","Exhume"],"picked":"Offering","floor":16},{"not_picked":["Power Through","Combust"],"picked":"Uppercut+1","floor":18},{"not_picked":["Pommel Strike","Clash"],"picked":"Feel No Pain","floor":19},{"not_picked":["Pummel","Clash"],"picked":"Burning Pact","floor":20},{"not_picked":["Sword Boomerang+1","Perfected Strike"],"picked":"Shockwave+1","floor":22},{"not_picked":["Double Tap","Sever Soul","Dropkick"],"picked":"SKIP","floor":24},{"not_picked":["Blood for Blood","Rampage","Cleave+1"],"picked":"SKIP","floor":27},{"not_picked":["Pommel Strike","Clash+1","Havoc"],"picked":"SKIP","floor":30}],"player_experience":2013744,"relics_obtained":[{"floor":2.0,"key":"Lantern"},{"floor":7.0,"key":"Anchor"},{"floor":9.0,"key":"StrikeDummy"},{"floor":10.0,"key":"Peace Pipe"},{"floor":14,"key":"Matryoshka"},{"floor":24,"key":"Pear"},{"floor":26,"key":"Strawberry"},{"floor":26,"key":"MealTicket"},{"floor":27,"key":"Vajra"},{"floor":30,"key":"Orichalcum"}],"event_choices":[{"cards_removed":["Defend_R"],"damage_healed":0.0,"max_hp_gain":0.0,"max_hp_loss":0.0,"gold_gain":0.0,"event_name":"Golden Wing","player_choice":"Card Removal","floor":3.0,"gold_loss":0.0,"damage_taken":7.0},{"damage_healed":0.0,"max_hp_gain":0.0,"max_hp_loss":0.0,"gold_gain":0.0,"event_name":"Match and Keep!","player_choice":"0 cards matched","floor":11.0,"gold_loss":0.0,"damage_taken":0.0,"cards_obtained":[]},{"damage_healed":0,"gold_gain":0,"player_choice":"Read","damage_taken":0,"max_hp_gain":0,"max_hp_loss":0,"event_name":"The Library","floor":29,"gold_loss":0,"cards_obtained":["Battle Trance"]},{"cards_removed":["Strike_R"],"damage_healed":0,"gold_gain":0,"player_choice":"Offered Basic","damage_taken":0,"max_hp_gain":0,"max_hp_loss":0,"event_name":"Bonfire Elementals","floor":31,"gold_loss":0}],"is_beta":false,"boss_relics":[{"not_picked":["Calling Bell","Tiny House"],"picked":"Coffee Dripper"}],"items_purged_floors":[5,21],"is_endless":false,"potions_floor_spawned":[1,7,8,10,18,27],"killed_by":"Champ","ascension_level":20}}