{"host":"c2vrdknshfutmcsq","time":1610460186,"event":{"mods":["BaseMod","Minty Spire (QoL Compilation)"],"gold_per_floor":[115,115,131,151,170,170,196,196,248,583,518,518,537,551,551,622,622,634,136,148,148,160,160,160,160],"floor_reached":24,"playtime":1643,"items_purged":["Strike_B"],"score":410,"play_id":"e70f61c7-3718-4a5e-8fa0-440fa26a7b5b","local_time":"20210112150306","is_ascension_mode":true,"campfire_choices":[{"floor":6.0,"key":"REST"},{"floor":8.0,"key":"REST"},{"floor":15.0,"key":"REST"},{"data":"Dualcast","floor":23,"key":"SMITH"}],"circlet_count":0,"master_deck":["AscendersBane","Defend_B","Defend_B","Defend_B","Zap","Dualcast+1","Meteor Strike","Genetic Algorithm","Stack","Ball Lightning","Loop","Undo","Electrodynamics","Compile Driver","Hologram","Echo Form","Leap+1","Undo+1","Hologram+1","Cold Snap+1","Sunder","Conserve Battery","Capacitor","Conserve Battery"],"relics":["Cracked Core","Pear","Vajra","Strawberry","Old Coin","Astrolabe","PreservedInsect"],"acts_visited":["Exordium","TheCity"],"potions_floor_usage":[19,22],"damage_taken":[{"damage":1.0,"enemies":"Small Slimes","floor":1.0,"turns":3.0},{"damage":7.0,"enemies":"Jaw Worm","floor":3.0,"turns":3.0},{"damage":0.0,"enemies":"2 Louse","floor":4.0,"turns":3.0},{"damage":13.0,"enemies":"Exordium Thugs","floor":5.0,"turns":5.0},{"damage":24.0,"enemies":"Gremlin Nob","floor":7.0,"turns":4.0},{"damage":31.0,"enemies":"3 Sentries","floor":10.0,"turns":8.0},{"damage":0.0,"enemies":"2 Fungi Beasts","floor":13.0,"turns":4.0},{"damage":0.0,"enemies":"3 Louse","floor":14.0,"turns":3.0},{"damage":48.0,"enemies":"Hexaghost","floor":16.0,"turns":9.0},{"damage":5,"enemies":"Chosen","floor":18,"turns":6},{"damage":18,"enemies":"Spheric Guardian","floor":20,"turns":6},{"damage":8,"enemies":"Snake Plant","floor":22,"turns":7},{"damage":37,"enemies":"Book of Stabbing","floor":24,"turns":7}],"seed_played":"-1798777153115153470","potions_obtained":[{"floor":1.0,"key":"Weak Potion"},{"floor":4.0,"key":"DuplicationPotion"},{"floor":10.0,"key":"AttackPotion"},{"floor":13.0,"key":"Fruit Juice"},{"floor":16.0,"key":"SteroidPotion"},{"floor":18,"key":"EssenceOfSteel"}],"is_trial":false,"path_per_floor":["M","?","M","M","M","R","E","R","T","E","?","?","M","M","R","B",null,"M","$","M","?","M","R","E"],"character_chosen":"DEFECT","items_purchased":["Sunder","PreservedInsect","Conserve Battery","Fruit Juice"],"campfire_rested":3,"item_purchase_floors":[19,19,19,19],"current_hp_per_floor":[63,38,31,31,18,42,18,42,49,18,18,18,23,23,50,2,70,65,70,52,52,44,44,7,7],"gold":160,"neow_bonus":"ONE_RANDOM_RARE_CARD","is_daily":false,"chose_seed":false,"campfire_upgraded":1,"win_rate":0.0,"timestamp":1610460186,"path_taken":["M","?","M","M","M","R","E","R","T","E","?","?","M","M","R","BOSS","M","$","M","?","M","R","E"],"items_purchased_type":["Card","Relic","Card","Potion"],"build_version":"2020-12-22","purchased_purges":1,"victory":false,"max_hp_per_floor":[71,81,81,81,81,81,81,81,88,88,88,88,93,93,93,93,93,93,98,98,98,98,98,98,98],"card_choices":[{"not_picked":["Doom and Gloom","Self Repair"],"picked":"Genetic Algorithm","floor":1.0},{"not_picked":["Beam Cell","Self Repair"],"picked":"Stack","floor":3.0},{"not_picked":["Leap","Beam Cell"],"picked":"Ball Lightning","floor":4.0},{"not_picked":["Coolheaded","Redo"],"picked":"Loop","floor":5.0},{"not_picked":["Ball Lightning","Machine Learning"],"picked":"Undo","floor":7.0},{"not_picked":["Cold Snap","Compile Driver"],"picked":"Electrodynamics","floor":10.0},{"not_picked":["Rebound","Doom and Gloom"],"picked":"Compile Driver","floor":13.0},{"not_picked":["Genetic Algorithm","Coolheaded"],"picked":"Hologram","floor":14.0},{"not_picked":["Multi-Cast","Machine Learning"],"picked":"Echo Form","floor":16.0},{"not_picked":["Go for the Eyes","Stack"],"picked":"Cold Snap+1","floor":18},{"not_picked":["Compile Driver","Go for the Eyes"],"picked":"Capacitor","floor":20},{"not_picked":["Redo","Streamline"],"picked":"Conserve Battery","floor":22}],"player_experience":1249780,"relics_obtained":[{"floor":7.0,"key":"Vajra"},{"floor":9.0,"key":"Strawberry"},{"floor":10.0,"key":"Old Coin"}],"event_choices":[{"damage_healed":0.0,"max_hp_gain":0.0,"max_hp_loss":0.0,"gold_gain":0.0,"event_name":"Scrap Ooze","player_choice":"Success","floor":2.0,"gold_loss":0.0,"damage_taken":35.0,"relics_obtained":["Pear"]},{"damage_healed":0.0,"max_hp_gain":0.0,"max_hp_loss":0.0,"gold_gain":0.0,"event_name":"World of Goop","player_choice":"Left Gold","floor":11.0,"gold_loss":65.0,"damage_taken":0.0},{"cards_removed":["Strike_B"],"damage_healed":0.0,"max_hp_gain":0.0,"max_hp_loss":0.0,"gold_gain":0.0,"event_name":"Purifier","player_choice":"Purged","floor":12.0,"gold_loss":0.0,"damage_taken":0.0},{"damage_healed":0,"gold_gain":0,"player_choice":"Ignored","damage_taken":0,"max_hp_gain":0,"max_hp_loss":0,"event_name":"Vampires","floor":21,"gold_loss":0}],"is_beta":false,"boss_relics":[{"not_picked":["Tiny House","Philosopher\u0027s Stone"],"picked":"Astrolabe"}],"items_purged_floors":[19],"is_endless":false,"potions_floor_spawned":[1,4,10,13,16,18],"killed_by":"Book of Stabbing","ascension_level":17}}