{"host":"qkbnayyek6fga752","time":1610418473,"event":{"mods":["2.2 Compatiblity","Aspiration","Astrologer","BaseMod","Beaked The Cultist","Better Altar","Better Match","Better Note","Better Sensory Stone","Better Skull","Better Third Choice","CCEM","CapriCore","ChefMod","Clockwork Mod","Conspire","Ekko","Energized Spire","Evolution","Glutton Mod","Hermit","Hubris","Humility","Jedi Mod","Koishi","Mad Scientist","Marisa????????","Minty Spire (QoL Compilation)","Quarter Circle Forward PUNCH!","Random Character Mod","Replay The Spire","Robot Space Explorer","SIMod","Spicy Shops","StSLib","The Administrix","The Alterego","The Blackbeard","The Blue Laboratory","The Bug Knight","The Construct","The Cursed","The Death Knight","The Disciple","The Druid","The Edgeheg","The Exalted","The Forsaken","The Gatherer","The Hayseed","The Hierophant","The Immortal","The Juggle","The Marked","The Necromancer","The Problem Sleuth","The Runesmith","The Sage","The Senshi","The Vixen","TheArtist","TheBandit","TheFirefly","TheLocksmith","TheSwordswoman","TheVacant","TheVelvet","Trackpad","Wandering Minibosses","Yuri Mod","thorton","vexMod","??????REMEMod"],"gold_per_floor":[112,127,138,138,19,19,48,2,2,35,52,86,112,124,124,221,221,234,250,250,264,284,310,310,336,362,362,362,37,69,104,104,223,223,242,273,273,307,338,383,383,431,431,431,258,310,333,362,362,366],"floor_reached":51,"playtime":4243,"items_purged":["wariomod:BlastDash"],"score":1055,"play_id":"ebe647f6-20df-4d39-9072-164f59a36c74","local_time":"20210111212753","daily_mods":["SealedDeck","Heirloom","DeadlyEvents","Elite Swarm","Uncertain Future"],"is_ascension_mode":true,"campfire_choices":[{"data":"wariomod:Bomblaster","floor":6.0,"key":"SMITH"},{"floor":15.0,"key":"REST"},{"data":"wariomod:Bomblaster","floor":24.0,"key":"SMITH"},{"data":"wariomod:KeyFinisher","floor":28.0,"key":"SMITH"},{"data":"wariomod:BlastDash","floor":32.0,"key":"PURGE"},{"floor":41,"key":"REST"},{"data":"wariomod:KeyFinisher","floor":44,"key":"SMITH"},{"floor":49,"key":"REST"}],"circlet_count":0,"master_deck":["wariomod:TrekTime","wariomod:Bomblaster+1","wariomod:HappyHop","wariomod:Boomsmack","wariomod:Boomsmack","wariomod:Boomsmack","wariomod:SilenceBombs","jugglermod: DreadfulPerformance","wariomod:SmallSprint","wariomod:Bomblaster+1","wariomod:HappyHit","wariomod:DeadlyDash","wariomod:EnergizedBombs","wariomod:HappyHop","wariomod:MassiveParty","wariomod:EnergizedBombs","wariomod:BodyBlock","wariomod:WipeClean","wariomod:SmallSprint+1","wariomod:BoomBoom","wariomod:MassiveParty","wariomod:KeyFinisher+1","DarkMatter","wariomod:HappyHit","wariomod:BoomForm","wariomod:BoomForm","wariomod:PoisonBombs","wariomod:ChargeForth+1","wariomod:TrekTime","wariomod:Bomblaster+1","wariomod:HappyHop","wariomod:Boomsmack","wariomod:Boomsmack","wariomod:Boomsmack","wariomod:SilenceBombs","jugglermod: DreadfulPerformance","wariomod:SmallSprint","wariomod:Bomblaster+1","wariomod:HappyHit","wariomod:DeadlyDash","wariomod:EnergizedBombs","wariomod:HappyHop","wariomod:MassiveParty","wariomod:EnergizedBombs","wariomod:BodyBlock","wariomod:WipeClean","wariomod:SmallSprint+1","wariomod:BoomBoom","wariomod:MassiveParty","wariomod:KeyFinisher+1","DarkMatter","wariomod:HappyHit","wariomod:BoomForm","wariomod:BoomForm","wariomod:PoisonBombs","wariomod:ChargeForth+1","wariomod:DeepDig+1","wariomod:OctoJump","wariomod:MassiveParty","wariomod:KeyFinisher+1","wariomod:Bombshield","wariomod:BoomForm"],"relics":["wariomod:TheHat","EVO:Axolotl","REME_ComplimentaryCards","vexMod:PlasmaPancake","CCEMRelics:CocoNut","betterThird:SlimedRelic","CCEMRelics:SpiritsEdge","aspiration:HiddenCompartment","conspire:GlowingRock","qcfpunch:Broken_Tusk","Sozu","construct:BoolHorns","Bromod:ArcaneConsequence","qcfpunch:Army_Boots","Peace Pipe","trackpad:PetRock","Replay:Bandana","thethorton:CrushedCigarette","qcfpunch:Primary_Brush","Akabeko","trackpad:GuardianSpirit","Anchor","Art of War","Pen Nib"],"acts_visited":["Exordium","TheCity","TheBeyond"],"potions_floor_usage":[40],"damage_taken":[{"damage":0.0,"enemies":"Cultist","floor":1.0,"turns":3.0},{"damage":0.0,"enemies":"2 Louse","floor":2.0,"turns":1.0},{"damage":0.0,"enemies":"Small Slimes","floor":3.0,"turns":1.0},{"damage":20.0,"enemies":"Lagavulin","floor":7.0,"turns":5.0},{"damage":18.0,"enemies":"Gremlin Nob","floor":10.0,"turns":4.0},{"damage":15.0,"enemies":"Exordium Wildlife","floor":11.0,"turns":4.0},{"damage":7.0,"enemies":"Lagavulin","floor":12.0,"turns":4.0},{"damage":8.0,"enemies":"Gremlin Nob","floor":13.0,"turns":3.0},{"damage":0.0,"enemies":"Red Slaver","floor":14.0,"turns":1.0},{"damage":2.0,"enemies":"Hexaghost","floor":16.0,"turns":6.0},{"damage":4.0,"enemies":"Shell Parasite","floor":18.0,"turns":5.0},{"damage":17.0,"enemies":"Snake Plant","floor":19.0,"turns":3.0},{"damage":8.0,"enemies":"Chosen and Byrds","floor":21.0,"turns":3.0},{"damage":0.0,"enemies":"Centurion and Healer","floor":22.0,"turns":3.0},{"damage":0.0,"enemies":"conspire:Head Lice","floor":23.0,"turns":5.0},{"damage":3.0,"enemies":"conspire:SneckoGhost","floor":25.0,"turns":4.0},{"damage":0.0,"enemies":"Gremlin Leader","floor":30.0,"turns":3.0},{"damage":0.0,"enemies":"conspire:SneckoGhost","floor":31.0,"turns":3.0},{"damage":44.0,"enemies":"hubris:MusketHawk","floor":33.0,"turns":8.0},{"damage":0.0,"enemies":"3 Shapes","floor":35.0,"turns":2.0},{"damage":9.0,"enemies":"3 Darklings","floor":36.0,"turns":4.0},{"damage":6.0,"enemies":"Transient","floor":38.0,"turns":6.0},{"damage":41,"enemies":"Spire Growth","floor":39,"turns":4},{"damage":28,"enemies":"R_Hoarder","floor":40,"turns":6},{"damage":0,"enemies":"Reptomancer","floor":42,"turns":3},{"damage":3,"enemies":"HollowMod:StalkingDevout","floor":46,"turns":5},{"damage":3,"enemies":"3 Darklings","floor":48,"turns":4},{"damage":34,"enemies":"Replay:Hell Engine","floor":50,"turns":10}],"seed_played":"5829001581358160959","potions_obtained":[{"floor":1.0,"key":"blueLaboratory:BottledHope"},{"floor":3.0,"key":"blueLaboratory:LouseDecoction"},{"floor":7.0,"key":"Elixir"},{"floor":12.0,"key":"Fire Potion"},{"floor":13.0,"key":"Swift Potion"}],"is_trial":true,"path_per_floor":["M","M","M","$","$","R","E","?","T","E","M","E","E","M","R","B",null,"M","M","?","M","M","E","R","E","T","?","R","$","E","E","R","B",null,"M","M","?","M","M","E","R","E","T","R","$","E","T","M","R","B",null],"character_chosen":"THE_BANDIT","items_purchased":["wariomod:HappyHit","wariomod:HappyHit","Peace Pipe","wariomod:Bombshield","Anchor"],"campfire_rested":3,"item_purchase_floors":[5,29,29,45,45],"current_hp_per_floor":[86,86,86,86,86,86,71,60,60,42,27,20,12,12,39,37,91,87,70,70,62,62,62,62,59,59,59,59,59,59,59,59,15,91,91,82,82,76,35,7,34,34,34,34,34,31,31,28,55,21],"gold":366,"neow_bonus":"","is_daily":false,"chose_seed":false,"campfire_upgraded":4,"win_rate":0.0,"timestamp":1610418473,"path_taken":["M","M","M","?","$","R","E","?","T","E","M","E","?","M","R","BOSS","M","M","?","M","M","E","R","E","T","?","R","$","E","?","R","BOSS","M","M","?","M","M","E","R","E","T","R","$","E","?","?","R","BOSS"],"items_purchased_type":["Card","Card","Relic","Card","Relic"],"build_version":"2020-12-22","purchased_purges":1,"victory":true,"max_hp_per_floor":[86,86,86,86,86,86,91,91,91,91,91,91,91,91,91,91,91,91,91,91,91,91,91,91,91,91,91,91,91,91,91,91,91,91,91,91,91,91,91,91,91,91,91,91,91,91,91,91,91,91],"card_choices":[{"not_picked":["wariomod:ThatsNotAll","wariomod:Goblast"],"picked":"wariomod:SmallSprint","floor":1.0},{"not_picked":["wariomod:SimpleShield","wariomod:BlastDash","wariomod:Smackflip"],"picked":"SKIP","floor":2.0},{"not_picked":["wariomod:Immortalize","wariomod:ChargeForth"],"picked":"wariomod:Bomblaster","floor":3.0},{"not_picked":["wariomod:FabulousPrizes","wariomod:MassiveParty"],"picked":"wariomod:DeadlyDash","floor":7.0},{"not_picked":["wariomod:KeyFinisher","wariomod:SpacialMastery"],"picked":"wariomod:EnergizedBombs","floor":10.0},{"not_picked":["wariomod:ChargeForth","wariomod:ThatsNotAll"],"picked":"wariomod:HappyHop","floor":11.0},{"not_picked":["wariomod:SpacialMastery","wariomod:Sidestep"],"picked":"wariomod:MassiveParty","floor":12.0},{"not_picked":["wariomod:FabulousPrizes","wariomod:Sidestep"],"picked":"wariomod:EnergizedBombs","floor":13.0},{"not_picked":["wariomod:SimpleShield","wariomod:NullJump"],"picked":"wariomod:BodyBlock","floor":14.0},{"not_picked":["wariomod:BoomAndDoom","wariomod:DeadlyDash"],"picked":"wariomod:WipeClean","floor":16.0},{"not_picked":["wariomod:BlastDash","wariomod:AwfulLook"],"picked":"wariomod:SmallSprint+1","floor":18.0},{"not_picked":["wariomod:DropBash","wariomod:SimpleShield+1","wariomod:Leapslam"],"picked":"SKIP","floor":19.0},{"not_picked":["wariomod:Hopshield+1","wariomod:Smackflip","wariomod:BlastDash"],"picked":"SKIP","floor":21.0},{"not_picked":["wariomod:DanceDash","wariomod:ThatsNotAll"],"picked":"wariomod:BoomBoom","floor":22.0},{"not_picked":["wariomod:WipeClean","wariomod:DeadlyDash"],"picked":"wariomod:MassiveParty","floor":23.0},{"not_picked":["wariomod:GodlyGift","wariomod:Enshrine"],"picked":"wariomod:KeyFinisher","floor":25.0},{"not_picked":["wariomod:FabulousPrizes","wariomod:GodlyGift"],"picked":"wariomod:BoomForm","floor":30.0},{"not_picked":["wariomod:Sidestep","wariomod:MassiveParty"],"picked":"wariomod:BoomForm","floor":31.0},{"not_picked":["wariomod:Enshrine","wariomod:BoomForm"],"picked":"wariomod:PoisonBombs","floor":33.0},{"not_picked":["wariomod:HastyRush+1","wariomod:TheGrandJourney+1","wariomod:DropBash"],"picked":"SKIP","floor":35.0},{"not_picked":["wariomod:Goblast","wariomod:DisarmingMoves+1"],"picked":"wariomod:ChargeForth+1","floor":36.0},{"not_picked":["wariomod:Smackflip","wariomod:TempestBlasts"],"picked":"wariomod:DeepDig+1","floor":38},{"not_picked":["wariomod:f+1","wariomod:SmackSlam"],"picked":"wariomod:OctoJump","floor":39},{"not_picked":["wariomod:ForbiddenMagic","wariomod:WipeClean"],"picked":"wariomod:MassiveParty","floor":40},{"not_picked":["wariomod:SpacialMastery","wariomod:MassiveParty"],"picked":"wariomod:KeyFinisher","floor":42},{"not_picked":["wariomod:SpacialMastery","wariomod:DeadlyDash"],"picked":"wariomod:BoomForm","floor":46},{"not_picked":["wariomod:Boomsmack","wariomod:DisarmingMoves+1","wariomod:Goblast"],"picked":"SKIP","floor":48}],"player_experience":375464,"relics_obtained":[{"floor":7.0,"key":"CCEMRelics:CocoNut"},{"floor":9.0,"key":"CCEMRelics:SpiritsEdge"},{"floor":10.0,"key":"aspiration:HiddenCompartment"},{"floor":12.0,"key":"conspire:GlowingRock"},{"floor":13.0,"key":"qcfpunch:Broken_Tusk"},{"floor":23.0,"key":"construct:BoolHorns"},{"floor":25.0,"key":"Bromod:ArcaneConsequence"},{"floor":26.0,"key":"qcfpunch:Army_Boots"},{"floor":30.0,"key":"trackpad:PetRock"},{"floor":31.0,"key":"Replay:Bandana"},{"floor":40,"key":"qcfpunch:Primary_Brush"},{"floor":42,"key":"Akabeko"},{"floor":43,"key":"trackpad:GuardianSpirit"},{"floor":46,"key":"Art of War"},{"floor":47,"key":"Pen Nib"}],"event_choices":[{"damage_healed":0.0,"max_hp_gain":0.0,"max_hp_loss":0.0,"gold_gain":0.0,"event_name":"betterThird:BetterGoop","player_choice":"Slimed","floor":8.0,"gold_loss":46.0,"damage_taken":11.0},{"cards_removed":["wariomod:BlastDash"],"damage_healed":0.0,"max_hp_gain":0.0,"max_hp_loss":0.0,"gold_gain":0.0,"event_name":"Purifier","player_choice":"Purged","floor":20.0,"gold_loss":0.0,"damage_taken":0.0},{"cards_removed":["wariomod:BoomBoom"],"damage_healed":0.0,"max_hp_gain":0.0,"max_hp_loss":0.0,"gold_gain":0.0,"event_name":"betterNote:BetterNote","player_choice":"Take \u0026 Give","floor":27.0,"gold_loss":0.0,"damage_taken":0.0,"cards_obtained":["DarkMatter"]}],"is_beta":false,"boss_relics":[{"not_picked":["Runic Dome","thethorton:GreedFountain"],"picked":"Sozu"},{"not_picked":["hubris:Backtick","Ring of Chaos"],"picked":"thethorton:CrushedCigarette"}],"items_purged_floors":[29],"is_endless":false,"potions_floor_spawned":[1,3,7,12,13,22,25,30,31,38,42,46,48],"ascension_level":1}}