{"host":"ya94u95moedzeoqz","time":1610415433,"event":{"mods":["2.2 Compatiblity","Abigail Mod","Act Like it!","Arknights The Spire","Aspiration","Bartender","BaseMod","Better Altar","Better Match","Better Note","Better Sensory Stone","Better Skull","Better Third Choice","BetterRewards","Energized Spire","Evolution","Filter the Spire","GifTheSpireLib","KinomotoSakuraMod(????)","Luminous","Minty Spire (QoL Compilation)","Permanent Neow","Railgun Mod","Replay The Spire","Spicy Shops","StSLib","The Accelerator","The Alterego","The Fake Hero","The Florist","The Forsaken","The Juggle","The Marked","The Senshi","TheArtist","TheVelvet","Yuri Mod"],"gold_per_floor":[113,29,29,43,43,74,88,119,170,195,212,223,43,43,43,148,148,159,175,85,95,195,223,75,101,101,101,120,152,169,179,179,275,275,285,295,295,295,295,295,321,321,321,340,360,378,411,47,47,47],"floor_reached":51,"playtime":5793,"items_purged":["Amnesia"],"score":937,"play_id":"d6fbb2ee-b5e3-4cce-91c9-058df9afee8f","local_time":"20210111203713","is_ascension_mode":false,"campfire_choices":[{"floor":15,"key":"REST"},{"data":"Zap","floor":27,"key":"SMITH"},{"floor":32,"key":"REST"},{"data":"Apotheosis","floor":40,"key":"SMITH"},{"data":"ReplayRNGCard","floor":42,"key":"SMITH"},{"data":"Seek","floor":49,"key":"SMITH"}],"circlet_count":0,"master_deck":["Cold Snap","Cold Snap","Cold Snap","Strike_B+1","Defend_B","Defend_B","Zap+1","Dualcast","ReplaySolidLightProjector+1","Static Discharge","Crystallizer+1","Steam","Echo Form+1","Seek+1","Auto Shields","Scrape","Stack","Envenom+1","DevaForm+1","Echo Form+1","Ball Lightning+1","Sweeping Beam+1","Gash+1","Blizzard+1","Streamline+1","Glacier+1","aspiration:Polymerization","Static Discharge+1","ReplayTheSpireMod:Reroute Power","ReplayRNGCard+1","AbeCurse","Stack+1","Gash+1","Panache+1","Apotheosis+1","Gash+1","FTL+1","ReplayTheSpireMod:Calculation Training","Redo+1","Tempest+1","ReplayTheSpireMod:Repulse+1","Hello World+1","Seek","Melter+1","Doom and Gloom+1","Streamline+1"],"relics":["Cracked Core","EVO:Axolotl","aspiration:Nostalgia","theMarked:ArtifactOfAir","Replay:PocketPolymizer","Frozen Egg 2","Pet Ghost","theSenshi:SailorFukuRelic","Replay:Rubber Ducky","Oddly Smooth Stone","Replay:Baseball","Molten Egg 2","StoneCalendar","energizedSpire:RedRose","Protect_Vest","DataDisk","Chameleon Ring","aspiration:StickyExplosives_weak","MealTicket","Abe\u0027s Treasure","ReplayTheSpireMod:Ring of Exchange","Bag of Preparation","Divine Protection","Centennial Puzzle","DollysMirror"],"acts_visited":["Exordium","TheCity","TheBeyond"],"potions_floor_usage":[6,18,41,50,50],"damage_taken":[{"damage":0,"enemies":"Cultist","floor":1,"turns":3},{"damage":2,"enemies":"Jaw Worm","floor":4,"turns":3},{"damage":12,"enemies":"Gremlin Nob","floor":6,"turns":2},{"damage":1,"enemies":"Small Slimes","floor":7,"turns":2},{"damage":6,"enemies":"Lagavulin","floor":8,"turns":9},{"damage":4,"enemies":"Gremlin Nob","floor":10,"turns":5},{"damage":5,"enemies":"Looter","floor":11,"turns":3},{"damage":9,"enemies":"3 Louse","floor":12,"turns":3},{"damage":0,"enemies":"The Guardian","floor":16,"turns":10},{"damage":3,"enemies":"Chosen","floor":18,"turns":7},{"damage":0,"enemies":"Spheric Guardian","floor":19,"turns":7},{"damage":3,"enemies":"Snecko","floor":21,"turns":4},{"damage":12,"enemies":"Book of Stabbing","floor":23,"turns":7},{"damage":5,"enemies":"Slavers","floor":25,"turns":6},{"damage":0,"enemies":"3 Cultists","floor":28,"turns":5},{"damage":1,"enemies":"Gremlin Leader","floor":29,"turns":7},{"damage":1,"enemies":"Snake Plant","floor":30,"turns":5},{"damage":0,"enemies":"Cultist and Chosen","floor":31,"turns":7},{"damage":0,"enemies":"Champ","floor":33,"turns":10},{"damage":11,"enemies":"3 Darklings","floor":35,"turns":3},{"damage":0,"enemies":"Orb Walker","floor":36,"turns":4},{"damage":6,"enemies":"R_Hoarder","floor":41,"turns":7},{"damage":0,"enemies":"Jaw Worm Horde","floor":44,"turns":4},{"damage":0,"enemies":"Sphere and 2 Shapes","floor":45,"turns":5},{"damage":0,"enemies":"Transient","floor":46,"turns":5},{"damage":13,"enemies":"Nemesis","floor":47,"turns":7},{"damage":13,"enemies":"Donu and Deca","floor":50,"turns":6}],"seed_played":"2608231075359255859","potions_obtained":[{"floor":1,"key":"Death Potion"},{"floor":7,"key":"PotionOfCapacity"},{"floor":12,"key":"Block Potion"},{"floor":18,"key":"Energy Potion"},{"floor":28,"key":"Adrenaline Potion"},{"floor":44,"key":"Venom Potion"}],"is_trial":false,"path_per_floor":["M","$","?","M","?","E","M","E","T","E","M","M","$","?","R","B",null,"M","M","?","M","?","E","$","E","T","R","M","E","M","M","R","B",null,"M","M","?","?","?","R","E","R","T","M","M","M","E","$","R","B",null],"character_chosen":"DEFECT","items_purchased":["Replay:PocketPolymizer","Replay:Baseball","Stack","DataDisk","Hello World+1","DollysMirror","Melter+1","Doom and Gloom+1"],"campfire_rested":2,"item_purchase_floors":[2,13,13,24,48,48,48,48],"current_hp_per_floor":[75,75,75,73,73,61,60,54,54,50,45,36,36,22,44,44,75,72,72,72,69,69,57,57,52,52,52,52,51,50,50,72,72,75,64,64,64,64,64,64,58,58,58,58,58,58,45,60,60,47],"gold":47,"neow_bonus":"NOSTALGIA","is_daily":false,"chose_seed":false,"campfire_upgraded":4,"win_rate":0.0,"timestamp":1610415433,"path_taken":["M","?","?","M","?","E","M","E","T","E","M","M","$","?","R","BOSS","M","M","?","?","?","E","$","E","T","R","M","E","?","M","R","BOSS","M","M","?","?","?","R","E","R","T","M","?","M","E","$","R","BOSS"],"items_purchased_type":["Relic","Relic","Card","Relic","Card","Relic","Card","Card"],"build_version":"2020-12-22","purchased_purges":1,"victory":true,"max_hp_per_floor":[75,75,75,75,75,75,75,75,75,75,75,75,75,75,75,75,75,75,75,75,75,75,75,75,75,75,75,75,75,75,75,75,75,75,75,75,75,75,75,75,75,75,75,75,75,75,75,75,75,75],"card_choices":[{"not_picked":["Tempest","Ball Lightning"],"picked":"ReplaySolidLightProjector","floor":1},{"not_picked":["Stack","Cold Snap"],"picked":"Static Discharge","floor":4},{"not_picked":["Tempest","Redo"],"picked":"Crystallizer+1","floor":6},{"not_picked":["Leap","Hologram"],"picked":"Steam","floor":7},{"not_picked":["BasicCrystalCard","Go for the Eyes"],"picked":"Echo Form+1","floor":8},{"not_picked":["Blizzard","Panic Button"],"picked":"Seek","floor":10},{"not_picked":["Cold Snap","Rebound"],"picked":"Auto Shields","floor":11},{"not_picked":["Sweeping Beam","Gash"],"picked":"Scrape","floor":12},{"not_picked":["All For One+1","ReplayTheSpireMod:Omega Cannon+1"],"picked":"Echo Form+1","floor":16},{"not_picked":["Cold Snap+1","Hologram"],"picked":"Ball Lightning+1","floor":18},{"not_picked":["Ball Lightning+1","Beam Cell+1"],"picked":"Sweeping Beam+1","floor":19},{"not_picked":["Skim","BasicCrystalCard"],"picked":"Gash+1","floor":21},{"not_picked":["Tempest","Biased Cognition+1"],"picked":"Blizzard+1","floor":23},{"not_picked":["Reinforced Body","Stack"],"picked":"Streamline+1","floor":25},{"not_picked":["ReplaySolidLightProjector","Barrage+1"],"picked":"Glacier+1","floor":28},{"not_picked":["Steam","ReplayTheSpireMod:Reroute Power"],"picked":"aspiration:Polymerization","floor":29},{"not_picked":["Go for the Eyes+1","Rebound+1"],"picked":"Static Discharge+1","floor":30},{"not_picked":["BasicCrystalCard","Tempest"],"picked":"ReplayTheSpireMod:Reroute Power","floor":31},{"not_picked":["Multi-Cast","All For One+1"],"picked":"ReplayRNGCard","floor":33},{"not_picked":["Sweeping Beam+1","Darkness+1"],"picked":"Stack+1","floor":35},{"not_picked":["Ball Lightning+1","Reinforced Body+1"],"picked":"Gash+1","floor":36},{"not_picked":["Replay:Sssssssssshield","Transmutation"],"picked":"Panache+1","floor":37},{"not_picked":["Deep Breath","HandOfGreed+1"],"picked":"Apotheosis","floor":37},{"not_picked":["Sunder+1","ReplayGash+1"],"picked":"Gash+1","floor":41},{"not_picked":["Ball Lightning+1","BasicCrystalCard+1"],"picked":"ReplayTheSpireMod:Calculation Training","floor":44},{"not_picked":["Consume","Cold Snap+1"],"picked":"Redo+1","floor":45},{"not_picked":["Cold Snap+1","Sweeping Beam+1"],"picked":"Tempest+1","floor":46},{"not_picked":["BasicCrystalCard+1","Compile Driver+1"],"picked":"ReplayTheSpireMod:Repulse+1","floor":47}],"player_experience":537014,"relics_obtained":[{"floor":6,"key":"Pet Ghost"},{"floor":8,"key":"theSenshi:SailorFukuRelic"},{"floor":9,"key":"Replay:Rubber Ducky"},{"floor":10,"key":"Oddly Smooth Stone"},{"floor":23,"key":"Protect_Vest"},{"floor":25,"key":"Chameleon Ring"},{"floor":26,"key":"aspiration:StickyExplosives_weak"},{"floor":29,"key":"MealTicket"},{"floor":38,"key":"ReplayTheSpireMod:Ring of Exchange"},{"floor":41,"key":"Bag of Preparation"},{"floor":43,"key":"Divine Protection"},{"floor":47,"key":"Centennial Puzzle"}],"event_choices":[{"damage_healed":0,"gold_gain":0,"player_choice":"Grow","damage_taken":0,"max_hp_gain":0,"max_hp_loss":0,"event_name":"Living Wall","floor":3,"gold_loss":0,"cards_upgraded":["ReplaySolidLightProjector"]},{"cards_removed":["Injury"],"damage_healed":0,"gold_gain":0,"player_choice":"Upgrade and Remove","damage_taken":0,"max_hp_gain":0,"max_hp_loss":0,"event_name":"Designer","floor":20,"gold_loss":90,"cards_upgraded":["Strike_B"]},{"damage_healed":0,"gold_gain":100,"player_choice":"Pray","damage_taken":0,"max_hp_gain":0,"max_hp_loss":0,"event_name":"Golden Shrine","floor":22,"gold_loss":0},{"damage_healed":0,"gold_gain":3,"player_choice":"1","damage_taken":0,"max_hp_gain":0,"max_hp_loss":0,"event_name":"betterStone:BetterStone","floor":37,"gold_loss":0},{"damage_healed":0,"gold_gain":0,"player_choice":"Ignored","damage_taken":0,"max_hp_gain":0,"max_hp_loss":0,"event_name":"Tomb of Lord Red Mask","floor":39,"gold_loss":0}],"is_beta":false,"boss_relics":[{"not_picked":["Snecko Eye","Runic Dome"],"picked":"energizedSpire:RedRose"},{"not_picked":["Sozu","aspiration:WatcherSkillbook"],"picked":"Abe\u0027s Treasure"}],"items_purged_floors":[48],"is_endless":false,"potions_floor_spawned":[1,7,12,16,18,25,28,29,33,36,44,47],"ascension_level":0}}