{"host":"49c2zf0lajbcs427","time":1610422000,"event":{"mods":["AchievementEnabler","BaseMod","Colored Map","Colored Powertips","Highlight Path","Key Reminder","Minty Spire (QoL Compilation)","Relic Stats","StSLib"],"gold_per_floor":[12,30,40,57,57,57,69,69,138,138,151,151,151,151,151,228,228,246,246,32,42,60,60,78,107,130,130,160,160,66,93,93,165,165,185,185,285,298,309,341,341,367,390,406,437,456,469,22,22,22,22,22,22,52,52],"floor_reached":56,"playtime":4438,"items_purged":[],"score":2165,"play_id":"a4d6e259-33f3-45ec-8a66-dbca79719cfa","local_time":"20210112162640","is_ascension_mode":true,"campfire_choices":[{"data":"1","floor":6,"key":"LIFT"},{"data":"2","floor":8,"key":"LIFT"},{"data":"3","floor":10,"key":"LIFT"},{"data":"Finisher","floor":15,"key":"SMITH"},{"data":"Dagger Spray","floor":23,"key":"SMITH"},{"floor":27,"key":"REST"},{"floor":29,"key":"REST"},{"data":"Adrenaline","floor":32,"key":"SMITH"},{"floor":41,"key":"REST"},{"floor":49,"key":"RECALL"},{"floor":52,"key":"REST"}],"circlet_count":0,"master_deck":["AscendersBane","Survivor","Neutralize+1","Infinite Blades+1","Cloak And Dagger","Slice","Caltrops","Finisher+1","Leg Sweep","Wraith Form v2+1","Crippling Poison","Dagger Spray+1","Secret Weapon","Backflip+1","Deflect","PiercingWail+1","Adrenaline+1","Riddle With Holes","Calculated Gamble+1","Backflip+1","Endless Agony+1","PiercingWail+1","Burst+1","Footwork","Malaise+1","Deadly Poison+1","Grand Finale","Burst+1","Night Terror+1","Leg Sweep+1","Adrenaline+1","Bouncing Flask+1","Burst+1","Prepared+1","Heel Hook","Prepared+1","Heel Hook","Acrobatics+1","Reflex+1","Cloak And Dagger+1","Prepared+1","Catalyst+1","Noxious Fumes+1","Setup+1"],"relics":["Ring of the Snake","Girya","Shuriken","The Specimen","Philosopher\u0027s Stone","Dream Catcher","Omamori","Toxic Egg 2","Smiling Mask","Pandora\u0027s Box","Lizard Tail","Bag of Marbles","Pantograph","FossilizedHelix","Whetstone"],"acts_visited":["Exordium","TheCity","TheBeyond","TheEnding"],"potions_floor_usage":[4,16,24,25,33,38,55],"damage_taken":[{"damage":3,"enemies":"Jaw Worm","floor":1,"turns":5},{"damage":0,"enemies":"2 Louse","floor":2,"turns":3},{"damage":7,"enemies":"Small Slimes","floor":3,"turns":4},{"damage":18,"enemies":"Exordium Thugs","floor":4,"turns":5},{"damage":6,"enemies":"Red Slaver","floor":7,"turns":3},{"damage":1,"enemies":"Lots of Slimes","floor":11,"turns":5},{"damage":1,"enemies":"Hexaghost","floor":16,"turns":7},{"damage":0,"enemies":"Spheric Guardian","floor":18,"turns":1},{"damage":6,"enemies":"Shell Parasite","floor":21,"turns":3},{"damage":7,"enemies":"Shelled Parasite and Fungi","floor":22,"turns":2},{"damage":5,"enemies":"Chosen and Byrds","floor":24,"turns":5},{"damage":36,"enemies":"Slavers","floor":25,"turns":5},{"damage":0,"enemies":"Gremlin Leader","floor":28,"turns":4},{"damage":0,"enemies":"Book of Stabbing","floor":31,"turns":4},{"damage":26,"enemies":"Champ","floor":33,"turns":13},{"damage":2,"enemies":"3 Darklings","floor":35,"turns":2},{"damage":23,"enemies":"3 Shapes","floor":38,"turns":4},{"damage":0,"enemies":"Sphere and 2 Shapes","floor":39,"turns":2},{"damage":0,"enemies":"Giant Head","floor":40,"turns":2},{"damage":0,"enemies":"Reptomancer","floor":42,"turns":6},{"damage":1,"enemies":"Writhing Mass","floor":44,"turns":6},{"damage":4,"enemies":"Nemesis","floor":45,"turns":5},{"damage":0,"enemies":"Maw","floor":46,"turns":4},{"damage":1,"enemies":"Spire Growth","floor":47,"turns":3},{"damage":26,"enemies":"Time Eater","floor":50,"turns":15},{"damage":4,"enemies":"Shield and Spear","floor":54,"turns":5},{"damage":85,"enemies":"The Heart","floor":55,"turns":4}],"seed_played":"-7409824792545671715","potions_obtained":[{"floor":1,"key":"Poison Potion"},{"floor":7,"key":"Regen Potion"},{"floor":11,"key":"Fire Potion"},{"floor":22,"key":"SpeedPotion"},{"floor":25,"key":"EssenceOfSteel"},{"floor":28,"key":"FearPotion"},{"floor":33,"key":"Explosive Potion"},{"floor":39,"key":"SteroidPotion"},{"floor":42,"key":"AttackPotion"}],"is_trial":false,"path_per_floor":["M","M","M","M","?","R","M","R","T","R","M","?","?","?","R","B",null,"M","?","$","M","M","R","M","E","T","R","E","R","$","E","R","B",null,"M","?","?","M","M","E","R","E","T","M","E","M","M","$","R","B",null,"R","$","E","B",null],"character_chosen":"THE_SILENT","items_purchased":["Dagger Spray","Secret Weapon","Backflip+1","Endless Agony","FossilizedHelix","DuplicationPotion","DuplicationPotion"],"campfire_rested":4,"item_purchase_floors":[20,20,30,30,48,48,48],"current_hp_per_floor":[56,56,49,31,31,31,25,25,25,25,24,24,12,17,17,16,57,57,57,57,51,44,44,39,17,17,38,38,59,59,59,59,33,62,60,60,60,37,37,37,57,57,57,56,52,52,51,51,51,41,61,67,67,63,18],"gold":52,"neow_bonus":"ONE_RARE_RELIC","is_daily":false,"chose_seed":false,"campfire_upgraded":3,"win_rate":0.0,"timestamp":1610422000,"path_taken":["M","M","M","M","?","R","M","R","T","R","M","?","?","?","R","BOSS","M","?","?","?","M","R","M","E","T","R","E","R","?","E","R","BOSS","M","?","?","?","M","E","R","E","T","M","E","M","M","$","R","BOSS","R","$","E","BOSS"],"items_purchased_type":["Card","Card","Card","Card","Relic","Potion","Potion"],"build_version":"2020-12-22","purchased_purges":0,"victory":true,"max_hp_per_floor":[66,66,66,66,66,66,66,66,66,66,66,66,66,71,71,71,71,71,71,71,71,71,71,71,71,71,71,71,71,71,71,71,71,71,71,67,67,67,67,67,67,67,67,67,67,67,67,67,67,67,67,67,67,67,67],"relic_stats":{"Dream Catcher":4,"Lizard Tail":33,"counters":[27,127],"Shuriken":[64],"Pantograph":20,"Pandora\u0027s Box":["Footwork","Malaise","Deadly Poison","Grand Finale","Burst","Night Terror","Leg Sweep","Adrenaline","Bouncing Flask","Burst"],"Whetstone":["Neutralize","Endless Agony"],"Smiling Mask":0,"obtain_stats":[{"Girya":0,"The Specimen":13,"Omamori":26,"Whetstone":54,"Smiling Mask":31,"keyreminder:keyreminder":42,"Dream Catcher":25,"Lizard Tail":40,"Shuriken":9,"Pantograph":45,"Philosopher\u0027s Stone":17,"Pandora\u0027s Box":34,"Bag of Marbles":42,"Toxic Egg 2":28,"FossilizedHelix":48,"Ring of the Snake":0},{"Girya":0,"The Specimen":6,"Omamori":12,"Whetstone":26,"Smiling Mask":14,"keyreminder:keyreminder":20,"Dream Catcher":12,"Lizard Tail":19,"Shuriken":5,"Pantograph":22,"Philosopher\u0027s Stone":7,"Pandora\u0027s Box":15,"Bag of Marbles":20,"Toxic Egg 2":13,"FossilizedHelix":24,"Ring of the Snake":0},{"Girya":0,"The Specimen":25,"Omamori":48,"Whetstone":123,"Smiling Mask":56,"keyreminder:keyreminder":85,"Dream Catcher":48,"Lizard Tail":79,"Shuriken":20,"Pantograph":96,"Philosopher\u0027s Stone":32,"Pandora\u0027s Box":69,"Bag of Marbles":85,"Toxic Egg 2":52,"FossilizedHelix":103,"Ring of the Snake":0}],"Ring of the Snake":[54]},"card_choices":[{"not_picked":["Acrobatics","Sucker Punch"],"picked":"Infinite Blades","floor":1},{"not_picked":["Underhanded Strike","Dodge and Roll"],"picked":"Cloak And Dagger","floor":2},{"not_picked":["Acrobatics","Calculated Gamble"],"picked":"Slice","floor":3},{"not_picked":["Outmaneuver","Backstab"],"picked":"Caltrops","floor":4},{"not_picked":["Calculated Gamble","Sucker Punch"],"picked":"Finisher","floor":7},{"not_picked":["Outmaneuver","Backstab"],"picked":"Leg Sweep","floor":11},{"not_picked":["Venomology","A Thousand Cuts"],"picked":"Wraith Form v2","floor":16},{"not_picked":["Flying Knee","Noxious Fumes"],"picked":"Crippling Poison","floor":18},{"not_picked":["Calculated Gamble+1","Setup"],"picked":"Backflip+1","floor":21},{"not_picked":["Underhanded Strike","Bane"],"picked":"Deflect","floor":22},{"not_picked":["Predator","Deadly Poison"],"picked":"PiercingWail+1","floor":24},{"not_picked":["Choke","Dagger Spray"],"picked":"Adrenaline","floor":25},{"not_picked":["Underhanded Strike","Crippling Poison"],"picked":"Riddle With Holes","floor":27},{"not_picked":["Caltrops","Blur+1"],"picked":"Calculated Gamble+1","floor":28},{"not_picked":["Dagger Throw","Quick Slash"],"picked":"PiercingWail+1","floor":31},{"not_picked":["Envenom","A Thousand Cuts"],"picked":"Burst+1","floor":33},{"not_picked":["Poisoned Stab","Slice"],"picked":"Prepared+1","floor":35},{"not_picked":["Dodge and Roll+1","Calculated Gamble+1"],"picked":"Heel Hook","floor":38},{"not_picked":["Flying Knee","Quick Slash"],"picked":"Prepared+1","floor":39},{"not_picked":["Calculated Gamble+1","Choke"],"picked":"Heel Hook","floor":40},{"not_picked":["Outmaneuver+1","Bane"],"picked":"Acrobatics+1","floor":41},{"not_picked":["Dagger Spray+1","Underhanded Strike"],"picked":"Reflex+1","floor":42},{"not_picked":["Infinite Blades+1","Acrobatics+1"],"picked":"Cloak And Dagger+1","floor":44},{"not_picked":["A Thousand Cuts","Eviscerate"],"picked":"Prepared+1","floor":45},{"not_picked":["Infinite Blades+1","Reflex+1","Sucker Punch"],"picked":"SKIP","floor":46},{"not_picked":["Outmaneuver+1","Deadly Poison+1"],"picked":"Catalyst+1","floor":47},{"not_picked":["Escape Plan+1","Slice"],"picked":"Noxious Fumes+1","floor":52},{"not_picked":["Flying Knee","Backstab"],"picked":"Setup+1","floor":54}],"player_experience":2303472,"relics_obtained":[{"floor":9,"key":"Shuriken"},{"floor":25,"key":"Dream Catcher"},{"floor":26,"key":"Omamori"},{"floor":28,"key":"Toxic Egg 2"},{"floor":31,"key":"Smiling Mask"},{"floor":40,"key":"Lizard Tail"},{"floor":42,"key":"Bag of Marbles"},{"floor":45,"key":"Pantograph"},{"floor":54,"key":"Whetstone"}],"event_choices":[{"damage_healed":0,"gold_gain":0,"player_choice":"Grow","damage_taken":0,"max_hp_gain":0,"max_hp_loss":0,"event_name":"Living Wall","floor":5,"gold_loss":0,"cards_upgraded":["Infinite Blades"]},{"damage_healed":0,"gold_gain":0,"player_choice":"Ignored","damage_taken":0,"max_hp_gain":0,"max_hp_loss":0,"event_name":"Golden Wing","floor":12,"gold_loss":0},{"damage_healed":0,"gold_gain":0,"player_choice":"Success","damage_taken":12,"relics_obtained":["The Specimen"],"max_hp_gain":0,"max_hp_loss":0,"event_name":"Scrap Ooze","floor":13,"gold_loss":0},{"damage_healed":0,"gold_gain":0,"player_choice":"Donut","damage_taken":0,"max_hp_gain":5,"max_hp_loss":0,"event_name":"Big Fish","floor":14,"gold_loss":0},{"damage_healed":0,"gold_gain":0,"player_choice":"Upgraded","damage_taken":0,"max_hp_gain":0,"max_hp_loss":0,"event_name":"Upgrade Shrine","floor":19,"gold_loss":0,"cards_upgraded":["Wraith Form v2"]},{"damage_healed":0,"gold_gain":0,"player_choice":"Max HP","damage_taken":0,"max_hp_gain":0,"max_hp_loss":4,"event_name":"Winding Halls","floor":36,"gold_loss":0},{"damage_healed":0,"gold_gain":100,"player_choice":"Pray","damage_taken":0,"max_hp_gain":0,"max_hp_loss":0,"event_name":"Golden Shrine","floor":37,"gold_loss":0}],"is_beta":false,"boss_relics":[{"not_picked":["Fusion Hammer","Runic Dome"],"picked":"Philosopher\u0027s Stone"},{"not_picked":["Ring of the Serpent","Empty Cage"],"picked":"Pandora\u0027s Box"}],"items_purged_floors":[],"is_endless":false,"potions_floor_spawned":[1,7,11,22,25,28,33,39,42,45,46,47,54],"ascension_level":14}}