{"host":"c59jaj2b7ki1imdm","time":1610412917,"event":{"mods":["AchievementEnabler","BaseMod","Hermit","Hubris","Minty Spire (QoL Compilation)","StSLib","The Construct","The Hierophant"],"gold_per_floor":[211,227,244,244,261,261,10,10,55,55,130,150,165,229,229,326,326,340,352,108,125,125,150,150,150],"floor_reached":24,"playtime":1930,"items_purged":[],"score":208,"play_id":"d3667d42-8d11-4366-bf8a-327f8fe7994b","local_time":"20210112015517","is_ascension_mode":false,"campfire_choices":[{"floor":6,"key":"REST"},{"floor":8,"key":"REST"},{"data":"Tempest","floor":10,"key":"SMITH"},{"floor":15,"key":"REST"}],"circlet_count":0,"master_deck":["Strike_B","Strike_B","Strike_B","Defend_B","Defend_B","Defend_B","Zap","Go for the Eyes","Beam Cell","Tempest+1","Force Field","Genetic Algorithm","Darkness","Sweeping Beam","Electrodynamics","Auto Shields+1","Hologram+1","Static Discharge+1","Glacier","Chill","Barrage","Loop+1"],"relics":["Cracked Core","hubris:BottledRain","Pen Nib","hubris:SlimyHat","Astrolabe","hubris:SphereOfDissonance","Kunai"],"acts_visited":["Exordium","TheCity"],"potions_floor_usage":[5,14,19,23],"damage_taken":[{"damage":1,"enemies":"Jaw Worm","floor":1,"turns":3},{"damage":6,"enemies":"2 Louse","floor":2,"turns":3},{"damage":7,"enemies":"Small Slimes","floor":3,"turns":3},{"damage":17,"enemies":"Gremlin Gang","floor":5,"turns":5},{"damage":13,"enemies":"Exordium Thugs","floor":12,"turns":4},{"damage":11,"enemies":"Exordium Wildlife","floor":13,"turns":5},{"damage":19,"enemies":"Lagavulin Event","floor":14,"turns":5},{"damage":32,"enemies":"Slime Boss","floor":16,"turns":9},{"damage":1,"enemies":"Chosen","floor":18,"turns":4},{"damage":7,"enemies":"2 Thieves","floor":19,"turns":3},{"damage":9,"enemies":"Snecko","floor":21,"turns":4},{"damage":40,"enemies":"Gremlin Leader","floor":23,"turns":7},{"damage":20,"enemies":"Centurion and Healer","floor":24,"turns":1}],"seed_played":"2561302711990374227","potions_obtained":[{"floor":1,"key":"Energy Potion"},{"floor":2,"key":"Block Potion"},{"floor":13,"key":"Ancient Potion"},{"floor":16,"key":"Block Potion"},{"floor":19,"key":"Block Potion"}],"is_trial":false,"path_per_floor":["M","M","M","?","M","R","$","R","T","R","?","M","M","?","R","B",null,"M","M","$","M","?","E","M"],"character_chosen":"DEFECT","items_purchased":["hubris:BottledRain","hubris:SphereOfDissonance"],"campfire_rested":3,"item_purchase_floors":[7,20],"current_hp_per_floor":[74,68,61,61,44,66,66,75,75,75,64,51,40,21,43,11,75,74,67,67,58,58,18,0,0],"gold":150,"neow_bonus":"HUNDRED_GOLD","is_daily":false,"chose_seed":false,"campfire_upgraded":1,"win_rate":0.0,"timestamp":1610412917,"path_taken":["M","M","M","?","M","R","$","R","T","R","?","?","M","?","R","BOSS","M","M","$","M","?","E","M"],"items_purchased_type":["Relic","Relic"],"build_version":"2020-12-22","purchased_purges":0,"victory":false,"max_hp_per_floor":[75,75,75,75,75,75,75,75,75,75,75,75,75,75,75,75,75,75,75,75,75,75,75,75,75],"card_choices":[{"not_picked":["Aggregate","Gash"],"picked":"Go for the Eyes","floor":1},{"not_picked":["Go for the Eyes","Double Energy"],"picked":"Beam Cell","floor":2},{"not_picked":["Turbo","Hologram"],"picked":"Tempest","floor":3},{"not_picked":["Stack","FTL"],"picked":"Force Field","floor":5},{"not_picked":["Lockon","Conserve Battery"],"picked":"Genetic Algorithm","floor":12},{"not_picked":["Leap","Steam"],"picked":"Darkness","floor":13},{"not_picked":["Gash","Hologram"],"picked":"Sweeping Beam","floor":14},{"not_picked":["Fission","Reboot"],"picked":"Electrodynamics","floor":16},{"not_picked":["Melter","Fusion"],"picked":"Glacier","floor":18},{"not_picked":["Beam Cell+1","Rebound"],"picked":"Chill","floor":19},{"not_picked":["Chaos","Steam"],"picked":"Barrage","floor":21},{"not_picked":["Static Discharge","Skim"],"picked":"Loop+1","floor":23}],"player_experience":126763,"relics_obtained":[{"floor":9,"key":"Pen Nib"},{"floor":14,"key":"hubris:SlimyHat"},{"floor":23,"key":"Kunai"}],"event_choices":[{"damage_healed":0,"gold_gain":0,"player_choice":"Ignored","damage_taken":0,"max_hp_gain":0,"max_hp_loss":0,"event_name":"Golden Wing","floor":4,"gold_loss":0},{"damage_healed":0,"gold_gain":75,"player_choice":"Gather Gold","damage_taken":11,"max_hp_gain":0,"max_hp_loss":0,"event_name":"World of Goop","floor":11,"gold_loss":0},{"damage_healed":0,"gold_gain":0,"player_choice":"Searched \u00271\u0027 times","damage_taken":0,"max_hp_gain":0,"max_hp_loss":0,"event_name":"Dead Adventurer","floor":14,"gold_loss":0},{"damage_healed":0,"gold_gain":0,"player_choice":"Ignored","damage_taken":0,"max_hp_gain":0,"max_hp_loss":0,"event_name":"Vampires","floor":22,"gold_loss":0}],"is_beta":false,"boss_relics":[{"not_picked":["Runic Pyramid","Ectoplasm"],"picked":"Astrolabe"}],"items_purged_floors":[],"is_endless":false,"potions_floor_spawned":[1,2,13,16,19],"killed_by":"Centurion and Healer","ascension_level":0}}