{"host":"z9mq1tf06lkrncmk","time":1610418957,"event":{"mods":["BaseMod","Downfall","Minty Spire (QoL Compilation)","StSLib"],"gold_per_floor":[99,110,110,124,59,71,71,71,90,75,106,106,106,123,133,234,234,234,250,250,250,250,250],"floor_reached":21,"playtime":750,"items_purged":[],"score":188,"play_id":"37ed02c9-96e5-4ce1-b4c7-424412719b9b","local_time":"20210111213557","is_ascension_mode":true,"campfire_choices":[{"data":"Slimebound:Split","floor":1,"key":"SMITH"},{"floor":13,"key":"REST"},{"data":"Slimebound:MassRepurpose","floor":18,"key":"SMITH"}],"circlet_count":0,"master_deck":["Slimebound:Strike_Slimebound","Slimebound:Strike_Slimebound","Slimebound:Strike_Slimebound","Slimebound:Tackle","Slimebound:Defend_Slimebound","Slimebound:Defend_Slimebound","Slimebound:Defend_Slimebound","Slimebound:Defend_Slimebound","Slimebound:Split+1","Slimebound:CorrosiveSpit","Slimebound:DivideAndConquer","Slimebound:SplitMire","Slimebound:SplitLeeching","Slimebound:SlimeSpikes","Slimebound:AcidTongue","Slimebound:Repurpose","Slimebound:DuplicatedForm","Slimebound:MassRepurpose+1","Slimebound:SlimeBarrage"],"relics":["Slimebound:AbsorbEndCombat","HornCleat","Gremlin Horn","Potion Belt","Bottled Tornado","Cursed Key"],"acts_visited":["Exordium","TheCity"],"potions_floor_usage":[16,16,16],"damage_taken":[{"damage":7,"enemies":"2 Louse","floor":2,"turns":2},{"damage":11,"enemies":"Small Slimes","floor":4,"turns":3},{"damage":22,"enemies":"downfall:FleeingMerchant","floor":5,"turns":4},{"damage":14,"enemies":"Jaw Worm","floor":6,"turns":2},{"damage":20,"enemies":"Blue Slaver","floor":9,"turns":3},{"damage":15,"enemies":"downfall:FleeingMerchant","floor":10,"turns":4},{"damage":22,"enemies":"Gremlin Nob","floor":11,"turns":4},{"damage":12,"enemies":"2 Fungi Beasts","floor":14,"turns":3},{"damage":19,"enemies":"3 Louse","floor":15,"turns":3},{"damage":72,"enemies":"downfall:Ironclad","floor":16,"turns":6},{"damage":49,"enemies":"Chosen","floor":19,"turns":6},{"damage":0,"enemies":"Snake Plant","floor":21,"turns":1}],"seed_played":"1307976887558092665","potions_obtained":[{"floor":2,"key":"Energy Potion"},{"floor":9,"key":"Dexterity Potion"},{"floor":11,"key":"BlessingOfTheForge"},{"floor":14,"key":"FairyPotion"},{"floor":16,"key":"champ:CounterPotion"}],"is_trial":false,"path_per_floor":["R","M","?","M","$","M","T","?","M","$","E","T","R","M","M","B",null,"R","M","?","M"],"character_chosen":"SLIMEBOUND","items_purchased":["Slimebound:SplitLeeching"],"campfire_rested":1,"item_purchase_floors":[5],"current_hp_per_floor":[60,53,60,60,54,54,54,47,39,40,40,40,58,60,60,33,60,60,29,29,29,29,29],"gold":250,"neow_bonus":"THREE_CARDS","is_daily":false,"chose_seed":false,"campfire_upgraded":2,"win_rate":0.0,"timestamp":1610418957,"path_taken":["R","M","?","M","$","M","T","?","M","?","E","?","R","M","M","BOSS","R","M","?","M"],"items_purchased_type":["Card"],"build_version":"2020-12-22","purchased_purges":0,"victory":false,"max_hp_per_floor":[60,60,60,60,60,60,60,60,60,60,60,60,60,60,60,60,60,60,60,60,60,60,60],"card_choices":[{"not_picked":["Slimebound:SlimeSpikes","Slimebound:LeechingTouch"],"picked":"Slimebound:DivideAndConquer","floor":0},{"not_picked":["Slimebound:RainOfGoop","Slimebound:DisruptingSlam","Slimebound:FinishingTackle"],"picked":"SKIP","floor":2},{"not_picked":["Slimebound:LeechingTouch","Slimebound:SlimeSpikes"],"picked":"Slimebound:SplitMire","floor":4},{"not_picked":["Slimebound:LeechingTouch","Slimebound:ViciousTackle","Slimebound:FlameTackle"],"picked":"SKIP","floor":5},{"not_picked":["Slimebound:ComboTackle","Slimebound:Schlurp","Slimebound:FinishingTackle"],"picked":"SKIP","floor":6},{"not_picked":["Slimebound:ViciousTackle","Slimebound:PressTheAttack"],"picked":"Slimebound:SlimeSpikes","floor":9},{"not_picked":["Slimebound:FinishingTackle","Slimebound:CheckThePlaybook","Slimebound:SlimeSpikes"],"picked":"SKIP","floor":10},{"not_picked":["Slimebound:RollThrough","Slimebound:ViciousTackle"],"picked":"Slimebound:AcidTongue","floor":11},{"not_picked":["Slimebound:LeechEnergy","Slimebound:Gluttony"],"picked":"Slimebound:Repurpose","floor":14},{"not_picked":["Slimebound:ItLooksTasty","Slimebound:RollThrough"],"picked":"Slimebound:DuplicatedForm","floor":15},{"not_picked":["Slimebound:DouseInSlime","Slimebound:LeechLife"],"picked":"Slimebound:MassRepurpose","floor":16},{"not_picked":["Slimebound:ProtectTheBoss","Slimebound:SpikyOuterGoop"],"picked":"Slimebound:SlimeBarrage","floor":19}],"player_experience":340667,"relics_obtained":[{"floor":7,"key":"HornCleat"},{"floor":11,"key":"Potion Belt"},{"floor":12,"key":"Bottled Tornado"}],"event_choices":[{"damage_healed":20,"gold_gain":0,"player_choice":"Banana","damage_taken":0,"max_hp_gain":0,"max_hp_loss":0,"event_name":"Big Fish","floor":3,"gold_loss":0},{"damage_healed":0,"gold_gain":0,"player_choice":"Success","damage_taken":7,"relics_obtained":["Gremlin Horn"],"max_hp_gain":0,"max_hp_loss":0,"event_name":"Scrap Ooze","floor":8,"gold_loss":0},{"damage_healed":0,"gold_gain":0,"player_choice":"Ignored","damage_taken":0,"max_hp_gain":0,"max_hp_loss":0,"event_name":"Ghosts","floor":20,"gold_loss":0}],"is_beta":false,"boss_relics":[{"not_picked":["Runic Pyramid","Fusion Hammer"],"picked":"Cursed Key"}],"items_purged_floors":[],"is_endless":false,"potions_floor_spawned":[2,9,11,14,16],"killed_by":"Snake Plant","ascension_level":1}}