{"host":"7erghha4zaoybdup","time":1610446936,"event":{"mods":["2.2 Compatiblity","AchievementEnabler","Act Like it!","Astrologer","BaseMod","CapriCore","Colored Powertips","Conspire","Downfall","Friendly Minions","Gensokyo","GifTheSpireLib","Glutton Mod","Hermit","Hubris","Infinite Spire","Jorbs\u0027s Wanderer Trilogy","Lobotomy","LobotomyExtend","MarisaÅiñ∂âJÅ@ñÇóùçπÅj","Minty Spire (QoL Compilation)","Quick Restart","Random Character Button","ReimuÅiîé??öÎÅj","Shade Mod","Somnambulant","StSLib","The Alterego","The Bug Knight","The Cursed","The Disciple","The Fake Hero","The Immortal","The Judge","The Marked","The Necromancer","The Poker Player","The Wild Card","Wandering Minibosses","Yakumo Yukari mod","Åy?ï®?îvÅzREMEMod"],"gold_per_floor":[113,113,113,130,141,141,160,240,266,266,279,47,61,10,10,109,109,123,136,16,16,28,59,79,79,160,176,176,176],"floor_reached":28,"playtime":2037,"items_purged":["Strike_MRS"],"score":232,"play_id":"69656158-da33-4490-afea-f2662ef9b92b","local_time":"20210112042216","is_ascension_mode":false,"campfire_choices":[{"data":"MillisecondPulsars","floor":15,"key":"SMITH"},{"floor":25,"key":"REST"}],"circlet_count":0,"master_deck":["Strike_MRS","Strike_MRS","Defend_MRS","Defend_MRS","Defend_MRS","MasterSpark","UpSweep","EventHorizon","GrandCross","EarthLightRay","LuminesStrike","MillisecondPulsars+1","AlicesGift","BinaryStars","ManaConvection","Writhe","AsteroidBelt+1","LuminesStrike+1","OortCloud","Guardian:Aged"],"relics":["MiniHakkero","REME_ComplimentaryCards","Happy Flower","LetterFromLob","Gensokyo:OccultBall","Bag of Marbles","Cursed Key","Lantern","Gensokyo:LionMask","Blood Vial"],"acts_visited":["Exordium","Gensokyo:Gensokyo"],"potions_floor_usage":[16,16,16,23,23,27,27],"damage_taken":[{"damage":0,"enemies":"Gensokyo:Python","floor":1,"turns":2},{"damage":12,"enemies":"Gensokyo:3_Fairies","floor":2,"turns":5},{"damage":7,"enemies":"Gensokyo:Gryphon","floor":4,"turns":2},{"damage":8,"enemies":"Gensokyo:2_Rabbits","floor":5,"turns":3},{"damage":13,"enemies":"Gensokyo:Kitsune","floor":7,"turns":3},{"damage":0,"enemies":"Gensokyo:VengefulSpirit","floor":11,"turns":2},{"damage":2,"enemies":"Gensokyo:2_Rabbits","floor":13,"turns":2},{"damage":51,"enemies":"Gensokyo:Kokoro","floor":16,"turns":7},{"damage":23,"enemies":"Gensokyo:Chomper","floor":18,"turns":4},{"damage":40,"enemies":"Gensokyo:AngelMirror","floor":19,"turns":6},{"damage":6,"enemies":"Gensokyo:Monolith_and_Dog","floor":22,"turns":3},{"damage":13,"enemies":"Nightmare","floor":23,"turns":5},{"damage":0,"enemies":"Gensokyo:Wraith","floor":24,"turns":4},{"damage":29,"enemies":"Gensokyo:Slime_Group","floor":27,"turns":4},{"damage":20,"enemies":"Gensokyo:Swordslinger","floor":28,"turns":1}],"seed_played":"-20939057111659079","potions_obtained":[{"floor":1,"key":"ColorlessPotion"},{"floor":4,"key":"Explosive Potion"},{"floor":5,"key":"SteroidPotion"},{"floor":16,"key":"AttackPotion"},{"floor":18,"key":"Explosive Potion"},{"floor":19,"key":"Explosive Potion"},{"floor":24,"key":"DuplicationPotion"},{"floor":27,"key":"FearPotion"}],"is_trial":false,"path_per_floor":["M","M","?","M","M","E","M","?","T","?","M","$","M","COS","R","B",null,"M","M","?","?","M","NM","M","R","T","M","M"],"character_chosen":"MARISA","items_purchased":["MillisecondPulsars","AlicesGift"],"campfire_rested":1,"item_purchase_floors":[12,12],"current_hp_per_floor":[75,63,63,56,52,52,43,43,43,43,47,47,49,49,49,2,75,52,16,16,16,14,5,11,33,33,10,0,0],"gold":176,"neow_bonus":"RANDOM_COMMON_RELIC","is_daily":false,"chose_seed":false,"campfire_upgraded":1,"win_rate":0.0,"timestamp":1610446936,"path_taken":["M","M","?","M","?","E","M","?","T","?","M","?","M","COS","R","BOSS","M","M","?","?","M","NM","M","R","T","M","M"],"items_purchased_type":["Card","Card"],"build_version":"2020-12-22","purchased_purges":1,"victory":false,"max_hp_per_floor":[75,75,75,75,75,75,75,75,75,75,75,75,75,75,75,75,75,75,75,75,75,75,75,75,75,75,75,75,75],"card_choices":[{"not_picked":["MachineGunSpark","DoubleSpark"],"picked":"EventHorizon","floor":1},{"not_picked":["MagicChant","MysteriousBeam"],"picked":"GrandCross","floor":2},{"not_picked":["ChargingUp","DC"],"picked":"EarthLightRay","floor":4},{"not_picked":["WitchLeyline","Singularity","AbsoluteMagnitude"],"picked":"SKIP","floor":5},{"not_picked":["6A","SuperPerseids"],"picked":"LuminesStrike","floor":7},{"not_picked":["StarBarrage","MilkyWay","PowerUp"],"picked":"SKIP","floor":11},{"not_picked":["IllusionStar","MilkyWay","MysteriousBeam"],"picked":"SKIP","floor":13},{"not_picked":["BigCrunch","CollectingQuirk"],"picked":"BinaryStars","floor":16},{"not_picked":["UnstableBomb","ShootingEcho"],"picked":"ManaConvection","floor":18},{"not_picked":["UnstableBomb","DoubleSpark+1","WitchLeyline"],"picked":"SKIP","floor":19},{"not_picked":["FinalSpark","ManaConvection+1"],"picked":"AsteroidBelt+1","floor":22},{"not_picked":["Robbery","UnstableBomb"],"picked":"LuminesStrike+1","floor":23},{"not_picked":["EventHorizon","DC+1"],"picked":"OortCloud","floor":24},{"not_picked":["UnstableBomb","PowerUp","ShootingEcho"],"picked":"SKIP","floor":27}],"player_experience":265518,"relics_obtained":[{"floor":1,"key":"LetterFromLob"},{"floor":7,"key":"Gensokyo:OccultBall"},{"floor":9,"key":"Bag of Marbles"},{"floor":16,"key":"Gensokyo:OccultBall"},{"floor":23,"key":"Blood Vial"}],"event_choices":[],"is_beta":false,"boss_relics":[{"not_picked":["Ectoplasm","hubris:GrandSneckoEye"],"picked":"Cursed Key"}],"items_purged_floors":[12],"is_endless":false,"potions_floor_spawned":[1,4,5,16,18,19,24,27],"killed_by":"Gensokyo:Swordslinger","ascension_level":0}}