{"host":"ydujlihd8f5px9gp","time":1610490193,"event":{"mods":["AchievementEnabler","BaseMod","Block Reminder","Colored Map","Minty Spire (QoL Compilation)","ojb\u0027s Info Mod"],"gold_per_floor":[116,130,147,147,158,158,186,198,198,123,152,162,176,194,194,296,296,316,316,326,326,337,369,369,369,396,396,396,408,428,0,0,0,0],"floor_reached":33,"language":"ENG","playtime":1202,"items_purged":["Defend_R"],"score":452,"play_id":"a07b6137-8143-449a-9eaa-a9214ca2739c","local_time":"20210112202313","is_ascension_mode":true,"campfire_choices":[{"data":"Combust","floor":15,"key":"SMITH"},{"data":"Rupture","floor":25,"key":"SMITH"},{"data":"Battle Trance","floor":27,"key":"SMITH"},{"floor":32,"key":"REST"}],"circlet_count":0,"master_deck":["Strike_R","Strike_R","Strike_R","Strike_R","Strike_R","Defend_R","Defend_R","Defend_R","Bash+1","Perfected Strike","Combust+1","Twin Strike","Shrug It Off","Inflame","Juggernaut","Battle Trance+1","Cleave","Rupture+1","Wild Strike+1"],"relics":["Burning Blood","Pen Nib","Ginger","Pear","Bottled Tornado","Mark of Pain","Bronze Scales","Art of War","Peace Pipe"],"acts_visited":["Exordium","TheCity"],"potions_floor_usage":[7,30,33,33],"damage_taken":[{"damage":6,"enemies":"Cultist","floor":1,"turns":4},{"damage":0,"enemies":"Small Slimes","floor":2,"turns":4},{"damage":3,"enemies":"Jaw Worm","floor":3,"turns":5},{"damage":16,"enemies":"Blue Slaver","floor":5,"turns":4},{"damage":14,"enemies":"3 Sentries","floor":7,"turns":5},{"damage":17,"enemies":"Exordium Thugs","floor":8,"turns":4},{"damage":34,"enemies":"Gremlin Nob","floor":11,"turns":4},{"damage":5,"enemies":"3 Louse","floor":12,"turns":3},{"damage":9,"enemies":"Blue Slaver","floor":13,"turns":4},{"damage":0,"enemies":"Exordium Wildlife","floor":14,"turns":3},{"damage":6,"enemies":"Slime Boss","floor":16,"turns":6},{"damage":20,"enemies":"Shell Parasite","floor":18,"turns":4},{"damage":18,"enemies":"3 Byrds","floor":20,"turns":3},{"damage":39,"enemies":"Snake Plant","floor":22,"turns":4},{"damage":4,"enemies":"Gremlin Leader","floor":23,"turns":5},{"damage":21,"enemies":"Chosen and Byrds","floor":29,"turns":5},{"damage":10,"enemies":"Cultist and Chosen","floor":30,"turns":4},{"damage":97,"enemies":"Automaton","floor":33,"turns":6}],"seed_played":"-6338370209384374867","potions_obtained":[{"floor":1,"key":"Fire Potion"},{"floor":2,"key":"LiquidBronze"},{"floor":12,"key":"SteroidPotion"},{"floor":16,"key":"LiquidMemories"}],"is_trial":false,"path_per_floor":["M","M","M","T","M","?","E","M","T","$","E","M","M","M","R","B",null,"M","?","M","?","M","E","$","R","T","R","T","M","M","?","R","B"],"character_chosen":"IRONCLAD","items_purchased":[],"campfire_rested":1,"item_purchase_floors":[],"current_hp_per_floor":[88,88,88,88,78,78,70,59,69,69,41,42,39,45,45,45,98,84,84,72,72,39,41,41,41,41,41,41,26,22,22,51,0,0],"gold":0,"neow_bonus":"TEN_PERCENT_HP_BONUS","is_daily":false,"chose_seed":false,"campfire_upgraded":3,"win_rate":0.0,"timestamp":1610490193,"path_taken":["M","M","M","?","M","?","E","M","T","$","E","?","M","M","R","BOSS","M","?","M","?","M","E","$","R","T","R","?","M","?","?","R","BOSS"],"items_purchased_type":[],"build_version":"2020-12-22","purchased_purges":1,"victory":false,"max_hp_per_floor":[88,88,88,88,88,88,88,88,98,98,98,98,98,98,98,98,98,98,98,98,98,98,98,98,98,98,98,98,98,98,98,98,98,98],"card_choices":[{"not_picked":["Dual Wield","Wild Strike"],"picked":"Perfected Strike","floor":1},{"not_picked":["Sword Boomerang","Warcry","Flex"],"picked":"SKIP","floor":2},{"not_picked":["Infernal Blade","Perfected Strike"],"picked":"Combust","floor":3},{"not_picked":["Body Slam","Thunderclap","Fiend Fire"],"picked":"SKIP","floor":5},{"not_picked":["Metallicize","Limit Break"],"picked":"Twin Strike","floor":7},{"not_picked":["Heavy Blade","Flex"],"picked":"Shrug It Off","floor":8},{"not_picked":["Hemokinesis","Thunderclap","Rage"],"picked":"SKIP","floor":11},{"not_picked":["Sentinel","Clothesline"],"picked":"Inflame","floor":12},{"not_picked":["Entrench","Anger"],"picked":"Juggernaut","floor":13},{"not_picked":["Reckless Charge","Anger"],"picked":"Battle Trance","floor":14},{"not_picked":["Heavy Blade","Rampage"],"picked":"Cleave","floor":18},{"not_picked":["Sever Soul","Flex"],"picked":"Rupture","floor":20},{"not_picked":["Clothesline+1","Ghostly Armor","Seeing Red"],"picked":"SKIP","floor":22},{"not_picked":["Bludgeon","Havoc","Reaper"],"picked":"SKIP","floor":23},{"not_picked":["Power Through","Metallicize"],"picked":"Wild Strike+1","floor":29},{"not_picked":["Flex","Thunderclap","True Grit"],"picked":"SKIP","floor":30}],"player_experience":116475,"relics_obtained":[{"floor":4,"key":"Pen Nib"},{"floor":7,"key":"Ginger"},{"floor":9,"key":"Pear"},{"floor":11,"key":"Bottled Tornado"},{"floor":23,"key":"Bronze Scales"},{"floor":26,"key":"Art of War"},{"floor":28,"key":"Peace Pipe"}],"event_choices":[{"damage_healed":0,"gold_gain":0,"player_choice":"Upgraded","damage_taken":0,"max_hp_gain":0,"max_hp_loss":0,"event_name":"Upgrade Shrine","floor":6,"gold_loss":0,"cards_upgraded":["Bash"]},{"damage_healed":0,"gold_gain":0,"player_choice":"Ignored","damage_taken":0,"max_hp_gain":0,"max_hp_loss":0,"event_name":"Ghosts","floor":19,"gold_loss":0},{"damage_healed":0,"gold_gain":0,"player_choice":"Ignored","damage_taken":0,"max_hp_gain":0,"max_hp_loss":0,"event_name":"Cursed Tome","floor":21,"gold_loss":0},{"damage_healed":0,"gold_gain":0,"player_choice":"Paid Fearfully","damage_taken":0,"max_hp_gain":0,"max_hp_loss":0,"event_name":"Masked Bandits","floor":31,"gold_loss":428}],"is_beta":false,"boss_relics":[{"not_picked":["SacredBark","Cursed Key"],"picked":"Mark of Pain"}],"items_purged_floors":[10],"is_endless":false,"potions_floor_spawned":[1,2,12,16,18,20],"killed_by":"Automaton","ascension_level":4}}