{"host":"wgo6ezn0zcq3jgqa","time":1610448588,"event":{"mods":["Act Like it!","BaseMod","Downfall","GifTheSpireLib","Hallownest","Hermit","KinomotoSakuraMod(木之本樱)","Marisa（F雨　魔理沙）","Minty Spire (QoL Compilation)","RumiaBox-露米娅的神秘盒子","SOS（斯巴达之子）","StSLib","The Bug Knight","The Cursed","【功能Mod】混沌之环修复补丁"],"gold_per_floor":[99,99,99,99,99,99,123,48,64,49,80,93,93,24,34,34,34,34],"floor_reached":16,"playtime":1179,"items_purged":[],"score":96,"play_id":"9aac9ff1-276f-44d6-af14-a683f3252505","local_time":"20210112184948","is_ascension_mode":false,"campfire_choices":[{"floor":1,"key":"RECALL"},{"data":"Guardian:PiercingHide","floor":8,"key":"SMITH"}],"circlet_count":0,"master_deck":["Guardian:Strike_Guardian","Guardian:Strike_Guardian","Guardian:Strike_Guardian","Guardian:Strike_Guardian","Guardian:Defend_Guardian","Guardian:Defend_Guardian","Guardian:Defend_Guardian","Guardian:Defend_Guardian","Guardian:CurlUp","Guardian:TwinSlam","Guardian:Preprogram","Guardian:PiercingHide+1","Guardian:ConstructionForm","Guardian:Incinerate","Guardian:Gem_Cyan","Guardian:Gem_Red","Guardian:Gem_Red","Guardian:Gem_White"],"relics":["Guardian:ModeShifter","downfall:HeartsMalice","Anchor","HollowMod:PaleOreRelic","downfall:HeartBlessingRed","Mummified Hand"],"acts_visited":["Exordium"],"potions_floor_usage":[],"damage_taken":[{"damage":0,"enemies":"Small Slimes","floor":2,"turns":1},{"damage":0,"enemies":"Jaw Worm","floor":3,"turns":1},{"damage":0,"enemies":"Cultist","floor":6,"turns":1},{"damage":5,"enemies":"Exordium Wildlife","floor":9,"turns":6},{"damage":2,"enemies":"downfall:FleeingMerchant","floor":10,"turns":4},{"damage":16,"enemies":"Gremlin Nob","floor":11,"turns":4},{"damage":4,"enemies":"2 Fungi Beasts","floor":12,"turns":4},{"damage":4,"enemies":"downfall:FleeingMerchant","floor":14,"turns":4},{"damage":5,"enemies":"Exordium Thugs","floor":15,"turns":3},{"damage":56,"enemies":"downfall:Ironclad","floor":16,"turns":9}],"seed_played":"4182571756765829145","potions_obtained":[{"floor":9,"key":"Fire Potion"},{"floor":11,"key":"FearPotion"},{"floor":12,"key":"Fire Potion"}],"is_trial":false,"path_per_floor":["R","M","M","?","T","M","T","R","M","$","E","M","?","$","M","B"],"character_chosen":"GUARDIAN","items_purchased":["Guardian:Gem_Red"],"campfire_rested":0,"item_purchase_floors":[14],"current_hp_per_floor":[80,80,80,80,80,80,80,80,75,73,57,53,53,49,44,0,0,0],"gold":34,"neow_bonus":"THREE_ENEMY_KILL","is_daily":false,"chose_seed":false,"campfire_upgraded":1,"win_rate":0.0,"timestamp":1610448588,"path_taken":["R","M","M","?","?","?","T","R","M","$","E","M","?","$","M","BOSS"],"items_purchased_type":["Card"],"build_version":"2020-12-22","purchased_purges":0,"victory":false,"max_hp_per_floor":[80,80,80,80,80,80,80,80,80,80,80,80,80,80,80,80,80,80],"card_choices":[{"not_picked":["Guardian:TemporalShield","Guardian:Clone"],"picked":"Guardian:Preprogram","floor":2},{"not_picked":["Guardian:ShieldCharger","Guardian:Incinerate"],"picked":"Guardian:Gem_Green","floor":3},{"not_picked":["Guardian:RollAttack","Guardian:CrystalBeam"],"picked":"Guardian:PiercingHide","floor":6},{"not_picked":["Guardian:Gem_Lightblue","Guardian:ShieldCharger","Guardian:ChargeCore"],"picked":"SKIP","floor":9},{"not_picked":["Guardian:PolyBeam","Guardian:SpikerProtocol"],"picked":"Guardian:Gem_Orange","floor":10},{"not_picked":["Guardian:Reroute","Guardian:ShieldSpikes"],"picked":"Guardian:ConstructionForm","floor":11},{"not_picked":["Guardian:TimeBomb","Guardian:Gem_Lightblue"],"picked":"Guardian:Incinerate","floor":12},{"not_picked":["Guardian:PrimingBeam","Guardian:Reroute"],"picked":"Guardian:Gem_Red","floor":14},{"not_picked":["Guardian:CrystalBeam","Guardian:BronzeOrb"],"picked":"Guardian:Gem_White","floor":15}],"player_experience":141142,"relics_obtained":[{"floor":7,"key":"HollowMod:PaleOreRelic"},{"floor":11,"key":"Mummified Hand"}],"event_choices":[{"damage_healed":0,"gold_gain":0,"player_choice":"Box","damage_taken":0,"relics_obtained":["Anchor"],"max_hp_gain":0,"max_hp_loss":0,"event_name":"Big Fish","floor":4,"gold_loss":0,"cards_obtained":["Regret"]}],"is_beta":false,"boss_relics":[],"items_purged_floors":[],"is_endless":false,"potions_floor_spawned":[9,11,12],"killed_by":"downfall:Ironclad","ascension_level":0}}