{"host":"jscggscbx0p7706o","time":1610465186,"event":{"mods":["AchievementEnabler","BaseMod","Block Reminder","Colored Powertips","Minty Spire (QoL Compilation)","Permanent Neow","Quick Restart","StSLib"],"gold_per_floor":[210,225,243,118,133,161,161,180,259,334,334,149,149,162,162,257,257,271,271,285,295,295,295,323,323,323,336,355,372,382,112,112,210,210,226,76,76,0,19,19,33,52,52,52,52,105,121,150,150,150],"floor_reached":51,"playtime":4196,"items_purged":["Bash","Strike_R","Strike_R","Clash+1"],"score":831,"play_id":"33db9382-687d-4549-9f53-5472d6820671","local_time":"20210112232626","is_ascension_mode":true,"campfire_choices":[{"data":"Shockwave","floor":7.0,"key":"SMITH"},{"data":"Disarm","floor":13.0,"key":"SMITH"},{"data":"Evolve","floor":15.0,"key":"SMITH"},{"data":"Entrench","floor":23.0,"key":"SMITH"},{"data":"Cleave","floor":25.0,"key":"SMITH"},{"data":"Barricade","floor":32.0,"key":"SMITH"},{"data":"Corruption","floor":40.0,"key":"SMITH"},{"data":"Iron Wave","floor":45,"key":"SMITH"},{"data":"Shrug It Off","floor":49,"key":"SMITH"}],"circlet_count":0,"master_deck":["Iron Wave+1","Cleave+1","Shrug It Off+1","Disarm+1","Shockwave+1","Evolve+1","Body Slam+1","Uppercut+1","Limit Break+1","Entrench+1","Necronomicurse","Shrug It Off","Barricade+1","Body Slam+1","Fiend Fire+1","Corruption+1","Carnage+1","Flex+1","Pummel+1","Intimidate+1","Bloodletting+1","Inflame+1","Body Slam+1","Body Slam+1","Spot Weakness+1","Reaper+1"],"relics":["Burning Blood","Molten Egg 2","HornCleat","Velvet Choker","Necronomicon","Dead Branch","Toxic Egg 2","Lantern","Pandora\u0027s Box","Happy Flower","Red Mask","FossilizedHelix","StoneCalendar","Blood Vial"],"acts_visited":["Exordium","TheCity","TheBeyond"],"potions_floor_usage":[],"damage_taken":[{"damage":6.0,"enemies":"Cultist","floor":1.0,"turns":4.0},{"damage":4.0,"enemies":"Jaw Worm","floor":2.0,"turns":4.0},{"damage":1.0,"enemies":"2 Louse","floor":3.0,"turns":2.0},{"damage":6.0,"enemies":"Blue Slaver","floor":5.0,"turns":4.0},{"damage":8.0,"enemies":"Lagavulin","floor":6.0,"turns":7.0},{"damage":3.0,"enemies":"Looter","floor":8.0,"turns":4.0},{"damage":0.0,"enemies":"Red Slaver","floor":14.0,"turns":5.0},{"damage":5.0,"enemies":"The Guardian","floor":16.0,"turns":14.0},{"damage":3.0,"enemies":"Chosen","floor":18.0,"turns":4.0},{"damage":0.0,"enemies":"Shell Parasite","floor":20.0,"turns":3.0},{"damage":0.0,"enemies":"Cultist and Chosen","floor":21.0,"turns":5.0},{"damage":5.0,"enemies":"Gremlin Leader","floor":24.0,"turns":5.0},{"damage":15.0,"enemies":"3 Cultists","floor":27.0,"turns":6.0},{"damage":0.0,"enemies":"Chosen and Byrds","floor":28.0,"turns":5.0},{"damage":5.0,"enemies":"Centurion and Healer","floor":29.0,"turns":8.0},{"damage":4.0,"enemies":"Cultist and Chosen","floor":30.0,"turns":6.0},{"damage":56.0,"enemies":"Automaton","floor":33.0,"turns":12.0},{"damage":20.0,"enemies":"3 Darklings","floor":35.0,"turns":5.0},{"damage":8.0,"enemies":"Orb Walker","floor":39.0,"turns":3.0},{"damage":14.0,"enemies":"Writhing Mass","floor":41.0,"turns":4.0},{"damage":0,"enemies":"4 Shapes","floor":42,"turns":4},{"damage":2,"enemies":"2 Orb Walkers","floor":46,"turns":4},{"damage":7,"enemies":"Spire Growth","floor":47,"turns":4},{"damage":0,"enemies":"Giant Head","floor":48,"turns":5},{"damage":49,"enemies":"Donu and Deca","floor":50,"turns":6}],"seed_played":"-5184463459006419483","potions_obtained":[{"floor":2.0,"key":"Energy Potion"},{"floor":3.0,"key":"Block Potion"},{"floor":5.0,"key":"ColorlessPotion"},{"floor":8.0,"key":"ColorlessPotion"},{"floor":21.0,"key":"BloodPotion"},{"floor":24.0,"key":"Fire Potion"}],"is_trial":false,"path_per_floor":["M","M","M","$","M","E","R","M","T","?","?","$","R","M","R","B",null,"M","?","M","M","?","R","E","R","T","M","M","M","M","$","R","B",null,"M","$","T","?","M","R","M","M","T","?","R","?","M","E","R","B",null],"character_chosen":"IRONCLAD","items_purchased":["Shrug It Off","Evolve","Body Slam+1","Lantern"],"campfire_rested":0,"item_purchase_floors":[4,12,12,31],"current_hp_per_floor":[80,80,80,80,80,78,78,80,80,69,53,53,53,59,59,60,80,80,64,70,76,76,76,77,77,77,68,74,75,77,77,77,27,80,66,66,66,66,64,64,56,62,62,62,62,66,65,71,71,30],"gold":150,"neow_bonus":"HUNDRED_GOLD","is_daily":false,"chose_seed":false,"campfire_upgraded":9,"win_rate":0.0,"timestamp":1610465186,"path_taken":["M","M","?","$","M","E","R","M","T","?","?","$","R","M","R","BOSS","M","?","M","M","?","R","E","R","T","?","M","M","M","$","R","BOSS","M","$","?","?","M","R","M","M","T","?","R","?","M","E","R","BOSS"],"items_purchased_type":["Card","Card","Card","Relic"],"build_version":"2020-12-22","purchased_purges":4,"victory":true,"max_hp_per_floor":[80,80,80,80,80,80,80,80,80,80,80,80,80,80,80,80,80,80,80,80,80,80,80,80,80,80,80,80,80,80,80,80,80,80,80,80,80,80,80,80,80,80,80,76,76,76,76,76,76,76],"card_choices":[{"not_picked":["Sword Boomerang","Second Wind"],"picked":"Iron Wave","floor":1.0},{"not_picked":["Intimidate","Twin Strike"],"picked":"Cleave","floor":2.0},{"not_picked":["Thunderclap","Infernal Blade","Sword Boomerang"],"picked":"SKIP","floor":3.0},{"not_picked":["Clothesline","Headbutt"],"picked":"Disarm","floor":5.0},{"not_picked":["Carnage+1","Perfected Strike+1"],"picked":"Shockwave","floor":6.0},{"not_picked":["Anger+1","Perfected Strike+1","Twin Strike+1"],"picked":"SKIP","floor":8.0},{"not_picked":["Clothesline+1","Headbutt+1"],"picked":"Uppercut+1","floor":14.0},{"not_picked":["Impervious","Juggernaut"],"picked":"Limit Break","floor":16.0},{"not_picked":["Inflame","Thunderclap+1"],"picked":"Entrench","floor":18.0},{"not_picked":["Disarm","Shockwave+1"],"picked":"Shrug It Off","floor":20.0},{"not_picked":["Heavy Blade+1","Iron Wave+1","Dark Embrace"],"picked":"SKIP","floor":21.0},{"not_picked":["Pommel Strike+1","Thunderclap+1","Twin Strike+1"],"picked":"SKIP","floor":24.0},{"not_picked":["Headbutt+1","Thunderclap+1","Havoc+1"],"picked":"SKIP","floor":27.0},{"not_picked":["Warcry+1","Disarm+1"],"picked":"Barricade","floor":28.0},{"not_picked":["Warcry+1","Seeing Red+1"],"picked":"Body Slam+1","floor":29.0},{"not_picked":["Shockwave+1","Hemokinesis+1","Perfected Strike+1"],"picked":"SKIP","floor":30.0},{"not_picked":["Brutality","Bludgeon+1"],"picked":"Fiend Fire+1","floor":33.0},{"not_picked":["Combust","Fire Breathing+1","Cleave+1"],"picked":"SKIP","floor":35.0},{"not_picked":["Blood for Blood+1","Metallicize","Carnage+1"],"picked":"SKIP","floor":39.0},{"not_picked":["Clash+1","Heavy Blade+1"],"picked":"Inflame+1","floor":41.0},{"not_picked":["Armaments+1","Rage+1"],"picked":"Body Slam+1","floor":42},{"not_picked":["Thunderclap+1","Infernal Blade+1"],"picked":"Body Slam+1","floor":46},{"not_picked":["Iron Wave+1","Heavy Blade+1"],"picked":"Spot Weakness+1","floor":47},{"not_picked":["Heavy Blade+1","Flex+1"],"picked":"Reaper+1","floor":48}],"player_experience":216034,"relics_obtained":[{"floor":6.0,"key":"Molten Egg 2"},{"floor":9.0,"key":"HornCleat"},{"floor":19.0,"key":"Necronomicon"},{"floor":24.0,"key":"Dead Branch"},{"floor":26.0,"key":"Toxic Egg 2"},{"floor":37.0,"key":"Happy Flower"},{"floor":43,"key":"FossilizedHelix"},{"floor":46,"key":"StoneCalendar"},{"floor":48,"key":"Blood Vial"}],"event_choices":[{"damage_healed":0.0,"max_hp_gain":0.0,"max_hp_loss":0.0,"gold_gain":75.0,"event_name":"World of Goop","player_choice":"Gather Gold","floor":10.0,"gold_loss":0.0,"damage_taken":11.0},{"damage_healed":0.0,"max_hp_gain":0.0,"max_hp_loss":0.0,"gold_gain":0.0,"event_name":"Shining Light","player_choice":"Entered Light","floor":11.0,"gold_loss":0.0,"damage_taken":16.0,"cards_upgraded":["Strike_R","Defend_R"]},{"damage_healed":0.0,"max_hp_gain":0.0,"max_hp_loss":0.0,"gold_gain":0.0,"event_name":"Cursed Tome","player_choice":"Obtained Book","floor":19.0,"gold_loss":0.0,"damage_taken":16.0},{"damage_healed":0.0,"max_hp_gain":0.0,"max_hp_loss":0.0,"gold_gain":0.0,"event_name":"Accursed Blacksmith","player_choice":"Forge","floor":22.0,"gold_loss":0.0,"damage_taken":0.0,"cards_upgraded":["Limit Break"]},{"damage_healed":0.0,"max_hp_gain":0.0,"max_hp_loss":0.0,"gold_gain":0.0,"event_name":"Tomb of Lord Red Mask","player_choice":"Paid","floor":38.0,"gold_loss":76.0,"damage_taken":0.0,"relics_obtained":["Red Mask"]},{"damage_healed":0,"gold_gain":0,"player_choice":"Max HP","damage_taken":0,"max_hp_gain":0,"max_hp_loss":4,"event_name":"Winding Halls","floor":44,"gold_loss":0},{"damage_healed":0,"gold_gain":0,"player_choice":"Fight","damage_taken":0,"max_hp_gain":0,"max_hp_loss":0,"event_name":"Mysterious Sphere","floor":46,"gold_loss":0}],"is_beta":false,"boss_relics":[{"not_picked":["Snecko Eye","Runic Cube"],"picked":"Velvet Choker"},{"not_picked":["Calling Bell","Black Star"],"picked":"Pandora\u0027s Box"}],"items_purged_floors":[4,12,31,36],"is_endless":false,"potions_floor_spawned":[2,3,5,8,21,24,29,35,46,47,48],"ascension_level":3}}