{"host":"zzf13dk0jcen0ncv","time":1610427429,"event":{"mods":["AchievementEnabler","BaseMod","BetterRewards","Colored Map","Keyboard Shortcuts","Minty Spire (QoL Compilation)","Quick Restart","Shop Mod","StSLib","SuperFastMode","The Dragon Tamer","Waifu the Spire"],"gold_per_floor":[118,118,218,96,112,139,58,72,72,72,82,157,182,192,192,287,287,305,12,12,29,45,75,90,21,72,88,120,120,132,151,151,151,151,151],"floor_reached":33,"playtime":1342,"items_purged":["DTMod:Strike"],"score":654,"play_id":"6b471964-edd0-4f0f-ae6d-0235918021a2","local_time":"20210112135709","is_ascension_mode":true,"metric_token":799,"campfire_choices":[{"data":"DTMod:DarkBreath","floor":15,"key":"SMITH"},{"floor":29,"key":"REST"},{"data":"DTMod:ExcessFootwork","floor":32,"key":"SMITH"}],"dtmod_dragon_data":[1,50,2,-1,12,0],"circlet_count":0,"master_deck":["DTMod:Strike","DTMod:Strike","DTMod:DoubleHit","DTMod:TargetDefense","DTMod:TargetDefense","DTMod:TargetDefense","DTMod:TargetDefense","DTMod:SwitchingTactic","DTMod:InvisibleFlame","DTMod:Coolant","DTMod:InvisibleFlame","DTMod:BlueScale","DTMod:SneakAttack","DTMod:WarmUp","DTMod:RecklessFlurry","DTMod:Hide","DTMod:RepeatStrike","DTMod:InvisibleFlame","DTMod:BurningEnergy","DTMod:BlueScale","DTMod:Cover","DTMod:WarmUp","DTMod:BalancedStrike","DTMod:MaximumCharge","DTMod:Conduct","DTMod:TriAttack","DTMod:BurningForce","DTMod:DarkBreath+1","DTMod:CrossStep","DTMod:EchoTactic+1","DTMod:Cover","DTMod:BurningEnergy","DTMod:GhostSkin","DTMod:TauntingStrike","DTMod:RunningTactic","DTMod:BalancedStrike","DTMod:DragonDance","DTMod:RunningTactic","DTMod:Shift","DTMod:ExcessFootwork+1","DTMod:LastStand","DTMod:BlueScale","DTMod:EchoTactic","DTMod:Haste","DTMod:Weaken","DTMod:Hide"],"relics":["DTMod:PactStone","Anchor","MealTicket","DollysMirror","Lizard Tail","Meat on the Bone","TheAbacus","Shuriken","DTMod:OddArmor","Prayer Wheel","HornCleat","Orichalcum","PreservedInsect","SacredBark","Orrery","Lantern","Akabeko","Mango"],"acts_visited":["Exordium","TheCity"],"potions_floor_usage":[],"damage_taken":[{"damage":0,"enemies":"2 Louse","floor":1,"turns":2},{"damage":0,"enemies":"Jaw Worm","floor":5,"turns":4},{"damage":9,"enemies":"3 Sentries","floor":6,"turns":5},{"damage":0,"enemies":"Cultist","floor":8,"turns":2},{"damage":0,"enemies":"2 Fungi Beasts","floor":11,"turns":2},{"damage":0,"enemies":"Lagavulin","floor":13,"turns":5},{"damage":0,"enemies":"Blue Slaver","floor":14,"turns":1},{"damage":19,"enemies":"The Guardian","floor":16,"turns":8},{"damage":0,"enemies":"Spheric Guardian","floor":18,"turns":4},{"damage":0,"enemies":"Shell Parasite","floor":21,"turns":3},{"damage":0,"enemies":"Snake Plant","floor":22,"turns":4},{"damage":0,"enemies":"Book of Stabbing","floor":23,"turns":3},{"damage":6,"enemies":"Centurion and Healer","floor":24,"turns":6},{"damage":49,"enemies":"Cultist and Chosen","floor":27,"turns":10},{"damage":16,"enemies":"Slavers","floor":28,"turns":5},{"damage":10,"enemies":"3 Cultists","floor":30,"turns":5},{"damage":8,"enemies":"Snake Plant","floor":31,"turns":5},{"damage":58,"enemies":"Automaton","floor":33,"turns":6}],"seed_played":"6154270988339903973","potions_obtained":[{"floor":1,"key":"AttackPotion"},{"floor":5,"key":"BlessingOfTheForge"},{"floor":6,"key":"DistilledChaos"},{"floor":11,"key":"EssenceOfSteel"},{"floor":30,"key":"DistilledChaos"}],"is_trial":false,"path_per_floor":["M","?","?","$","M","E","$","M","T","?","M","?","E","M","R","B",null,"M","$","?","M","M","E","M","$","T","M","E","R","M","M","R","B"],"character_chosen":"THE_DT","items_purchased":["DTMod:InvisibleFlame","Anchor","MealTicket","DTMod:Coolant","DollysMirror","Lizard Tail","DTMod:BlueScale","DTMod:SneakAttack","Meat on the Bone","TheAbacus","DTMod:WarmUp","DTMod:RecklessFlurry","DTMod:Hide","Shuriken","DTMod:RepeatStrike","DTMod:OddArmor","DTMod:InvisibleFlame","DTMod:BurningEnergy","DTMod:BlueScale","DTMod:BalancedStrike","Orrery","DTMod:DragonDance","DTMod:RunningTactic","DTMod:LastStand"],"campfire_rested":1,"item_purchase_floors":[0,0,0,0,0,0,0,0,0,0,0,0,0,0,0,0,0,4,4,7,19,19,19,25],"current_hp_per_floor":[41,34,34,45,45,36,45,45,45,20,32,21,33,33,33,26,40,40,45,45,45,45,45,39,45,45,34,44,59,49,41,41,0,0,0],"gold":151,"neow_bonus":"","is_daily":false,"chose_seed":false,"campfire_upgraded":2,"win_rate":0.0,"timestamp":1610427429,"path_taken":["M","?","?","$","M","E","$","?","T","?","M","?","E","M","R","BOSS","M","$","?","?","M","E","M","$","T","M","E","R","M","M","R","BOSS"],"items_purchased_type":["Card","Relic","Relic","Card","Relic","Relic","Card","Card","Relic","Relic","Card","Card","Card","Relic","Card","Relic","Card","Card","Card","Card","Relic","Card","Card","Card"],"build_version":"2020-12-22","purchased_purges":1,"victory":false,"max_hp_per_floor":[45,45,45,45,45,45,45,45,45,45,45,45,45,45,45,45,45,45,45,45,45,45,45,45,45,45,45,59,59,59,59,59,59,59,59],"card_choices":[{"not_picked":["DTMod:FlameSlash","DTMod:MasterPlan","DTMod:MagicField"],"picked":"SKIP","floor":1},{"not_picked":["DTMod:SneakAttack","DTMod:BurningEnergy"],"picked":"DTMod:Cover","floor":5},{"not_picked":["DTMod:RepeatStrike","DTMod:Weaken"],"picked":"DTMod:WarmUp","floor":6},{"not_picked":["DTMod:FlameSlash","DTMod:BlazingStrike"],"picked":"DTMod:MaximumCharge","floor":8},{"not_picked":["DTMod:Weaken","DTMod:CleansingStrike"],"picked":"DTMod:Conduct","floor":8},{"not_picked":["DTMod:PurifyingFlame","DTMod:BalancedStrike"],"picked":"DTMod:TriAttack","floor":11},{"not_picked":["DTMod:CrossStep","DTMod:Cover"],"picked":"DTMod:BurningForce","floor":11},{"not_picked":["DTMod:BlazingStrike","DTMod:Punisher","DTMod:ComboAttack"],"picked":"SKIP","floor":13},{"not_picked":["DTMod:BuildUp","DTMod:Adaptation"],"picked":"DTMod:DarkBreath","floor":14},{"not_picked":["DTMod:MagicField","DTMod:LowKick"],"picked":"DTMod:CrossStep","floor":14},{"not_picked":["DTMod:RepeatStrike","DTMod:ExcessFootwork"],"picked":"DTMod:EchoTactic","floor":16},{"not_picked":["DTMod:Overwhelm","DTMod:HeatWave"],"picked":"DTMod:Cover","floor":18},{"not_picked":["DTMod:Threaten","DTMod:CleansingStrike+1","DTMod:HeatWave"],"picked":"SKIP","floor":18},{"not_picked":["DTMod:Feint","DTMod:RunningTactic"],"picked":"DTMod:BurningEnergy","floor":19},{"not_picked":["DTMod:Overwhelm+1","DTMod:Adaptation+1"],"picked":"DTMod:GhostSkin","floor":19},{"not_picked":["DTMod:InvisibleFlame","DTMod:GhostSkin"],"picked":"DTMod:TauntingStrike","floor":19},{"not_picked":["DTMod:Training+1","DTMod:Coolant"],"picked":"DTMod:RunningTactic","floor":19},{"not_picked":["DTMod:CleansingStrike","DTMod:Training"],"picked":"DTMod:BalancedStrike","floor":19},{"not_picked":["DTMod:BizarreTactic","DTMod:ComboAttack"],"picked":"DTMod:Shift","floor":21},{"not_picked":["DTMod:FlameSlash","DTMod:TauntingStrike","DTMod:BreakAttack"],"picked":"SKIP","floor":21},{"not_picked":["DTMod:LowKick","DTMod:Hide"],"picked":"DTMod:ExcessFootwork","floor":22},{"not_picked":["DTMod:Punisher","DTMod:BuildUp","DTMod:MaximumCharge"],"picked":"SKIP","floor":22},{"not_picked":["DTMod:MaximumCharge","DTMod:Threaten","DTMod:TauntingStrike"],"picked":"SKIP","floor":23},{"not_picked":["DTMod:Feint","DTMod:Overwhelm","DTMod:Punisher+1"],"picked":"SKIP","floor":24},{"not_picked":["DTMod:MagicField","DTMod:Training","DTMod:FlameSlash"],"picked":"SKIP","floor":24},{"not_picked":["DTMod:BlazingStrike","DTMod:BuildUp"],"picked":"DTMod:BlueScale","floor":27},{"not_picked":["DTMod:RecklessFlurry","DTMod:LastStand"],"picked":"DTMod:EchoTactic","floor":27},{"not_picked":["DTMod:BreakAttack","DTMod:HeatWave"],"picked":"DTMod:Haste","floor":28},{"not_picked":["DTMod:PurifyingFlame","DTMod:Coolant"],"picked":"DTMod:Weaken","floor":30},{"not_picked":["DTMod:BuildUp","DTMod:Weaken"],"picked":"DTMod:Hide","floor":30},{"not_picked":["DTMod:Threaten","DTMod:LowKick","DTMod:SealedStrike"],"picked":"SKIP","floor":31},{"not_picked":["DTMod:Feint","DTMod:BuildUp","DTMod:BurningForce"],"picked":"SKIP","floor":31}],"player_experience":939964,"relics_obtained":[{"floor":6,"key":"Prayer Wheel"},{"floor":9,"key":"HornCleat"},{"floor":13,"key":"PreservedInsect"},{"floor":23,"key":"Lantern"},{"floor":26,"key":"Akabeko"},{"floor":28,"key":"Mango"}],"event_choices":[{"cards_removed":["DTMod:Strike"],"damage_healed":0,"gold_gain":0,"player_choice":"Card Removal","damage_taken":7,"max_hp_gain":0,"max_hp_loss":0,"event_name":"Golden Wing","floor":2,"gold_loss":0},{"damage_healed":0,"gold_gain":100,"player_choice":"Pray","damage_taken":0,"max_hp_gain":0,"max_hp_loss":0,"event_name":"Golden Shrine","floor":3,"gold_loss":0},{"damage_healed":0,"gold_gain":0,"player_choice":"Success","damage_taken":25,"relics_obtained":["Orichalcum"],"max_hp_gain":0,"max_hp_loss":0,"event_name":"Scrap Ooze","floor":10,"gold_loss":0},{"damage_healed":0,"gold_gain":75,"player_choice":"Gather Gold","damage_taken":11,"max_hp_gain":0,"max_hp_loss":0,"event_name":"World of Goop","floor":12,"gold_loss":0},{"damage_healed":0,"gold_gain":0,"player_choice":"Upgraded","damage_taken":0,"max_hp_gain":0,"max_hp_loss":0,"event_name":"Upgrade Shrine","floor":20,"gold_loss":0,"cards_upgraded":["DTMod:EchoTactic"]}],"is_beta":false,"boss_relics":[{"not_picked":["Runic Dome","Empty Cage"],"picked":"SacredBark"}],"items_purged_floors":[0],"is_endless":false,"potions_floor_spawned":[1,5,6,11,18,21,27,30],"killed_by":"Automaton","ascension_level":8}}