{"host":"t0zrw5dahhy31ra8","time":1610444905,"event":{"mods":["BaseMod","Downfall","Minty Spire (QoL Compilation)","StSLib"],"gold_per_floor":[17,33,33,33,47,81,81,108,108,60,60,76,88,107,107,211,211,231,249,249,249,249,249,249],"floor_reached":23,"playtime":1265,"items_purged":[],"score":211,"play_id":"bfbd61b8-841e-4133-962f-bbd756e0b580","local_time":"20210112024825","is_ascension_mode":true,"campfire_choices":[{"data":"Double Energy","floor":7,"key":"SMITH"},{"floor":11,"key":"REST"},{"data":"Glacier","floor":15,"key":"SMITH"}],"circlet_count":0,"master_deck":["Strike_B","Strike_B","Strike_B","Strike_B","Defend_B","Defend_B","Defend_B","Defend_B","Zap","Dualcast","Core Surge","Leap+1","Lockon","Double Energy+1","Self Repair","Glacier+1","Conserve Battery","Core Surge","Rip and Tear","Amplify","Barrage"],"relics":["Cracked Core","Lantern","Calipers","White Beast Statue","Bottled Tornado","Sozu"],"acts_visited":["Exordium","TheCity"],"potions_floor_usage":[16,16,19],"damage_taken":[{"damage":2,"enemies":"Small Slimes","floor":1,"turns":3},{"damage":0,"enemies":"Jaw Worm","floor":2,"turns":4},{"damage":1,"enemies":"Cultist","floor":5,"turns":3},{"damage":14,"enemies":"Gremlin Nob","floor":6,"turns":4},{"damage":35,"enemies":"3 Sentries","floor":8,"turns":9},{"damage":0,"enemies":"Blue Slaver","floor":12,"turns":4},{"damage":2,"enemies":"Red Slaver","floor":13,"turns":3},{"damage":0,"enemies":"Looter","floor":14,"turns":3},{"damage":55,"enemies":"Hexaghost","floor":16,"turns":10},{"damage":10,"enemies":"Shell Parasite","floor":18,"turns":6},{"damage":20,"enemies":"2 Thieves","floor":19,"turns":4},{"damage":55,"enemies":"Slavers","floor":23,"turns":3}],"seed_played":"155003413695479885","potions_obtained":[{"floor":1,"key":"Energy Potion"},{"floor":2,"key":"Ancient Potion"},{"floor":8,"key":"AttackPotion"},{"floor":13,"key":"hexamod:EctoCoolerPotion"},{"floor":16,"key":"Fire Potion"}],"is_trial":false,"path_per_floor":["M","M","?","?","M","E","R","E","T","?","R","M","M","M","R","B",null,"M","M","?","?","?","E"],"character_chosen":"DEFECT","items_purchased":[],"campfire_rested":1,"item_purchase_floors":[],"current_hp_per_floor":[73,73,73,70,69,55,55,27,27,27,49,56,61,68,68,20,75,72,59,59,45,45,0,0],"gold":249,"neow_bonus":"THREE_RARE_CARDS","is_daily":false,"chose_seed":false,"campfire_upgraded":2,"win_rate":0.0,"timestamp":1610444905,"path_taken":["M","M","?","?","M","E","R","E","T","?","R","M","M","M","R","BOSS","M","M","?","?","?","E"],"items_purchased_type":[],"build_version":"2020-12-22","purchased_purges":0,"victory":false,"max_hp_per_floor":[75,75,75,75,75,75,75,75,75,75,75,75,75,75,75,75,75,75,75,75,80,80,80,80],"card_choices":[{"not_picked":["Meteor Strike","Rainbow"],"picked":"Core Surge","floor":0},{"not_picked":["Lockon","Stack"],"picked":"Leap","floor":1},{"not_picked":["Recycle","Cold Snap"],"picked":"Lockon","floor":2},{"not_picked":["Static Discharge","Capacitor"],"picked":"Double Energy","floor":5},{"not_picked":["Defragment","Compile Driver"],"picked":"Self Repair","floor":6},{"not_picked":["Undo","Leap"],"picked":"Glacier","floor":8},{"not_picked":["Gash","Storm"],"picked":"Conserve Battery","floor":12},{"not_picked":["Coolheaded","Conserve Battery"],"picked":"Core Surge","floor":13},{"not_picked":["Darkness","Aggregate"],"picked":"Rip and Tear","floor":14},{"not_picked":["Creative AI","Hyperbeam"],"picked":"Amplify","floor":16},{"not_picked":["Barrage","Storm","Cold Snap"],"picked":"SKIP","floor":18},{"not_picked":["Static Discharge","Stack+1"],"picked":"Barrage","floor":19}],"player_experience":203386,"relics_obtained":[{"floor":6,"key":"Calipers"},{"floor":8,"key":"White Beast Statue"},{"floor":9,"key":"Bottled Tornado"}],"event_choices":[{"damage_healed":0,"gold_gain":0,"player_choice":"Grow","damage_taken":0,"max_hp_gain":0,"max_hp_loss":0,"event_name":"Living Wall","floor":3,"gold_loss":0,"cards_upgraded":["Leap"]},{"damage_healed":0,"gold_gain":0,"player_choice":"Success","damage_taken":3,"relics_obtained":["Lantern"],"max_hp_gain":0,"max_hp_loss":0,"event_name":"Scrap Ooze","floor":4,"gold_loss":0},{"damage_healed":0,"gold_gain":0,"player_choice":"Left Gold","damage_taken":0,"max_hp_gain":0,"max_hp_loss":0,"event_name":"World of Goop","floor":10,"gold_loss":48},{"damage_healed":0,"gold_gain":0,"player_choice":"Ignored","damage_taken":0,"max_hp_gain":0,"max_hp_loss":0,"event_name":"Ghosts","floor":20,"gold_loss":0},{"damage_healed":0,"gold_gain":0,"player_choice":"Shed Blood","damage_taken":19,"max_hp_gain":5,"max_hp_loss":0,"event_name":"Forgotten Altar","floor":21,"gold_loss":0},{"damage_healed":0,"gold_gain":0,"player_choice":"Got Potions","damage_taken":0,"max_hp_gain":0,"max_hp_loss":0,"event_name":"Lab","floor":22,"gold_loss":0}],"is_beta":false,"boss_relics":[{"not_picked":["Cursed Key","Velvet Choker"],"picked":"Sozu"}],"items_purged_floors":[],"is_endless":false,"potions_floor_spawned":[1,2,8,12,13,14,16,18,19],"killed_by":"Slavers","ascension_level":1}}