{"host":"grooae7peokc63vv","time":1610469304,"event":{"mods":["ATMod(°¢èªMod)","BaseMod","Minty Spire (QoL Compilation)","MostiFishMod","Replay The Spire","StSLib","TestMod"],"gold_per_floor":[119,69,69,69,81,107,107,134,213,229,255,255,268,76,76,181,181,193,205,220,230,180,180,214,227,227,79,79,89,105,147,147,287,287,385,430,488,537,537,647,647,705,728,787,787,787,787,827,827,858],"floor_reached":51,"playtime":1884,"items_purged":["Strike_R"],"score":1396,"play_id":"eecff168-69cf-4891-9a7b-6e07580bd930","local_time":"20210113003504","is_ascension_mode":true,"campfire_choices":[{"data":"MostiFishMod:#F4004","floor":7,"key":"SMITH"},{"data":"Entrench","floor":12,"key":"SMITH"},{"data":"AT_BodySlamDance","floor":15,"key":"SMITH"},{"data":"AT_Dispersion","floor":23,"key":"SMITH"},{"data":"testmod-PainDetonator","floor":28,"key":"SMITH"},{"floor":32,"key":"REST"},{"floor":41,"key":"REST"},{"floor":45,"key":"REST"},{"floor":47,"key":"REST"},{"floor":49,"key":"REST"}],"circlet_count":0,"master_deck":["AscendersBane","Strike_R","Strike_R+1","Strike_R","Strike_R","Defend_R+1","Defend_R","Defend_R+1","Defend_R","AT_OneInchPunch","testmod-PainDetonator+1","AT_BodySlamDance+1","Flex","MostiFishMod:#F4004+1","Entrench+1","Run Through","AT_Dispersion+1","Heavy Blade+1","Flex+1","Sword Boomerang","Spot Weakness+1","Feed","MostiFishMod:#F4004+1","Inflame+1"],"relics":["Burning Blood","DaveBox","testmod-TestBox","AT_ATBox","FeatherPendant","SynthV:TestCard","Smiling Mask","Bag of Preparation","InkBottle","AT_BellDemon","AT_EbonyIvory","HandDrill","Happy Flower","PatriotShield","TungstenRod","AT_ImmortalShieldbow","testmod-TurbochargingSystem","testmod-ArcanaOfDestiny","ReplayTheSpireMod:Spearhead","Pet Ghost","AT_SpeedBoots","AT_RedNoBalance","testmod-LifeArmor","Replay:Bandana","AT_GoldPhoenixTree","AT_MibuBalloonWealth","War Paint","Fusion Hammer","testmod-AssaultLearning","BionicSphere","Replay:Bottled Snecko","Divine Protection","MealTicket","PreservedInsect","ReplayTheSpireMod:Ninjato","Bottled Tornado","ReplayFunnel","Omamori","Art of War","Durian"],"acts_visited":["Exordium","TheCity","TheBeyond"],"potions_floor_usage":[16,16,36],"damage_taken":[{"damage":0,"enemies":"Jaw Worm","floor":1,"turns":1},{"damage":0,"enemies":"2 Louse","floor":5,"turns":2},{"damage":0,"enemies":"3 Sentries","floor":6,"turns":3},{"damage":10,"enemies":"Lagavulin","floor":8,"turns":4},{"damage":0,"enemies":"Cultist","floor":10,"turns":1},{"damage":0,"enemies":"Gremlin Nob","floor":11,"turns":2},{"damage":0,"enemies":"Looter","floor":13,"turns":1},{"damage":11,"enemies":"The Guardian","floor":16,"turns":3},{"damage":0,"enemies":"Chosen","floor":18,"turns":3},{"damage":0,"enemies":"2 Thieves","floor":19,"turns":1},{"damage":0,"enemies":"Snake Plant","floor":20,"turns":3},{"damage":8,"enemies":"Shelled Parasite and Fungi","floor":21,"turns":3},{"damage":0,"enemies":"Gremlin Leader","floor":24,"turns":3},{"damage":0,"enemies":"3 Cultists","floor":25,"turns":3},{"damage":0,"enemies":"Snecko","floor":29,"turns":1},{"damage":0,"enemies":"Cultist and Chosen","floor":30,"turns":1},{"damage":0,"enemies":"Book of Stabbing","floor":31,"turns":1},{"damage":0,"enemies":"Champ","floor":33,"turns":1},{"damage":0,"enemies":"3 Shapes","floor":35,"turns":1},{"damage":0,"enemies":"Orb Walker","floor":36,"turns":2},{"damage":0,"enemies":"Transient","floor":37,"turns":3},{"damage":0,"enemies":"Maw","floor":38,"turns":3},{"damage":0,"enemies":"Reptomancer","floor":40,"turns":1},{"damage":0,"enemies":"Nemesis","floor":42,"turns":3},{"damage":0,"enemies":"R_Hoarder","floor":44,"turns":3},{"damage":0,"enemies":"Writhing Mass","floor":48,"turns":3},{"damage":0,"enemies":"Replay:Hell Engine","floor":50,"turns":2}],"seed_played":"7313746334883951498","potions_obtained":[{"floor":6,"key":"Elixir"},{"floor":8,"key":"Venom Potion"},{"floor":10,"key":"Block Potion"},{"floor":20,"key":"Death Potion"},{"floor":24,"key":"Block Potion"},{"floor":40,"key":"Regen Potion"},{"floor":42,"key":"Regen Potion"}],"is_trial":false,"path_per_floor":["M","?","?","$","M","E","R","E","T","M","E","R","M","$","R","B",null,"M","M","M","M","$","R","E","M","T","$","R","M","M","E","R","B",null,"M","M","M","M","?","E","R","E","T","E","R","?","R","M","R","B",null],"character_chosen":"IRONCLAD","items_purchased":["HandDrill","Run Through","testmod-LifeArmor"],"campfire_rested":5,"item_purchase_floors":[14,14,27],"current_hp_per_floor":[78,78,62,62,68,74,74,70,70,76,80,80,80,80,80,75,79,80,80,80,78,78,78,80,80,80,80,80,46,46,46,70,76,79,80,80,80,80,80,80,80,80,80,80,80,71,80,89,89,89],"gold":858,"neow_bonus":"THREE_CARDS","is_daily":false,"chose_seed":false,"campfire_upgraded":5,"win_rate":0.0,"timestamp":1610469304,"path_taken":["M","?","?","$","M","E","R","E","T","M","E","R","?","?","R","BOSS","M","M","M","M","$","R","E","M","T","$","R","M","M","E","R","BOSS","M","M","M","M","?","E","R","E","T","E","R","?","R","M","R","BOSS"],"items_purchased_type":["Relic","Card","Relic"],"build_version":"2020-12-22","purchased_purges":1,"victory":true,"max_hp_per_floor":[80,80,80,80,80,80,80,80,80,80,80,80,80,80,80,80,80,80,80,80,80,80,80,80,80,80,80,80,80,80,80,80,80,80,80,80,80,80,80,80,80,80,80,80,80,80,80,89,89,89],"card_choices":[{"not_picked":["True Grit","Thunderclap"],"picked":"AT_BodySlamDance","floor":0},{"not_picked":["Clothesline","Heavy Blade"],"picked":"Flex","floor":1},{"not_picked":["Uppercut","MostiFishMod:CullingBlade","Warcry","Rampage","Havoc"],"picked":"SKIP","floor":5},{"not_picked":["Sword Boomerang","ReplayTheSpireMod:Strike From Hell","Cleave","Massacre"],"picked":"MostiFishMod:#F4004","floor":6},{"not_picked":["Thunderclap","AT_GerminateFire","Sever Soul","MostiFishMod:FireWorks","Massacre"],"picked":"SKIP","floor":8},{"not_picked":["Warcry","Headbutt","Perfected Strike","AT_CaressingTears","True Grit"],"picked":"SKIP","floor":10},{"not_picked":["Warcry","Perfected Strike","ReplayTheSpireMod:Stacked","Disarm"],"picked":"Entrench","floor":11},{"not_picked":["Replay:Undeath\u0027s Touch","Clash","Pommel Strike","Defy Death","Uppercut"],"picked":"SKIP","floor":13},{"not_picked":["Juggernaut","MostiFishMod:Mania","MostiFishMod:KnuckleDown","Replay:Many Hands"],"picked":"AT_Dispersion","floor":16},{"not_picked":["Thunderclap+1","Headbutt","Shockwave","Pummel"],"picked":"Heavy Blade+1","floor":18},{"not_picked":["Fire Breathing+1","Thunderclap","Reckless Charge","Rampage"],"picked":"Flex","floor":19},{"not_picked":["Replay:Undeath\u0027s Touch","Heavy Blade","Second Wind","Warcry","Searing Blow"],"picked":"SKIP","floor":20},{"not_picked":["AT_IchimonjiDouble","Ghostly Armor","ReplayTheSpireMod:Strike From Hell","Body Slam"],"picked":"Sword Boomerang","floor":21},{"not_picked":["Juggernaut","Life Link","ReplayTheSpireMod:Corrosion Curse","Replay:Undeath\u0027s Touch","Clothesline"],"picked":"SKIP","floor":24},{"not_picked":["Pommel Strike","Headbutt","Infernal Blade+1","Anger"],"picked":"Spot Weakness+1","floor":25},{"not_picked":["AT_GerminateFire","Iron Wave","Sword Boomerang","Sever Soul","Pummel+1"],"picked":"SKIP","floor":29},{"not_picked":["Metallicize","Run Through","Battle Trance","Heavy Blade","Uppercut"],"picked":"SKIP","floor":30},{"not_picked":["Disarm+1","Cleave","Whirlwind","Clothesline","Pommel Strike+1"],"picked":"SKIP","floor":31},{"not_picked":["MostiFishMod:FlyOverUtopia","Immolate","Impervious","MostiFishMod:RainCloud"],"picked":"Feed","floor":33},{"not_picked":["Sword Boomerang+1","Searing Blow+1","Ghostly Armor+1","Iron Wave","Warcry+1"],"picked":"SKIP","floor":35},{"not_picked":["Second Wind","Havoc+1","Fire Breathing+1","Replay:Undeath\u0027s Touch+1","Warcry+1"],"picked":"SKIP","floor":36},{"not_picked":["Headbutt","Flex","Wild Strike","Evolve","Perfected Strike"],"picked":"SKIP","floor":37},{"not_picked":["Havoc","MostiFishMod:Mania","Shrug It Off+1","True Grit","ReplayTheSpireMod:Muscle Training"],"picked":"SKIP","floor":38},{"not_picked":["Headbutt+1","Anger","Twin Strike+1","Run Through","Reckless Charge+1"],"picked":"SKIP","floor":40},{"not_picked":["Body Slam+1","Rampage","Clothesline","Pummel"],"picked":"MostiFishMod:#F4004+1","floor":42},{"not_picked":["Ghostly Armor","Dark Embrace","MostiFishMod:DarkDeal","Dual Wield","Headbutt+1"],"picked":"SKIP","floor":44},{"not_picked":["Armaments+1","AT_ShrugMaster+1","Warcry","Twin Strike"],"picked":"Inflame+1","floor":48}],"player_experience":180025,"relics_obtained":[{"floor":1,"key":"SynthV:TestCard"},{"floor":6,"key":"Smiling Mask"},{"floor":8,"key":"Bag of Preparation"},{"floor":9,"key":"InkBottle"},{"floor":11,"key":"AT_BellDemon"},{"floor":13,"key":"AT_EbonyIvory"},{"floor":16,"key":"Happy Flower"},{"floor":18,"key":"TungstenRod"},{"floor":19,"key":"AT_ImmortalShieldbow"},{"floor":20,"key":"testmod-TurbochargingSystem"},{"floor":21,"key":"testmod-ArcanaOfDestiny"},{"floor":24,"key":"ReplayTheSpireMod:Spearhead"},{"floor":24,"key":"Pet Ghost"},{"floor":25,"key":"AT_SpeedBoots"},{"floor":26,"key":"AT_SilverBalance"},{"floor":29,"key":"Replay:Bandana"},{"floor":31,"key":"AT_GoldPhoenixTree"},{"floor":31,"key":"AT_MibuBalloonWealth"},{"floor":33,"key":"War Paint"},{"floor":35,"key":"testmod-AssaultLearning"},{"floor":36,"key":"BionicSphere"},{"floor":37,"key":"Replay:Bottled Snecko"},{"floor":38,"key":"Divine Protection"},{"floor":40,"key":"MealTicket"},{"floor":40,"key":"PreservedInsect"},{"floor":42,"key":"ReplayTheSpireMod:Ninjato"},{"floor":42,"key":"Bottled Tornado"},{"floor":43,"key":"ReplayFunnel"},{"floor":44,"key":"Omamori"},{"floor":44,"key":"Art of War"},{"floor":48,"key":"Durian"}],"event_choices":[{"cards_removed":["Bash"],"damage_healed":0,"gold_gain":0,"player_choice":"Card Removal","damage_taken":0,"max_hp_gain":0,"max_hp_loss":0,"event_name":"The Cleric","floor":2,"gold_loss":50},{"damage_healed":0,"gold_gain":0,"player_choice":"Entered Light","damage_taken":16,"max_hp_gain":0,"max_hp_loss":0,"event_name":"Shining Light","floor":3,"gold_loss":0,"cards_upgraded":["Defend_R","Strike_R"]},{"damage_healed":0,"gold_gain":0,"player_choice":"Ignored","damage_taken":0,"max_hp_gain":0,"max_hp_loss":0,"event_name":"Tomb of Lord Red Mask","floor":39,"gold_loss":0},{"damage_healed":0,"gold_gain":0,"player_choice":"Ignored","damage_taken":8,"max_hp_gain":0,"max_hp_loss":0,"event_name":"¶÷ÂåË¹µÄÅÌ×Ó","floor":46,"gold_loss":0}],"is_beta":false,"boss_relics":[{"not_picked":["testmod-Recursion","Honey Jar"],"picked":"PatriotShield"},{"not_picked":["SynthV:MejaisSoulstealer","Black Star"],"picked":"Fusion Hammer"}],"items_purged_floors":[22],"is_endless":false,"potions_floor_spawned":[6,8,10,11,20,24,25,29,35,40,42],"ascension_level":10}}