{"host":"i7jfea87xc8lz16p","time":1610454696,"event":{"mods":["AchievementEnabler","BaseMod","Colored Powertips","Minty Spire (QoL Compilation)","Relic Stats"],"gold_per_floor":[119,44,55,55,55,87,97,97,145,176,191,191,226,249,249,326,326,343,433,44,61,71,103,119,119,119,119,119],"floor_reached":27,"playtime":1061,"items_purged":["Strike_G","Strike_G"],"score":552,"play_id":"a556568c-7160-4bb2-adde-16468bcc9e82","local_time":"20210112133136","is_ascension_mode":true,"campfire_choices":[{"data":"Crippling Poison","floor":8,"key":"SMITH"},{"data":"Deadly Poison","floor":12,"key":"SMITH"},{"floor":15,"key":"REST"}],"circlet_count":0,"master_deck":["AscendersBane","Strike_G","Strike_G","Strike_G","Defend_G","Defend_G","Defend_G","Defend_G","Defend_G","Survivor","Neutralize","Crippling Poison+1","Dash","All Out Attack","PiercingWail","Bane","Deadly Poison+1","Burst","Acrobatics","PiercingWail","Deflect+1","Footwork"],"relics":["Ring of the Snake","NeowsBlessing","Omamori","Ancient Tea Set","Orichalcum","Bronze Scales","Odd Mushroom","Fusion Hammer","Paper Crane","Strawberry","Bottled Lightning"],"acts_visited":["Exordium","TheCity"],"potions_floor_usage":[10,13,18,23,27],"damage_taken":[{"damage":0,"enemies":"Small Slimes","floor":1,"turns":1},{"damage":0,"enemies":"Jaw Worm","floor":3,"turns":1},{"damage":0,"enemies":"Lagavulin","floor":6,"turns":1},{"damage":1,"enemies":"Cultist","floor":7,"turns":4},{"damage":21,"enemies":"Gremlin Nob","floor":10,"turns":6},{"damage":0,"enemies":"2 Fungi Beasts","floor":11,"turns":3},{"damage":10,"enemies":"Lagavulin","floor":13,"turns":7},{"damage":0,"enemies":"The Mushroom Lair","floor":14,"turns":3},{"damage":20,"enemies":"The Guardian","floor":16,"turns":12},{"damage":8,"enemies":"2 Thieves","floor":18,"turns":4},{"damage":9,"enemies":"Shell Parasite","floor":21,"turns":5},{"damage":5,"enemies":"Centurion and Healer","floor":22,"turns":7},{"damage":16,"enemies":"Book of Stabbing","floor":23,"turns":5},{"damage":0,"enemies":"Sentry and Sphere","floor":24,"turns":4},{"damage":19,"enemies":"Slavers","floor":27,"turns":4}],"seed_played":"8080842700413782528","potions_obtained":[{"floor":1,"key":"LiquidBronze"},{"floor":7,"key":"GhostInAJar"},{"floor":11,"key":"SkillPotion"},{"floor":13,"key":"Dexterity Potion"},{"floor":23,"key":"SkillPotion"}],"is_trial":false,"path_per_floor":["M","$","M","?","?","E","M","R","T","E","M","R","E","?","R","B",null,"M","?","$","M","M","E","M","?","T","E"],"character_chosen":"THE_SILENT","items_purchased":["Paper Crane","Acrobatics"],"campfire_rested":1,"item_purchase_floors":[20,20],"current_hp_per_floor":[59,59,59,59,59,59,58,58,58,37,37,37,27,27,46,26,56,48,36,36,27,22,13,13,13,13,0,0],"gold":119,"neow_bonus":"THREE_ENEMY_KILL","is_daily":false,"chose_seed":false,"campfire_upgraded":2,"win_rate":0.0,"timestamp":1610454696,"path_taken":["M","$","M","?","?","E","M","R","T","E","M","R","E","?","R","BOSS","M","?","$","?","M","E","M","?","T","E"],"items_purchased_type":["Relic","Card"],"build_version":"2020-12-22","purchased_purges":2,"victory":false,"max_hp_per_floor":[66,66,66,66,66,66,66,66,66,66,66,66,66,66,66,66,66,66,66,66,66,66,73,73,73,73,73,73],"relic_stats":{"counters":[15,67],"Bronze Scales":[161],"Orichalcum":[96],"obtain_stats":[{"NeowsBlessing":0,"Bronze Scales":13,"Strawberry":23,"Fusion Hammer":17,"Omamori":6,"Bottled Lightning":26,"Orichalcum":10,"Odd Mushroom":14,"Paper Crane":20,"Ancient Tea Set":9,"Ring of the Snake":0},{"NeowsBlessing":0,"Bronze Scales":7,"Strawberry":13,"Fusion Hammer":9,"Omamori":3,"Bottled Lightning":14,"Orichalcum":5,"Odd Mushroom":8,"Paper Crane":10,"Ancient Tea Set":4,"Ring of the Snake":0},{"NeowsBlessing":0,"Bronze Scales":23,"Strawberry":59,"Fusion Hammer":38,"Omamori":3,"Bottled Lightning":63,"Orichalcum":13,"Odd Mushroom":26,"Paper Crane":42,"Ancient Tea Set":7,"Ring of the Snake":0}],"Ring of the Snake":[30]},"card_choices":[{"not_picked":["Leg Sweep","Poisoned Stab"],"picked":"Crippling Poison","floor":1},{"not_picked":["Cloak And Dagger","Flechettes"],"picked":"Dash","floor":3},{"not_picked":["Quick Slash","Bane"],"picked":"All Out Attack","floor":6},{"not_picked":["Flying Knee","Backflip"],"picked":"PiercingWail","floor":7},{"not_picked":["Blade Dance","Phantasmal Killer"],"picked":"Bane","floor":10},{"not_picked":["Bane","Crippling Poison"],"picked":"Deadly Poison","floor":11},{"not_picked":["Unload","Outmaneuver","Riddle With Holes"],"picked":"SKIP","floor":13},{"not_picked":["After Image","Venomology"],"picked":"Burst","floor":16},{"not_picked":["Distraction","Choke","Flechettes"],"picked":"SKIP","floor":18},{"not_picked":["Flying Knee","Sucker Punch"],"picked":"PiercingWail","floor":21},{"not_picked":["Sucker Punch","Backstab+1"],"picked":"Deflect+1","floor":22},{"not_picked":["Accuracy","Unload","Underhanded Strike"],"picked":"SKIP","floor":23},{"not_picked":["Cloak And Dagger","Backflip"],"picked":"Footwork","floor":24}],"player_experience":1756460,"relics_obtained":[{"floor":6,"key":"Omamori"},{"floor":9,"key":"Ancient Tea Set"},{"floor":10,"key":"Orichalcum"},{"floor":13,"key":"Bronze Scales"},{"floor":14,"key":"Odd Mushroom"},{"floor":23,"key":"Strawberry"},{"floor":26,"key":"Bottled Lightning"}],"event_choices":[{"damage_healed":0,"gold_gain":0,"player_choice":"Ignored","damage_taken":0,"max_hp_gain":0,"max_hp_loss":0,"event_name":"Liars Game","floor":4,"gold_loss":0},{"damage_healed":0,"gold_gain":0,"player_choice":"Ignored","damage_taken":0,"max_hp_gain":0,"max_hp_loss":0,"event_name":"Shining Light","floor":5,"gold_loss":0},{"damage_healed":0,"gold_gain":0,"player_choice":"Fought Mushrooms","damage_taken":0,"max_hp_gain":0,"max_hp_loss":0,"event_name":"Mushrooms","floor":14,"gold_loss":0},{"damage_healed":0,"gold_gain":90,"player_choice":"GOLD ","damage_taken":12,"max_hp_gain":0,"max_hp_loss":0,"event_name":"Knowing Skull","floor":19,"potions_obtained":[],"gold_loss":0,"cards_obtained":[]},{"damage_healed":0,"gold_gain":0,"player_choice":"Smashed Altar","damage_taken":0,"max_hp_gain":0,"max_hp_loss":0,"event_name":"Forgotten Altar","floor":25,"gold_loss":0,"cards_obtained":["Decay"]}],"is_beta":false,"boss_relics":[{"not_picked":["SacredBark","Pandora\u0027s Box"],"picked":"Fusion Hammer"}],"items_purged_floors":[2,20],"is_endless":false,"potions_floor_spawned":[1,7,11,13,23],"killed_by":"Slavers","ascension_level":20}}