{"host":"qhd5m7ak4qaao2fj","time":1610476422,"event":{"mods":["AchievementEnabler","BaseMod","Bestiary","Block Reminder","Colored Map","Colored Powertips","DeckTracker","Highlight Path","Minty Spire (QoL Compilation)","Quick Restart","Relic Stats"],"gold_per_floor":[110,129,129,204,222,28,61,71,94,125,137,137,137,152,152,252,252,266,266,266,280,280,280,292,312,312,312,323,423,456,468,468,468,468],"floor_reached":33,"playtime":2000,"items_purged":["Strike_B"],"score":297,"play_id":"b227576f-4c67-4896-ab53-76c32147d54a","local_time":"20210112193342","is_ascension_mode":true,"campfire_choices":[{"floor":12,"key":"REST"},{"floor":15,"key":"RECALL"},{"data":"Thunder Strike","floor":23,"key":"SMITH"},{"data":"Lockon","floor":27,"key":"SMITH"},{"floor":32,"key":"REST"}],"circlet_count":0,"master_deck":["Strike_B","Strike_B+1","Defend_B","Defend_B","Defend_B","Defend_B","Zap","Dualcast","Ball Lightning+1","Static Discharge","Storm","Conserve Battery","Self Repair","Ball Lightning","Redo","Lockon+1","Biased Cognition","Auto Shields","Thunder Strike+1","Ball Lightning+1","Ghostly","Ghostly","Ghostly","Ghostly","Ghostly","Conserve Battery+1"],"relics":["Cracked Core","Whetstone","Juzu Bracelet","Happy Flower","Philosopher\u0027s Stone","Nunchaku","Bottled Lightning","Gambling Chip","Molten Egg 2","Red Mask"],"acts_visited":["TheCity"],"potions_floor_usage":[7,18],"damage_taken":[{"damage":0,"enemies":"Small Slimes","floor":1,"turns":2},{"damage":8,"enemies":"Jaw Worm","floor":2,"turns":3},{"damage":0,"enemies":"2 Louse","floor":5,"turns":2},{"damage":17,"enemies":"3 Sentries","floor":7,"turns":4},{"damage":7,"enemies":"Exordium Wildlife","floor":8,"turns":2},{"damage":37,"enemies":"Lagavulin","floor":10,"turns":6},{"damage":6,"enemies":"2 Fungi Beasts","floor":11,"turns":3},{"damage":2,"enemies":"Blue Slaver","floor":14,"turns":3},{"damage":15,"enemies":"The Guardian","floor":16,"turns":7},{"damage":15,"enemies":"Shell Parasite","floor":18,"turns":4},{"damage":2,"enemies":"Spheric Guardian","floor":21,"turns":3},{"damage":4,"enemies":"3 Cultists","floor":24,"turns":4},{"damage":12,"enemies":"Chosen and Byrds","floor":25,"turns":4},{"damage":0,"enemies":"Snake Plant","floor":28,"turns":4},{"damage":2,"enemies":"Colosseum Slavers","floor":29,"turns":4},{"damage":2,"enemies":"Colosseum Nobs","floor":29,"turns":5},{"damage":31,"enemies":"Masked Bandits","floor":30,"turns":4},{"damage":1,"enemies":"Snecko","floor":31,"turns":3},{"damage":58,"enemies":"Champ","floor":33,"turns":7}],"seed_played":"8878404420382891141","potions_obtained":[{"floor":1,"key":"Regen Potion"},{"floor":5,"key":"Explosive Potion"},{"floor":8,"key":"Strength Potion"},{"floor":11,"key":"Energy Potion"},{"floor":14,"key":"Ancient Potion"},{"floor":18,"key":"Fruit Juice"},{"floor":29,"key":"SneckoOil"}],"is_trial":false,"path_per_floor":["M","M","?","?","M","$","E","M","T","E","M","R","?","M","R","B",null,"M","?","?","M","T","R","M","M","T","R","M","?","?","M","R","B"],"character_chosen":"DEFECT","items_purchased":["Conserve Battery","Self Repair"],"campfire_rested":2,"item_purchase_floors":[6,6],"current_hp_per_floor":[82,74,79,68,68,68,58,51,51,21,22,48,36,41,41,33,87,84,46,46,46,46,46,46,41,41,41,46,46,22,21,34,0,0],"gold":468,"neow_bonus":"TEN_PERCENT_HP_BONUS","is_daily":false,"chose_seed":false,"campfire_upgraded":2,"win_rate":0.0,"timestamp":1610476422,"path_taken":["M","M","?","?","M","$","E","?","T","E","M","R","?","M","R","BOSS","M","?","?","M","?","R","M","M","T","R","M","?","?","M","R","BOSS"],"items_purchased_type":["Card","Card"],"build_version":"2020-12-22","purchased_purges":1,"victory":false,"max_hp_per_floor":[82,82,87,87,87,87,87,87,87,87,87,87,87,87,87,87,87,92,46,46,46,46,46,46,46,46,46,46,46,46,46,46,46,46],"relic_stats":{"Nunchaku":[4],"Happy Flower":[17],"counters":[19,74],"Gambling Chip":[5],"Juzu Bracelet":1,"Whetstone":["Strike_B","Ball Lightning"],"obtain_stats":[{"Nunchaku":22,"Happy Flower":13,"Gambling Chip":29,"Philosopher\u0027s Stone":17,"Molten Egg 2":29,"Juzu Bracelet":10,"Red Mask":30,"Whetstone":7,"Bottled Lightning":26,"Cracked Core":0},{"Nunchaku":11,"Happy Flower":7,"Gambling Chip":16,"Philosopher\u0027s Stone":9,"Molten Egg 2":16,"Juzu Bracelet":6,"Red Mask":17,"Whetstone":4,"Bottled Lightning":13,"Cracked Core":0},{"Nunchaku":39,"Happy Flower":22,"Gambling Chip":60,"Philosopher\u0027s Stone":32,"Molten Egg 2":60,"Juzu Bracelet":19,"Red Mask":64,"Whetstone":11,"Bottled Lightning":47,"Cracked Core":0}]},"card_choices":[{"not_picked":["Force Field","Cold Snap"],"picked":"Ball Lightning","floor":1},{"not_picked":["Coolheaded","Hologram"],"picked":"Static Discharge","floor":2},{"not_picked":["Leap","Darkness"],"picked":"Storm","floor":5},{"not_picked":["Rebound","Hologram"],"picked":"Ball Lightning","floor":7},{"not_picked":["Aggregate","Steam Power"],"picked":"Redo","floor":8},{"not_picked":["Sweeping Beam","Cold Snap"],"picked":"Lockon","floor":10},{"not_picked":["Coolheaded","Auto Shields"],"picked":"Biased Cognition","floor":11},{"not_picked":["Coolheaded","Leap"],"picked":"Auto Shields","floor":14},{"not_picked":["Buffer","Rainbow"],"picked":"Thunder Strike","floor":16},{"not_picked":["Turbo","Steam"],"picked":"Ball Lightning+1","floor":18},{"not_picked":["Go for the Eyes+1","White Noise+1","Steam+1"],"picked":"SKIP","floor":21},{"not_picked":["Stack+1","Gash","Fission"],"picked":"SKIP","floor":24},{"not_picked":["Glacier","Go for the Eyes","Steam+1"],"picked":"SKIP","floor":25},{"not_picked":["Aggregate","Auto Shields"],"picked":"Conserve Battery+1","floor":28},{"not_picked":["Leap+1","Streamline+1","Beam Cell+1"],"picked":"SKIP","floor":31}],"player_experience":252596,"relics_obtained":[{"floor":7,"key":"Whetstone"},{"floor":10,"key":"Juzu Bracelet"},{"floor":22,"key":"Nunchaku"},{"floor":26,"key":"Bottled Lightning"},{"floor":29,"key":"Gambling Chip"},{"floor":29,"key":"Molten Egg 2"},{"floor":30,"key":"Red Mask"}],"event_choices":[{"damage_healed":0,"gold_gain":0,"player_choice":"Donut","damage_taken":0,"max_hp_gain":5,"max_hp_loss":0,"event_name":"Big Fish","floor":3,"gold_loss":0},{"damage_healed":0,"gold_gain":75,"player_choice":"Gather Gold","damage_taken":11,"max_hp_gain":0,"max_hp_loss":0,"event_name":"World of Goop","floor":4,"gold_loss":0},{"damage_healed":0,"gold_gain":0,"player_choice":"Success","damage_taken":12,"relics_obtained":["Happy Flower"],"max_hp_gain":0,"max_hp_loss":0,"event_name":"Scrap Ooze","floor":13,"gold_loss":0},{"damage_healed":0,"gold_gain":0,"player_choice":"Became a Ghost","damage_taken":0,"max_hp_gain":0,"max_hp_loss":46,"event_name":"Ghosts","floor":19,"gold_loss":0,"cards_obtained":["Ghostly","Ghostly","Ghostly","Ghostly","Ghostly"]},{"cards_removed":["Strike_B"],"damage_healed":0,"gold_gain":0,"player_choice":"Elegance","damage_taken":0,"max_hp_gain":0,"max_hp_loss":0,"event_name":"Back to Basics","floor":20,"gold_loss":0},{"damage_healed":0,"gold_gain":0,"player_choice":"Fight","damage_taken":0,"max_hp_gain":0,"max_hp_loss":0,"event_name":"Colosseum","floor":29,"gold_loss":0},{"damage_healed":0,"gold_gain":0,"player_choice":"Fought Nobs","damage_taken":0,"max_hp_gain":0,"max_hp_loss":0,"event_name":"Colosseum","floor":29,"gold_loss":0},{"damage_healed":0,"gold_gain":0,"player_choice":"Fought Bandits","damage_taken":0,"max_hp_gain":0,"max_hp_loss":0,"event_name":"Masked Bandits","floor":30,"gold_loss":0}],"is_beta":false,"boss_relics":[{"not_picked":["Runic Pyramid","Coffee Dripper"],"picked":"Philosopher\u0027s Stone"}],"items_purged_floors":[6],"is_endless":false,"potions_floor_spawned":[1,5,8,11,14,18,29,29],"killed_by":"Champ","ascension_level":1}}