{"host":"ss2ocoam53r2lno0","time":1610446205,"event":{"mods":["Act Like it!","BaseMod","ChefMod","Clockwork Mod","Colored Powertips","Curses Come First","Displayed Cursed Tome","Downfall","Evolution","Googly Eyes","Hallownest","Highlight Path","Minty Spire (QoL Compilation)","Poor People Problems","Rare Cards Sparkle","Robot Space Explorer","Shade Mod","Shop Mod","Spicy Shops","StSLib","The Marked"],"gold_per_floor":[112,124,74,74,91,118,118,118,118,118,118,159,159,180,180,300,300,319,319,362,382,397,397,413,413,413,438,291,116,131,151,151,270,270,285,306,306,306,325,325,338,338,338,338,357,4,27,43,43,43,43],"floor_reached":50,"playtime":4727,"items_purged":["Clockwork:Strike","Clockwork:Strike","Clockwork:Shield"],"score":529,"play_id":"c88b2853-2686-4369-9178-7b2c09639fe0","local_time":"20210112111005","is_ascension_mode":true,"campfire_choices":[{"data":"Clockwork:ChargingBlade","floor":7.0,"key":"SMITH"},{"data":"Clockwork:ChargingBlade","floor":11.0,"key":"SMITH"},{"data":"Clockwork:CraftSomewhatSmoothStone","floor":13.0,"key":"SMITH"},{"floor":15.0,"key":"REST"},{"floor":23.0,"key":"REST"},{"data":"Clockwork:ChargingShield","floor":25.0,"key":"SMITH"},{"floor":32.0,"key":"REST"},{"data":"Madness","floor":40.0,"key":"SMITH"},{"data":"Madness","floor":44.0,"key":"SMITH"},{"floor":49,"key":"REST"}],"circlet_count":0,"master_deck":["Clockwork:ChargingBlade+1","Clockwork:Shield","Clockwork:Shield","Clockwork:Tinker","Clockwork:WarmUp","Clockwork:ChargingBlade+1","Clockwork:ChargingShield+1","Clockwork:RevUp+1","Clockwork:KaliMa","Madness+1","Madness+1","Clockwork:ChargingBlade+1","Clockwork:ZeroPointEnergy+1"],"relics":["Clockwork:MomentumEngine","EVO:Axolotl","PreservedInsect","Mercury Hourglass","Guardian:GemstoneGun","StoneCalendar","Incense Burner","Golden Idol","Lizard Tail","Clockwork:SomewhatSmoothStone","Philosopher\u0027s Stone","Red Mask","Frozen Egg 2","SlaversCollar","Clockwork:Varja","Clockwork:BloodPhial","Guardian:PocketSentry","ClockworkSouvenir","TheAbacus"],"acts_visited":["Exordium","TheCity","TheBeyond"],"potions_floor_usage":[47],"damage_taken":[{"damage":22.0,"enemies":"Cultist","floor":1.0,"turns":6.0},{"damage":3.0,"enemies":"2 Louse","floor":2.0,"turns":4.0},{"damage":10.0,"enemies":"Jaw Worm","floor":5.0,"turns":6.0},{"damage":6.0,"enemies":"3 Sentries","floor":6.0,"turns":7.0},{"damage":0.0,"enemies":"Gremlin Nob","floor":12.0,"turns":3.0},{"damage":4.0,"enemies":"3 Louse","floor":14.0,"turns":3.0},{"damage":24.0,"enemies":"The Guardian","floor":16.0,"turns":8.0},{"damage":14.0,"enemies":"3 Byrds","floor":18.0,"turns":6.0},{"damage":41.0,"enemies":"Masked Bandits","floor":20.0,"turns":4.0},{"damage":14.0,"enemies":"2 Thieves","floor":21.0,"turns":4.0},{"damage":0.0,"enemies":"Snake Plant","floor":22.0,"turns":4.0},{"damage":20.0,"enemies":"Centurion and Healer","floor":24.0,"turns":6.0},{"damage":9.0,"enemies":"Snecko","floor":27.0,"turns":4.0},{"damage":0.0,"enemies":"Cultist and Chosen","floor":30.0,"turns":4.0},{"damage":21.0,"enemies":"Centurion and Healer","floor":31.0,"turns":6.0},{"damage":30.0,"enemies":"Collector","floor":33.0,"turns":9.0},{"damage":2.0,"enemies":"3 Shapes","floor":35.0,"turns":4.0},{"damage":11.0,"enemies":"Orb Walker","floor":36.0,"turns":7.0},{"damage":33.0,"enemies":"Maw","floor":39.0,"turns":7.0},{"damage":12.0,"enemies":"Sphere and 2 Shapes","floor":41.0,"turns":7.0},{"damage":0,"enemies":"Jaw Worm Horde","floor":45,"turns":4},{"damage":11,"enemies":"3 Darklings","floor":47,"turns":5},{"damage":2,"enemies":"Maw","floor":48,"turns":6},{"damage":54,"enemies":"Time Eater","floor":50,"turns":5}],"seed_played":"-2533602358153809555","potions_obtained":[{"floor":2.0,"key":"champ:CounterPotion"},{"floor":16.0,"key":"Swift Potion"},{"floor":18.0,"key":"Slimebound:ThreeZeroPotion"},{"floor":20.0,"key":"PowerPotion"},{"floor":21.0,"key":"champ:CounterPotion"},{"floor":22.0,"key":"GamblersBrew"},{"floor":33.0,"key":"EssenceOfSteel"},{"floor":35.0,"key":"sneckomod:MuddlingPotion"},{"floor":45,"key":"Regen Potion"},{"floor":47,"key":"sneckomod:MuddlingPotion"}],"is_trial":false,"path_per_floor":["M","M","?","?","M","E","R","T","T","?","R","E","R","M","R","B",null,"M","?","?","M","M","R","M","R","T","M","$","$","M","M","R","B",null,"M","M","?","?","M","R","M","?","T","R","M","$","M","M","R","B"],"character_chosen":"CLOCKWORK","items_purchased":["Clockwork:RevUp+1","Regen Potion","ClockworkSouvenir","TheAbacus"],"campfire_rested":4,"item_purchase_floors":[28,29,46,46],"current_hp_per_floor":[63,60,60,57,47,41,41,41,41,41,41,41,41,37,60,36,79,65,65,24,10,10,33,13,13,13,4,4,4,13,31,54,24,79,77,66,56,56,27,27,17,17,17,17,19,19,24,24,47,0,0],"gold":43,"neow_bonus":"RANDOM_COMMON_RELIC","is_daily":false,"chose_seed":false,"campfire_upgraded":6,"win_rate":0.0,"timestamp":1610446205,"path_taken":["M","M","?","?","M","E","R","?","T","?","R","E","R","M","R","BOSS","M","?","?","M","M","R","M","R","T","M","?","$","M","?","R","BOSS","M","M","?","?","M","R","?","?","T","R","?","?","M","M","R","BOSS"],"items_purchased_type":["Card","Potion","Relic","Relic"],"build_version":"2020-12-22","purchased_purges":3,"victory":false,"max_hp_per_floor":[85,85,85,85,85,85,85,85,85,79,79,79,79,79,79,79,79,79,79,79,79,79,79,79,79,79,79,79,79,79,79,79,79,79,79,79,79,79,79,79,79,79,79,79,79,79,79,79,79,79,79],"card_choices":[{"not_picked":["Clockwork:RitualDaggerMk0","Clockwork:AdaptiveCannon"],"picked":"Clockwork:ChargingBlade","floor":1.0},{"not_picked":["Clockwork:CogShield","Clockwork:Enhance","Clockwork:SnapKeep"],"picked":"SKIP","floor":2.0},{"not_picked":["Clockwork:PerfectedShield","Clockwork:Redundancy","Clockwork:ReserveSystems"],"picked":"SKIP","floor":5.0},{"not_picked":["Clockwork:CogBarrier","Clockwork:PerfectedShield","Clockwork:Roundhouse"],"picked":"SKIP","floor":6.0},{"not_picked":["Clockwork:Efficiency","Clockwork:Improve"],"picked":"Clockwork:CraftSomewhatSmoothStone","floor":12.0},{"not_picked":["Clockwork:Minimalism","Clockwork:SystemScan","Clockwork:SystemHardening"],"picked":"SKIP","floor":14.0},{"not_picked":["Clockwork:DefectiveParts","Clockwork:PerfectForm"],"picked":"Clockwork:CraftMomentumEngine","floor":16.0},{"not_picked":["Clockwork:SystemScan","Clockwork:Roundhouse"],"picked":"Clockwork:ChargingShield","floor":18.0},{"not_picked":["Clockwork:Efficiency","Clockwork:SearingStrike+1","Clockwork:Friction"],"picked":"SKIP","floor":21.0},{"not_picked":["Clockwork:CogShield","Clockwork:ReserveSystems","Clockwork:SystemScan"],"picked":"SKIP","floor":22.0},{"not_picked":["Clockwork:Redundancy+1","Clockwork:ForgeStrike+1","Clockwork:SpringShield"],"picked":"SKIP","floor":24.0},{"not_picked":["Clockwork:InertialShield+1","Clockwork:SearchingStrike","Clockwork:RitualDaggerMk0"],"picked":"SKIP","floor":27.0},{"not_picked":["Clockwork:QuantumStrike","Clockwork:TestingEnvironment","Clockwork:AssemblyLine+1"],"picked":"SKIP","floor":30.0},{"not_picked":["Clockwork:AdaptiveShield","Clockwork:SystemScan","Clockwork:Roundhouse+1"],"picked":"SKIP","floor":31.0},{"not_picked":["Clockwork:AeonShield","Clockwork:Inspiration"],"picked":"Clockwork:KaliMa","floor":33.0},{"not_picked":["Clockwork:Pluck","Clockwork:CogShield"],"picked":"Clockwork:CraftVarja","floor":35.0},{"not_picked":["Clockwork:LiteraryArmor+1","Clockwork:Efficiency+1"],"picked":"Clockwork:CraftBloodPhial","floor":36.0},{"not_picked":["Clockwork:AdaptiveCannon","Clockwork:Roundhouse","Clockwork:RampUp"],"picked":"SKIP","floor":39.0},{"not_picked":["Clockwork:TiltAWhirl+1","Clockwork:SnapKeep","Clockwork:Enhance"],"picked":"SKIP","floor":41.0},{"not_picked":["Clockwork:SystemScan","Clockwork:Minimalism","Clockwork:ReserveSystems"],"picked":"SKIP","floor":45},{"not_picked":["Clockwork:CogToss+1","Clockwork:TestingEnvironment+1"],"picked":"Clockwork:ChargingBlade+1","floor":47},{"not_picked":["Clockwork:RampUp+1","Clockwork:SearingStrike+1"],"picked":"Clockwork:ZeroPointEnergy+1","floor":48}],"player_experience":679398,"relics_obtained":[{"floor":6.0,"key":"Guardian:GemstoneGun"},{"floor":8.0,"key":"StoneCalendar"},{"floor":9.0,"key":"Incense Burner"},{"floor":12.0,"key":"Lizard Tail"},{"floor":20.0,"key":"Red Mask"},{"floor":26.0,"key":"Frozen Egg 2"},{"floor":43.0,"key":"Guardian:PocketSentry"}],"event_choices":[{"cards_removed":["Clockwork:Strike"],"damage_healed":0.0,"max_hp_gain":0.0,"max_hp_loss":0.0,"gold_gain":0.0,"event_name":"The Cleric","player_choice":"Card Removal","floor":3.0,"gold_loss":50.0,"damage_taken":0.0},{"damage_healed":0.0,"max_hp_gain":0.0,"max_hp_loss":0.0,"gold_gain":0.0,"event_name":"Scrap Ooze","player_choice":"Success","floor":4.0,"gold_loss":0.0,"damage_taken":3.0,"relics_obtained":["Mercury Hourglass"]},{"damage_healed":0.0,"max_hp_gain":0.0,"max_hp_loss":6.0,"gold_gain":0.0,"event_name":"Golden Idol","player_choice":"Lose Max HP","floor":10.0,"gold_loss":0.0,"damage_taken":0.0,"relics_obtained":["Golden Idol"]},{"damage_healed":0.0,"max_hp_gain":0.0,"max_hp_loss":0.0,"gold_gain":0.0,"event_name":"Cursed Tome","player_choice":"Ignored","floor":19.0,"gold_loss":0.0,"damage_taken":0.0},{"damage_healed":0.0,"max_hp_gain":0.0,"max_hp_loss":0.0,"gold_gain":0.0,"event_name":"Masked Bandits","player_choice":"Fought Bandits","floor":20.0,"gold_loss":0.0,"damage_taken":0.0},{"damage_healed":0.0,"max_hp_gain":0.0,"max_hp_loss":0.0,"gold_gain":0.0,"event_name":"Winding Halls","player_choice":"Embrace Madness","floor":37.0,"gold_loss":0.0,"damage_taken":10.0,"cards_obtained":["Madness","Madness"]},{"cards_removed":["Clockwork:Shield"],"damage_healed":0.0,"max_hp_gain":0.0,"max_hp_loss":0.0,"gold_gain":0.0,"event_name":"Falling","player_choice":"Removed Skill","floor":38.0,"gold_loss":0.0,"damage_taken":0.0},{"damage_healed":0.0,"max_hp_gain":0.0,"max_hp_loss":0.0,"gold_gain":0.0,"event_name":"SecretPortal","player_choice":"Ignored","floor":42.0,"gold_loss":0.0,"damage_taken":0.0}],"is_beta":false,"boss_relics":[{"not_picked":["expansioncontent:StudyCardRelic","Astrolabe"],"picked":"Philosopher\u0027s Stone"},{"not_picked":["Clockwork:PerpetualMotionMachine","SacredBark"],"picked":"SlaversCollar"}],"items_purged_floors":[28,29,46],"is_endless":false,"potions_floor_spawned":[2,16,18,20,21,22,33,35,45,47],"killed_by":"Time Eater","ascension_level":2}}