{"host":"gg","time":1610430640,"event":{"mods":["BaseMod","Colored Map","Googly Eyes","Minty Spire (QoL Compilation)","Permanent Neow","Relic Stats","The IronCluck"],"gold_per_floor":[111,130,130,141,66,99,99,124,124,153,153,78,105,124,124,201,201,217,217,234,234,249,249,276,293,293,308,322,366,366,396,396,482,482,510,535,559,559,559,591,591,154,154,198,225,245,287,309,309,309,309,309],"floor_reached":51,"playtime":4132,"items_purged":["Regret"],"score":1809,"play_id":"5642a471-da5d-4b30-8c05-2a0b4fdddc04","local_time":"20210111215040","is_ascension_mode":true,"campfire_choices":[{"data":"Eruption","floor":7.0,"key":"SMITH"},{"data":"CrushJoints","floor":15.0,"key":"SMITH"},{"floor":23.0,"key":"RECALL"},{"floor":32.0,"key":"REST"},{"floor":49.0,"key":"REST"}],"circlet_count":0,"master_deck":["AscendersBane","Strike_P+1","Strike_P+1","Defend_P+1","Defend_P+1","Defend_P+1","Eruption+1","Vigilance+1","CurseOfTheBell","Judgement","FlyingSleeves+1","Tantrum","FollowUp","CutThroughFate","CrushJoints+1","EmptyBody+1","Meditate","CutThroughFate","Tantrum","TalkToTheHand","FlurryOfBlows","FearNoEvil","LessonLearned+1","ForeignInfluence+1","WreathOfFlame+1","TalkToTheHand","EmptyMind+1","FlurryOfBlows+1","FearNoEvil+1","TalkToTheHand+1","CrushJoints+1"],"relics":["Calling Bell","Vajra","White Beast Statue","Mango","Centennial Puzzle","InkBottle","Strawberry","Damaru","Anchor","Whetstone","Fusion Hammer","Pen Nib","CeramicFish","Omamori","SlaversCollar","Peace Pipe","Akabeko","Shuriken","DollysMirror","Toxic Egg 2","Molten Egg 2","Darkstone Periapt"],"acts_visited":["Exordium","TheCity","TheBeyond"],"potions_floor_usage":[50,50,50],"damage_taken":[{"damage":5.0,"enemies":"2 Louse","floor":1.0,"turns":3.0},{"damage":0.0,"enemies":"Small Slimes","floor":2.0,"turns":2.0},{"damage":2.0,"enemies":"Cultist","floor":4.0,"turns":3.0},{"damage":0.0,"enemies":"3 Sentries","floor":6.0,"turns":2.0},{"damage":20.0,"enemies":"Lagavulin","floor":8.0,"turns":4.0},{"damage":0.0,"enemies":"Gremlin Nob","floor":10.0,"turns":2.0},{"damage":0.0,"enemies":"Looter","floor":14.0,"turns":1.0},{"damage":44.0,"enemies":"Hexaghost","floor":16.0,"turns":6.0},{"damage":0.0,"enemies":"Shell Parasite","floor":18.0,"turns":1.0},{"damage":0.0,"enemies":"Spheric Guardian","floor":20.0,"turns":3.0},{"damage":0.0,"enemies":"Snake Plant","floor":22.0,"turns":2.0},{"damage":3.0,"enemies":"Gremlin Leader","floor":24.0,"turns":2.0},{"damage":0.0,"enemies":"Cultist and Chosen","floor":25.0,"turns":2.0},{"damage":10.0,"enemies":"Snecko","floor":27.0,"turns":3.0},{"damage":0.0,"enemies":"Snake Plant","floor":28.0,"turns":2.0},{"damage":0.0,"enemies":"Book of Stabbing","floor":29.0,"turns":2.0},{"damage":1.0,"enemies":"Slavers","floor":31.0,"turns":3.0},{"damage":20.0,"enemies":"Collector","floor":33.0,"turns":3.0},{"damage":1.0,"enemies":"3 Shapes","floor":35.0,"turns":5.0},{"damage":1.0,"enemies":"Orb Walker","floor":36.0,"turns":3.0},{"damage":10.0,"enemies":"Sphere and 2 Shapes","floor":37.0,"turns":3.0},{"damage":0.0,"enemies":"Reptomancer","floor":40.0,"turns":2.0},{"damage":17.0,"enemies":"Nemesis","floor":44.0,"turns":3.0},{"damage":0.0,"enemies":"Maw","floor":45.0,"turns":5.0},{"damage":2.0,"enemies":"Spire Growth","floor":46.0,"turns":3.0},{"damage":0.0,"enemies":"Reptomancer","floor":47.0,"turns":3.0},{"damage":0.0,"enemies":"Jaw Worm Horde","floor":48.0,"turns":2.0},{"damage":28,"enemies":"Donu and Deca","floor":50,"turns":5},{"damage":62,"enemies":"Awakened One","floor":51,"turns":5}],"seed_played":"6661523628056865442","potions_obtained":[{"floor":1.0,"key":"LiquidMemories"},{"floor":2.0,"key":"Swift Potion"},{"floor":4.0,"key":"SteroidPotion"},{"floor":6.0,"key":"Weak Potion"},{"floor":8.0,"key":"Strength Potion"},{"floor":10.0,"key":"Energy Potion"},{"floor":14.0,"key":"PowerPotion"},{"floor":16.0,"key":"Fire Potion"},{"floor":18.0,"key":"AttackPotion"},{"floor":24.0,"key":"AttackPotion"},{"floor":25.0,"key":"PowerPotion"},{"floor":27.0,"key":"SkillPotion"},{"floor":28.0,"key":"Strength Potion"},{"floor":29.0,"key":"AttackPotion"},{"floor":31.0,"key":"Strength Potion"},{"floor":33.0,"key":"Strength Potion"},{"floor":35.0,"key":"FearPotion"},{"floor":37.0,"key":"StancePotion"},{"floor":44.0,"key":"AttackPotion"},{"floor":45.0,"key":"BlessingOfTheForge"},{"floor":46.0,"key":"Fruit Juice"},{"floor":47.0,"key":"EntropicBrew"}],"is_trial":false,"path_per_floor":["M","M","?","M","$","E","R","E","T","E","?","?","T","M","R","B",null,"M","?","M","?","M","R","E","M","T","M","M","E","?","E","R","B",null,"M","M","M","$","?","E","?","$","T","E","M","M","E","M","R","B","B"],"character_chosen":"WATCHER","items_purchased":["Shuriken","DollysMirror"],"campfire_rested":2,"item_purchase_floors":[42,42],"current_hp_per_floor":[70,70,70,68,68,68,68,55,55,55,55,55,55,55,55,11,70,70,70,70,70,70,70,67,67,67,57,57,57,57,56,82,62,82,81,80,70,70,70,70,70,70,70,53,53,51,56,56,84,56,0,0],"gold":309,"neow_bonus":"BOSS_RELIC","is_daily":false,"chose_seed":false,"campfire_upgraded":2,"win_rate":0.0,"timestamp":1610430640,"path_taken":["M","M","?","M","$","E","R","E","T","E","?","?","?","M","R","BOSS","M","?","M","?","?","R","E","M","T","M","M","E","?","E","R","BOSS","M","?","M","$","?","E","?","$","T","E","M","?","E","M","R","BOSS","BOSS"],"items_purchased_type":["Relic","Relic"],"build_version":"2020-12-18","purchased_purges":1,"victory":false,"max_hp_per_floor":[82,82,82,82,82,82,82,89,89,89,89,89,89,89,89,89,89,89,89,89,89,89,89,89,89,89,89,89,89,89,89,89,89,89,89,89,89,89,89,89,89,89,89,89,89,89,94,94,94,94,94,94],"relic_stats":{"Peace Pipe":0,"Darkstone Periapt":0,"Centennial Puzzle":[42],"counters":[29,85],"Shuriken":[28],"CeramicFish":99,"Pen Nib":[19],"Whetstone":["Strike_P","FlyingSleeves"],"obtain_stats":[{"Darkstone Periapt":47,"CeramicFish":29,"Vajra":0,"Damaru":9,"Mango":0,"Pen Nib":24,"Omamori":31,"Whetstone":13,"White Beast Statue":0,"Akabeko":41,"Calling Bell":0,"Peace Pipe":40,"SlaversCollar":34,"Centennial Puzzle":3,"Anchor":10,"Shuriken":42,"DollysMirror":42,"Strawberry":8,"Molten Egg 2":44,"Fusion Hammer":17,"PureWater":0,"Toxic Egg 2":43,"InkBottle":6},{"Darkstone Periapt":26,"CeramicFish":16,"Vajra":0,"Damaru":5,"Mango":0,"Pen Nib":12,"Omamori":17,"Whetstone":6,"White Beast Statue":0,"Akabeko":22,"Calling Bell":0,"Peace Pipe":22,"SlaversCollar":18,"Centennial Puzzle":2,"Anchor":6,"Shuriken":22,"DollysMirror":22,"Strawberry":5,"Molten Egg 2":23,"Fusion Hammer":8,"PureWater":0,"Toxic Egg 2":22,"InkBottle":4},{"Darkstone Periapt":73,"CeramicFish":40,"Vajra":0,"Damaru":14,"Mango":0,"Pen Nib":31,"Omamori":43,"Whetstone":16,"White Beast Statue":0,"Akabeko":59,"Calling Bell":0,"Peace Pipe":59,"SlaversCollar":46,"Centennial Puzzle":5,"Anchor":16,"Shuriken":59,"DollysMirror":59,"Strawberry":14,"Molten Egg 2":62,"Fusion Hammer":23,"PureWater":0,"Toxic Egg 2":59,"InkBottle":10}],"InkBottle":[33]},"card_choices":[{"not_picked":["Nirvana","FearNoEvil"],"picked":"Judgement","floor":1.0},{"not_picked":["FollowUp","ClearTheMind"],"picked":"FlyingSleeves","floor":2.0},{"not_picked":["Prostrate","EmptyFist"],"picked":"Tantrum","floor":4.0},{"not_picked":["ForeignInfluence","Evaluate"],"picked":"FollowUp","floor":6.0},{"not_picked":["JustLucky","Pray"],"picked":"CutThroughFate","floor":8.0},{"not_picked":["BowlingBash","Pray","FollowUp"],"picked":"SKIP","floor":10.0},{"not_picked":["Collect","MasterReality"],"picked":"EmptyBody","floor":14.0},{"not_picked":["CrushJoints","SashWhip"],"picked":"Meditate","floor":18.0},{"not_picked":["Study","ThirdEye"],"picked":"CutThroughFate","floor":20.0},{"not_picked":["Nirvana","Worship"],"picked":"TalkToTheHand","floor":22.0},{"not_picked":["Blasphemy","CutThroughFate"],"picked":"FlurryOfBlows","floor":24.0},{"not_picked":["SandsOfTime","FlyingSleeves","ClearTheMind"],"picked":"SKIP","floor":25.0},{"not_picked":["WindmillStrike","Swivel+1","Protect"],"picked":"SKIP","floor":27.0},{"not_picked":["Prostrate","JustLucky","Tantrum"],"picked":"SKIP","floor":28.0},{"not_picked":["ClearTheMind","SashWhip"],"picked":"FearNoEvil","floor":29.0},{"not_picked":["Crescendo","Indignation","EmptyFist"],"picked":"SKIP","floor":31.0},{"not_picked":["Vault","Blasphemy"],"picked":"LessonLearned","floor":33.0},{"not_picked":["Crescendo+1","WreathOfFlame"],"picked":"ForeignInfluence+1","floor":35.0},{"not_picked":["Halt","CutThroughFate"],"picked":"WreathOfFlame+1","floor":36.0},{"not_picked":["SashWhip+1","WindmillStrike"],"picked":"WreathOfFlame+1","floor":37.0},{"not_picked":["ThirdEye","WindmillStrike","BowlingBash"],"picked":"SKIP","floor":40.0},{"not_picked":["Vengeance+1","FollowUp+1"],"picked":"EmptyMind+1","floor":44.0},{"not_picked":["DeceiveReality+1","MentalFortress"],"picked":"FlurryOfBlows+1","floor":45.0},{"not_picked":["DeceiveReality+1","ClearTheMind+1"],"picked":"FearNoEvil+1","floor":46.0},{"not_picked":["SashWhip+1","BowlingBash+1"],"picked":"TalkToTheHand+1","floor":47.0},{"not_picked":["FlyingSleeves+1","CutThroughFate+1"],"picked":"CrushJoints+1","floor":48.0}],"player_experience":1177062,"relics_obtained":[{"floor":0.0,"key":"Vajra"},{"floor":0.0,"key":"White Beast Statue"},{"floor":0.0,"key":"Mango"},{"floor":6.0,"key":"InkBottle"},{"floor":8.0,"key":"Strawberry"},{"floor":9.0,"key":"Damaru"},{"floor":10.0,"key":"Anchor"},{"floor":13.0,"key":"Whetstone"},{"floor":24.0,"key":"Pen Nib"},{"floor":29.0,"key":"CeramicFish"},{"floor":31.0,"key":"Omamori"},{"floor":40.0,"key":"Peace Pipe"},{"floor":43.0,"key":"Toxic Egg 2"},{"floor":44.0,"key":"Molten Egg 2"},{"floor":47.0,"key":"Darkstone Periapt"}],"event_choices":[{"damage_healed":0.0,"max_hp_gain":0.0,"max_hp_loss":0.0,"gold_gain":0.0,"event_name":"Big Fish","player_choice":"Box","floor":3.0,"gold_loss":0.0,"damage_taken":0.0,"relics_obtained":["Centennial Puzzle"],"cards_obtained":["Regret"]},{"damage_healed":0.0,"max_hp_gain":0.0,"max_hp_loss":0.0,"gold_gain":0.0,"cards_transformed":["Defend_P"],"event_name":"Living Wall","player_choice":"Change","floor":11.0,"gold_loss":0.0,"damage_taken":0.0,"cards_obtained":["CrushJoints"]},{"cards_removed":["Strike_P"],"damage_healed":0.0,"max_hp_gain":0.0,"max_hp_loss":0.0,"gold_gain":0.0,"event_name":"The Cleric","player_choice":"Card Removal","floor":12.0,"gold_loss":75.0,"damage_taken":0.0},{"damage_healed":0.0,"max_hp_gain":0.0,"max_hp_loss":0.0,"gold_gain":0.0,"event_name":"Vampires","player_choice":"Ignored","floor":19.0,"gold_loss":0.0,"damage_taken":0.0},{"damage_healed":0.0,"max_hp_gain":0.0,"max_hp_loss":0.0,"gold_gain":0.0,"event_name":"Duplicator","player_choice":"Copied","floor":21.0,"gold_loss":0.0,"damage_taken":0.0,"cards_obtained":["Tantrum"]},{"cards_removed":["Strike_P"],"damage_healed":0.0,"max_hp_gain":0.0,"max_hp_loss":0.0,"gold_gain":0.0,"event_name":"Purifier","player_choice":"Purged","floor":30.0,"gold_loss":0.0,"damage_taken":0.0},{"cards_removed":["WreathOfFlame"],"damage_healed":0.0,"max_hp_gain":0.0,"max_hp_loss":0.0,"gold_gain":0.0,"event_name":"Falling","player_choice":"Removed Skill","floor":39.0,"gold_loss":0.0,"damage_taken":0.0},{"damage_healed":0.0,"max_hp_gain":0.0,"max_hp_loss":0.0,"gold_gain":0.0,"event_name":"WeMeetAgain","player_choice":"Gave Potion","floor":41.0,"gold_loss":0.0,"damage_taken":0.0,"relics_obtained":["Akabeko"]}],"is_beta":true,"boss_relics":[{"not_picked":["Coffee Dripper","Sozu"],"picked":"Fusion Hammer"},{"not_picked":["Empty Cage","Snecko Eye"],"picked":"SlaversCollar"}],"items_purged_floors":[5],"is_endless":false,"potions_floor_spawned":[1,2,4,6,8,10,14,16,18,20,22,24,25,27,28,29,31,33,35,36,37,40,44,45,46,47,48],"killed_by":"Awakened One","ascension_level":20}}