{"host":"91blwi3hgehj6ch9","time":1610470437,"event":{"mods":["2.2 Compatiblity","AchievementEnabler","BaseMod","Colored Map","DeckTracker","Keyboard Shortcuts","Minty Spire (QoL Compilation)","Permanent Neow","Quick Restart","StSLib","SuperFastMode"],"gold_per_floor":[115,125,143,68,87,106,131,142,142,42,42,42,42,58,58,177,177,195,70,70,25,25,364,364,403,403,453,471,496,520,543,543,543,543],"floor_reached":33,"playtime":1149,"items_purged":["Defend_P","Strike_P","Defend_P"],"score":542,"play_id":"39c3c240-28ab-4c19-a490-c66863f00116","local_time":"20210113015357","is_ascension_mode":true,"campfire_choices":[{"data":"Adaptation","floor":11.0,"key":"SMITH"},{"floor":15.0,"key":"REST"},{"floor":24.0,"key":"REST"},{"floor":32.0,"key":"REST"}],"circlet_count":0,"master_deck":["AscendersBane","Strike_P","Strike_P","Strike_P","Defend_P","Defend_P","Eruption","Vigilance","FollowUp","Vault","WheelKick","PathToVictory","Adaptation+1","MentalFortress","EmptyFist"],"relics":["Philosopher\u0027s Stone","White Beast Statue","StrikeDummy","Bag of Preparation","Golden Idol","Black Star","PreservedInsect","Old Coin","Centennial Puzzle","TeardropLocket","Mummified Hand"],"acts_visited":["Exordium","TheCity"],"potions_floor_usage":[33,33],"damage_taken":[{"damage":0.0,"enemies":"Cultist","floor":1.0,"turns":2.0},{"damage":0.0,"enemies":"2 Louse","floor":2.0,"turns":1.0},{"damage":13.0,"enemies":"Jaw Worm","floor":3.0,"turns":3.0},{"damage":5.0,"enemies":"2 Fungi Beasts","floor":5.0,"turns":3.0},{"damage":10.0,"enemies":"Exordium Thugs","floor":6.0,"turns":4.0},{"damage":13.0,"enemies":"Lagavulin","floor":7.0,"turns":4.0},{"damage":0.0,"enemies":"Looter","floor":8.0,"turns":3.0},{"damage":0.0,"enemies":"3 Louse","floor":14.0,"turns":2.0},{"damage":0.0,"enemies":"Slime Boss","floor":16.0,"turns":6.0},{"damage":6.0,"enemies":"3 Byrds","floor":18.0,"turns":5.0},{"damage":33.0,"enemies":"Gremlin Leader","floor":23.0,"turns":6.0},{"damage":30.0,"enemies":"Slavers","floor":25.0,"turns":4.0},{"damage":0.0,"enemies":"Spheric Guardian","floor":28.0,"turns":3.0},{"damage":0.0,"enemies":"3 Cultists","floor":29.0,"turns":3.0},{"damage":0.0,"enemies":"Cultist and Chosen","floor":30.0,"turns":4.0},{"damage":0.0,"enemies":"Shelled Parasite and Fungi","floor":31.0,"turns":3.0},{"damage":33,"enemies":"Collector","floor":33,"turns":8}],"seed_played":"-5026517449953091102","potions_obtained":[{"floor":3.0,"key":"ColorlessPotion"},{"floor":8.0,"key":"FearPotion"},{"floor":14.0,"key":"PowerPotion"},{"floor":16.0,"key":"ColorlessPotion"},{"floor":18.0,"key":"Explosive Potion"},{"floor":25.0,"key":"SneckoOil"},{"floor":28.0,"key":"StancePotion"},{"floor":29.0,"key":"SkillPotion"},{"floor":31.0,"key":"Weak Potion"}],"is_trial":false,"path_per_floor":["M","M","M","$","M","M","E","M","T","$","R","?","?","M","R","B",null,"M","$","?","$","?","E","R","E","T","?","M","M","M","M","R","B"],"character_chosen":"WATCHER","items_purchased":["EmptyFist"],"campfire_rested":3,"item_purchase_floors":[21],"current_hp_per_floor":[65,65,52,52,47,37,24,24,24,24,24,21,21,21,41,41,61,55,55,55,55,55,22,42,12,12,12,12,12,12,12,32,0,0],"gold":543,"neow_bonus":"BOSS_RELIC","is_daily":false,"chose_seed":false,"campfire_upgraded":1,"win_rate":0.0,"timestamp":1610470437,"path_taken":["M","?","M","?","M","M","E","M","T","$","R","?","?","?","R","BOSS","M","$","?","?","?","E","R","E","T","?","M","?","M","M","R","BOSS"],"items_purchased_type":["Card"],"build_version":"2020-12-22","purchased_purges":3,"victory":false,"max_hp_per_floor":[72,72,72,72,72,72,72,72,72,72,72,72,67,67,67,67,67,67,67,67,67,67,67,67,67,67,67,67,67,67,67,67,67,67],"card_choices":[{"not_picked":["Evaluate","JustLucky"],"picked":"FollowUp","floor":1.0},{"not_picked":["Prostrate","Protect"],"picked":"Vault","floor":2.0},{"not_picked":["Prostrate","ThirdEye"],"picked":"WheelKick","floor":3.0},{"not_picked":["Consecrate","Blasphemy"],"picked":"PathToVictory","floor":5.0},{"not_picked":["FlurryOfBlows","Protect"],"picked":"Adaptation","floor":6.0},{"not_picked":["Prostrate","WaveOfTheHand"],"picked":"MentalFortress","floor":7.0},{"not_picked":["Wireheading","Halt","ForeignInfluence"],"picked":"SKIP","floor":8.0},{"not_picked":["Wireheading","Halt","ForeignInfluence"],"picked":"SKIP","floor":8.0},{"not_picked":["CutThroughFate","ThirdEye","SashWhip"],"picked":"SKIP","floor":14.0},{"not_picked":["Swivel","Protect+1","PathToVictory"],"picked":"SKIP","floor":18.0},{"not_picked":["Perseverance","JustLucky","Nirvana"],"picked":"SKIP","floor":23.0},{"not_picked":["FollowUp","Evaluate","EmptyFist"],"picked":"SKIP","floor":25.0},{"not_picked":["Evaluate","CrushJoints","Collect+1"],"picked":"SKIP","floor":28.0},{"not_picked":["FollowUp","CrushJoints","Consecrate"],"picked":"SKIP","floor":29.0},{"not_picked":["Crescendo","SandsOfTime","SashWhip"],"picked":"SKIP","floor":30.0},{"not_picked":["SashWhip+1","Pray","Evaluate"],"picked":"SKIP","floor":31.0}],"player_experience":170511,"relics_obtained":[{"floor":7.0,"key":"White Beast Statue"},{"floor":9.0,"key":"StrikeDummy"},{"floor":23.0,"key":"PreservedInsect"},{"floor":23.0,"key":"Old Coin"},{"floor":25.0,"key":"Centennial Puzzle"},{"floor":25.0,"key":"TeardropLocket"},{"floor":26.0,"key":"Mummified Hand"}],"event_choices":[{"damage_healed":0.0,"max_hp_gain":0.0,"max_hp_loss":0.0,"gold_gain":0.0,"event_name":"Scrap Ooze","player_choice":"Success","floor":12.0,"gold_loss":0.0,"damage_taken":3.0,"relics_obtained":["Bag of Preparation"]},{"damage_healed":0.0,"max_hp_gain":0.0,"max_hp_loss":5.0,"gold_gain":0.0,"event_name":"Golden Idol","player_choice":"Lose Max HP","floor":13.0,"gold_loss":0.0,"damage_taken":0.0,"relics_obtained":["Golden Idol"]},{"damage_healed":0.0,"max_hp_gain":0.0,"max_hp_loss":0.0,"gold_gain":0.0,"event_name":"Cursed Tome","player_choice":"Ignored","floor":20.0,"gold_loss":0.0,"damage_taken":0.0},{"damage_healed":0.0,"max_hp_gain":0.0,"max_hp_loss":0.0,"gold_gain":100.0,"event_name":"The Joust","player_choice":"Bet on Murderer","floor":27.0,"gold_loss":50.0,"damage_taken":0.0}],"is_beta":false,"boss_relics":[{"not_picked":["Fusion Hammer","Runic Dome"],"picked":"Black Star"}],"items_purged_floors":[4,10,19],"is_endless":false,"potions_floor_spawned":[3,8,14,16,18,23,25,28,29,30,31],"killed_by":"Collector","ascension_level":12}}