{"host":"oehe2dxjvdgux73m","time":1610467049,"event":{"mods":["AchievementEnabler","BaseMod","Colored Map","Colored Powertips","DeckTracker","Keyboard Shortcuts","Minty Spire (QoL Compilation)","Permanent Neow","Quick Restart","StSLib","SuperFastMode"],"gold_per_floor":[109,127,147,158,233,260,270,298,323,335,365,381,381,407,407,508,508,523,523,473,486,504,504,522,363,386,403,403,403],"floor_reached":28,"playtime":1047,"items_purged":["Strike_R"],"score":350,"play_id":"78e6f3c5-48f3-406e-9d08-d6050f96aa8f","local_time":"20210113005729","is_ascension_mode":true,"campfire_choices":[{"data":"Uppercut","floor":13.0,"key":"SMITH"},{"data":"Perfected Strike","floor":15.0,"key":"SMITH"},{"floor":23.0,"key":"REST"}],"circlet_count":0,"master_deck":["Strike_R","Strike_R","Strike_R","Strike_R","Defend_R","Defend_R","Defend_R","Defend_R","Bash","Writhe","Uppercut+1","Shrug It Off","Perfected Strike+1","Power Through","Shrug It Off","Twin Strike","Cleave","Warcry+1","Purity"],"relics":["Burning Blood","Thread and Needle","Oddly Smooth Stone","Letter Opener","Bag of Preparation","Odd Mushroom","Dream Catcher","Philosopher\u0027s Stone","Anchor"],"acts_visited":["Exordium","TheCity"],"potions_floor_usage":[],"damage_taken":[{"damage":0.0,"enemies":"Cultist","floor":1.0,"turns":4.0},{"damage":0.0,"enemies":"2 Louse","floor":2.0,"turns":3.0},{"damage":0.0,"enemies":"Small Slimes","floor":3.0,"turns":6.0},{"damage":8.0,"enemies":"2 Fungi Beasts","floor":4.0,"turns":4.0},{"damage":0.0,"enemies":"Gremlin Nob","floor":6.0,"turns":4.0},{"damage":41.0,"enemies":"Exordium Thugs","floor":7.0,"turns":7.0},{"damage":34.0,"enemies":"Lagavulin","floor":8.0,"turns":10.0},{"damage":0.0,"enemies":"Gremlin Gang","floor":10.0,"turns":6.0},{"damage":5.0,"enemies":"The Mushroom Lair","floor":11.0,"turns":5.0},{"damage":0.0,"enemies":"2 Fungi Beasts","floor":12.0,"turns":4.0},{"damage":8.0,"enemies":"Gremlin Nob","floor":14.0,"turns":4.0},{"damage":61.0,"enemies":"The Guardian","floor":16.0,"turns":15.0},{"damage":12.0,"enemies":"Spheric Guardian","floor":18.0,"turns":4.0},{"damage":27.0,"enemies":"3 Byrds","floor":21.0,"turns":4.0},{"damage":4.0,"enemies":"Shelled Parasite and Fungi","floor":22.0,"turns":7.0},{"damage":7.0,"enemies":"Centurion and Healer","floor":24.0,"turns":6.0},{"damage":27,"enemies":"Chosen and Byrds","floor":27,"turns":6},{"damage":27,"enemies":"Snake Plant","floor":28,"turns":3}],"seed_played":"2521183892303765524","potions_obtained":[{"floor":2.0,"key":"SkillPotion"},{"floor":3.0,"key":"AttackPotion"},{"floor":6.0,"key":"Regen Potion"},{"floor":8.0,"key":"BlessingOfTheForge"},{"floor":14.0,"key":"FairyPotion"},{"floor":22.0,"key":"Ancient Potion"},{"floor":24.0,"key":"HeartOfIron"}],"is_trial":false,"path_per_floor":["M","M","M","M","?","E","M","E","T","M","?","M","R","E","R","B",null,"M","?","?","M","M","R","M","$","T","M","M"],"character_chosen":"IRONCLAD","items_purchased":["Purity"],"campfire_rested":1,"item_purchase_floors":[25],"current_hp_per_floor":[78,80,80,78,67,73,53,25,25,31,32,38,38,36,36,16,64,58,43,43,22,24,49,48,48,48,27,0,0],"gold":403,"neow_bonus":"ONE_RARE_RELIC","is_daily":false,"chose_seed":false,"campfire_upgraded":2,"win_rate":0.0,"timestamp":1610467049,"path_taken":["M","?","M","M","?","E","M","E","T","M","?","M","R","E","R","BOSS","M","?","?","M","M","R","M","$","T","M","?"],"items_purchased_type":["Card"],"build_version":"2020-12-22","purchased_purges":1,"victory":false,"max_hp_per_floor":[80,80,80,80,80,80,80,80,80,80,80,80,80,80,80,80,80,80,85,85,85,85,85,85,85,85,85,85,85],"card_choices":[{"not_picked":["Shrug It Off","Ghostly Armor"],"picked":"Uppercut","floor":1.0},{"not_picked":["Clash","Havoc"],"picked":"Shrug It Off","floor":2.0},{"not_picked":["Heavy Blade","Sword Boomerang"],"picked":"Perfected Strike","floor":3.0},{"not_picked":["Warcry","Clothesline"],"picked":"Power Through","floor":4.0},{"not_picked":["Rage","Hemokinesis","Barricade"],"picked":"SKIP","floor":6.0},{"not_picked":["Armaments","Power Through"],"picked":"Shrug It Off","floor":7.0},{"not_picked":["Dual Wield","Perfected Strike"],"picked":"Twin Strike","floor":8.0},{"not_picked":["Flex","Perfected Strike","Anger"],"picked":"SKIP","floor":10.0},{"not_picked":["Warcry","Hemokinesis"],"picked":"Cleave","floor":12.0},{"not_picked":["Metallicize","Hemokinesis","Power Through"],"picked":"SKIP","floor":14.0},{"not_picked":["Entrench","Fire Breathing+1","Havoc"],"picked":"SKIP","floor":18.0},{"not_picked":["Iron Wave+1","Shrug It Off","Havoc"],"picked":"SKIP","floor":21.0},{"not_picked":["Anger","Intimidate"],"picked":"Warcry+1","floor":22.0},{"not_picked":["Limit Break","Flex","Iron Wave"],"picked":"SKIP","floor":24.0},{"not_picked":["Headbutt+1","Flex","Flame Barrier"],"picked":"SKIP","floor":27}],"player_experience":143433,"relics_obtained":[{"floor":6.0,"key":"Oddly Smooth Stone"},{"floor":8.0,"key":"Letter Opener"},{"floor":9.0,"key":"Bag of Preparation"},{"floor":11.0,"key":"Odd Mushroom"},{"floor":14.0,"key":"Dream Catcher"},{"floor":26.0,"key":"Anchor"}],"event_choices":[{"damage_healed":0.0,"max_hp_gain":0.0,"max_hp_loss":0.0,"gold_gain":75.0,"event_name":"World of Goop","player_choice":"Gather Gold","floor":5.0,"gold_loss":0.0,"damage_taken":11.0},{"damage_healed":0.0,"max_hp_gain":0.0,"max_hp_loss":0.0,"gold_gain":0.0,"event_name":"Mushrooms","player_choice":"Fought Mushrooms","floor":11.0,"gold_loss":0.0,"damage_taken":0.0},{"damage_healed":0.0,"max_hp_gain":5.0,"max_hp_loss":0.0,"gold_gain":0.0,"event_name":"Forgotten Altar","player_choice":"Shed Blood","floor":19.0,"gold_loss":0.0,"damage_taken":20.0},{"damage_healed":0.0,"max_hp_gain":0.0,"max_hp_loss":0.0,"gold_gain":0.0,"event_name":"The Joust","player_choice":"Bet on Murderer","floor":20.0,"gold_loss":50.0,"damage_taken":0.0}],"is_beta":false,"boss_relics":[{"not_picked":["Fusion Hammer","Busted Crown"],"picked":"Philosopher\u0027s Stone"}],"items_purged_floors":[25],"is_endless":false,"potions_floor_spawned":[2,3,6,8,14,22,24],"killed_by":"Snake Plant","ascension_level":6}}