{"host":"6fvsmq01sdgzycy0","time":1610435578,"event":{"mods":["Act Like it!","BaseMod","Challenge The Spire","Duelist Mod","Energized Spire","Friendly Minions","Gensokyo","GifTheSpireLib","Luminous","Minty Spire (QoL Compilation)","StSLib","Td1madao Mod","Yuyuko","vexMod"],"gold_per_floor":[112,122,47,47,47,82,99,133,133,147,147,161,193,204,204,301,301,320,235,235,235,255,255,268,302,329,229,229,257,257,290,290,389,389,407,407,427,233,233,233,233],"floor_reached":40,"playtime":2190,"items_purged":["Luminous:Defend_Luminous","Regret","Luminous:Defend_Luminous"],"score":612,"play_id":"c7b799b0-1bae-4631-9833-a08f5c714974","local_time":"20210112151258","is_ascension_mode":false,"campfire_choices":[{"floor":15.0,"key":"RECALL"},{"data":"Luminous:Dark_Crescendo_Luminous","floor":23.0,"key":"SMITH"},{"data":"Luminous:Photic_Meditation_Luminous","floor":30,"key":"SMITH"},{"data":"Luminous:Lunar_Tide_Luminous","floor":32,"key":"SMITH"}],"circlet_count":0,"master_deck":["Luminous:Light_Flash_Shower","Luminous:Light_Flash_Shower","Luminous:Light_Flash_Shower","Luminous:Dark_Abyssal_Drop","Luminous:Dark_Abyssal_Drop","Luminous:Defend_Luminous","Luminous:Switch_Luminous","Luminous:Dark_Raid","Luminous:Light_Glare","Luminous:Light_Sylvan_Lance","Luminous:Photic_Meditation_Luminous+1","Luminous:Light_Glare","Luminous:Lunar_Tide_Luminous+1","Luminous:Magic_Accelerate_Luminous","Luminous:Dark_Crescendo_Luminous+1","Luminous:Lights_Protection_Luminous","Luminous:Light_Gather+1","Luminous:Light_Sylvan_Lance+1","Luminous:Arcane_Rage_Luminous","Luminous:Fast_Spell_Luminous+1","Luminous:Photic_Meditation_Luminous","Luminous:Arcane_Rage_Luminous"],"relics":["Luminous:MirrorRelic","NeowsBlessing","vexMod:ScavengeHelm","Potion Belt","Tiny Chest","Ornamental Fan","vexMod:MysteryBossChallenge","theDuelist:MillenniumKey","Pen Nib","Molten Egg 2","Matryoshka","Bronze Scales","Omamori","Burning Blood","StoneCalendar","Bottled Tornado","SlaversCollar"],"acts_visited":["Exordium","TheCity","TheBeyond"],"potions_floor_usage":[40],"damage_taken":[{"damage":0.0,"enemies":"Small Slimes","floor":1.0,"turns":1.0},{"damage":0.0,"enemies":"2 Louse","floor":2.0,"turns":1.0},{"damage":0.0,"enemies":"Gremlin Nob","floor":6.0,"turns":1.0},{"damage":2.0,"enemies":"Cultist","floor":7.0,"turns":3.0},{"damage":1.0,"enemies":"Lagavulin","floor":8.0,"turns":6.0},{"damage":5.0,"enemies":"Exordium Thugs","floor":10.0,"turns":4.0},{"damage":2.0,"enemies":"Blue Slaver","floor":12.0,"turns":3.0},{"damage":32.0,"enemies":"3 Sentries","floor":13.0,"turns":7.0},{"damage":7.0,"enemies":"Large Slime","floor":14.0,"turns":7.0},{"damage":7.0,"enemies":"Hexaghost","floor":16.0,"turns":11.0},{"damage":30.0,"enemies":"2 Thieves","floor":18.0,"turns":5.0},{"damage":15.0,"enemies":"Shell Parasite","floor":22.0,"turns":5.0},{"damage":14.0,"enemies":"3 Cultists","floor":24.0,"turns":7.0},{"damage":0.0,"enemies":"theDuelist:KaibaA2","floor":25.0,"turns":1.0},{"damage":0,"enemies":"Book of Stabbing","floor":29,"turns":5},{"damage":0,"enemies":"theDuelist:KaibaA2","floor":31,"turns":3},{"damage":18,"enemies":"Automaton","floor":33,"turns":8},{"damage":5,"enemies":"Orb Walker","floor":35,"turns":4},{"damage":28,"enemies":"3 Shapes","floor":37,"turns":4},{"damage":73,"enemies":"Reptomancer","floor":40,"turns":2}],"seed_played":"7497414280507808323","potions_obtained":[{"floor":2.0,"key":"SmokeBomb"},{"floor":7.0,"key":"SkillPotion"},{"floor":8.0,"key":"EssenceOfSteel"},{"floor":13.0,"key":"LiquidBronze"},{"floor":14.0,"key":"EssenceOfSteel"},{"floor":25.0,"key":"BlessingOfTheForge"},{"floor":29,"key":"LiquidMemories"},{"floor":31,"key":"ColorlessPotion"},{"floor":33,"key":"ColorlessPotion"}],"is_trial":false,"path_per_floor":["M","M","$","?","?","E","M","E","T","M","T","M","E","M","R","B",null,"M","?","?","T","M","R","M","E","T","$","?","E","R","E","R","B",null,"M","?","M","$","?","E"],"character_chosen":"LuminousClass","items_purchased":["Luminous:Photic_Meditation_Luminous"],"campfire_rested":0,"item_purchase_floors":[38],"current_hp_per_floor":[75,75,75,75,75,75,73,75,75,70,76,74,48,47,47,46,81,57,57,57,57,47,47,39,39,39,39,39,50,50,61,61,55,81,81,81,65,65,65,0,0],"gold":233,"neow_bonus":"THREE_ENEMY_KILL","is_daily":false,"chose_seed":false,"campfire_upgraded":3,"win_rate":0.0,"timestamp":1610435578,"path_taken":["M","M","$","?","?","E","?","E","T","M","?","M","E","M","R","BOSS","M","?","?","?","M","R","M","E","T","$","?","E","R","E","R","BOSS","M","?","M","$","?","E"],"items_purchased_type":["Card"],"build_version":"2020-12-22","purchased_purges":3,"victory":false,"max_hp_per_floor":[75,75,75,75,75,75,75,75,75,75,81,81,81,81,81,81,81,81,81,81,81,81,81,81,81,81,81,81,81,81,81,81,81,81,81,81,81,81,81,81,81],"card_choices":[{"not_picked":["Luminous:Accumulation_Luminous","Luminous:Dark_Dim_Erosion"],"picked":"Luminous:Dark_Raid","floor":1.0},{"not_picked":["Luminous:Darks_Surge_Luminous","Luminous:Concentrate_Luminous"],"picked":"Luminous:Light_Glare","floor":2.0},{"not_picked":["Luminous:Dark_Raid","Luminous:Balance_Death_Scythe"],"picked":"Luminous:Light_Glare","floor":6.0},{"not_picked":["Luminous:Accumulation_Luminous","Luminous:Dark_Raid","Luminous:Light_Disperse"],"picked":"SKIP","floor":7.0},{"not_picked":["Luminous:Abyss_Heart_Luminous","Luminous:Mirror_Force_Luminous"],"picked":"Luminous:Lunar_Tide_Luminous","floor":8.0},{"not_picked":["Luminous:Concentrate_Luminous","Luminous:Accumulation_Luminous","Luminous:Light_Disperse"],"picked":"SKIP","floor":10.0},{"not_picked":["Luminous:Light_Wash_Luminous","Luminous:Hero_Will_Luminous","Luminous:Balance_Ender"],"picked":"SKIP","floor":12.0},{"not_picked":["Luminous:Mana_Overload_Luminous","Luminous:Light_Track"],"picked":"Luminous:Magic_Accelerate_Luminous","floor":13.0},{"not_picked":["Luminous:Dark_Raid","Luminous:Dark_Dim_Erosion","Luminous:Light_Wash_Luminous"],"picked":"SKIP","floor":14.0},{"not_picked":["Luminous:Balance_Baptism","Luminous:Date_of_Light_Luminous"],"picked":"Luminous:Dark_Crescendo_Luminous","floor":16.0},{"not_picked":["Luminous:Concentrate_Luminous","Luminous:Dark_Dim_Erosion","Luminous:Accumulation_Luminous"],"picked":"SKIP","floor":18.0},{"not_picked":["Luminous:Balance_Ender+1","Luminous:Concentrate_Luminous"],"picked":"Luminous:Light_Gather+1","floor":22.0},{"not_picked":["Luminous:Sympathy_Luminous","Luminous:Balance_Ender+1","Luminous:Lights_Protection_Luminous"],"picked":"SKIP","floor":24.0},{"not_picked":["Luminous:Light_Glare+1","Luminous:Dark_Dim_Erosion+1"],"picked":"Luminous:Light_Sylvan_Lance+1","floor":25.0},{"not_picked":["Luminous:Dark_Arcane_Pitch+1","Luminous:Dark_Extract+1","Luminous:Light_Sylvan_Lance+1"],"picked":"SKIP","floor":29},{"not_picked":["Luminous:Light_Sylvan_Lance+1","Luminous:Light_Disperse+1","Luminous:Dark_Pressure_Void+1"],"picked":"SKIP","floor":31},{"not_picked":["Luminous:Balance_Baptism+1","Luminous:Mirror_Force_Luminous"],"picked":"Luminous:Arcane_Rage_Luminous","floor":33},{"not_picked":["Luminous:Darks_Surge_Luminous+1","Luminous:Light_Wash_Luminous","Luminous:Dark_Raid+1"],"picked":"SKIP","floor":35},{"not_picked":["Luminous:Dark_Morning_Star+1","Luminous:Dark_Extract+1"],"picked":"Luminous:Fast_Spell_Luminous+1","floor":37}],"player_experience":45439,"relics_obtained":[{"floor":6.0,"key":"Potion Belt"},{"floor":8.0,"key":"Tiny Chest"},{"floor":11.0,"key":"vexMod:BerryBomb"},{"floor":13.0,"key":"Ornamental Fan"},{"floor":21.0,"key":"Molten Egg 2"},{"floor":25.0,"key":"Matryoshka"},{"floor":26.0,"key":"Bronze Scales"},{"floor":26.0,"key":"Omamori"},{"floor":29,"key":"StoneCalendar"},{"floor":31,"key":"Bottled Tornado"}],"event_choices":[{"damage_healed":0.0,"max_hp_gain":0.0,"max_hp_loss":0.0,"gold_gain":0.0,"event_name":"Big Fish","player_choice":"Box","floor":4.0,"gold_loss":0.0,"damage_taken":0.0,"relics_obtained":["vexMod:ScavengeHelm"],"cards_obtained":["Regret"]},{"damage_healed":0.0,"max_hp_gain":0.0,"max_hp_loss":0.0,"gold_gain":0.0,"event_name":"Match and Keep!","player_choice":"2 cards matched","floor":5.0,"gold_loss":0.0,"damage_taken":0.0,"cards_obtained":["Luminous:Light_Sylvan_Lance","Luminous:Photic_Meditation_Luminous"]},{"damage_healed":0.0,"max_hp_gain":0.0,"max_hp_loss":0.0,"gold_gain":0.0,"event_name":"Addict","player_choice":"Obtained Relic","floor":19.0,"gold_loss":85.0,"damage_taken":0.0,"relics_obtained":["Pen Nib"]},{"damage_healed":0.0,"max_hp_gain":0.0,"max_hp_loss":0.0,"gold_gain":0.0,"cards_transformed":["Luminous:Defend_Luminous"],"event_name":"Transmorgrifier","player_choice":"Transformed","floor":20.0,"gold_loss":0.0,"damage_taken":0.0,"cards_obtained":["Luminous:Lights_Protection_Luminous"]},{"damage_healed":0,"gold_gain":0,"player_choice":"Copied","damage_taken":0,"max_hp_gain":0,"max_hp_loss":0,"event_name":"Duplicator","floor":39,"gold_loss":0,"cards_obtained":["Luminous:Arcane_Rage_Luminous"]}],"is_beta":false,"boss_relics":[{"not_picked":["Calling Bell","Busted Crown"],"picked":"vexMod:MysteryBossChallenge"},{"not_picked":["Runic Dome","Sozu"],"picked":"SlaversCollar"}],"items_purged_floors":[3,27,38],"is_endless":false,"potions_floor_spawned":[2,7,8,13,14,25,29,31,33],"killed_by":"Reptomancer","ascension_level":0}}