{"host":"3l94tha3a4jgu0q4","time":1610432772,"event":{"mods":["2.2 Compatiblity","AchievementEnabler","BaseMod","Colored Map","Colored Powertips","Highlight Path","Minty Spire (QoL Compilation)","Permanent Neow","StSLib","SuperFastMode","The IronCluck","slay the spire mod where everything is the same but ironclad has a cowboy hat"],"gold_per_floor":[112,112,40,59,9,9,27,62,62,80,92,107,107,107,107],"floor_reached":14,"playtime":269,"items_purged":[],"score":156,"play_id":"9dc861b0-3b7e-4126-a443-a8f4d142cb62","local_time":"20210111222612","is_ascension_mode":true,"campfire_choices":[{"data":"Eruption","floor":6,"key":"SMITH"},{"floor":13,"key":"REST"}],"circlet_count":0,"master_deck":["AscendersBane","Strike_P","Strike_P","Defend_P","Defend_P","Eruption+1","Vigilance","Evaluate","Wallop","Adaptation","Consecrate","Vault","Indignation","TalkToTheHand","EmptyFist"],"relics":["Empty Cage","Mummified Hand","Lantern"],"acts_visited":["Exordium"],"potions_floor_usage":[14,14],"damage_taken":[{"damage":4,"enemies":"Jaw Worm","floor":1,"turns":5},{"damage":5,"enemies":"Small Slimes","floor":4,"turns":4},{"damage":0,"enemies":"Cultist","floor":7,"turns":3},{"damage":32,"enemies":"Gremlin Nob","floor":8,"turns":4},{"damage":0,"enemies":"Blue Slaver","floor":10,"turns":4},{"damage":3,"enemies":"Exordium Thugs","floor":11,"turns":3},{"damage":8,"enemies":"3 Louse","floor":12,"turns":3},{"damage":24,"enemies":"3 Sentries","floor":14,"turns":4}],"seed_played":"4226018798271283692","potions_obtained":[{"floor":1,"key":"LiquidBronze"},{"floor":4,"key":"Energy Potion"}],"is_trial":false,"path_per_floor":["M","?","$","M","?","R","M","E","T","M","M","M","R","E"],"character_chosen":"WATCHER","items_purchased":["Wallop"],"campfire_rested":1,"item_purchase_floors":[3],"current_hp_per_floor":[57,50,50,45,45,45,45,13,13,13,10,2,22,0,0],"gold":107,"neow_bonus":"BOSS_RELIC","is_daily":false,"chose_seed":false,"campfire_upgraded":1,"win_rate":0.0,"timestamp":1610432772,"path_taken":["M","?","$","M","?","R","M","E","T","M","M","M","R","E"],"items_purchased_type":["Card"],"build_version":"2020-12-22","purchased_purges":0,"victory":false,"max_hp_per_floor":[68,68,68,68,68,68,68,68,68,68,68,68,68,68,68],"card_choices":[{"not_picked":["BattleHymn","FollowUp"],"picked":"Evaluate","floor":1},{"not_picked":["Perseverance","JustLucky"],"picked":"Adaptation","floor":4},{"not_picked":["Fasting2","Swivel"],"picked":"Consecrate","floor":7},{"not_picked":["BowlingBash","CutThroughFate"],"picked":"Vault","floor":8},{"not_picked":["SashWhip","FlyingSleeves"],"picked":"Indignation","floor":10},{"not_picked":["ClearTheMind","EmptyFist"],"picked":"TalkToTheHand","floor":11},{"not_picked":["Pray","Consecrate"],"picked":"EmptyFist","floor":12}],"player_experience":1924607,"relics_obtained":[{"floor":8,"key":"Mummified Hand"},{"floor":9,"key":"Lantern"}],"event_choices":[{"cards_removed":["Strike_P"],"damage_healed":0,"gold_gain":0,"player_choice":"Card Removal","damage_taken":7,"max_hp_gain":0,"max_hp_loss":0,"event_name":"Golden Wing","floor":2,"gold_loss":0},{"cards_removed":["Defend_P"],"damage_healed":0,"gold_gain":0,"player_choice":"Card Removal","damage_taken":0,"max_hp_gain":0,"max_hp_loss":0,"event_name":"The Cleric","floor":5,"gold_loss":50}],"is_beta":false,"boss_relics":[],"items_purged_floors":[],"is_endless":false,"potions_floor_spawned":[1,4,8],"killed_by":"3 Sentries","ascension_level":14}}