{"host":"oigynbtg272c19pw","time":1610481751,"event":{"mods":["BaseMod","Colored Map","Minty Spire (QoL Compilation)","Relic Stats","StSLib"],"gold_per_floor":[119,119,119,119,133,165,165,193,193,209,209,209,54,83,83,161,161,175,4,19,19,30,63,63,63,145,176,191,191,291,304,304,377,377,388,153,172,187,239,269,269,269],"floor_reached":41,"playtime":3906,"items_purged":["Defend_P","Writhe"],"score":1004,"play_id":"c10924bf-e52f-497a-8f1d-91f5cedc2d0e","local_time":"20210112210231","is_ascension_mode":true,"campfire_choices":[{"data":"Vigilance","floor":7.0,"key":"SMITH"},{"floor":12.0,"key":"REST"},{"data":"Devotion","floor":15.0,"key":"SMITH"},{"floor":24.0,"key":"REST"},{"floor":32.0,"key":"REST"}],"circlet_count":0,"master_deck":["AscendersBane","Strike_P+1","Strike_P+1","Strike_P+1","Defend_P+1","Eruption+1","Vigilance+1","WheelKick+1","ClearTheMind+1","Swivel+1","Devotion+1","Evaluate+1","ThirdEye+1","EmptyBody+1","Consecrate+1","DevaForm","Evaluate+1","Meditate+1","LikeWater","CutThroughFate+1","FearNoEvil+1","DeceiveReality+1","Evaluate+1","Alpha+1","WaveOfTheHand+1","BowlingBash+1","Brilliance+1","SpiritShield+1","CrushJoints+1","MentalFortress+1","Wallop+1"],"relics":["PureWater","NeowsBlessing","Toxic Egg 2","StrikeDummy","Whetstone","MealTicket","Letter Opener","Molten Egg 2","Black Star","ClockworkSouvenir","Anchor","FossilizedHelix","Nunchaku","Shuriken","Art of War","Boot","Girya","Kunai","VioletLotus","Dead Branch","Prayer Wheel","Bag of Marbles"],"acts_visited":["Exordium","TheCity","TheBeyond"],"potions_floor_usage":[33,37,40],"damage_taken":[{"damage":0.0,"enemies":"Small Slimes","floor":1.0,"turns":1.0},{"damage":0.0,"enemies":"2 Louse","floor":5.0,"turns":1.0},{"damage":0.0,"enemies":"3 Sentries","floor":6.0,"turns":2.0},{"damage":17.0,"enemies":"Gremlin Nob","floor":8.0,"turns":4.0},{"damage":0.0,"enemies":"Cultist","floor":10.0,"turns":3.0},{"damage":6.0,"enemies":"Lagavulin","floor":14.0,"turns":6.0},{"damage":3.0,"enemies":"The Guardian","floor":16.0,"turns":11.0},{"damage":3.0,"enemies":"2 Thieves","floor":18.0,"turns":3.0},{"damage":12.0,"enemies":"Spheric Guardian","floor":20.0,"turns":5.0},{"damage":15.0,"enemies":"Centurion and Healer","floor":22.0,"turns":6.0},{"damage":16.0,"enemies":"Gremlin Leader","floor":23.0,"turns":6.0},{"damage":34.0,"enemies":"Book of Stabbing","floor":27.0,"turns":6.0},{"damage":0.0,"enemies":"Snecko","floor":28.0,"turns":5.0},{"damage":0.0,"enemies":"Colosseum Slavers","floor":30.0,"turns":4.0},{"damage":0.0,"enemies":"Colosseum Nobs","floor":30.0,"turns":4.0},{"damage":0.0,"enemies":"Snake Plant","floor":31.0,"turns":5.0},{"damage":64,"enemies":"Collector","floor":33,"turns":14},{"damage":0,"enemies":"3 Shapes","floor":35,"turns":9},{"damage":0,"enemies":"3 Darklings","floor":37,"turns":7},{"damage":0,"enemies":"Writhing Mass","floor":38,"turns":9},{"damage":21,"enemies":"2 Orb Walkers","floor":39,"turns":4},{"damage":37,"enemies":"Reptomancer","floor":40,"turns":9},{"damage":21,"enemies":"Jaw Worm Horde","floor":41,"turns":5}],"seed_played":"2131305218483659525","potions_obtained":[{"floor":1.0,"key":"Fire Potion"},{"floor":6.0,"key":"EssenceOfSteel"},{"floor":10.0,"key":"EssenceOfSteel"},{"floor":22.0,"key":"LiquidMemories"},{"floor":31.0,"key":"Dexterity Potion"},{"floor":33,"key":"LiquidMemories"},{"floor":35,"key":"Dexterity Potion"},{"floor":39,"key":"Fire Potion"}],"is_trial":false,"path_per_floor":["M","?","?","?","M","E","R","E","T","M","T","R","$","E","R","B",null,"M","$","M","?","M","E","R","?","T","E","M","?","?","M","R","B",null,"M","$","M","M","?","E","M"],"character_chosen":"WATCHER","items_purchased":["ThirdEye+1","EmptyBody+1","ClockworkSouvenir","SpiritShield+1","CrushJoints+1"],"campfire_rested":3,"item_purchase_floors":[13,13,19,36,36],"current_hp_per_floor":[61,50,43,43,43,43,43,26,26,26,26,46,61,55,55,52,64,61,68,56,56,41,25,45,45,45,11,11,11,11,11,31,34,60,60,68,68,68,47,10,0,0],"gold":269,"neow_bonus":"THREE_ENEMY_KILL","is_daily":false,"chose_seed":false,"campfire_upgraded":2,"win_rate":0.0,"timestamp":1610481751,"path_taken":["M","?","?","?","?","E","R","E","T","M","?","R","$","E","R","BOSS","M","$","M","?","M","E","R","?","T","E","?","?","?","M","R","BOSS","M","$","M","M","?","E","M"],"items_purchased_type":["Card","Card","Relic","Card","Card"],"build_version":"2020-12-13","purchased_purges":2,"victory":false,"max_hp_per_floor":[68,68,68,68,68,68,68,68,68,68,68,68,68,68,68,68,68,68,68,68,68,68,68,68,68,68,68,68,68,68,68,68,68,68,68,68,68,68,68,68,68,68],"relic_stats":{"counters":[23,129],"Dead Branch":[16],"Whetstone":["Strike_P","Eruption"],"Letter Opener":[269],"Boot":[6],"Nunchaku":[12],"Shuriken":[16],"MealTicket":30,"Prayer Wheel":0,"VioletLotus":[12],"Black Star":3,"Art of War":[18],"Kunai":[12],"obtain_stats":[{"Girya":30,"NeowsBlessing":0,"Dead Branch":39,"Whetstone":8,"Letter Opener":11,"Boot":27,"ClockworkSouvenir":19,"Anchor":23,"Nunchaku":25,"Shuriken":26,"MealTicket":9,"Molten Egg 2":14,"Prayer Wheel":40,"VioletLotus":34,"Black Star":17,"Art of War":27,"Bag of Marbles":40,"Kunai":30,"PureWater":0,"Toxic Egg 2":2,"StrikeDummy":6,"FossilizedHelix":23},{"Girya":15,"NeowsBlessing":0,"Dead Branch":21,"Whetstone":4,"Letter Opener":5,"Boot":12,"ClockworkSouvenir":8,"Anchor":11,"Nunchaku":11,"Shuriken":11,"MealTicket":4,"Molten Egg 2":6,"Prayer Wheel":22,"VioletLotus":17,"Black Star":7,"Art of War":12,"Bag of Marbles":22,"Kunai":15,"PureWater":0,"Toxic Egg 2":1,"StrikeDummy":3,"FossilizedHelix":11},{"Girya":67,"NeowsBlessing":0,"Dead Branch":115,"Whetstone":8,"Letter Opener":11,"Boot":54,"ClockworkSouvenir":31,"Anchor":48,"Nunchaku":48,"Shuriken":48,"MealTicket":8,"Molten Egg 2":17,"Prayer Wheel":124,"VioletLotus":86,"Black Star":28,"Art of War":54,"Bag of Marbles":124,"Kunai":67,"PureWater":0,"Toxic Egg 2":1,"StrikeDummy":4,"FossilizedHelix":48}]},"card_choices":[{"not_picked":["DeceiveReality","Protect"],"picked":"WheelKick","floor":1.0},{"not_picked":["FlyingSleeves","Crescendo+1"],"picked":"ClearTheMind+1","floor":5.0},{"not_picked":["EmptyFist","Worship+1"],"picked":"Swivel+1","floor":6.0},{"not_picked":["CutThroughFate","FlyingSleeves"],"picked":"Devotion","floor":8.0},{"not_picked":["ReachHeaven","FlyingSleeves"],"picked":"Evaluate+1","floor":10.0},{"not_picked":["CutThroughFate+1","Vengeance+1"],"picked":"Consecrate+1","floor":14.0},{"not_picked":["SpiritShield+1","MasterReality"],"picked":"DevaForm","floor":16.0},{"not_picked":["ClearTheMind+1","SashWhip+1"],"picked":"Evaluate+1","floor":18.0},{"not_picked":["Prostrate+1","EmptyMind+1"],"picked":"Meditate+1","floor":20.0},{"not_picked":["Weave+1","CutThroughFate+1"],"picked":"LikeWater","floor":22.0},{"not_picked":["FlurryOfBlows+1","WindmillStrike+1"],"picked":"CutThroughFate+1","floor":23.0},{"not_picked":["JustLucky+1","SashWhip+1"],"picked":"FearNoEvil+1","floor":27.0},{"not_picked":["FearNoEvil+1","PathToVictory+1"],"picked":"DeceiveReality+1","floor":28.0},{"not_picked":["FollowUp+1","Consecrate+1"],"picked":"WaveOfTheHand+1","floor":30.0},{"not_picked":["FollowUp+1","Pray+1"],"picked":"BowlingBash+1","floor":31.0},{"not_picked":["ConjureBlade+1","Devotion"],"picked":"Brilliance+1","floor":33},{"not_picked":["ThirdEye+1","Protect+1","Evaluate+1"],"picked":"SKIP","floor":35},{"not_picked":["Protect+1","LikeWater","CutThroughFate+1"],"picked":"SKIP","floor":37},{"not_picked":["FollowUp+1","Weave+1"],"picked":"MentalFortress+1","floor":38},{"not_picked":["Tantrum+1","WheelKick+1"],"picked":"Wallop+1","floor":39},{"not_picked":["Brilliance+1","Judgement+1","PathToVictory+1"],"picked":"SKIP","floor":40}],"player_experience":1371705,"relics_obtained":[{"floor":6.0,"key":"StrikeDummy"},{"floor":8.0,"key":"Whetstone"},{"floor":9.0,"key":"MealTicket"},{"floor":11.0,"key":"Letter Opener"},{"floor":14.0,"key":"Molten Egg 2"},{"floor":23.0,"key":"Anchor"},{"floor":23.0,"key":"FossilizedHelix"},{"floor":26.0,"key":"Shuriken"},{"floor":27.0,"key":"Art of War"},{"floor":27.0,"key":"Boot"},{"floor":30.0,"key":"Girya"},{"floor":30.0,"key":"Kunai"},{"floor":39,"key":"Dead Branch"},{"floor":40,"key":"Prayer Wheel"},{"floor":40,"key":"Bag of Marbles"}],"event_choices":[{"damage_healed":0.0,"max_hp_gain":0.0,"max_hp_loss":0.0,"gold_gain":0.0,"event_name":"Scrap Ooze","player_choice":"Success","floor":2.0,"gold_loss":0.0,"damage_taken":11.0,"relics_obtained":["Toxic Egg 2"]},{"cards_removed":["Strike_P"],"damage_healed":0.0,"max_hp_gain":0.0,"max_hp_loss":0.0,"gold_gain":0.0,"event_name":"Golden Wing","player_choice":"Card Removal","floor":3.0,"gold_loss":0.0,"damage_taken":7.0},{"damage_healed":0.0,"max_hp_gain":0.0,"max_hp_loss":0.0,"gold_gain":0.0,"event_name":"Upgrade Shrine","player_choice":"Upgraded","floor":4.0,"gold_loss":0.0,"damage_taken":0.0,"cards_upgraded":["WheelKick"]},{"damage_healed":0.0,"max_hp_gain":0.0,"max_hp_loss":0.0,"gold_gain":0.0,"event_name":"Back to Basics","player_choice":"Simplicity","floor":21.0,"gold_loss":0.0,"damage_taken":0.0,"cards_upgraded":["Strike_P","Strike_P","Defend_P","Defend_P","Defend_P"]},{"damage_healed":0.0,"max_hp_gain":0.0,"max_hp_loss":0.0,"gold_gain":0.0,"event_name":"The Mausoleum","player_choice":"Opened","floor":25.0,"gold_loss":0.0,"damage_taken":0.0,"relics_obtained":["Nunchaku"],"cards_obtained":["Writhe"]},{"damage_healed":0.0,"max_hp_gain":0.0,"max_hp_loss":0.0,"gold_gain":0.0,"cards_transformed":["Defend_P","Defend_P"],"event_name":"Drug Dealer","player_choice":"Became Test Subject","floor":29.0,"gold_loss":0.0,"damage_taken":0.0,"cards_obtained":["Evaluate","Alpha"]},{"damage_healed":0.0,"max_hp_gain":0.0,"max_hp_loss":0.0,"gold_gain":0.0,"event_name":"Colosseum","player_choice":"Fight","floor":30.0,"gold_loss":0.0,"damage_taken":0.0},{"damage_healed":0.0,"max_hp_gain":0.0,"max_hp_loss":0.0,"gold_gain":0.0,"event_name":"Colosseum","player_choice":"Fought Nobs","floor":30.0,"gold_loss":0.0,"damage_taken":0.0},{"damage_healed":0,"gold_gain":0,"player_choice":"Fight","damage_taken":0,"max_hp_gain":0,"max_hp_loss":0,"event_name":"Mysterious Sphere","floor":39,"gold_loss":0}],"is_beta":false,"boss_relics":[{"not_picked":["SlaversCollar","Runic Dome"],"picked":"Black Star"},{"not_picked":["Runic Pyramid","Philosopher\u0027s Stone"],"picked":"VioletLotus"}],"items_purged_floors":[13,36],"is_endless":false,"potions_floor_spawned":[1,6,10,22,30,31,33,35,39],"killed_by":"Jaw Worm Horde","ascension_level":20}}