{"host":"1ql62c9o0mvto073","time":1610428252,"event":{"mods":["BaseMod","Minty Spire (QoL Compilation)","Replay The Spire","StSLib"],"gold_per_floor":[114,114,13,13,13,13,40,40,66,96,115,142,191,208,208,208,208],"floor_reached":16,"playtime":688,"items_purged":["Strike_G"],"score":148,"play_id":"7aecce40-c58f-4ab3-a24a-3dfefd27404a","local_time":"20210112001052","is_ascension_mode":true,"campfire_choices":[{"data":"Hidden Blade","floor":6,"key":"SMITH"},{"floor":15,"key":"DIG"}],"circlet_count":0,"master_deck":["Strike_G","Strike_G","Strike_G","Strike_G","Strike_G","Defend_G","Defend_G","Defend_G","Defend_G","Defend_G","Survivor","Neutralize","Hidden Blade+1","Poisoned Stab","Noxious Fumes","Dagger Throw","Blur","Slice","Prepared"],"relics":["Ring of the Snake","Thread and Needle","Replay:WaspNest","Onion Ring","Shovel","Letter Opener","ReplayTheSpireMod:Lightbulb","Art of War","Toy Ornithopter"],"acts_visited":["Exordium"],"potions_floor_usage":[10,12],"damage_taken":[{"damage":1,"enemies":"Jaw Worm","floor":1,"turns":4},{"damage":2,"enemies":"3 Sentries","floor":7,"turns":7},{"damage":11,"enemies":"Gremlin Nob","floor":10,"turns":4},{"damage":0,"enemies":"Small Slimes","floor":11,"turns":2},{"damage":0,"enemies":"3 Sentries","floor":12,"turns":4},{"damage":0,"enemies":"2 Louse","floor":14,"turns":2},{"damage":49,"enemies":"Slime Boss","floor":16,"turns":9}],"seed_played":"-7411786226752580185","potions_obtained":[{"floor":1,"key":"Languid Potion"},{"floor":10,"key":"ColorlessPotion"}],"is_trial":false,"path_per_floor":["M","?","$","?","?","R","E","?","T","E","M","E","T","M","R","B"],"character_chosen":"THE_SILENT","items_purchased":["Poisoned Stab"],"campfire_rested":0,"item_purchase_floors":[3],"current_hp_per_floor":[69,51,51,56,56,56,54,54,54,43,43,43,43,43,43,0,0],"gold":208,"neow_bonus":"ONE_RARE_RELIC","is_daily":false,"chose_seed":false,"campfire_upgraded":1,"win_rate":0.0,"timestamp":1610428252,"path_taken":["M","?","$","?","?","R","E","?","T","E","M","E","?","M","R","BOSS"],"items_purchased_type":["Card"],"build_version":"2020-12-22","purchased_purges":1,"victory":false,"max_hp_per_floor":[70,70,70,75,75,75,75,75,75,75,75,75,75,75,75,75,75],"card_choices":[{"not_picked":["Choke","Skewer"],"picked":"Hidden Blade","floor":1},{"not_picked":["Expertise","Sucker Punch","Endless Agony"],"picked":"SKIP","floor":7},{"not_picked":["Underhanded Strike","Blade Dance"],"picked":"Dagger Throw","floor":10},{"not_picked":["Outmaneuver","Sucker Punch"],"picked":"Blur","floor":11},{"not_picked":["Flying Knee","Blur"],"picked":"Slice","floor":12},{"not_picked":["Skewer","Backflip"],"picked":"Prepared","floor":14}],"player_experience":418255,"relics_obtained":[{"floor":7,"key":"Onion Ring"},{"floor":10,"key":"Letter Opener"},{"floor":12,"key":"ReplayTheSpireMod:Lightbulb"},{"floor":13,"key":"Art of War"},{"floor":15,"key":"Toy Ornithopter"}],"event_choices":[{"damage_healed":0,"gold_gain":0,"player_choice":"Success","damage_taken":18,"relics_obtained":["Replay:WaspNest"],"max_hp_gain":0,"max_hp_loss":0,"event_name":"Scrap Ooze","floor":2,"gold_loss":0},{"damage_healed":0,"gold_gain":0,"player_choice":"Donut","damage_taken":0,"max_hp_gain":5,"max_hp_loss":0,"event_name":"Big Fish","floor":4,"gold_loss":0},{"damage_healed":0,"gold_gain":0,"cards_transformed":["Strike_R"],"player_choice":"Change","damage_taken":0,"max_hp_gain":0,"max_hp_loss":0,"event_name":"Living Wall","floor":5,"gold_loss":0,"cards_obtained":["Noxious Fumes"]},{"damage_healed":0,"gold_gain":0,"player_choice":"Searched \u00272\u0027 times","damage_taken":0,"relics_obtained":["Shovel"],"max_hp_gain":0,"max_hp_loss":0,"event_name":"Dead Adventurer","floor":8,"gold_loss":0}],"is_beta":false,"boss_relics":[],"items_purged_floors":[3],"is_endless":false,"potions_floor_spawned":[1,10],"killed_by":"Slime Boss","ascension_level":1}}