{"host":"vx45j8cu2uwqk4g9","time":1610432709,"event":{"mods":["BaseMod","Marisa£®ÏF”Í°°ƒß¿Ì…≥£©","Minty Spire (QoL Compilation)","Remilia£®¿Ÿ√◊¿Ú—«£©","Replay The Spire","StSLib","The Servant 0.9.4","Yakumo Yukari mod"],"gold_per_floor":[131,187,204,22,22,50,50,75,98,98,143,143,168,184,184,293,293,316,316,3,278,296,302,302],"floor_reached":23,"playtime":1761,"items_purged":["Normality"],"score":258,"play_id":"acee8959-7bbc-48c2-b0c9-ff5aa5a15b41","local_time":"20210112142509","is_ascension_mode":true,"campfire_choices":[{"data":"RuleDissolution_purple","floor":7,"key":"SMITH"},{"data":"OmniscientAndOmnipotent_Monster_purple","floor":12,"key":"SMITH"},{"floor":15,"key":"REST"}],"circlet_count":0,"master_deck":["AT_purpleEX","AT_purpleEX","AT_purpleEX","AT_purpleEX","Defend_purpleEX","Defend_purpleEX","Defend_purpleEX","Defend_purpleEX","Observe_purple_1","Observe_purple_2","RuleDissolution_purple+1","MNeedle_purple","Boundary_LightAndDark_purple","CommonSense_AntiCommonSense_purple+1","OmniscientAndOmnipotent_Monster_purple+1","Boundary_LifeAndDeath_purple","OpenedBox_purple","DimensionStaggered_purple","Monsters_DoubleDeathButterfly_purple","AbeCurse","Regret","Photoelasticity_Doppler_Effect_purple+1"],"relics":["Boundary_crack","Memoryfragments_purpleEX","NeowsBlessing","MealTicket","Replay:Bandana","Replay:Rubber Ducky","WingedGreaves","Abe\u0027s Treasure","Toy Ornithopter","Bottled Tornado"],"acts_visited":["Exordium","TheCity"],"potions_floor_usage":[11,18,18,23],"damage_taken":[{"damage":0,"enemies":"2 Louse","floor":1,"turns":1},{"damage":0,"enemies":"Small Slimes","floor":3,"turns":1},{"damage":21,"enemies":"Lagavulin","floor":6,"turns":1},{"damage":0,"enemies":"Cultist","floor":8,"turns":5},{"damage":34,"enemies":"Gremlin Nob","floor":11,"turns":6},{"damage":0,"enemies":"Red Slaver","floor":13,"turns":5},{"damage":0,"enemies":"Blue Slaver","floor":14,"turns":3},{"damage":13,"enemies":"Fading Forest","floor":16,"turns":11},{"damage":0,"enemies":"Chosen","floor":18,"turns":4},{"damage":29,"enemies":"2 Thieves","floor":22,"turns":4},{"damage":56,"enemies":"Slavers","floor":23,"turns":5}],"seed_played":"8413594244385145586","potions_obtained":[{"floor":2,"key":"Milkshake"},{"floor":2,"key":"SteroidPotion"},{"floor":3,"key":"Swift Potion"},{"floor":8,"key":"Weak Potion"},{"floor":13,"key":"Strength Potion"},{"floor":16,"key":"DuplicationPotion"},{"floor":22,"key":"Venom Potion"}],"is_trial":false,"path_per_floor":["M","?","M","$","$","E","R","M","T","?","E","R","M","M","R","B",null,"M","?","$","?","M","E"],"character_chosen":"Youkari","items_purchased":["CommonSense_AntiCommonSense_purple","Replay:Bandana","Bottled Tornado"],"campfire_rested":1,"item_purchase_floors":[4,4,20],"current_hp_per_floor":[70,53,53,68,70,49,49,54,54,54,25,25,30,35,56,58,70,70,70,70,70,51,0,0],"gold":302,"neow_bonus":"THREE_ENEMY_KILL","is_daily":false,"chose_seed":false,"campfire_upgraded":2,"win_rate":0.0,"timestamp":1610432709,"path_taken":["M","?","?","?","$","E","R","M","T","?","E","R","M","?","R","BOSS","M","?","$","?","?","E"],"items_purchased_type":["Card","Relic","Relic"],"build_version":"2020-12-22","purchased_purges":1,"victory":false,"max_hp_per_floor":[70,70,70,70,70,70,70,70,70,70,70,70,70,70,70,70,70,70,70,70,70,70,70,70],"card_choices":[{"not_picked":["OpenedBox_purple","Mirror_Drifter_purple"],"picked":"RuleDissolution_purple","floor":1},{"not_picked":["Umbrella_purple","MetroBOOM_purple"],"picked":"MNeedle_purple","floor":2},{"not_picked":["PurpleNeedle_purple","Realm_recovery_purpleEX"],"picked":"Boundary_LightAndDark_purple","floor":3},{"not_picked":["RealityDreamConfluencek_purple","MonsterNeedle_purple"],"picked":"OmniscientAndOmnipotent_Monster_purple","floor":6},{"not_picked":["ExistenceContinue_purple","LoveAcrossDimensions_purple","Mirror_FormAndEmptin_purple"],"picked":"SKIP","floor":8},{"not_picked":["Worldmountain_purple","Yakumo_Ran_purple"],"picked":"Boundary_LifeAndDeath_purple","floor":11},{"not_picked":["RuleDissolution_purple","DimensionStaggered_purple"],"picked":"OpenedBox_purple","floor":13},{"not_picked":["Mirror_FormAndEmptin_purple","Worldmountain_purple"],"picked":"DimensionStaggered_purple","floor":14},{"not_picked":["Fancifulhole_purple","D_absorption_purple"],"picked":"Monsters_DoubleDeathButterfly_purple","floor":16},{"not_picked":["Line_surface_state_purple","Mirror_FormAndEmptin_purple","StretchesForeverDream_purple"],"picked":"SKIP","floor":18},{"not_picked":["Line_surface_state_purple+1","StateDuplicate_purple"],"picked":"Photoelasticity_Doppler_Effect_purple+1","floor":22}],"player_experience":167756,"relics_obtained":[{"floor":2,"key":"MealTicket"},{"floor":6,"key":"Replay:Rubber Ducky"},{"floor":11,"key":"WingedGreaves"}],"event_choices":[{"damage_healed":0,"gold_gain":0,"player_choice":"Upgraded","damage_taken":0,"max_hp_gain":0,"max_hp_loss":0,"event_name":"Upgrade Shrine","floor":10,"gold_loss":0,"cards_upgraded":["CommonSense_AntiCommonSense_purple"]},{"damage_healed":0,"gold_gain":275,"player_choice":"Desecrate","damage_taken":0,"max_hp_gain":0,"max_hp_loss":0,"event_name":"Golden Shrine","floor":21,"gold_loss":0,"cards_obtained":["Regret"]}],"is_beta":false,"boss_relics":[{"not_picked":["Runic Pyramid","Seventeenyearold_girl_Forever"],"picked":"Abe\u0027s Treasure"}],"items_purged_floors":[20],"is_endless":false,"potions_floor_spawned":[3,8,13,16,22],"killed_by":"Slavers","ascension_level":3}}