{"host":"7t8rqoeeopyy0nh0","time":1610441876,"event":{"mods":["AchievementEnabler","Aspiration","BaseMod","Better Third Choice","BetterRewards","Colored Map","Colored Powertips","Conspire","Downfall","Hermit","Hubris","Infinite Spire","Koishi","Minty Spire (QoL Compilation)","Permanent Neow","Quick Restart","Rare Cards Sparkle","Reimu??????","Replay The Spire","StSLib","Td1madao Mod","The Administrix","The Bug Knight","The Gatherer","The Jungle","The Servant 0.9.4"],"gold_per_floor":[113,113,132,146,164,164,177,177,177,189,202,202,222,252,252,247,247],"floor_reached":16,"playtime":791,"items_purged":[],"score":106,"play_id":"93eb897b-fe5c-4f93-883b-94c5167e2fc5","local_time":"20210112035756","is_ascension_mode":false,"campfire_choices":[{"data":"Koishi:MindStellarRelief","floor":15,"key":"SMITH"}],"circlet_count":0,"master_deck":["Koishi:BasicStrike","Koishi:BasicStrike","Koishi:BasicStrike","Koishi:BasicStrike","Koishi:BasicDefend","Koishi:BasicDefend","Koishi:BasicDefend","Koishi:BasicDefend","Koishi:Provoke","Koishi:HauntingSlash","Koishi:Jaunt","Koishi:EmbryosDream","Koishi:JumpScare","Koishi:DreadfulBlow","Koishi:ParalyzingFear","Koishi:MindStellarRelief+1","Koishi:UnconsciousUprising","Koishi:FidgetySnatcher","Koishi:YoukaiPolygraph","Koishi:FleetingPhantom","Koishi:SilentAndRestless","Koishi:SprinkleStarAndHeart","Koishi:RollingInRichesHeart"],"relics":["Koishi:ImaginaryFriend","Prayer Wheel","aspiration:ArtOfWarUpgrade","Chameleon Ring","aspiration:HiddenCompartment"],"acts_visited":["Exordium"],"potions_floor_usage":[14,14,16],"damage_taken":[{"damage":0,"enemies":"Small Slimes","floor":1,"turns":5},{"damage":0,"enemies":"2 Louse","floor":3,"turns":3},{"damage":1,"enemies":"Jaw Worm","floor":4,"turns":6},{"damage":8,"enemies":"Exordium Wildlife","floor":5,"turns":4},{"damage":1,"enemies":"Large Slime","floor":7,"turns":9},{"damage":8,"enemies":"Lots of Slimes","floor":10,"turns":5},{"damage":6,"enemies":"2 Fungi Beasts","floor":11,"turns":4},{"damage":0,"enemies":"3 Louse","floor":13,"turns":3},{"damage":21,"enemies":"Lagavulin","floor":14,"turns":4},{"damage":23,"enemies":"The Guardian","floor":16,"turns":7}],"seed_played":"8202734754384040400","potions_obtained":[{"floor":1,"key":"champ:CounterPotion"},{"floor":5,"key":"Doom Potion"},{"floor":7,"key":"BlessingOfTheForge"}],"is_trial":false,"path_per_floor":["M","?","M","M","M","R","M","?","T","M","M","R","M","E","R","B"],"character_chosen":"KOISHI","items_purchased":[],"campfire_rested":0,"item_purchase_floors":[],"current_hp_per_floor":[54,42,43,47,43,43,44,44,44,39,36,36,38,20,20,0,0],"gold":247,"neow_bonus":"ONE_RARE_RELIC","is_daily":false,"chose_seed":false,"campfire_upgraded":1,"win_rate":0.0,"timestamp":1610441876,"path_taken":["M","?","M","M","M","R","M","?","T","M","M","R","M","E","R","BOSS"],"items_purchased_type":[],"build_version":"2020-12-22","purchased_purges":0,"victory":false,"max_hp_per_floor":[54,54,54,54,54,54,54,54,54,54,54,54,54,54,54,54,54],"card_choices":[{"not_picked":["Koishi:BramblyRoseGarden","Koishi:SpiritedAway"],"picked":"Koishi:Jaunt","floor":1},{"not_picked":["Koishi:SpiritedAway","Koishi:HeartfeltFancy","Koishi:Catatonia"],"picked":"SKIP","floor":1},{"not_picked":["Koishi:FreudianInstinct","Koishi:Bloodlust"],"picked":"Koishi:EmbryosDream","floor":3},{"not_picked":["Koishi:FreudianInstinct","Koishi:SpiritedAway"],"picked":"Koishi:JumpScare","floor":3},{"not_picked":["Koishi:PhilosophyOfTheDespised","Koishi:Jaunt"],"picked":"Koishi:DreadfulBlow","floor":4},{"not_picked":["Koishi:CatchAndRose","Koishi:HeartAttack"],"picked":"Koishi:ParalyzingFear","floor":4},{"not_picked":["Koishi:SpiritedAway","Koishi:JumpScare"],"picked":"Koishi:MindStellarRelief","floor":5},{"not_picked":["Koishi:CatchAndRose","Koishi:ParalyzingFear"],"picked":"Koishi:UnconsciousUprising","floor":5},{"not_picked":["Koishi:SpiritedAway","Koishi:Possession"],"picked":"Koishi:FidgetySnatcher","floor":7},{"not_picked":["Koishi:HeartfeltFancy","Koishi:PhantomBarrier"],"picked":"Koishi:YoukaiPolygraph","floor":7},{"not_picked":["Koishi:DreadfulBlow","Koishi:BloodcurdlingScream"],"picked":"Koishi:FleetingPhantom","floor":10},{"not_picked":["Koishi:SpiritedAway","Koishi:ParalyzingFear"],"picked":"Koishi:SilentAndRestless","floor":10},{"not_picked":["Koishi:UnconsciousUprising","Koishi:Untouchable"],"picked":"Koishi:SprinkleStarAndHeart","floor":11},{"not_picked":["Koishi:MindNumbingTerror","Koishi:SubconsciousSweep","Koishi:EmbryosDream"],"picked":"SKIP","floor":11},{"not_picked":["Koishi:Jaunt","Koishi:PhantomStrike","Koishi:SubconsciousSweep"],"picked":"SKIP","floor":13},{"not_picked":["Koishi:TraumaticStroke","Koishi:ReflexRadar","Koishi:DreadfulBlow"],"picked":"SKIP","floor":13},{"not_picked":["Koishi:Whimsy","Koishi:LastRemote"],"picked":"Koishi:RollingInRichesHeart","floor":14}],"player_experience":399068,"relics_obtained":[{"floor":9,"key":"Chameleon Ring"},{"floor":14,"key":"aspiration:HiddenCompartment"}],"event_choices":[{"damage_healed":0,"gold_gain":0,"player_choice":"Relic ","damage_taken":12,"max_hp_gain":0,"max_hp_loss":0,"event_name":"betterThird:BetterScrap","floor":2,"gold_loss":0,"cards_obtained":["aspiration:Polymerization"]}],"is_beta":false,"boss_relics":[],"items_purged_floors":[],"is_endless":false,"potions_floor_spawned":[1,5,7,13],"killed_by":"The Guardian","ascension_level":0}}