{"host":"lqbszw1tv2isqkrb","time":1610430166,"event":{"mods":["BaseMod","Downfall","Hermit","Hubris","Minty Spire (QoL Compilation)","Quick Restart","StSLib","The Animator","The Hierophant"],"gold_per_floor":[99,99,159,159,159,190,215,225,58,58,77,77,2,0,14,14,14,14],"floor_reached":16,"playtime":569,"items_purged":[],"score":121,"play_id":"142f116c-1302-4f3e-a359-dd5bed481ed1","local_time":"20210112004246","is_ascension_mode":false,"campfire_choices":[{"floor":1,"key":"RECALL"},{"floor":10,"key":"REST"},{"data":"Slimebound:FirmFortitude","floor":13,"key":"SMITH"}],"circlet_count":0,"master_deck":["Slimebound:Strike_Slimebound","Slimebound:Strike_Slimebound+1","Slimebound:Strike_Slimebound+1","Slimebound:Tackle+1","Slimebound:Defend_Slimebound","Slimebound:Defend_Slimebound","Slimebound:Defend_Slimebound","Slimebound:Defend_Slimebound","Slimebound:Split","Slimebound:CorrosiveSpit","Slimebound:FirmFortitude+1","Slimebound:SplitBruiser","Slimebound:RollThrough","Regret","Slimebound:SlimeBarrage","Slimebound:Repurpose"],"relics":["Slimebound:AbsorbEndCombat","downfall:HeartsMalice","Oddly Smooth Stone","hubris:Teleporter","Pantograph","PreservedInsect","downfall:HeartBlessingRed"],"acts_visited":["Exordium"],"potions_floor_usage":[14,16],"damage_taken":[{"damage":0,"enemies":"3 Sentries","floor":3,"turns":1},{"damage":0,"enemies":"Jaw Worm","floor":4,"turns":1},{"damage":0,"enemies":"Lagavulin","floor":6,"turns":1},{"damage":12,"enemies":"2 Louse","floor":8,"turns":2},{"damage":17,"enemies":"downfall:FleeingMerchant","floor":9,"turns":4},{"damage":15,"enemies":"Small Slimes","floor":11,"turns":2},{"damage":12,"enemies":"downfall:FleeingMerchant","floor":14,"turns":4},{"damage":14,"enemies":"Blue Slaver","floor":15,"turns":2},{"damage":74,"enemies":"downfall:Ironclad","floor":16,"turns":7}],"seed_played":"-880971995996593051","potions_obtained":[{"floor":6,"key":"Weak Potion"},{"floor":8,"key":"DuplicationPotion"}],"is_trial":false,"path_per_floor":["R","?","?","M","?","E","T","M","$","R","M","?","R","$","M","B"],"character_chosen":"SLIMEBOUND","items_purchased":["PreservedInsect"],"campfire_rested":1,"item_purchase_floors":[9],"current_hp_per_floor":[60,60,60,60,60,60,60,48,43,60,51,51,51,49,45,0,0,0],"gold":14,"neow_bonus":"THREE_ENEMY_KILL","is_daily":false,"chose_seed":false,"campfire_upgraded":1,"win_rate":0.0,"timestamp":1610430166,"path_taken":["R","?","?","M","?","E","T","M","?","R","?","?","R","$","M","BOSS"],"items_purchased_type":["Relic"],"build_version":"2020-12-22","purchased_purges":0,"victory":false,"max_hp_per_floor":[60,60,60,60,60,60,60,60,60,60,60,60,60,60,60,60,60,60],"card_choices":[{"not_picked":["Slimebound:FlameTackle","Slimebound:ViciousTackle"],"picked":"Slimebound:FirmFortitude","floor":4},{"not_picked":["Slimebound:LeechEnergy","Slimebound:SamplingLick","Slimebound:Grow"],"picked":"SKIP","floor":6},{"not_picked":["Slimebound:HauntingLick","Slimebound:SlimeSpikes"],"picked":"Slimebound:SplitBruiser","floor":8},{"not_picked":["Slimebound:LeechEnergy","Slimebound:SplitLeeching"],"picked":"Slimebound:RollThrough","floor":9},{"not_picked":["Slimebound:SlimeTap","Slimebound:FormOfPuddle","Slimebound:GrowthPunch"],"picked":"SKIP","floor":11},{"not_picked":["Slimebound:WasteNot","Slimebound:GrowthPunch"],"picked":"Slimebound:SlimeBarrage","floor":14},{"not_picked":["Slimebound:MegaLick","Slimebound:TongueLash"],"picked":"Slimebound:Repurpose","floor":15}],"player_experience":411378,"relics_obtained":[{"floor":3,"key":"hubris:Teleporter"},{"floor":6,"key":"Pantograph"}],"event_choices":[{"damage_healed":0,"gold_gain":0,"player_choice":"Box","damage_taken":0,"relics_obtained":["Oddly Smooth Stone"],"max_hp_gain":0,"max_hp_loss":0,"event_name":"Big Fish","floor":2,"gold_loss":0,"cards_obtained":["Regret"]},{"cards_removed":["Regret"],"damage_healed":0,"gold_gain":0,"player_choice":"Card Removal","damage_taken":0,"max_hp_gain":0,"max_hp_loss":0,"event_name":"The Cleric","floor":5,"gold_loss":0}],"is_beta":false,"boss_relics":[],"items_purged_floors":[],"is_endless":false,"potions_floor_spawned":[6,8],"killed_by":"downfall:Ironclad","ascension_level":0}}