{"host":"6swbl1yqdi8v28pk","time":1610487422,"event":{"mods":["AchievementEnabler","BaseMod","Colored Map","Minty Spire (QoL Compilation)","Quick Restart"],"gold_per_floor":[117,292,292,191,191,222,233,233,304,320,337,337,82,101,101,202,202,202,202],"floor_reached":18,"language":"SPA","playtime":688,"items_purged":["Doubt"],"score":185,"play_id":"29a96e09-d92c-42c2-8750-f69419c41eb0","local_time":"20210112153702","is_ascension_mode":false,"campfire_choices":[{"data":"Crescendo","floor":8,"key":"SMITH"},{"floor":12,"key":"REST"},{"data":"EmptyFist","floor":15,"key":"SMITH"}],"circlet_count":0,"master_deck":["Strike_P","Strike_P","Strike_P","Strike_P","Defend_P","Defend_P","Defend_P","Defend_P","Eruption","Vigilance","Crescendo+1","Consecrate","EmptyFist+1","Worship","Sanctity+1","Worship+1","Pray+1","LessonLearned","CurseOfTheBell"],"relics":["PureWater","NeowsBlessing","Centennial Puzzle","Regal Pillow","Toxic Egg 2","Kunai","Calling Bell","MealTicket","Blue Candle","CaptainsWheel"],"acts_visited":["Exordium","TheCity"],"potions_floor_usage":[16,18],"damage_taken":[{"damage":0,"enemies":"Jaw Worm","floor":1,"turns":1},{"damage":0,"enemies":"Lagavulin","floor":6,"turns":1},{"damage":0,"enemies":"Small Slimes","floor":7,"turns":1},{"damage":1,"enemies":"Cultist","floor":10,"turns":3},{"damage":7,"enemies":"3 Louse","floor":11,"turns":2},{"damage":7,"enemies":"Blue Slaver","floor":14,"turns":2},{"damage":45,"enemies":"Hexaghost","floor":16,"turns":13},{"damage":44,"enemies":"3 Byrds","floor":18,"turns":6}],"seed_played":"4433666108422592572","potions_obtained":[{"floor":7,"key":"SteroidPotion"},{"floor":16,"key":"Weak Potion"}],"is_trial":false,"path_per_floor":["M","?","?","$","?","E","M","R","T","M","M","R","$","M","R","B",null,"M"],"character_chosen":"WATCHER","items_purchased":["Consecrate","Kunai"],"campfire_rested":1,"item_purchase_floors":[4,13],"current_hp_per_floor":[72,72,77,77,65,65,65,65,65,64,57,77,77,70,70,25,77,33,33],"gold":202,"neow_bonus":"THREE_ENEMY_KILL","is_daily":false,"chose_seed":false,"campfire_upgraded":2,"win_rate":0.0,"timestamp":1610487422,"path_taken":["M","?","?","$","?","E","M","R","T","M","M","R","?","?","R","BOSS","M"],"items_purchased_type":["Card","Relic"],"build_version":"2020-12-22","purchased_purges":1,"victory":false,"max_hp_per_floor":[72,72,77,77,77,77,77,77,77,77,77,77,77,77,77,77,77,77,77],"card_choices":[{"not_picked":["JustLucky","BattleHymn"],"picked":"Crescendo","floor":1},{"not_picked":["Consecrate","Swivel"],"picked":"EmptyFist","floor":6},{"not_picked":["InnerPeace","PathToVictory"],"picked":"Worship","floor":7},{"not_picked":["FlyingSleeves","EmptyBody+1"],"picked":"Sanctity+1","floor":10},{"not_picked":["ThirdEye+1","Halt+1"],"picked":"Worship+1","floor":11},{"not_picked":["Crescendo+1","BowlingBash"],"picked":"Pray+1","floor":14},{"not_picked":["Brilliance","Scrawl+1"],"picked":"LessonLearned","floor":16}],"player_experience":125991,"relics_obtained":[{"floor":6,"key":"Regal Pillow"},{"floor":9,"key":"Toxic Egg 2"},{"floor":17,"key":"MealTicket"},{"floor":17,"key":"Blue Candle"},{"floor":17,"key":"CaptainsWheel"}],"event_choices":[{"damage_healed":0,"gold_gain":175,"player_choice":"AGREE","damage_taken":0,"max_hp_gain":0,"max_hp_loss":0,"event_name":"Liars Game","floor":2,"gold_loss":0,"cards_obtained":["Doubt"]},{"damage_healed":0,"gold_gain":0,"player_choice":"Donut","damage_taken":0,"max_hp_gain":5,"max_hp_loss":0,"event_name":"Big Fish","floor":3,"gold_loss":0},{"damage_healed":0,"gold_gain":0,"player_choice":"Success","damage_taken":12,"relics_obtained":["Centennial Puzzle"],"max_hp_gain":0,"max_hp_loss":0,"event_name":"Scrap Ooze","floor":5,"gold_loss":0}],"is_beta":false,"boss_relics":[{"not_picked":["VioletLotus","Coffee Dripper"],"picked":"Calling Bell"}],"items_purged_floors":[4],"is_endless":false,"potions_floor_spawned":[7,16],"killed_by":"3 Byrds","ascension_level":0}}