{"host":"9jj9tzo2iym4bpat","time":1610464868,"event":{"mods":["Act Like it!","BaseMod","CapriCore","Gensokyo","Luminous","Marisa????????","Minty Spire (QoL Compilation)","Permanent Neow","StSLib","Td1madao Mod","The Animator","The Immortal","The Marked","The Servant 0.9.4"],"gold_per_floor":[119,119,135,18,18,47,67,94,120,134,146,146,166,178,178,280,280,292,292,310,3,22,22,49,49,49,67,99,149,175,97,97,97,97,97],"floor_reached":33,"playtime":3194,"items_purged":[],"score":297,"play_id":"0522f4c3-d49c-42da-9d09-3857c0ad5d08","local_time":"20210112092108","is_ascension_mode":false,"campfire_choices":[{"floor":12,"key":"REST"},{"floor":15,"key":"REST"},{"floor":23,"key":"REST"},{"floor":25,"key":"REST"},{"floor":32,"key":"REST"}],"circlet_count":0,"master_deck":["MokouMod:Strike","MokouMod:Strike","MokouMod:Strike","MokouMod:Strike","MokouMod:Strike","MokouMod:Defend","MokouMod:Defend","MokouMod:Defend","MokouMod:Defend","MokouMod:HeatSpark","MokouMod:FujiyamaVolcano+1","MokouMod:WarmUp","MokouMod:IgnitionBlast","MokouMod:Sear","MokouMod:GuidingSmoke","MokouMod:FlamingFireTalons","MokouMod:IndiscriminateIgnition","MokouMod:Overheat","MokouMod:ResonanceReactor","MokouMod:Fireball","MokouMod:Ember","MokouMod:SpontaneousHumanCombustion+1","MokouMod:Stoke","MokouMod:FlickeringFlame","MokouMod:EnchantingBambooForest","MokouMod:IllusoryBattlefield","MokouMod:RetainTemperature","MokouMod:Ember+1","MokouMod:Singe+1","MokouMod:ExplosiveFlame"],"relics":["MokouMod:PhoenixFeather","Tiny Chest","Strawberry","Orichalcum","Philosopher\u0027s Stone","Sling","Omamori","Sundial","Bag of Preparation","Vajra"],"acts_visited":["Exordium","TheCity"],"potions_floor_usage":[12,16,16,27,33,33],"damage_taken":[{"damage":0,"enemies":"2 Louse","floor":1,"turns":2},{"damage":6,"enemies":"Cultist","floor":3,"turns":3},{"damage":22,"enemies":"3 Sentries","floor":6,"turns":5},{"damage":11,"enemies":"Jaw Worm","floor":7,"turns":2},{"damage":40,"enemies":"Gremlin Nob","floor":8,"turns":5},{"damage":0,"enemies":"Exordium Wildlife","floor":10,"turns":2},{"damage":15,"enemies":"Exordium Thugs","floor":11,"turns":4},{"damage":15,"enemies":"3 Louse","floor":13,"turns":2},{"damage":0,"enemies":"Gremlin Gang","floor":14,"turns":1},{"damage":80,"enemies":"Hexaghost","floor":16,"turns":14},{"damage":38,"enemies":"3 Byrds","floor":18,"turns":3},{"damage":7,"enemies":"Chosen","floor":20,"turns":4},{"damage":18,"enemies":"Snake Plant","floor":22,"turns":3},{"damage":24,"enemies":"Slavers","floor":24,"turns":2},{"damage":36,"enemies":"Centurion and Healer","floor":27,"turns":5},{"damage":25,"enemies":"Gremlin Leader","floor":28,"turns":4},{"damage":52,"enemies":"Champ","floor":33,"turns":7}],"seed_played":"-6599230039859757908","potions_obtained":[{"floor":0,"key":"FearPotion"},{"floor":0,"key":"SkillPotion"},{"floor":0,"key":"BlessingOfTheForge"},{"floor":11,"key":"Fruit Juice"},{"floor":14,"key":"Regen Potion"},{"floor":22,"key":"Fire Potion"},{"floor":28,"key":"FearPotion"}],"is_trial":false,"path_per_floor":["M","?","M","$","?","E","M","E","T","M","M","R","M","M","R","B",null,"M","?","M","$","M","R","E","R","T","M","E","?","T","$","R","B"],"character_chosen":"MKU","items_purchased":["MokouMod:IgnitionBlast","MokouMod:Sear","MokouMod:EnchantingBambooForest","Sling","MokouMod:ExplosiveFlame"],"campfire_rested":5,"item_purchase_floors":[4,4,21,21,31],"current_hp_per_floor":[75,75,69,69,69,47,36,25,25,25,10,39,24,24,50,7,87,49,49,42,42,24,50,26,52,52,16,21,21,21,21,47,0,0,0],"gold":97,"neow_bonus":"THREE_SMALL_POTIONS","is_daily":false,"chose_seed":false,"campfire_upgraded":0,"win_rate":0.0,"timestamp":1610464868,"path_taken":["M","?","?","$","?","E","M","E","T","M","M","R","M","M","R","BOSS","M","?","M","$","?","R","E","R","T","M","E","?","?","$","R","BOSS"],"items_purchased_type":["Card","Card","Card","Relic","Card"],"build_version":"2020-12-22","purchased_purges":0,"victory":false,"max_hp_per_floor":[75,75,75,75,75,75,75,82,82,82,82,87,87,87,87,87,87,87,87,87,87,87,87,87,87,87,87,87,87,87,87,87,87,87,87],"card_choices":[{"not_picked":["MokouMod:FlareStarter","MokouMod:Combust"],"picked":"MokouMod:FujiyamaVolcano","floor":1},{"not_picked":["MokouMod:FujiyamaVolcano","MokouMod:Meltdown"],"picked":"MokouMod:WarmUp","floor":3},{"not_picked":["MokouMod:Firecracker","MokouMod:TemporalFireSeal"],"picked":"MokouMod:GuidingSmoke","floor":6},{"not_picked":["MokouMod:Stoke","MokouMod:Refresh"],"picked":"MokouMod:FlamingFireTalons","floor":7},{"not_picked":["MokouMod:RetainTemperature","MokouMod:Scorch"],"picked":"MokouMod:IndiscriminateIgnition","floor":8},{"not_picked":["MokouMod:ResoluteFlare","MokouMod:Burn"],"picked":"MokouMod:Overheat","floor":10},{"not_picked":["MokouMod:Afterburner","MokouMod:ResoluteFlare"],"picked":"MokouMod:ResonanceReactor","floor":11},{"not_picked":["MokouMod:SearingShot","MokouMod:FlickeringFlame"],"picked":"MokouMod:Fireball","floor":13},{"not_picked":["MokouMod:HeatFactory","MokouMod:ImperishableFlame"],"picked":"MokouMod:Ember","floor":14},{"not_picked":["MokouMod:ExplosiveFlame","MokouMod:HouraiForge"],"picked":"MokouMod:SpontaneousHumanCombustion","floor":16},{"not_picked":["MokouMod:EternalBurstReactor","MokouMod:SubterraneanCore+1"],"picked":"MokouMod:Stoke","floor":18},{"not_picked":["MokouMod:UncontrollableSolarReaction","MokouMod:RisingSunBarrier+1"],"picked":"MokouMod:FlickeringFlame","floor":20},{"not_picked":["MokouMod:InfernalWave","MokouMod:ThermalPressure"],"picked":"MokouMod:IllusoryBattlefield","floor":22},{"not_picked":["MokouMod:WarmUp","MokouMod:BlazingComet"],"picked":"MokouMod:RetainTemperature","floor":24},{"not_picked":["MokouMod:InfernalWave","MokouMod:IgnitionBlast"],"picked":"MokouMod:Ember+1","floor":27},{"not_picked":["MokouMod:ResoluteFlare","MokouMod:Stoke"],"picked":"MokouMod:Singe+1","floor":28}],"player_experience":221799,"relics_obtained":[{"floor":6,"key":"Tiny Chest"},{"floor":8,"key":"Strawberry"},{"floor":9,"key":"Orichalcum"},{"floor":24,"key":"Omamori"},{"floor":26,"key":"Sundial"},{"floor":28,"key":"Bag of Preparation"},{"floor":30,"key":"Vajra"}],"event_choices":[{"damage_healed":0,"gold_gain":0,"player_choice":"Ignored","damage_taken":0,"max_hp_gain":0,"max_hp_loss":0,"event_name":"NoteForYourself","floor":2,"gold_loss":0},{"damage_healed":0,"gold_gain":0,"player_choice":"Grow","damage_taken":0,"max_hp_gain":0,"max_hp_loss":0,"event_name":"Living Wall","floor":5,"gold_loss":0,"cards_upgraded":["MokouMod:FujiyamaVolcano"]},{"damage_healed":0,"gold_gain":0,"player_choice":"Forge","damage_taken":0,"max_hp_gain":0,"max_hp_loss":0,"event_name":"Accursed Blacksmith","floor":19,"gold_loss":0,"cards_upgraded":["MokouMod:SpontaneousHumanCombustion"]},{"damage_healed":0,"gold_gain":100,"player_choice":"Bet on Murderer","damage_taken":0,"max_hp_gain":0,"max_hp_loss":0,"event_name":"The Joust","floor":29,"gold_loss":50}],"is_beta":false,"boss_relics":[{"not_picked":["Runic Pyramid","Velvet Choker"],"picked":"Philosopher\u0027s Stone"}],"items_purged_floors":[],"is_endless":false,"potions_floor_spawned":[3,6,10,11,14,22,28],"killed_by":"Champ","ascension_level":0}}