{"host":"i7jfea87xc8lz16p","time":1610489576,"event":{"mods":["AchievementEnabler","BaseMod","Colored Powertips","Minty Spire (QoL Compilation)","Relic Stats"],"gold_per_floor":[113,129,129,143,153,153,182,182,233,233,233,46,59,77,77,148,148,164,174,188,218,218,218,257,257,257,257,270,270,270],"floor_reached":29,"language":"ENG","playtime":1130,"items_purged":["Strike_R"],"score":490,"play_id":"48886830-4d93-4f76-869a-4ce4335a1ab0","local_time":"20210112231256","is_ascension_mode":true,"campfire_choices":[{"data":"Bash","floor":6,"key":"SMITH"},{"data":"Juggernaut","floor":11,"key":"SMITH"},{"data":"Shrug It Off","floor":15,"key":"SMITH"},{"data":"Metallicize","floor":23,"key":"SMITH"},{"floor":27,"key":"REST"}],"circlet_count":0,"master_deck":["AscendersBane","Strike_R","Defend_R","Defend_R","Defend_R","Defend_R","Bash+1","Carnage","Shrug It Off+1","Carnage","Juggernaut+1","Shrug It Off","Rage","Uppercut","Metallicize+1","Carnage"],"relics":["Snecko Eye","Gremlin Horn","Pen Nib","Blood Vial","Empty Cage","Red Mask","CeramicFish","InkBottle"],"acts_visited":["Exordium","TheCity"],"potions_floor_usage":[7,13,21,24,29,29],"damage_taken":[{"damage":12,"enemies":"Jaw Worm","floor":1,"turns":2},{"damage":6,"enemies":"Cultist","floor":2,"turns":3},{"damage":7,"enemies":"Small Slimes","floor":4,"turns":3},{"damage":0,"enemies":"2 Fungi Beasts","floor":5,"turns":2},{"damage":20,"enemies":"Lagavulin","floor":7,"turns":3},{"damage":0,"enemies":"Exordium Wildlife","floor":13,"turns":1},{"damage":0,"enemies":"Exordium Thugs","floor":14,"turns":3},{"damage":13,"enemies":"The Guardian","floor":16,"turns":8},{"damage":6,"enemies":"2 Thieves","floor":18,"turns":3},{"damage":14,"enemies":"Shell Parasite","floor":19,"turns":3},{"damage":0,"enemies":"Centurion and Healer","floor":20,"turns":4},{"damage":29,"enemies":"Masked Bandits","floor":21,"turns":3},{"damage":13,"enemies":"Slavers","floor":24,"turns":6},{"damage":15,"enemies":"Snake Plant","floor":28,"turns":3},{"damage":44,"enemies":"Book of Stabbing","floor":29,"turns":5}],"seed_played":"-7074404772982574980","potions_obtained":[{"floor":4,"key":"CultistPotion"},{"floor":13,"key":"Dexterity Potion"},{"floor":21,"key":"SpeedPotion"},{"floor":24,"key":"AttackPotion"}],"is_trial":false,"path_per_floor":["M","M","?","M","M","R","E","?","T","?","R","$","M","M","R","B",null,"M","M","M","?","?","R","E","?","T","R","M","E"],"character_chosen":"IRONCLAD","items_purchased":["BloodPotion","PowerPotion"],"campfire_rested":1,"item_purchase_floors":[12,12],"current_hp_per_floor":[56,50,50,43,43,43,23,16,16,41,41,41,58,60,60,49,69,65,53,55,28,43,43,32,32,32,54,41,0,0],"gold":270,"neow_bonus":"BOSS_RELIC","is_daily":false,"chose_seed":false,"campfire_upgraded":4,"win_rate":0.0,"timestamp":1610489576,"path_taken":["M","M","?","M","?","R","E","?","T","?","R","?","?","M","R","BOSS","M","M","M","?","?","R","E","?","T","R","?","E"],"items_purchased_type":["Potion","Potion"],"build_version":"2020-12-22","purchased_purges":1,"victory":false,"max_hp_per_floor":[75,75,75,75,75,75,75,75,75,75,75,75,75,75,75,75,75,75,75,75,75,75,75,75,75,75,75,75,75,75],"relic_stats":{"Blood Vial":20,"Gremlin Horn":[10,10],"counters":[15,52],"CeramicFish":9,"Snecko Eye":[91,97,86,93],"Pen Nib":[6],"obtain_stats":[{"Blood Vial":9,"Gremlin Horn":3,"CeramicFish":24,"Snecko Eye":0,"Pen Nib":7,"Red Mask":21,"Empty Cage":17,"Burning Blood":0,"InkBottle":26},{"Blood Vial":5,"Gremlin Horn":2,"CeramicFish":13,"Snecko Eye":0,"Pen Nib":5,"Red Mask":12,"Empty Cage":8,"Burning Blood":0,"InkBottle":13},{"Blood Vial":13,"Gremlin Horn":5,"CeramicFish":44,"Snecko Eye":0,"Pen Nib":13,"Red Mask":38,"Empty Cage":25,"Burning Blood":0,"InkBottle":44}],"InkBottle":[2]},"card_choices":[{"not_picked":["Perfected Strike","Headbutt"],"picked":"Carnage","floor":1},{"not_picked":["True Grit","Wild Strike"],"picked":"Carnage","floor":2},{"not_picked":["Headbutt","Feel No Pain"],"picked":"Shrug It Off","floor":4},{"not_picked":["Hemokinesis","Cleave"],"picked":"Carnage","floor":5},{"not_picked":["Clash","Flex"],"picked":"Juggernaut","floor":7},{"not_picked":["Second Wind","Infernal Blade"],"picked":"Shrug It Off","floor":13},{"not_picked":["Rampage","Heavy Blade"],"picked":"Rage","floor":14},{"not_picked":["Heavy Blade+1","Anger","Flex"],"picked":"SKIP","floor":18},{"not_picked":["Burning Pact","Sword Boomerang"],"picked":"Uppercut","floor":19},{"not_picked":["Shrug It Off","Twin Strike","Power Through"],"picked":"SKIP","floor":20},{"not_picked":["Combust","Offering"],"picked":"Metallicize","floor":21},{"not_picked":["Flex","Shrug It Off"],"picked":"Carnage","floor":24},{"not_picked":["Twin Strike+1","Combust","Warcry"],"picked":"SKIP","floor":28}],"player_experience":1768156,"relics_obtained":[{"floor":7,"key":"Pen Nib"},{"floor":9,"key":"Blood Vial"},{"floor":21,"key":"Red Mask"},{"floor":24,"key":"CeramicFish"},{"floor":26,"key":"InkBottle"}],"event_choices":[{"cards_removed":["Carnage"],"damage_healed":0,"gold_gain":0,"player_choice":"Gave Card","damage_taken":0,"relics_obtained":["Gremlin Horn"],"max_hp_gain":0,"max_hp_loss":0,"event_name":"WeMeetAgain","floor":3,"gold_loss":0},{"cards_removed":["Strike_R"],"damage_healed":0,"gold_gain":0,"player_choice":"Card Removal","damage_taken":7,"max_hp_gain":0,"max_hp_loss":0,"event_name":"Golden Wing","floor":8,"gold_loss":0},{"damage_healed":25,"gold_gain":0,"player_choice":"Banana","damage_taken":0,"max_hp_gain":0,"max_hp_loss":0,"event_name":"Big Fish","floor":10,"gold_loss":0},{"damage_healed":0,"gold_gain":0,"player_choice":"Fought Bandits","damage_taken":0,"max_hp_gain":0,"max_hp_loss":0,"event_name":"Masked Bandits","floor":21,"gold_loss":0},{"damage_healed":15,"gold_gain":0,"player_choice":"Heal","damage_taken":0,"max_hp_gain":0,"max_hp_loss":0,"event_name":"The Library","floor":22,"gold_loss":0},{"damage_healed":0,"gold_gain":0,"player_choice":"Ignored","damage_taken":0,"max_hp_gain":0,"max_hp_loss":0,"event_name":"The Mausoleum","floor":25,"gold_loss":0}],"is_beta":false,"boss_relics":[{"not_picked":["Runic Dome","Sozu"],"picked":"Empty Cage"}],"items_purged_floors":[12],"is_endless":false,"potions_floor_spawned":[4,13,14,18,21,24],"killed_by":"Book of Stabbing","ascension_level":20}}