{"host":"hig4mmxcip4vq5ai","time":1610474893,"event":{"mods":["Aspiration","BaseMod","Challenge The Spire","Colored Powertips","Conspire","Energized Spire","Friendly Minions","Halation","Hubris","Infinite Spire","Minty Spire (QoL Compilation)","Replay The Spire","Shop Mod","Small Relic Pack","StSLib","vexMod"],"gold_per_floor":[135,135,182,34,91,184,184,28,28,130,190,190,265,4,4,4,4],"floor_reached":16,"playtime":864,"items_purged":[],"score":141,"play_id":"240e41dd-4048-4860-be61-4c8685b6e280","local_time":"20210112210813","daily_mods":["SealedDeck","Allstar","Heirloom","DeadlyEvents","Elite Swarm","Lethality","Midas","Binary"],"is_ascension_mode":false,"campfire_choices":[{"floor":7,"key":"REST"},{"floor":12,"key":"REST"},{"floor":15,"key":"REST"}],"circlet_count":0,"master_deck":["Demon Form","Wraith Form v2","Echo Form","DevaForm","hubris:Hubris","Iron Wave","Spot Weakness","ReplayTheSpireMod:Strike From Hell","Ghostly Armor","Havoc+1","ReplayTheSpireMod:Strike From Hell","True Grit","ReplayTheSpireMod:Strike From Hell","Regret","hubris:DuctTapeCard"],"relics":["Burning Blood","Busted Crown","Gambling Chip","halation:WeightlessCrab","Toy Ornithopter","conspire:TreasureMap","hubris:DeckOfHolding","vexMod:PaidLearning","ReplayFunnel","StrikeDummy","PreservedInsect","hubris:DuctTape"],"acts_visited":["Exordium"],"potions_floor_usage":[],"damage_taken":[{"damage":0,"enemies":"Small Slimes","floor":1,"turns":2},{"damage":4,"enemies":"Jaw Worm","floor":5,"turns":4},{"damage":27,"enemies":"3 Sentries","floor":6,"turns":5},{"damage":0,"enemies":"Gremlin Nob","floor":10,"turns":4},{"damage":3,"enemies":"Cultist","floor":11,"turns":3},{"damage":2,"enemies":"3 Sentries","floor":13,"turns":4},{"damage":160,"enemies":"Slime Boss","floor":16,"turns":5}],"seed_played":"4877748053850888249","potions_obtained":[{"floor":6,"key":"BlessingOfTheForge"},{"floor":10,"key":"ColorlessPotion"}],"is_trial":true,"path_per_floor":["M","?","T","$","M","E","R","$","T","E","M","R","E","$","R","B"],"character_chosen":"IRONCLAD","items_purchased":["conspire:TreasureMap","vexMod:PaidLearning","hubris:DuctTape"],"campfire_rested":3,"item_purchase_floors":[4,8,14],"current_hp_per_floor":[80,80,80,80,80,59,80,80,80,80,80,80,80,80,80,0,0],"gold":4,"neow_bonus":"","is_daily":false,"chose_seed":false,"campfire_upgraded":0,"win_rate":0.0,"timestamp":1610474893,"path_taken":["M","?","?","?","?","E","R","$","T","E","M","R","E","$","R","BOSS"],"items_purchased_type":["Relic","Relic","Relic"],"build_version":"2020-12-22","purchased_purges":0,"victory":false,"max_hp_per_floor":[80,80,80,80,80,80,80,80,80,80,80,80,80,80,80,80,80],"card_choices":[],"player_experience":431723,"relics_obtained":[{"floor":3,"key":"Toy Ornithopter"},{"floor":6,"key":"hubris:DeckOfHolding"},{"floor":9,"key":"ReplayFunnel"},{"floor":10,"key":"StrikeDummy"},{"floor":13,"key":"PreservedInsect"}],"event_choices":[{"damage_healed":0,"gold_gain":0,"player_choice":"Box","damage_taken":0,"relics_obtained":["halation:WeightlessCrab"],"max_hp_gain":0,"max_hp_loss":0,"event_name":"Big Fish","floor":2,"gold_loss":0,"cards_obtained":["Regret"]}],"is_beta":false,"boss_relics":[],"items_purged_floors":[],"is_endless":false,"potions_floor_spawned":[6,10],"killed_by":"Slime Boss","ascension_level":0}}