{"host":"gbbz8f5svnnpwo8d","time":1610489983,"event":{"mods":["AchievementEnabler","AlwaysNeverKeys","BaseMod","Bestiary","Better Altar","Better Match","Better Note","Better Sensory Stone","Better Silent Start","Better Skull","Better Third Choice","Better Vampires","Better-Laid Plans","BetterRewards","Block Reminder","Colored Map","Colored Powertips","Curses Come First","Dark Map","Displayed Cursed Tome","GifTheSpireLib","Minty Spire (QoL Compilation)","MonsterHotkey","Permanent Neow","Potion Indicator Mod","Quick Restart","Random Character Button","Rare Cards Sparkle","Relic Stats","Shop Mod","Spicy Shops","Spire Birthday Party","StSLib","Transform Curses"],"gold_per_floor":[110,185,185,185,200,200,218,218,266,266,280,292,303,356,356,456,456,471,471,291,311,330,330,358,358,358,358,111,111,2,18,18,122,122,141,141,141,141,351,351,371,384,384,434,453,141,141,151,151,151,151],"floor_reached":50,"language":"ENG","playtime":1296,"items_purged":[],"score":605,"play_id":"1ed7f870-9cf3-4a8c-a62e-e5ffeee14593","local_time":"20210112151943","is_ascension_mode":false,"campfire_choices":[{"data":"Trip","floor":6.0,"key":"SMITH"},{"data":"Seeing Red","floor":8.0,"key":"SMITH"},{"data":"Infernal Blade","floor":15.0,"key":"SMITH"},{"data":"Limit Break","floor":23.0,"key":"SMITH"},{"data":"Panache","floor":25.0,"key":"SMITH"},{"data":"Inflame","floor":27.0,"key":"SMITH"},{"data":"Sadistic Nature","floor":29.0,"key":"SMITH"},{"data":"Rage","floor":32.0,"key":"SMITH"},{"data":"Double Tap","floor":40,"key":"SMITH"},{"floor":47,"key":"REST"},{"data":"Dual Wield","floor":49,"key":"SMITH"}],"circlet_count":0,"master_deck":["Strike_R","Strike_R","Defend_R","Defend_R","Defend_R","Defend_R","Bash","Trip+1","Seeing Red+1","Battle Trance","Flex","Inflame+1","Infernal Blade+1","Limit Break+1","Metallicize+1","Spot Weakness+1","Immolate+1","Infernal Blade+1","Panache+1","Metallicize+1","Flex","Offering","Sadistic Nature+1","Panache","Rage+1","Double Tap+1","Headbutt+1","Madness","Madness","Intimidate","Decay","Dual Wield","Anger","Metamorphosis","Dual Wield+1"],"relics":["Burning Blood","MerchantsRug","Chemical X","Ice Cream","Question Card","Smiling Mask","PreservedInsect","Red Mask","Thread and Needle","Cursed Key","Charon\u0027s Ashes","Peace Pipe","Membership Card","Happy Flower"],"acts_visited":["Exordium","TheCity","TheBeyond"],"potions_floor_usage":[50,50],"damage_taken":[{"damage":5.0,"enemies":"Small Slimes","floor":1.0,"turns":3.0},{"damage":0.0,"enemies":"2 Louse","floor":5.0,"turns":3.0},{"damage":8.0,"enemies":"Jaw Worm","floor":7.0,"turns":3.0},{"damage":0.0,"enemies":"2 Fungi Beasts","floor":11.0,"turns":2.0},{"damage":3.0,"enemies":"Red Slaver","floor":12.0,"turns":3.0},{"damage":14.0,"enemies":"Exordium Wildlife","floor":13.0,"turns":5.0},{"damage":53.0,"enemies":"The Guardian","floor":16.0,"turns":12.0},{"damage":5.0,"enemies":"Spheric Guardian","floor":18.0,"turns":3.0},{"damage":0.0,"enemies":"Chosen","floor":21.0,"turns":3.0},{"damage":6.0,"enemies":"Centurion and Healer","floor":22.0,"turns":4.0},{"damage":0.0,"enemies":"Masked Bandits","floor":24.0,"turns":3.0},{"damage":15.0,"enemies":"Shelled Parasite and Fungi","floor":31.0,"turns":3.0},{"damage":50.0,"enemies":"Collector","floor":33.0,"turns":6.0},{"damage":6.0,"enemies":"3 Shapes","floor":35.0,"turns":2.0},{"damage":6,"enemies":"3 Darklings","floor":41,"turns":3},{"damage":17,"enemies":"Sphere and 2 Shapes","floor":42,"turns":4},{"damage":0,"enemies":"Mind Bloom Boss Battle","floor":44,"turns":4},{"damage":21,"enemies":"Jaw Worm Horde","floor":45,"turns":3},{"damage":12,"enemies":"Spire Growth","floor":48,"turns":4},{"damage":69,"enemies":"Awakened One","floor":50,"turns":5}],"seed_played":"-6298443480412995563","potions_obtained":[{"floor":5.0,"key":"SkillPotion"},{"floor":11.0,"key":"PowerPotion"},{"floor":22.0,"key":"Explosive Potion"},{"floor":24.0,"key":"Dexterity Potion"},{"floor":35.0,"key":"Energy Potion"},{"floor":41,"key":"Dexterity Potion"},{"floor":48,"key":"BloodPotion"}],"is_trial":false,"path_per_floor":["M","?","?","T","M","R","M","R","T","?","M","M","M","T","R","B",null,"M","?","$","M","M","R","?","R","T","R","$","R","$","M","R","B",null,"M","$","$","?","?","R","M","M","T","?","M","$","R","M","R","B"],"character_chosen":"IRONCLAD","items_purchased":["MerchantsRug","Chemical X","Panache","Sadistic Nature","Panache","Membership Card","Metamorphosis","Happy Flower"],"campfire_rested":1,"item_purchase_floors":[0,0,20,28,30,46,46,46],"current_hp_per_floor":[65,54,54,54,60,60,58,58,58,58,64,67,59,59,59,12,80,80,80,80,80,80,80,80,80,80,80,80,80,80,71,71,27,80,80,80,80,70,54,54,54,43,43,49,34,34,58,52,52,0,0],"gold":151,"neow_bonus":"","is_daily":false,"chose_seed":false,"campfire_upgraded":10,"win_rate":0.0,"timestamp":1610489983,"path_taken":["M","?","?","?","M","R","M","R","T","?","M","M","?","?","R","BOSS","M","?","$","M","M","R","?","R","T","R","?","R","$","M","R","BOSS","M","?","$","?","?","R","?","M","T","?","M","$","R","M","R","BOSS"],"items_purchased_type":["Relic","Relic","Card","Card","Card","Relic","Card","Relic"],"build_version":"2020-12-22","purchased_purges":0,"victory":false,"max_hp_per_floor":[80,80,80,80,80,80,80,80,80,80,80,80,80,80,80,80,80,80,80,80,80,80,80,80,80,80,80,80,80,80,80,80,80,80,80,80,80,80,80,80,80,80,80,80,80,80,80,80,80,80,80],"relic_stats":{"Peace Pipe":0,"Happy Flower":[55],"counters":[136,627],"PreservedInsect":0,"Charon\u0027s Ashes":[66],"Chemical X":[2],"Question Card":18,"Smiling Mask":0,"Cursed Key":1,"obtain_stats":[{"Ice Cream":48,"Calipers":46,"Gremlin Horn":52,"Vajra":23,"Ginger":39,"Bottled Tornado":45,"Boot":54,"Lizard Tail":48,"MealTicket":0,"Fusion Hammer":17,"Kunai":0,"Toxic Egg 2":47,"Girya":37,"MerchantsRug":0,"Happy Flower":7,"Dead Branch":30,"Astrolabe":17,"Eternal Feather":9,"Pen Nib":7,"Charon\u0027s Ashes":43,"Letter Opener":8,"Question Card":0,"Akabeko":36,"SlaversCollar":17,"Bronze Scales":54,"Molten Egg 2":26,"Pandora\u0027s Box":34,"Mark of Pain":17,"Unceasing Top":0,"Meat on the Bone":10,"Regal Pillow":14,"Lantern":44,"Torii":0,"Singing Bowl":43,"Snake Skull":43,"Bag of Preparation":44,"Empty Cage":34,"Cursed Key":17,"Smiling Mask":9,"Burning Blood":0,"Emotion Chip":0,"Nunchaku":49,"Dream Catcher":43,"Shovel":14,"Gambling Chip":54,"Pantograph":10,"Tiny Chest":27,"Red Mask":20,"Chemical X":0,"Cracked Core":0,"InkBottle":43,"Ring of the Snake":0,"Potion Belt":28,"Lee\u0027s Waffle":0,"Golden Idol":11,"Thread and Needle":26,"PreservedInsect":0,"The Courier":9,"Frozen Egg 2":9,"Orichalcum":0,"White Beast Statue":7,"Nuclear Battery":17,"Peace Pipe":44,"Anchor":42,"Ornamental Fan":0,"Bloody Idol":28,"Turnip":54,"Art of War":26,"Bag of Marbles":53,"Membership Card":38,"FossilizedHelix":45},{"Ice Cream":30,"Calipers":112,"Gremlin Horn":64,"Vajra":50,"Ginger":60,"Bottled Tornado":28,"Boot":90,"Lizard Tail":88,"MealTicket":66,"Fusion Hammer":46,"Kunai":37,"Toxic Egg 2":62,"Girya":27,"MerchantsRug":33,"Happy Flower":4,"Dead Branch":104,"Astrolabe":123,"Eternal Feather":4,"Pen Nib":69,"Charon\u0027s Ashes":132,"Letter Opener":43,"Question Card":66,"Akabeko":82,"SlaversCollar":7,"Bronze Scales":32,"Molten Egg 2":51,"Pandora\u0027s Box":55,"Mark of Pain":99,"Unceasing Top":33,"Meat on the Bone":5,"Regal Pillow":45,"Lantern":85,"Torii":37,"Singing Bowl":60,"Snake Skull":85,"Bag of Preparation":110,"Empty Cage":25,"Cursed Key":72,"Smiling Mask":119,"Burning Blood":0,"Emotion Chip":0,"Nunchaku":63,"Dream Catcher":109,"Shovel":45,"Gambling Chip":65,"Pantograph":96,"Tiny Chest":51,"Red Mask":48,"Chemical X":116,"Cracked Core":0,"InkBottle":27,"Ring of the Snake":0,"Potion Belt":80,"Lee\u0027s Waffle":66,"Golden Idol":5,"Thread and Needle":127,"PreservedInsect":0,"The Courier":43,"Frozen Egg 2":15,"Orichalcum":91,"White Beast Statue":42,"Nuclear Battery":19,"Peace Pipe":133,"Anchor":60,"Ornamental Fan":0,"Bloody Idol":23,"Turnip":115,"Art of War":22,"Bag of Marbles":64,"Membership Card":108,"FossilizedHelix":111},{"Ice Cream":146,"Calipers":527,"Gremlin Horn":310,"Vajra":253,"Ginger":297,"Bottled Tornado":134,"Boot":434,"Lizard Tail":422,"MealTicket":324,"Fusion Hammer":235,"Kunai":197,"Toxic Egg 2":302,"Girya":121,"MerchantsRug":176,"Happy Flower":12,"Dead Branch":490,"Astrolabe":580,"Eternal Feather":12,"Pen Nib":334,"Charon\u0027s Ashes":611,"Letter Opener":221,"Question Card":324,"Akabeko":393,"SlaversCollar":26,"Bronze Scales":170,"Molten Egg 2":258,"Pandora\u0027s Box":275,"Mark of Pain":471,"Unceasing Top":176,"Meat on the Bone":15,"Regal Pillow":227,"Lantern":407,"Torii":197,"Singing Bowl":297,"Snake Skull":407,"Bag of Preparation":520,"Empty Cage":106,"Cursed Key":351,"Smiling Mask":558,"Burning Blood":0,"Emotion Chip":0,"Nunchaku":305,"Dream Catcher":515,"Shovel":227,"Gambling Chip":316,"Pantograph":460,"Tiny Chest":258,"Red Mask":244,"Chemical X":549,"Cracked Core":0,"InkBottle":121,"Ring of the Snake":0,"Potion Belt":378,"Lee\u0027s Waffle":324,"Golden Idol":15,"Thread and Needle":593,"PreservedInsect":0,"The Courier":221,"Frozen Egg 2":51,"Orichalcum":445,"White Beast Statue":214,"Nuclear Battery":66,"Peace Pipe":615,"Anchor":297,"Ornamental Fan":0,"Bloody Idol":91,"Turnip":543,"Art of War":85,"Bag of Marbles":310,"Membership Card":511,"FossilizedHelix":523}],"Burning Blood":233},"card_choices":[{"not_picked":["Evolve","Reckless Charge","Clothesline"],"picked":"SKIP","floor":1.0},{"not_picked":["Panacea","Blind"],"picked":"Trip","floor":3.0},{"not_picked":["Battle Trance","Thunderclap","Searing Blow"],"picked":"Seeing Red","floor":5.0},{"not_picked":["Perfected Strike","Havoc","Iron Wave"],"picked":"Battle Trance","floor":7.0},{"not_picked":["Evolve","Armaments","Perfected Strike"],"picked":"Flex","floor":11.0},{"not_picked":["Havoc","Shrug It Off","Entrench"],"picked":"Inflame","floor":12.0},{"not_picked":["Perfected Strike","Sentinel","Clash"],"picked":"Infernal Blade","floor":13.0},{"not_picked":["Demon Form","Juggernaut","Bludgeon"],"picked":"Limit Break","floor":16.0},{"not_picked":["Thunderclap","Rupture","Clash"],"picked":"Infernal Blade+1","floor":18.0},{"not_picked":["Cleave","Iron Wave","Havoc"],"picked":"Metallicize+1","floor":21.0},{"not_picked":["Pommel Strike","Clothesline","Sword Boomerang+1"],"picked":"Flex","floor":22.0},{"not_picked":["Flex","Entrench","Battle Trance"],"picked":"Offering","floor":24.0},{"not_picked":["Thunderclap","Rupture","Armaments"],"picked":"Rage","floor":31.0},{"not_picked":["Feed","Limit Break","Immolate"],"picked":"Double Tap","floor":33.0},{"not_picked":["Twin Strike","Armaments+1","Clash+1"],"picked":"Headbutt+1","floor":35.0},{"not_picked":["Sentinel+1","Warcry","Wild Strike+1"],"picked":"Intimidate","floor":41},{"not_picked":["Feel No Pain","Fire Breathing","Armaments","Dark Embrace"],"picked":"SKIP","floor":42},{"not_picked":["Sword Boomerang","Iron Wave+1","Twin Strike+1"],"picked":"Dual Wield","floor":44},{"not_picked":["Barricade","Battle Trance","Clash+1"],"picked":"Anger","floor":45},{"not_picked":["Heavy Blade","Feel No Pain+1","Fire Breathing"],"picked":"Dual Wield","floor":48}],"player_experience":3604671,"relics_obtained":[{"floor":4.0,"key":"Question Card"},{"floor":9.0,"key":"Smiling Mask"},{"floor":14.0,"key":"PreservedInsect"},{"floor":24.0,"key":"Red Mask"},{"floor":26.0,"key":"Thread and Needle"},{"floor":43,"key":"Charon\u0027s Ashes"},{"floor":44,"key":"Peace Pipe"}],"event_choices":[{"damage_healed":0.0,"max_hp_gain":0.0,"max_hp_loss":0.0,"gold_gain":75.0,"event_name":"betterThird:BetterGoop","player_choice":"Gold","floor":2.0,"gold_loss":0.0,"damage_taken":11.0},{"damage_healed":0.0,"max_hp_gain":0.0,"max_hp_loss":0.0,"gold_gain":1.0,"event_name":"betterStone:BetterStone","player_choice":"1","floor":3.0,"gold_loss":0.0,"damage_taken":0.0},{"damage_healed":0.0,"max_hp_gain":0.0,"max_hp_loss":0.0,"gold_gain":0.0,"event_name":"The Woman in Blue","player_choice":"Bought 0 Potions","floor":10.0,"gold_loss":0.0,"damage_taken":0.0},{"cards_removed":["Strike_R"],"damage_healed":0.0,"max_hp_gain":0.0,"max_hp_loss":0.0,"gold_gain":0.0,"event_name":"betterNote:BetterNote","player_choice":"Give","floor":19.0,"gold_loss":0.0,"damage_taken":0.0,"cards_obtained":["Strike_G"]},{"damage_healed":0.0,"max_hp_gain":0.0,"max_hp_loss":0.0,"gold_gain":0.0,"event_name":"Masked Bandits","player_choice":"Fought Bandits","floor":24.0,"gold_loss":0.0,"damage_taken":0.0},{"damage_healed":0.0,"max_hp_gain":0.0,"max_hp_loss":0.0,"gold_gain":0.0,"event_name":"Winding Halls","player_choice":"Embrace Madness","floor":38.0,"gold_loss":0.0,"damage_taken":10.0,"cards_obtained":["Madness","Madness"]},{"damage_healed":0,"gold_gain":210,"player_choice":"GO GO ","damage_taken":18,"relics_obtained":[],"max_hp_gain":0,"max_hp_loss":0,"event_name":"betterSkull:BetterSkull","floor":39,"gold_loss":0,"cards_upgraded":[]},{"damage_healed":0,"gold_gain":0,"player_choice":"Fight","damage_taken":0,"max_hp_gain":0,"max_hp_loss":0,"event_name":"MindBloom","floor":44,"gold_loss":0}],"is_beta":false,"boss_relics":[{"not_picked":["Runic Cube","Snecko Eye"],"picked":"Astrolabe"},{"not_picked":["Runic Dome","Tiny House"],"picked":"Cursed Key"}],"items_purged_floors":[],"is_endless":false,"potions_floor_spawned":[5,11,22,24,35,41,48],"killed_by":"Awakened One","ascension_level":0}}