{"host":"on8rz1ayhhz269sg","time":1610437108,"event":{"mods":["BaseMod","Downfall","Minty Spire (QoL Compilation)","Remilia（蕾米莉亚）","StSLib","The Cursed","残留之物"],"gold_per_floor":[99,111,111,124,124,150,150,162,182,211,230,29,29,59,79,174,174,99,117,130,147,158,171,171,171,191,203,222,222,222,242,252,347,347,347,366,384,62,81,81,153,172,182,211,227,227,238,30,43,43],"floor_reached":51,"playtime":5022,"items_purged":[],"score":828,"play_id":"648a9355-83aa-4f74-9c1f-f14addf51e65","local_time":"20210112153828","is_ascension_mode":false,"campfire_choices":[{"data":"PlaceholderMod:DiffusionPoison","floor":1.0,"key":"SMITH"},{"floor":13.0,"key":"REST"},{"data":"PlaceholderMod:HornyCollision","floor":18.0,"key":"SMITH"},{"data":"PlaceholderMod:QualitativeChange","floor":35.0,"key":"SMITH"},{"data":"PlaceholderMod:HealingAttack","floor":46.0,"key":"SMITH"}],"circlet_count":0,"master_deck":["PlaceholderMod:Crystal","PlaceholderMod:PoisonWhip","PlaceholderMod:DiffusionPoison+1","PlaceholderMod:CrystallizationStrike+1","PlaceholderMod:Sweep","PlaceholderMod:HardStinger","PlaceholderMod:Stratification","PlaceholderMod:DiffusionPoison+1","PlaceholderMod:Hard","PlaceholderMod:HardStrike","PlaceholderMod:Inner+1","PlaceholderMod:HealingAttack+1","PlaceholderMod:ComplexForm+1","PlaceholderMod:Corrosion+1","PlaceholderMod:HornyCollision+1","PlaceholderMod:CycleAttack","PlaceholderMod:UnpureUse+1","PlaceholderMod:QualitativeChange+1","PlaceholderMod:HornyBlast","PlaceholderMod:FastReaction","PlaceholderMod:ConsolidateHit","PlaceholderMod:Hard","PlaceholderMod:SevereHeat","PlaceholderMod:Inner+1","PlaceholderMod:PoisonExcitation","PlaceholderMod:SubstitutionNucleophilic1","PlaceholderMod:PoisonAbsorb+1","PlaceholderMod:RadicalHit","PlaceholderMod:ContinueSpray","PlaceholderMod:SeverePoisonStrike+1","PlaceholderMod:Package","PlaceholderMod:DirectingGroup+1","Slimebound:CheckThePlaybook","PlaceholderMod:Inner+1","PlaceholderMod:TriggerStrike","PlaceholderMod:GrowthForm+1","PlaceholderMod:ThreeBenzyolStart+1","PlaceholderMod:Stable+1","PlaceholderMod:OHStrongAttack","PlaceholderMod:AttackAsDefend","PlaceholderMod:HighConcentration+1","PlaceholderMod:StrongAcid","expansioncontent:Torchfire","PlaceholderMod:PoisonBlast+1","PlaceholderMod:Internalization+1","PlaceholderMod:HardStrike","PlaceholderMod:HardStrike+1","PlaceholderMod:StressReaction+1","PlaceholderMod:HardStrike+1","Sadistic Nature+1","PlaceholderMod:TriggerStrike","PlaceholderMod:StrongAcid+1"],"relics":["PlaceholderMod:Tancle","Omamori","Frozen Egg 2","Boot","Pocketwatch","Pandora\u0027s Box","downfall:HeartBlessingGreen","Bottled Lightning","Lantern","Philosopher\u0027s Stone","Pantograph","OrangePellets","Bottled Flame","Happy Flower"],"acts_visited":["Exordium","TheCity","TheBeyond"],"potions_floor_usage":[49,50,50],"damage_taken":[{"damage":1.0,"enemies":"Jaw Worm","floor":2.0,"turns":4.0},{"damage":0.0,"enemies":"Cultist","floor":4.0,"turns":3.0},{"damage":0.0,"enemies":"2 Louse","floor":8.0,"turns":2.0},{"damage":3.0,"enemies":"Red Slaver","floor":9.0,"turns":4.0},{"damage":18.0,"enemies":"Lagavulin","floor":10.0,"turns":7.0},{"damage":1.0,"enemies":"Large Slime","floor":11.0,"turns":6.0},{"damage":0.0,"enemies":"downfall:FleeingMerchant","floor":12.0,"turns":4.0},{"damage":3.0,"enemies":"Gremlin Nob","floor":14.0,"turns":3.0},{"damage":0.0,"enemies":"3 Louse","floor":15.0,"turns":3.0},{"damage":5.0,"enemies":"downfall:Watcher","floor":16.0,"turns":7.0},{"damage":13.0,"enemies":"Shell Parasite","floor":19.0,"turns":3.0},{"damage":6.0,"enemies":"Chosen","floor":20.0,"turns":3.0},{"damage":0.0,"enemies":"Snecko","floor":21.0,"turns":5.0},{"damage":12.0,"enemies":"Snake Plant","floor":22.0,"turns":5.0},{"damage":12.0,"enemies":"Centurion and Healer","floor":23.0,"turns":5.0},{"damage":9.0,"enemies":"3 Cultists","floor":26.0,"turns":4.0},{"damage":6.0,"enemies":"Cultist and Chosen","floor":27.0,"turns":5.0},{"damage":0.0,"enemies":"Snecko","floor":28.0,"turns":3.0},{"damage":3.0,"enemies":"Shelled Parasite and Fungi","floor":31.0,"turns":5.0},{"damage":2.0,"enemies":"Snake Plant","floor":32.0,"turns":3.0},{"damage":19.0,"enemies":"downfall:Silent","floor":33.0,"turns":7.0},{"damage":16.0,"enemies":"3 Darklings","floor":36.0,"turns":3.0},{"damage":1.0,"enemies":"3 Shapes","floor":37.0,"turns":3.0},{"damage":0.0,"enemies":"downfall:FleeingMerchant","floor":38.0,"turns":4.0},{"damage":25.0,"enemies":"Maw","floor":39.0,"turns":5.0},{"damage":13.0,"enemies":"Sphere and 2 Shapes","floor":42.0,"turns":5.0},{"damage":8.0,"enemies":"3 Darklings","floor":43.0,"turns":4.0},{"damage":0.0,"enemies":"Giant Head","floor":44.0,"turns":5.0},{"damage":0.0,"enemies":"Transient","floor":45.0,"turns":5.0},{"damage":9.0,"enemies":"Jaw Worm Horde","floor":47.0,"turns":2.0},{"damage":0,"enemies":"Sphere and 2 Shapes","floor":49,"turns":2},{"damage":22,"enemies":"downfall:Defect","floor":50,"turns":6}],"seed_played":"4789160594467081278","potions_obtained":[{"floor":8.0,"key":"Fire Potion"},{"floor":9.0,"key":"DistilledChaos"},{"floor":14.0,"key":"champ:CounterPotion"},{"floor":15.0,"key":"Fire Potion"},{"floor":16.0,"key":"PowerPotion"},{"floor":19.0,"key":"FearPotion"},{"floor":21.0,"key":"Swift Potion"},{"floor":22.0,"key":"Fruit Juice"},{"floor":32.0,"key":"Dexterity Potion"},{"floor":33.0,"key":"FearPotion"},{"floor":37.0,"key":"Guardian:BlockOnCardUsePotion"},{"floor":42.0,"key":"hexamod:EctoCoolerPotion"},{"floor":44.0,"key":"Weak Potion"},{"floor":49,"key":"Fruit Juice"}],"is_trial":false,"path_per_floor":["R","M","?","M","?","T","T","M","M","E","M","$","R","E","M","B",null,"R","M","M","M","M","M","T","?","M","M","M","?","?","M","M","B",null,"R","M","M","$","M","?","T","M","M","E","M","R","M","$","M","B",null],"character_chosen":"THE_PLACEHOLDER","items_purchased":["PlaceholderMod:Inner+1","PlaceholderMod:HealingAttack","Pantograph","PlaceholderMod:AttackAsDefend","PlaceholderMod:HighConcentration+1","PlaceholderMod:StrongAcid","OrangePellets","expansioncontent:Torchfire","Sadistic Nature+1","PlaceholderMod:TriggerStrike"],"campfire_rested":1,"item_purchase_floors":[12,12,38,38,38,38,38,38,48,48],"current_hp_per_floor":[78,77,77,77,82,82,82,82,79,61,60,60,83,83,83,83,83,83,70,68,78,66,63,63,55,57,55,55,55,55,52,54,35,88,88,72,71,80,55,55,55,52,54,64,78,78,74,74,79,78],"gold":43,"neow_bonus":"ONE_RANDOM_RARE_CARD","is_daily":false,"chose_seed":false,"campfire_upgraded":4,"win_rate":0.0,"timestamp":1610437108,"path_taken":["R","M","?","M","?","?","T","M","M","E","?","$","R","E","M","BOSS","R","M","M","M","M","M","T","?","?","M","M","?","?","M","M","BOSS","R","M","M","$","M","?","T","M","M","E","?","R","M","$","M","BOSS"],"items_purchased_type":["Card","Card","Relic","Card","Card","Card","Relic","Card","Card","Card"],"build_version":"2020-12-22","purchased_purges":0,"victory":true,"max_hp_per_floor":[78,78,78,78,83,83,83,83,83,83,83,83,83,83,83,83,83,83,83,83,83,83,88,88,88,88,88,88,88,88,88,88,88,88,88,88,88,88,88,88,88,88,88,88,88,88,88,88,88,93],"card_choices":[{"not_picked":["PlaceholderMod:SprayAttack","PlaceholderMod:DissolvingSpikes"],"picked":"PlaceholderMod:CrystallizationStrike","floor":2.0},{"not_picked":["PlaceholderMod:Internalization","PlaceholderMod:FastReaction"],"picked":"PlaceholderMod:Sweep","floor":4.0},{"not_picked":["PlaceholderMod:HornyBlast","PlaceholderMod:Colorful"],"picked":"PlaceholderMod:HardStinger","floor":8.0},{"not_picked":["PlaceholderMod:AttackAsDefend","PlaceholderMod:CrystallizationStrike"],"picked":"PlaceholderMod:Stratification","floor":9.0},{"not_picked":["PlaceholderMod:DiffusionChemical","PlaceholderMod:HardStrike"],"picked":"PlaceholderMod:DiffusionPoison+1","floor":10.0},{"not_picked":["PlaceholderMod:Turn","PlaceholderMod:Hyperplasia"],"picked":"PlaceholderMod:Hard","floor":11.0},{"not_picked":["PlaceholderMod:DissolvingSpikes","PlaceholderMod:Polyp"],"picked":"PlaceholderMod:HardStrike","floor":12.0},{"not_picked":["PlaceholderMod:FastReaction","PlaceholderMod:RadicalHit"],"picked":"PlaceholderMod:ComplexForm+1","floor":14.0},{"not_picked":["PlaceholderMod:DissolvingSpikes","PlaceholderMod:Sweep"],"picked":"PlaceholderMod:Corrosion","floor":15.0},{"not_picked":["PlaceholderMod:ReactionCatalyze","PlaceholderMod:Activation"],"picked":"PlaceholderMod:HornyCollision","floor":16.0},{"not_picked":["PlaceholderMod:Internalization","PlaceholderMod:DirectingGroup"],"picked":"PlaceholderMod:PoisonExcitation","floor":19.0},{"not_picked":["PlaceholderMod:AttackAsDefend","PlaceholderMod:HornyBlast"],"picked":"PlaceholderMod:SubstitutionNucleophilic1","floor":20.0},{"not_picked":["PlaceholderMod:FastReaction","PlaceholderMod:StrongAcid"],"picked":"PlaceholderMod:PoisonAbsorb+1","floor":21.0},{"not_picked":["PlaceholderMod:HornyBlast+1","PlaceholderMod:ParasiteChange"],"picked":"PlaceholderMod:RadicalHit","floor":22.0},{"not_picked":["PlaceholderMod:Sweep","PlaceholderMod:DirectingGroup"],"picked":"PlaceholderMod:ContinueSpray","floor":23.0},{"not_picked":["PlaceholderMod:SprayAttack","PlaceholderMod:FastReaction"],"picked":"PlaceholderMod:SeverePoisonStrike+1","floor":26.0},{"not_picked":["PlaceholderMod:DissolvingSpikes","PlaceholderMod:SubstitutionNucleophilic1+1"],"picked":"PlaceholderMod:Package","floor":27.0},{"not_picked":["PlaceholderMod:HardStrike","PlaceholderMod:UnpureUse+1"],"picked":"PlaceholderMod:DirectingGroup+1","floor":28.0},{"not_picked":["PlaceholderMod:TriggerStrike","PlaceholderMod:Polyp"],"picked":"PlaceholderMod:Inner+1","floor":31.0},{"not_picked":["PlaceholderMod:SprayAttack","PlaceholderMod:Sweep"],"picked":"PlaceholderMod:TriggerStrike","floor":32.0},{"not_picked":["PlaceholderMod:AbsorbTouch","PlaceholderMod:SelfCoupling+1"],"picked":"PlaceholderMod:GrowthForm+1","floor":33.0},{"not_picked":["PlaceholderMod:SelectReaction","PlaceholderMod:NearChange+1"],"picked":"PlaceholderMod:ThreeBenzyolStart+1","floor":36.0},{"not_picked":["PlaceholderMod:CrystallizationStrike+1","PlaceholderMod:EvolutionSpray+1"],"picked":"PlaceholderMod:Stable+1","floor":37.0},{"not_picked":["PlaceholderMod:SpinBlade+1","PlaceholderMod:SubstitutionNucleophilic1+1"],"picked":"PlaceholderMod:OHStrongAttack","floor":38.0},{"not_picked":["PlaceholderMod:NutritionAbsorb","PlaceholderMod:ThreeBenzyolStart+1"],"picked":"PlaceholderMod:PoisonBlast+1","floor":39.0},{"not_picked":["PlaceholderMod:PoisonExcitation+1","PlaceholderMod:SeverePoisonStrike"],"picked":"PlaceholderMod:Internalization+1","floor":42.0},{"not_picked":["PlaceholderMod:Stable+1","PlaceholderMod:Internalization"],"picked":"PlaceholderMod:HardStrike","floor":43.0},{"not_picked":["PlaceholderMod:HornyCollision","PlaceholderMod:SelectReaction+1"],"picked":"PlaceholderMod:HardStrike+1","floor":44.0},{"not_picked":["PlaceholderMod:OHStrongAttack+1","PlaceholderMod:AngryAttack"],"picked":"PlaceholderMod:StressReaction+1","floor":45.0},{"not_picked":["PlaceholderMod:DirectingGroup","PlaceholderMod:Internalization+1"],"picked":"PlaceholderMod:HardStrike+1","floor":47.0},{"not_picked":["PlaceholderMod:Hyperplasia+1","PlaceholderMod:HardStinger"],"picked":"PlaceholderMod:StrongAcid+1","floor":49}],"player_experience":191675,"relics_obtained":[{"floor":6.0,"key":"Omamori"},{"floor":7.0,"key":"Frozen Egg 2"},{"floor":10.0,"key":"Boot"},{"floor":14.0,"key":"Pocketwatch"},{"floor":24.0,"key":"Bottled Lightning"},{"floor":41.0,"key":"Bottled Flame"},{"floor":44.0,"key":"Happy Flower"}],"event_choices":[{"damage_healed":0.0,"max_hp_gain":5.0,"max_hp_loss":0.0,"gold_gain":0.0,"event_name":"Big Fish","player_choice":"Donut","floor":5.0,"gold_loss":0.0,"damage_taken":0.0},{"damage_healed":0.0,"max_hp_gain":0.0,"max_hp_loss":0.0,"gold_gain":0.0,"event_name":"Addict","player_choice":"Stole Relic","floor":30.0,"gold_loss":0.0,"damage_taken":0.0,"relics_obtained":["Lantern"],"cards_obtained":["Shame"]}],"is_beta":false,"boss_relics":[{"not_picked":["Tiny House","Coffee Dripper"],"picked":"Pandora\u0027s Box"},{"not_picked":["Calling Bell","Busted Crown"],"picked":"Philosopher\u0027s Stone"}],"items_purged_floors":[],"is_endless":false,"potions_floor_spawned":[8,9,14,15,16,19,21,22,32,33,37,42,44,49],"ascension_level":0}}