{"host":"5hj512uv6i1x1iks","time":1610475595,"event":{"mods":["BaseMod","Colored Powertips","Minty Spire (QoL Compilation)","Random Character Button","Rare Cards Sparkle","Relic Stats","StSLib","ojb\u0027s Better Paths Mod","ojb\u0027s Info Mod"],"gold_per_floor":[114,130,130,141,70,96,96,126,126,143,162,178,194,213,213,213,213],"floor_reached":16,"playtime":402,"items_purged":[],"score":203,"play_id":"433c42c7-888b-4a57-a57b-3be5734e6a91","local_time":"20210112121955","is_ascension_mode":true,"campfire_choices":[{"data":"Bash","floor":7.0,"key":"SMITH"},{"floor":15,"key":"DIG"}],"circlet_count":0,"master_deck":["AscendersBane","Strike_R","Strike_R","Strike_R","Strike_R","Strike_R","Defend_R","Defend_R","Defend_R","Defend_R","Bash+1","Clothesline","True Grit","Thunderclap","Shockwave","Twin Strike","Second Wind","Double Tap"],"relics":["Coffee Dripper","NlothsMask","Thread and Needle","Shovel","Bird Faced Urn"],"acts_visited":["Exordium"],"potions_floor_usage":[14,16],"damage_taken":[{"damage":0.0,"enemies":"Cultist","floor":1.0,"turns":3.0},{"damage":0.0,"enemies":"Jaw Worm","floor":2.0,"turns":3.0},{"damage":8.0,"enemies":"Small Slimes","floor":4.0,"turns":3.0},{"damage":37.0,"enemies":"Lagavulin","floor":6.0,"turns":8.0},{"damage":13.0,"enemies":"3 Sentries","floor":8.0,"turns":7.0},{"damage":0.0,"enemies":"3 Louse","floor":10.0,"turns":3.0},{"damage":0.0,"enemies":"Exordium Wildlife","floor":11.0,"turns":3.0},{"damage":0.0,"enemies":"Blue Slaver","floor":12.0,"turns":4.0},{"damage":2.0,"enemies":"Lots of Slimes","floor":13.0,"turns":2.0},{"damage":2,"enemies":"2 Fungi Beasts","floor":14,"turns":4},{"damage":13,"enemies":"The Guardian","floor":16,"turns":2}],"seed_played":"-5267357546521811409","potions_obtained":[{"floor":2.0,"key":"SneckoOil"},{"floor":12.0,"key":"Explosive Potion"},{"floor":13.0,"key":"FearPotion"},{"floor":14,"key":"Weak Potion"}],"is_trial":false,"path_per_floor":["M","M","?","M","$","E","R","E","T","M","M","M","M","M","R","B"],"character_chosen":"IRONCLAD","items_purchased":["Thunderclap","AttackPotion"],"campfire_rested":0,"item_purchase_floors":[5,5],"current_hp_per_floor":[68,68,68,60,60,23,23,10,10,10,10,10,8,6,6,0,0],"gold":213,"neow_bonus":"BOSS_RELIC","is_daily":false,"chose_seed":false,"campfire_upgraded":1,"win_rate":0.0,"timestamp":1610475595,"path_taken":["M","?","?","M","$","E","R","E","T","M","M","M","?","?","R","BOSS"],"items_purchased_type":["Card","Potion"],"build_version":"2020-12-22","purchased_purges":0,"victory":false,"max_hp_per_floor":[75,75,75,75,75,75,75,75,75,75,75,75,75,75,75,75,75],"relic_stats":{"Shovel":1,"counters":[11,42],"Bird Faced Urn":[0],"obtain_stats":[{"Shovel":8,"Bird Faced Urn":15,"Thread and Needle":6,"Coffee Dripper":0,"Burning Blood":0,"NlothsMask":3},{"Shovel":5,"Bird Faced Urn":10,"Thread and Needle":4,"Coffee Dripper":0,"Burning Blood":0,"NlothsMask":2},{"Shovel":24,"Bird Faced Urn":40,"Thread and Needle":17,"Coffee Dripper":0,"Burning Blood":0,"NlothsMask":6}]},"card_choices":[{"not_picked":["Clash","True Grit"],"picked":"Clothesline","floor":1.0},{"not_picked":["Dual Wield","Dark Embrace"],"picked":"True Grit","floor":2.0},{"not_picked":["Hemokinesis","Flex","Evolve"],"picked":"SKIP","floor":4.0},{"not_picked":["Seeing Red","Dropkick","Bloodletting"],"picked":"SKIP","floor":6.0},{"not_picked":["Iron Wave","Heavy Blade"],"picked":"Shockwave","floor":8.0},{"not_picked":["Sentinel","Perfected Strike","Clash"],"picked":"SKIP","floor":10.0},{"not_picked":["Heavy Blade","Armaments","Headbutt"],"picked":"SKIP","floor":11.0},{"not_picked":["Headbutt","Wild Strike"],"picked":"Twin Strike","floor":12.0},{"not_picked":["Dropkick","Infernal Blade"],"picked":"Second Wind","floor":13.0},{"not_picked":["Armaments","Thunderclap"],"picked":"Double Tap","floor":14}],"player_experience":573893,"relics_obtained":[{"floor":6.0,"key":"Thread and Needle"},{"floor":8.0,"key":"Shovel"},{"floor":15,"key":"Bird Faced Urn"}],"event_choices":[{"damage_healed":0.0,"max_hp_gain":0.0,"max_hp_loss":0.0,"gold_gain":0.0,"event_name":"FaceTrader","player_choice":"Trade","floor":3.0,"gold_loss":0.0,"damage_taken":0.0,"relics_obtained":["NlothsMask"]}],"is_beta":false,"boss_relics":[],"items_purged_floors":[],"is_endless":false,"potions_floor_spawned":[2,6,12,13,14],"killed_by":"The Guardian","ascension_level":15}}