{"host":"wg33yb1rgt3nbe17","time":1610438426,"event":{"mods":["AchievementEnabler","BaseMod","Colored Map","Minty Spire (QoL Compilation)","Permanent Neow","Relic Stats","StSLib"],"gold_per_floor":[112,67,85,85,85,85,85],"floor_reached":6,"playtime":145,"items_purged":[],"score":66,"play_id":"3415376e-a1e3-4418-9601-5c8fc52159f0","local_time":"20210112030026","is_ascension_mode":true,"campfire_choices":[],"circlet_count":0,"master_deck":["AscendersBane","Strike_R","Strike_R","Strike_R","Strike_R+1","Strike_R","Defend_R","Defend_R","Defend_R","Defend_R","Bash+1","Parasite","Pommel Strike","Searing Blow","Shockwave"],"relics":["Burning Blood","Mango","TungstenRod"],"acts_visited":["Exordium"],"potions_floor_usage":[6],"damage_taken":[{"damage":10,"enemies":"Small Slimes","floor":1,"turns":3},{"damage":12,"enemies":"Jaw Worm","floor":3,"turns":2},{"damage":49,"enemies":"Lagavulin","floor":6,"turns":7}],"seed_played":"-1841198585642939888","potions_obtained":[{"floor":3,"key":"Dexterity Potion"}],"is_trial":false,"path_per_floor":["M","$","M","?","?","E"],"character_chosen":"IRONCLAD","items_purchased":["Searing Blow"],"campfire_rested":0,"item_purchase_floors":[2],"current_hp_per_floor":[78,78,72,45,34,0,0],"gold":85,"neow_bonus":"ONE_RARE_RELIC","is_daily":false,"chose_seed":false,"campfire_upgraded":0,"win_rate":0.0,"timestamp":1610438426,"path_taken":["M","$","M","?","?","E"],"items_purchased_type":["Card"],"build_version":"2020-12-22","purchased_purges":0,"victory":false,"max_hp_per_floor":[89,89,89,89,89,89,89],"relic_stats":{"counters":[3,12],"obtain_stats":[{"Mango":0,"Burning Blood":0,"TungstenRod":5},{"Mango":0,"Burning Blood":0,"TungstenRod":2},{"Mango":0,"Burning Blood":0,"TungstenRod":5}],"Burning Blood":12,"TungstenRod":4},"card_choices":[{"not_picked":["Warcry","Thunderclap"],"picked":"Pommel Strike","floor":1},{"not_picked":["Anger","Clothesline"],"picked":"Shockwave","floor":3}],"player_experience":558793,"relics_obtained":[],"event_choices":[{"damage_healed":0,"gold_gain":0,"player_choice":"Entered Light","damage_taken":27,"max_hp_gain":0,"max_hp_loss":0,"event_name":"Shining Light","floor":4,"gold_loss":0,"cards_upgraded":["Bash","Strike_R"]},{"damage_healed":0,"gold_gain":0,"player_choice":"Success","damage_taken":11,"relics_obtained":["TungstenRod"],"max_hp_gain":0,"max_hp_loss":0,"event_name":"Scrap Ooze","floor":5,"gold_loss":0}],"is_beta":false,"boss_relics":[],"items_purged_floors":[],"is_endless":false,"potions_floor_spawned":[3],"killed_by":"Lagavulin","ascension_level":19}}