{"host":"8pjvbxl6xo882v42","time":1610492465,"event":{"mods":["AchievementEnabler","BaseMod","Minty Spire (QoL Compilation)","Replay The Spire","StSLib","The Cursed"],"gold_per_floor":[115,125,140,151,161,161,177,210,278,291,303,328,348,361,361,440,440,455,470,390,410,423,423,423],"floor_reached":23,"language":"FRA","playtime":1650,"items_purged":[],"score":383,"play_id":"15c1ea13-d66e-4353-91db-6fd71723e25a","local_time":"20210113000105","is_ascension_mode":true,"campfire_choices":[{"floor":6,"key":"REST"},{"floor":15,"key":"DIG"}],"circlet_count":0,"master_deck":["AscendersBane","Strike_R","Strike_R","Strike_R","Strike_R","Strike_R","Defend_R","Defend_R","Defend_R","Defend_R","Bash","Metallicize","Clothesline","Carnage","ReplayTheSpireMod:Stacked","Cleave","Shrug It Off","Metallicize","Disarm","Impervious","Pommel Strike","Armaments","Thunderclap","Barricade","ReplayTheSpireMod:Limb From Limb","Cleave","Flame Barrier"],"relics":["Painkiller Herb","Pantograph","Darkstone Periapt","Potion Belt","Magic Flower","Velvet Choker"],"acts_visited":["Exordium","TheCity"],"potions_floor_usage":[4,7,13,16,23],"damage_taken":[{"damage":1,"enemies":"Cultist","floor":1,"turns":3},{"damage":7,"enemies":"Small Slimes","floor":2,"turns":4},{"damage":9,"enemies":"Jaw Worm","floor":3,"turns":3},{"damage":4,"enemies":"Gremlin Gang","floor":4,"turns":4},{"damage":21,"enemies":"Exordium Thugs","floor":5,"turns":4},{"damage":0,"enemies":"Blue Slaver","floor":7,"turns":1},{"damage":13,"enemies":"Lagavulin","floor":8,"turns":5},{"damage":0,"enemies":"Looter","floor":10,"turns":3},{"damage":10,"enemies":"Red Slaver","floor":11,"turns":2},{"damage":5,"enemies":"Gremlin Nob","floor":12,"turns":5},{"damage":16,"enemies":"Gremlin Gang","floor":13,"turns":7},{"damage":0,"enemies":"Blue Slaver","floor":14,"turns":3},{"damage":13,"enemies":"Slime Boss","floor":16,"turns":12},{"damage":9,"enemies":"3 Byrds","floor":18,"turns":6},{"damage":4,"enemies":"Shell Parasite","floor":19,"turns":7},{"damage":22,"enemies":"Snake Plant","floor":21,"turns":6},{"damage":4,"enemies":"Centurion and Healer","floor":22,"turns":10},{"damage":73,"enemies":"Gremlin Leader","floor":23,"turns":6}],"seed_played":"5496187895570990917","potions_obtained":[{"floor":2,"key":"SkillPotion"},{"floor":3,"key":"DuplicationPotion"},{"floor":4,"key":"Flashbang"},{"floor":10,"key":"Cursed Concoction"},{"floor":16,"key":"FairyPotion"},{"floor":19,"key":"Swift Potion"}],"is_trial":false,"path_per_floor":["?","?","?","?","?","T","?","E","T","?","?","E","?","?","T","B",null,"?","?","?","?","?","E"],"character_chosen":"IRONCLAD","items_purchased":[],"campfire_rested":1,"item_purchase_floors":[],"current_hp_per_floor":[67,60,51,47,26,48,48,35,35,35,25,20,4,4,4,29,64,55,51,51,29,25,0,0],"gold":423,"neow_bonus":"BOSS_RELIC","is_daily":false,"chose_seed":false,"campfire_upgraded":0,"win_rate":0.0,"timestamp":1610492465,"path_taken":["?","?","?","?","?","T","?","E","T","?","?","E","?","?","T","BOSS","?","?","?","?","?","E"],"items_purchased_type":[],"build_version":"2020-12-22","purchased_purges":0,"victory":false,"max_hp_per_floor":[75,75,75,75,75,75,75,75,75,75,75,75,75,75,75,75,75,75,75,75,75,75,75,75],"card_choices":[{"not_picked":["Thunderclap","Flame Barrier"],"picked":"Metallicize","floor":1},{"not_picked":["Warcry","Anger"],"picked":"Clothesline","floor":2},{"not_picked":["Clothesline","True Grit"],"picked":"Carnage","floor":3},{"not_picked":["Run Through","Entrench"],"picked":"ReplayTheSpireMod:Stacked","floor":4},{"not_picked":["Havoc","ReplayTheSpireMod:Stacked"],"picked":"Cleave","floor":5},{"not_picked":["Dark Embrace","Sword Boomerang"],"picked":"Shrug It Off","floor":7},{"not_picked":["Perfected Strike","Cleave"],"picked":"Metallicize","floor":8},{"not_picked":["Shrug It Off","ReplayReversal"],"picked":"Disarm","floor":10},{"not_picked":["Body Slam","Cleave"],"picked":"Impervious","floor":11},{"not_picked":["Perfected Strike","Ghostly Armor"],"picked":"Pommel Strike","floor":12},{"not_picked":["Perfected Strike","ReplayTheSpireMod:Corrosion Curse"],"picked":"Armaments","floor":13},{"not_picked":["Headbutt","Feel No Pain"],"picked":"Thunderclap","floor":14},{"not_picked":["Corruption","Eclipse"],"picked":"Barricade","floor":16},{"not_picked":["Life Link","Perfected Strike","Heavy Blade"],"picked":"SKIP","floor":18},{"not_picked":["Flex","Dual Wield"],"picked":"ReplayTheSpireMod:Limb From Limb","floor":19},{"not_picked":["Iron Wave","Armaments"],"picked":"Cleave","floor":21},{"not_picked":["Iron Wave","Clothesline"],"picked":"Flame Barrier","floor":22}],"player_experience":311511,"relics_obtained":[{"floor":8,"key":"Pantograph"},{"floor":9,"key":"Darkstone Periapt"},{"floor":12,"key":"Potion Belt"},{"floor":15,"key":"Magic Flower"}],"event_choices":[],"is_beta":false,"boss_relics":[{"not_picked":["Runic Pyramid","Ooze Armor"],"picked":"Velvet Choker"}],"items_purged_floors":[],"is_endless":false,"potions_floor_spawned":[2,3,4,10,11,16,19],"killed_by":"Gremlin Leader","ascension_level":16}}