{"host":"6r3ioyv75hs1gp74","time":1610415653,"event":{"mods":["AchievementEnabler","Act Like it!","BaseMod","Better Sensory Stone","Better Third Choice","Block Reminder","Colored Map","Colored Powertips","Curses Come First","Minty Spire (QoL Compilation)","StSLib"],"gold_per_floor":[113,113,124,136,147,175,175,204,230,245,259,259,259,15,15,117,117,136,148,168,10,21,21,21],"floor_reached":23,"playtime":1726,"items_purged":[],"score":236,"play_id":"4cb8997b-51ae-4645-8fb6-643e2b0229ec","local_time":"20210112014053","is_ascension_mode":true,"campfire_choices":[{"data":"Fusion","floor":7,"key":"SMITH"},{"floor":15,"key":"REST"}],"circlet_count":0,"master_deck":["Strike_B","Strike_B","Defend_B","Defend_B","Defend_B","Defend_B+1","Zap","Dualcast+1","Ball Lightning","Barrage","Hologram","Steam","Fusion+1","Conserve Battery","Redo","Creative AI","Coolheaded","Apotheosis+1","Melter","Redo","Streamline","Core Surge","Genetic Algorithm","BootSequence","Defragment+1","Forethought","Defragment","Recycle+1"],"relics":["Cracked Core","NeowsBlessing","War Paint","Dream Catcher","PreservedInsect","Happy Flower","Nuclear Battery"],"acts_visited":["Exordium","TheCity"],"potions_floor_usage":[6,8,8,16,23],"damage_taken":[{"damage":0,"enemies":"Jaw Worm","floor":1,"turns":1},{"damage":0,"enemies":"Cultist","floor":3,"turns":1},{"damage":0,"enemies":"2 Louse","floor":4,"turns":1},{"damage":5,"enemies":"Blue Slaver","floor":5,"turns":3},{"damage":25,"enemies":"Gremlin Nob","floor":6,"turns":4},{"damage":12,"enemies":"3 Sentries","floor":8,"turns":5},{"damage":0,"enemies":"2 Fungi Beasts","floor":10,"turns":3},{"damage":7,"enemies":"3 Louse","floor":11,"turns":3},{"damage":21,"enemies":"The Guardian","floor":16,"turns":8},{"damage":0,"enemies":"Spheric Guardian","floor":18,"turns":2},{"damage":0,"enemies":"Shell Parasite","floor":19,"turns":4},{"damage":11,"enemies":"Sentry and Sphere","floor":20,"turns":3},{"damage":12,"enemies":"Cultist and Chosen","floor":22,"turns":6},{"damage":53,"enemies":"Book of Stabbing","floor":23,"turns":6}],"seed_played":"-7075804446249429366","potions_obtained":[{"floor":3,"key":"AttackPotion"},{"floor":5,"key":"Strength Potion"},{"floor":6,"key":"SkillPotion"},{"floor":11,"key":"Block Potion"},{"floor":18,"key":"Dexterity Potion"}],"is_trial":false,"path_per_floor":["M","?","M","M","M","E","R","E","T","M","M","?","?","$","R","B",null,"M","M","M","$","M","E"],"character_chosen":"DEFECT","items_purchased":["Happy Flower","Melter","Redo","Forethought","Defragment"],"campfire_rested":1,"item_purchase_floors":[14,14,14,21,21],"current_hp_per_floor":[75,75,75,75,70,45,45,33,33,33,26,26,19,19,41,20,75,75,75,64,64,52,0,0],"gold":21,"neow_bonus":"THREE_ENEMY_KILL","is_daily":false,"chose_seed":false,"campfire_upgraded":1,"win_rate":0.0,"timestamp":1610415653,"path_taken":["M","?","?","M","M","E","R","E","T","M","M","?","?","$","R","BOSS","M","M","M","$","M","E"],"items_purchased_type":["Relic","Card","Card","Card","Card"],"build_version":"2020-12-22","purchased_purges":0,"victory":false,"max_hp_per_floor":[75,75,75,75,75,75,75,75,75,75,75,75,75,75,75,75,75,75,75,75,75,75,75,75],"card_choices":[{"not_picked":["Coolheaded","BootSequence"],"picked":"Ball Lightning","floor":1},{"not_picked":["Force Field","Turbo"],"picked":"Hologram","floor":3},{"not_picked":["Leap","Beam Cell"],"picked":"Steam","floor":4},{"not_picked":["Redo","Sweeping Beam"],"picked":"Fusion","floor":5},{"not_picked":["Sweeping Beam","Beam Cell"],"picked":"Conserve Battery","floor":6},{"not_picked":["Ball Lightning","Stack"],"picked":"Redo","floor":8},{"not_picked":["Cold Snap","Stack"],"picked":"Creative AI","floor":10},{"not_picked":["Hologram","Redo"],"picked":"Coolheaded","floor":11},{"not_picked":["Beam Cell","Heatsinks"],"picked":"Streamline","floor":15},{"not_picked":["Seek","Machine Learning"],"picked":"Core Surge","floor":16},{"not_picked":["Steam Power+1","Tempest"],"picked":"Genetic Algorithm","floor":18},{"not_picked":["Blizzard","Streamline+1"],"picked":"BootSequence","floor":19},{"not_picked":["Gash","Coolheaded"],"picked":"Defragment+1","floor":20},{"not_picked":["Turbo","Redo"],"picked":"Recycle+1","floor":22}],"player_experience":72801,"relics_obtained":[{"floor":6,"key":"War Paint"},{"floor":8,"key":"Dream Catcher"},{"floor":9,"key":"PreservedInsect"}],"event_choices":[{"damage_healed":0,"gold_gain":0,"cards_transformed":["Strike_B"],"player_choice":"Transformed","damage_taken":0,"max_hp_gain":0,"max_hp_loss":0,"event_name":"Transmorgrifier","floor":2,"gold_loss":0,"cards_obtained":["Barrage"]},{"damage_healed":26,"gold_gain":0,"player_choice":"Embrace","damage_taken":0,"max_hp_gain":0,"max_hp_loss":75,"event_name":"betterThird:BetterShining","floor":12,"gold_loss":1},{"cards_removed":["Strike_B"],"damage_healed":0,"gold_gain":0,"player_choice":"Card Removal","damage_taken":7,"max_hp_gain":0,"max_hp_loss":0,"event_name":"Golden Wing","floor":13,"gold_loss":0}],"is_beta":false,"boss_relics":[{"not_picked":["Tiny House","Busted Crown"],"picked":"Nuclear Battery"}],"items_purged_floors":[],"is_endless":false,"potions_floor_spawned":[3,5,6,11,18],"killed_by":"Book of Stabbing","ascension_level":3}}