{"host":"3a1ypf1irl30q4k8","time":1610472098,"event":{"mods":["AchievementEnabler","BaseMod","Bestiary","Colored Map","Minty Spire (QoL Compilation)","Relic Stats"],"gold_per_floor":[117,137,157,157,171,171,202,202,202,202,202,233,247,261,261,361,361,378,378,378,151,170,170,205,205,205,205,2,36,135,166,166,261,261,278,9,0,0,18,51,65,93,93,93,138,138,157,207,207,207,207,207,12,45,70],"floor_reached":56,"playtime":2529,"items_purged":["Strike_R","Strike_R","Strike_R"],"score":1476,"play_id":"951c16e6-0488-423a-ad06-301bb860e8b4","local_time":"20210112172138","is_ascension_mode":true,"campfire_choices":[{"data":"Corruption","floor":6.0,"key":"SMITH"},{"data":"1","floor":8.0,"key":"LIFT"},{"data":"2","floor":10.0,"key":"LIFT"},{"data":"3","floor":15.0,"key":"LIFT"},{"data":"Cleave","floor":23,"key":"SMITH"},{"data":"Whirlwind","floor":25,"key":"SMITH"},{"data":"Entrench","floor":27,"key":"SMITH"},{"data":"Pummel","floor":32,"key":"SMITH"},{"data":"Barricade","floor":44,"key":"SMITH"},{"floor":49,"key":"RECALL"},{"data":"Impervious","floor":52,"key":"SMITH"}],"circlet_count":0,"master_deck":["Strike_R","Strike_R","Defend_R","Defend_R","Defend_R","Defend_R","Bash+1","Thunderclap","Cleave+1","Rage","Corruption+1","Hemokinesis+1","Blood for Blood","Whirlwind+1","Entrench+1","Impervious+1","Shrug It Off","Necronomicurse","Pummel+1","Seeing Red","Spot Weakness","Shockwave+1","Pummel+1","Second Wind+1","Barricade+1","Disarm","Pommel Strike+1","Entrench","HandOfGreed+1","Blind","Sadistic Nature","Combust+1","Pommel Strike+1","Body Slam+1","Sword Boomerang+1","Inflame+1","Seeing Red","Inflame"],"relics":["Burning Blood","NeowsBlessing","Girya","Charon\u0027s Ashes","Thread and Needle","Mark of Pain","TungstenRod","Necronomicon","Molten Egg 2","Bottled Lightning","Medical Kit","The Courier","Dream Catcher","Runic Pyramid","Toolbox","Red Mask","Darkstone Periapt","Regal Pillow","Ancient Tea Set","StoneCalendar","Du-Vu Doll"],"acts_visited":["Exordium","TheCity","TheBeyond","TheEnding"],"potions_floor_usage":[29,33,42,55,55],"damage_taken":[{"damage":0.0,"enemies":"Cultist","floor":1.0,"turns":1.0},{"damage":0.0,"enemies":"Small Slimes","floor":2.0,"turns":1.0},{"damage":0.0,"enemies":"Jaw Worm","floor":3.0,"turns":1.0},{"damage":1.0,"enemies":"2 Fungi Beasts","floor":5.0,"turns":3.0},{"damage":39.0,"enemies":"Lagavulin","floor":7.0,"turns":6.0},{"damage":13.0,"enemies":"3 Sentries","floor":12.0,"turns":4.0},{"damage":8.0,"enemies":"Exordium Thugs","floor":13.0,"turns":2.0},{"damage":0.0,"enemies":"Large Slime","floor":14.0,"turns":2.0},{"damage":32.0,"enemies":"The Guardian","floor":16.0,"turns":8.0},{"damage":2.0,"enemies":"2 Thieves","floor":18.0,"turns":3.0},{"damage":0,"enemies":"Spheric Guardian","floor":22,"turns":2},{"damage":1,"enemies":"Gremlin Leader","floor":24,"turns":5},{"damage":1,"enemies":"Book of Stabbing","floor":29,"turns":4},{"damage":0,"enemies":"Slavers","floor":31,"turns":1},{"damage":46,"enemies":"Automaton","floor":33,"turns":8},{"damage":0,"enemies":"3 Darklings","floor":35,"turns":4},{"damage":1,"enemies":"Orb Walker","floor":39,"turns":3},{"damage":1,"enemies":"Reptomancer","floor":40,"turns":4},{"damage":0,"enemies":"3 Darklings","floor":41,"turns":2},{"damage":25,"enemies":"Giant Head","floor":42,"turns":8},{"damage":8,"enemies":"Jaw Worm Horde","floor":45,"turns":2},{"damage":8,"enemies":"Spire Growth","floor":47,"turns":3},{"damage":0,"enemies":"Mind Bloom Boss Battle","floor":48,"turns":2},{"damage":4,"enemies":"Time Eater","floor":50,"turns":8},{"damage":1,"enemies":"Shield and Spear","floor":54,"turns":4},{"damage":22,"enemies":"The Heart","floor":55,"turns":8}],"seed_played":"-3623863885728100909","potions_obtained":[{"floor":2.0,"key":"PowerPotion"},{"floor":7.0,"key":"EssenceOfSteel"},{"floor":13.0,"key":"Fire Potion"},{"floor":16.0,"key":"BlessingOfTheForge"},{"floor":18,"key":"SpeedPotion"},{"floor":31,"key":"LiquidBronze"},{"floor":33,"key":"BlessingOfTheForge"},{"floor":41,"key":"BloodPotion"},{"floor":48,"key":"SmokeBomb"},{"floor":54,"key":"Weak Potion"}],"is_trial":false,"path_per_floor":["M","M","M","?","M","R","E","R","T","R","?","E","M","M","R","B",null,"M","?","?","$","M","R","E","R","T","R","$","E","?","E","R","B",null,"M","$","?","?","M","E","M","E","T","R","M","T","M","?","R","B",null,"R","$","E","B",null],"character_chosen":"IRONCLAD","items_purchased":["Pummel","Seeing Red","Medical Kit","Block Potion","Pommel Strike+1","Entrench","Toolbox","Seeing Red","Inflame"],"campfire_rested":0,"item_purchase_floors":[21,21,28,28,36,36,36,53,53],"current_hp_per_floor":[80,80,80,80,80,80,47,47,47,47,47,40,38,44,44,18,80,80,80,68,68,74,74,79,79,79,79,79,80,80,80,80,40,80,80,80,80,71,76,80,80,77,77,77,75,75,73,79,79,80,80,80,80,80,64],"gold":70,"neow_bonus":"THREE_ENEMY_KILL","is_daily":false,"chose_seed":false,"campfire_upgraded":7,"win_rate":0.0,"timestamp":1610472098,"path_taken":["M","M","M","?","M","R","E","R","T","R","?","E","M","M","R","BOSS","M","?","?","$","M","R","E","R","T","R","?","E","?","E","R","BOSS","M","$","?","?","?","E","M","E","T","R","M","?","M","?","R","BOSS","R","$","E","BOSS"],"items_purchased_type":["Card","Card","Relic","Potion","Card","Card","Relic","Card","Card"],"build_version":"2020-12-22","purchased_purges":3,"victory":true,"max_hp_per_floor":[80,80,80,80,80,80,80,80,80,80,80,80,80,80,80,80,80,80,80,80,80,80,80,80,80,80,80,80,80,80,80,80,80,80,80,80,80,80,80,80,80,80,80,80,80,80,80,80,80,80,80,80,80,80,80],"relic_stats":{"Darkstone Periapt":0,"Dream Catcher":0,"Regal Pillow":0,"counters":[26,99],"StoneCalendar":[104],"Charon\u0027s Ashes":[334],"Necronomicon":[30],"Medical Kit":[9],"obtain_stats":[{"Darkstone Periapt":40,"Girya":7,"Regal Pillow":42,"NeowsBlessing":0,"Thread and Needle":12,"StoneCalendar":48,"Charon\u0027s Ashes":9,"The Courier":29,"Medical Kit":28,"Ancient Tea Set":46,"Burning Blood":0,"Du-Vu Doll":54,"Dream Catcher":31,"Toolbox":36,"Molten Egg 2":24,"Mark of Pain":17,"Necronomicon":20,"Red Mask":37,"Bottled Lightning":26,"TungstenRod":19,"Runic Pyramid":34},{"Darkstone Periapt":18,"Girya":5,"Regal Pillow":20,"NeowsBlessing":0,"Thread and Needle":6,"StoneCalendar":23,"Charon\u0027s Ashes":5,"The Courier":13,"Medical Kit":12,"Ancient Tea Set":21,"Burning Blood":0,"Du-Vu Doll":25,"Dream Catcher":14,"Toolbox":16,"Molten Egg 2":12,"Mark of Pain":9,"Necronomicon":10,"Red Mask":16,"Bottled Lightning":12,"TungstenRod":10,"Runic Pyramid":15},{"Darkstone Periapt":62,"Girya":12,"Regal Pillow":72,"NeowsBlessing":0,"Thread and Needle":16,"StoneCalendar":79,"Charon\u0027s Ashes":12,"The Courier":42,"Medical Kit":38,"Ancient Tea Set":74,"Burning Blood":0,"Du-Vu Doll":91,"Dream Catcher":43,"Toolbox":55,"Molten Egg 2":38,"Mark of Pain":28,"Necronomicon":31,"Red Mask":55,"Bottled Lightning":38,"TungstenRod":31,"Runic Pyramid":51}],"Burning Blood":100,"TungstenRod":47},"card_choices":[{"not_picked":["Clash","Heavy Blade"],"picked":"Thunderclap","floor":1.0},{"not_picked":["Perfected Strike","Twin Strike"],"picked":"Cleave","floor":2.0},{"not_picked":["Reckless Charge","Clash"],"picked":"Rage","floor":3.0},{"not_picked":["True Grit","Clash"],"picked":"Corruption","floor":5.0},{"not_picked":["Uppercut","Flex"],"picked":"Hemokinesis","floor":7.0},{"not_picked":["Reckless Charge","Headbutt"],"picked":"Blood for Blood","floor":12.0},{"not_picked":["Wild Strike","Dark Embrace"],"picked":"Whirlwind","floor":13.0},{"not_picked":["Warcry","True Grit"],"picked":"Entrench","floor":14.0},{"not_picked":["Demon Form","Feed"],"picked":"Impervious","floor":16.0},{"not_picked":["Perfected Strike+1","Iron Wave"],"picked":"Shrug It Off","floor":18},{"not_picked":["Metallicize","Iron Wave"],"picked":"Spot Weakness","floor":22},{"not_picked":["Flex+1","Iron Wave+1"],"picked":"Shockwave+1","floor":24},{"not_picked":["Heavy Blade+1","Dual Wield"],"picked":"Pummel+1","floor":29},{"not_picked":["Warcry","Wild Strike+1"],"picked":"Second Wind+1","floor":31},{"not_picked":["Reaper+1","Limit Break"],"picked":"Barricade","floor":33},{"not_picked":["Headbutt+1","Dual Wield"],"picked":"Disarm","floor":35},{"not_picked":["Sadistic Nature","Mind Blast+1"],"picked":"HandOfGreed+1","floor":38},{"not_picked":["Metamorphosis","Deep Breath"],"picked":"Blind","floor":38},{"not_picked":["Thinking Ahead","Secret Weapon"],"picked":"Sadistic Nature","floor":38},{"not_picked":["True Grit","Havoc","Perfected Strike+1"],"picked":"SKIP","floor":39},{"not_picked":["Headbutt+1","True Grit+1"],"picked":"Combust+1","floor":40},{"not_picked":["True Grit+1","Blood for Blood+1"],"picked":"Pommel Strike+1","floor":41},{"not_picked":["Cleave+1","Corruption"],"picked":"Body Slam+1","floor":42},{"not_picked":["Cleave+1","Entrench+1"],"picked":"Sword Boomerang+1","floor":45},{"not_picked":["Armaments+1","Shrug It Off"],"picked":"Inflame+1","floor":47},{"not_picked":["Flex+1","Headbutt+1","Warcry"],"picked":"SKIP","floor":54}],"player_experience":1036011,"relics_obtained":[{"floor":7.0,"key":"Girya"},{"floor":9.0,"key":"Charon\u0027s Ashes"},{"floor":12.0,"key":"Thread and Needle"},{"floor":20,"key":"Necronomicon"},{"floor":24,"key":"Molten Egg 2"},{"floor":26,"key":"Bottled Lightning"},{"floor":29,"key":"The Courier"},{"floor":31,"key":"Dream Catcher"},{"floor":40,"key":"Darkstone Periapt"},{"floor":42,"key":"Regal Pillow"},{"floor":46,"key":"Ancient Tea Set"},{"floor":48,"key":"StoneCalendar"},{"floor":54,"key":"Du-Vu Doll"}],"event_choices":[{"damage_healed":0.0,"max_hp_gain":0.0,"max_hp_loss":0.0,"gold_gain":0.0,"event_name":"Living Wall","player_choice":"Grow","floor":4.0,"gold_loss":0.0,"damage_taken":0.0,"cards_upgraded":["Bash"]},{"damage_healed":0.0,"max_hp_gain":0.0,"max_hp_loss":0.0,"gold_gain":0.0,"event_name":"Upgrade Shrine","player_choice":"Upgraded","floor":11.0,"gold_loss":0.0,"damage_taken":0.0,"cards_upgraded":["Hemokinesis"]},{"damage_healed":0,"gold_gain":0,"player_choice":"Opened","damage_taken":0,"relics_obtained":["TungstenRod"],"max_hp_gain":0,"max_hp_loss":0,"event_name":"The Mausoleum","floor":19,"gold_loss":0},{"damage_healed":0,"gold_gain":0,"player_choice":"Obtained Book","damage_taken":16,"max_hp_gain":0,"max_hp_loss":0,"event_name":"Cursed Tome","floor":20,"gold_loss":0},{"damage_healed":0,"gold_gain":99,"player_choice":"Stole From Cult","damage_taken":0,"max_hp_gain":0,"max_hp_loss":0,"event_name":"Nest","floor":30,"gold_loss":0},{"damage_healed":0,"gold_gain":0,"player_choice":"Paid","damage_taken":0,"relics_obtained":["Red Mask"],"max_hp_gain":0,"max_hp_loss":0,"event_name":"Tomb of Lord Red Mask","floor":37,"gold_loss":9},{"damage_healed":0,"gold_gain":0,"player_choice":"Memory 3","damage_taken":10,"max_hp_gain":0,"max_hp_loss":0,"event_name":"SensoryStone","floor":38,"gold_loss":0},{"damage_healed":0,"gold_gain":0,"player_choice":"Fight","damage_taken":0,"max_hp_gain":0,"max_hp_loss":0,"event_name":"MindBloom","floor":48,"gold_loss":0}],"is_beta":false,"boss_relics":[{"not_picked":["Busted Crown","Ectoplasm"],"picked":"Mark of Pain"},{"not_picked":["Runic Dome","SacredBark"],"picked":"Runic Pyramid"}],"items_purged_floors":[21,36,53],"is_endless":false,"potions_floor_spawned":[2,7,13,16,18,31,33,35,41,48,54],"ascension_level":2}}