{"host":"0tiuc76yumknr6qf","time":1610484351,"event":{"mods":["BaseMod","Colored Map","Highlight Path","Minty Spire (QoL Compilation)","StSLib","The Necromancer"],"gold_per_floor":[211,161,161,180,30,30,40,40,66,85,151,220,220,326,326,426,426,442,458,473,314,0,0,16,16,16,30,107,118,168,68,68,165,165,176,226,69,119,0,0,33,83,106,106,167,45,45,60,60,60],"floor_reached":51,"playtime":1317,"items_purged":["Clothesline+1","Bash+1"],"score":715,"play_id":"6e74b85f-1510-4d56-9222-5f6acd803f80","local_time":"20210112144551","is_ascension_mode":false,"campfire_choices":[{"data":"Bash","floor":6.0,"key":"SMITH"},{"data":"Clothesline","floor":8.0,"key":"SMITH"},{"data":"Flex","floor":13.0,"key":"SMITH"},{"floor":15.0,"key":"REST"},{"data":"Bludgeon","floor":23.0,"key":"SMITH"},{"floor":25.0,"key":"REST"},{"data":"Limit Break","floor":32.0,"key":"SMITH"},{"floor":40,"key":"REST"},{"floor":44,"key":"REST"},{"data":"Flex","floor":47,"key":"SMITH"},{"data":"Battle Trance","floor":49,"key":"SMITH"}],"circlet_count":0,"master_deck":["Battle Trance+1","Flex+1","Limit Break+1","Bloodletting+1","Flex+1","Heavy Blade+1"],"relics":["Burning Blood","SsserpentHead","Membership Card","Ancient Tea Set","Letter Opener","Pandora\u0027s Box","Self Forming Clay","Pantograph","Pen Nib","Empty Cage","Thread and Needle","Red Mask","Magic Flower","Dream Catcher","ClockworkSouvenir"],"acts_visited":["Exordium","TheCity","TheBeyond"],"potions_floor_usage":[50,50],"damage_taken":[{"damage":11.0,"enemies":"2 Louse","floor":1.0,"turns":4.0},{"damage":6.0,"enemies":"Cultist","floor":4.0,"turns":3.0},{"damage":12.0,"enemies":"Small Slimes","floor":7.0,"turns":3.0},{"damage":11.0,"enemies":"Exordium Wildlife","floor":10.0,"turns":3.0},{"damage":6.0,"enemies":"3 Louse","floor":11.0,"turns":3.0},{"damage":15.0,"enemies":"2 Fungi Beasts","floor":12.0,"turns":3.0},{"damage":33.0,"enemies":"3 Sentries","floor":14.0,"turns":7.0},{"damage":50.0,"enemies":"Hexaghost","floor":16.0,"turns":9.0},{"damage":10.0,"enemies":"Spheric Guardian","floor":18.0,"turns":3.0},{"damage":37.0,"enemies":"Shell Parasite","floor":19.0,"turns":5.0},{"damage":7.0,"enemies":"Centurion and Healer","floor":20.0,"turns":4.0},{"damage":0.0,"enemies":"Snake Plant","floor":24.0,"turns":1.0},{"damage":0.0,"enemies":"Snecko","floor":27.0,"turns":2.0},{"damage":10.0,"enemies":"Cultist and Chosen","floor":29.0,"turns":3.0},{"damage":30.0,"enemies":"Champ","floor":33.0,"turns":4.0},{"damage":26.0,"enemies":"3 Darklings","floor":35.0,"turns":6.0},{"damage":9,"enemies":"Giant Head","floor":41,"turns":4},{"damage":3,"enemies":"Orb Walker","floor":45,"turns":2},{"damage":3,"enemies":"Maw","floor":48,"turns":2},{"damage":20,"enemies":"Awakened One","floor":50,"turns":3}],"seed_played":"-8382872064107864581","potions_obtained":[{"floor":1.0,"key":"SpeedPotion"},{"floor":11.0,"key":"BlessingOfTheForge"},{"floor":18.0,"key":"Dexterity Potion"},{"floor":20.0,"key":"DuplicationPotion"},{"floor":45,"key":"CultistPotion"}],"is_trial":false,"path_per_floor":["M","?","?","M","$","R","M","R","T","M","M","M","R","?","R","B",null,"M","M","M","$","?","R","M","R","T","M","T","M","?","$","R","B",null,"M","?","$","?","?","R","E","?","T","R","M","$","R","M","R","B",null],"character_chosen":"IRONCLAD","items_purchased":["Membership Card","Self Forming Clay","Limit Break","Fire Potion","Thread and Needle","ClockworkSouvenir"],"campfire_rested":4,"item_purchase_floors":[5,21,31,31,37,46],"current_hp_per_floor":[75,75,75,75,75,75,69,69,69,64,64,55,55,28,52,8,80,76,45,44,44,44,44,50,74,74,80,80,76,61,61,61,61,85,65,65,65,65,65,81,78,78,78,81,81,81,81,81,81,70],"gold":60,"neow_bonus":"HUNDRED_GOLD","is_daily":false,"chose_seed":false,"campfire_upgraded":7,"win_rate":0.0,"timestamp":1610484351,"path_taken":["M","?","?","M","$","R","M","R","T","M","?","?","R","?","R","BOSS","M","M","M","$","?","R","M","R","T","M","?","M","?","$","R","BOSS","M","?","$","?","?","R","E","?","T","R","?","$","R","M","R","BOSS"],"items_purchased_type":["Relic","Relic","Card","Potion","Relic","Relic"],"build_version":"2020-12-22","purchased_purges":2,"victory":true,"max_hp_per_floor":[80,80,80,80,80,80,80,80,80,80,80,80,80,80,80,80,80,80,80,80,80,80,80,80,80,80,80,80,80,85,85,85,85,85,85,81,81,81,81,81,81,81,81,81,81,81,81,81,81,81],"card_choices":[{"not_picked":["Pummel","Body Slam"],"picked":"Battle Trance","floor":1.0},{"not_picked":["True Grit","Flex","Rage"],"picked":"SKIP","floor":4.0},{"not_picked":["Havoc","Perfected Strike"],"picked":"Clothesline","floor":7.0},{"not_picked":["Warcry","Burning Pact","Shrug It Off"],"picked":"SKIP","floor":10.0},{"not_picked":["Shrug It Off","Sword Boomerang","Fire Breathing"],"picked":"SKIP","floor":11.0},{"not_picked":["Perfected Strike","Intimidate"],"picked":"Flex","floor":12.0},{"not_picked":["Limit Break","Impervious"],"picked":"Bludgeon","floor":16.0},{"not_picked":["Sword Boomerang","Evolve"],"picked":"Thunderclap","floor":18.0},{"not_picked":["Shrug It Off","Sever Soul","Second Wind"],"picked":"SKIP","floor":19.0},{"not_picked":["Fire Breathing+1","Headbutt+1"],"picked":"Flex+1","floor":20.0},{"not_picked":["Clash","Bloodletting","Body Slam+1"],"picked":"SKIP","floor":24.0},{"not_picked":["Headbutt+1","Sever Soul","Feel No Pain+1"],"picked":"SKIP","floor":27.0},{"not_picked":["Cleave+1","Flame Barrier","Warcry"],"picked":"SKIP","floor":29.0},{"not_picked":["Warcry+1","Spot Weakness","Twin Strike"],"picked":"SKIP","floor":35.0},{"not_picked":["Ghostly Armor","Sever Soul+1"],"picked":"Bloodletting+1","floor":41},{"not_picked":["Headbutt+1","Rage+1"],"picked":"Flex","floor":44},{"not_picked":["Clash+1","Twin Strike"],"picked":"Heavy Blade+1","floor":45},{"not_picked":["Headbutt+1","Pommel Strike","Dark Embrace+1"],"picked":"SKIP","floor":48}],"player_experience":1988920,"relics_obtained":[{"floor":9.0,"key":"Ancient Tea Set"},{"floor":14.0,"key":"Letter Opener"},{"floor":26.0,"key":"Pantograph"},{"floor":28.0,"key":"Pen Nib"},{"floor":41,"key":"Magic Flower"},{"floor":43,"key":"Dream Catcher"}],"event_choices":[{"cards_removed":["Defend_R"],"damage_healed":0.0,"max_hp_gain":0.0,"max_hp_loss":0.0,"gold_gain":0.0,"event_name":"The Cleric","player_choice":"Card Removal","floor":2.0,"gold_loss":50.0,"damage_taken":0.0},{"damage_healed":0.0,"max_hp_gain":0.0,"max_hp_loss":0.0,"gold_gain":0.0,"event_name":"FaceTrader","player_choice":"Trade","floor":3.0,"gold_loss":0.0,"damage_taken":0.0,"relics_obtained":["SsserpentHead"]},{"damage_healed":0.0,"max_hp_gain":0.0,"max_hp_loss":0.0,"gold_gain":0.0,"event_name":"Dead Adventurer","player_choice":"Searched \u00271\u0027 times","floor":14.0,"gold_loss":0.0,"damage_taken":0.0},{"damage_healed":0.0,"max_hp_gain":0.0,"max_hp_loss":0.0,"gold_gain":0.0,"event_name":"Masked Bandits","player_choice":"Paid Fearfully","floor":22.0,"gold_loss":364.0,"damage_taken":0.0},{"damage_healed":0.0,"max_hp_gain":5.0,"max_hp_loss":0.0,"gold_gain":0.0,"event_name":"Forgotten Altar","player_choice":"Shed Blood","floor":30.0,"gold_loss":0.0,"damage_taken":20.0},{"damage_healed":0.0,"max_hp_gain":0.0,"max_hp_loss":4.0,"gold_gain":0.0,"event_name":"Winding Halls","player_choice":"Max HP","floor":36.0,"gold_loss":0.0,"damage_taken":0.0},{"cards_removed":["Flex"],"damage_healed":0,"gold_gain":0,"player_choice":"Removed Skill","damage_taken":0,"max_hp_gain":0,"max_hp_loss":0,"event_name":"Falling","floor":38,"gold_loss":0},{"damage_healed":0,"gold_gain":0,"player_choice":"Paid","damage_taken":0,"relics_obtained":["Red Mask"],"max_hp_gain":0,"max_hp_loss":0,"event_name":"Tomb of Lord Red Mask","floor":39,"gold_loss":169},{"damage_healed":0,"gold_gain":0,"player_choice":"Ignored","damage_taken":0,"max_hp_gain":0,"max_hp_loss":0,"event_name":"Mysterious Sphere","floor":42,"gold_loss":0}],"is_beta":false,"boss_relics":[{"not_picked":["Runic Pyramid","Black Star"],"picked":"Pandora\u0027s Box"},{"not_picked":["Tiny House","Mark of Pain"],"picked":"Empty Cage"}],"items_purged_floors":[21,46],"is_endless":false,"potions_floor_spawned":[1,11,18,20,45,48],"ascension_level":0}}