{"host":"e1pm3b7xpcm97e5w","time":1610484010,"event":{"mods":["BaseMod","Better Skull","Googly Eyes","Minty Spire (QoL Compilation)","Relic Stats","Shop Mod","Spicy Shops","StSLib"],"gold_per_floor":[114,114,125,142,142,142,172,172,172,183,201,201,213,241,241,313,313,326,337,355,355,355,355,372,389,440,440,454,480,496,19,19,90,90,104,104,152,170,181,181,32,59,141,141,166,176,203,65,65,65],"floor_reached":51,"language":"ENG","playtime":2352,"items_purged":["Decay","Night Terror"],"score":1446,"play_id":"234278bb-ab18-48b5-9b4f-9e57dcb60c19","local_time":"20210112154010","is_ascension_mode":true,"campfire_choices":[{"data":"Neutralize","floor":6,"key":"SMITH"},{"data":"Blade Dance","floor":8,"key":"SMITH"},{"data":"Noxious Fumes","floor":15,"key":"SMITH"},{"floor":23,"key":"REST"},{"floor":27,"key":"REST"},{"floor":32,"key":"REST"},{"floor":40,"key":"REST"},{"floor":44,"key":"REST"},{"floor":49,"key":"REST"}],"circlet_count":0,"master_deck":["AscendersBane","Strike_G","Strike_G","Strike_G","Strike_G","Defend_G","Defend_G","Defend_G","Defend_G","Defend_G","Survivor","Neutralize+1","Leg Sweep","Blade Dance+1","PiercingWail","Dodge and Roll","Noxious Fumes+1","Riddle With Holes","Envenom","Storm of Steel","Leg Sweep","Accuracy","Backflip","Blur","Blade Dance","Well Laid Plans","Footwork","Venomology","Infinite Blades","Noxious Fumes","Noxious Fumes","Cloak And Dagger","Noxious Fumes","Infinite Blades","Accuracy"],"relics":["WristBlade","Smiling Mask","The Courier","Shuriken","Darkstone Periapt","Oddly Smooth Stone","SlaversCollar","Blood Vial","Mango","Ninja Scroll","ClockworkSouvenir","SacredBark","Pocketwatch","CaptainsWheel","HornCleat","Pantograph","Art of War"],"acts_visited":["Exordium","TheCity","TheBeyond"],"potions_floor_usage":[7,14,16,20,28,29,29,30,37,38,39,42,42,45,50,50,50],"damage_taken":[{"damage":1,"enemies":"Small Slimes","floor":1,"turns":5},{"damage":0,"enemies":"Cultist","floor":3,"turns":4},{"damage":2,"enemies":"2 Louse","floor":4,"turns":3},{"damage":17,"enemies":"3 Sentries","floor":7,"turns":9},{"damage":0,"enemies":"Red Slaver","floor":10,"turns":2},{"damage":6,"enemies":"Lots of Slimes","floor":11,"turns":4},{"damage":1,"enemies":"Exordium Wildlife","floor":13,"turns":3},{"damage":0,"enemies":"Gremlin Nob","floor":14,"turns":2},{"damage":19,"enemies":"Slime Boss","floor":16,"turns":8},{"damage":17,"enemies":"Shell Parasite","floor":18,"turns":4},{"damage":15,"enemies":"3 Byrds","floor":19,"turns":5},{"damage":15,"enemies":"Snecko","floor":20,"turns":8},{"damage":14,"enemies":"Snake Plant","floor":24,"turns":5},{"damage":11,"enemies":"Centurion and Healer","floor":25,"turns":7},{"damage":10,"enemies":"Snecko","floor":28,"turns":7},{"damage":16,"enemies":"Slavers","floor":29,"turns":8},{"damage":17,"enemies":"Sentry and Sphere","floor":30,"turns":4},{"damage":36,"enemies":"Automaton","floor":33,"turns":10},{"damage":1,"enemies":"3 Shapes","floor":35,"turns":10},{"damage":61,"enemies":"2 Orb Walkers","floor":37,"turns":6},{"damage":1,"enemies":"Orb Walker","floor":38,"turns":4},{"damage":0,"enemies":"3 Darklings","floor":39,"turns":7},{"damage":31,"enemies":"Reptomancer","floor":42,"turns":7},{"damage":28,"enemies":"Giant Head","floor":45,"turns":7},{"damage":21,"enemies":"Maw","floor":46,"turns":7},{"damage":20,"enemies":"Donu and Deca","floor":50,"turns":9}],"seed_played":"4917878625497658159","potions_obtained":[{"floor":1,"key":"BlessingOfTheForge"},{"floor":3,"key":"SkillPotion"},{"floor":11,"key":"Fire Potion"},{"floor":14,"key":"EssenceOfSteel"},{"floor":19,"key":"SkillPotion"},{"floor":20,"key":"GamblersBrew"},{"floor":24,"key":"SkillPotion"},{"floor":28,"key":"SpeedPotion"},{"floor":29,"key":"BlessingOfTheForge"},{"floor":33,"key":"Strength Potion"},{"floor":37,"key":"SpeedPotion"},{"floor":42,"key":"ColorlessPotion"},{"floor":46,"key":"CunningPotion"}],"is_trial":false,"path_per_floor":["M","?","M","M","?","R","E","R","T","M","M","?","M","E","R","B",null,"M","M","M","?","?","R","M","M","T","R","M","E","M","$","R","B",null,"M","?","?","M","M","R","$","E","T","R","E","M","T","$","R","B",null],"character_chosen":"THE_SILENT","items_purchased":["Footwork","Ninja Scroll","ClockworkSouvenir","Noxious Fumes","Noxious Fumes","Infinite Blades","Accuracy"],"campfire_rested":6,"item_purchase_floors":[31,31,31,41,41,48,48],"current_hp_per_floor":[58,58,58,56,61,61,44,44,44,44,38,33,32,32,32,13,57,40,25,10,16,16,39,25,14,14,37,29,29,14,14,41,7,70,71,71,12,13,15,42,42,13,13,40,14,54,54,54,81,71],"gold":65,"neow_bonus":"BOSS_RELIC","is_daily":false,"chose_seed":false,"campfire_upgraded":3,"win_rate":0.0,"timestamp":1610484010,"path_taken":["M","?","?","M","?","R","E","R","T","M","M","?","M","E","R","BOSS","M","M","M","?","?","R","?","?","T","R","M","E","M","$","R","BOSS","M","?","?","M","M","R","$","E","T","R","E","M","?","?","R","BOSS"],"items_purchased_type":["Card","Relic","Relic","Card","Card","Card","Card"],"build_version":"2020-12-22","purchased_purges":2,"victory":true,"max_hp_per_floor":[66,66,66,66,71,71,71,71,71,71,71,71,71,71,71,71,71,71,71,71,77,77,77,77,77,77,77,77,91,91,91,91,91,91,91,91,91,91,91,91,91,91,91,91,91,91,91,91,91,91],"relic_stats":{"Darkstone Periapt":6,"Blood Vial":22,"counters":[26,155],"Shuriken":[69],"Pantograph":10,"Art of War":[1],"Smiling Mask":40,"obtain_stats":[{"Darkstone Periapt":12,"SacredBark":34,"Oddly Smooth Stone":14,"Mango":29,"The Courier":7,"Smiling Mask":2,"ClockworkSouvenir":31,"Blood Vial":26,"SlaversCollar":17,"CaptainsWheel":42,"HornCleat":43,"WristBlade":0,"Shuriken":9,"Ninja Scroll":31,"Pantograph":45,"Art of War":47,"Ring of the Snake":0,"Pocketwatch":37},{"Darkstone Periapt":6,"SacredBark":18,"Oddly Smooth Stone":8,"Mango":16,"The Courier":4,"Smiling Mask":1,"ClockworkSouvenir":17,"Blood Vial":14,"SlaversCollar":9,"CaptainsWheel":23,"HornCleat":23,"WristBlade":0,"Shuriken":4,"Ninja Scroll":17,"Pantograph":24,"Art of War":25,"Ring of the Snake":0,"Pocketwatch":20},{"Darkstone Periapt":27,"SacredBark":98,"Oddly Smooth Stone":32,"Mango":84,"The Courier":21,"Smiling Mask":5,"ClockworkSouvenir":88,"Blood Vial":69,"SlaversCollar":40,"CaptainsWheel":132,"HornCleat":132,"WristBlade":0,"Shuriken":21,"Ninja Scroll":88,"Pantograph":139,"Art of War":146,"Ring of the Snake":0,"Pocketwatch":114}],"Pocketwatch":[21]},"card_choices":[{"not_picked":["Masterful Stab","Prepared"],"picked":"Leg Sweep","floor":1},{"not_picked":["PiercingWail","Outmaneuver"],"picked":"Blade Dance","floor":3},{"not_picked":["Bane","Sucker Punch"],"picked":"PiercingWail","floor":4},{"not_picked":["Dash","Escape Plan"],"picked":"Dodge and Roll","floor":7},{"not_picked":["Crippling Poison","Distraction"],"picked":"Noxious Fumes","floor":10},{"not_picked":["Blur","Flechettes"],"picked":"Riddle With Holes","floor":11},{"not_picked":["Dagger Spray","Deadly Poison"],"picked":"Envenom","floor":13},{"not_picked":["Tools of the Trade","Calculated Gamble","Deflect"],"picked":"SKIP","floor":14},{"not_picked":["Wraith Form v2","Malaise"],"picked":"Storm of Steel","floor":16},{"not_picked":["Underhanded Strike","Concentrate"],"picked":"Leg Sweep","floor":18},{"not_picked":["Heel Hook","Deflect"],"picked":"Accuracy","floor":19},{"not_picked":["Dodge and Roll","Leg Sweep"],"picked":"Backflip","floor":20},{"not_picked":["Bane","Flying Knee+1","Reflex"],"picked":"SKIP","floor":24},{"not_picked":["Slice","Underhanded Strike"],"picked":"Blur","floor":25},{"not_picked":["Escape Plan","Prepared"],"picked":"Blade Dance","floor":28},{"not_picked":["Blade Dance","Eviscerate"],"picked":"Night Terror","floor":29},{"not_picked":["Prepared","Reflex"],"picked":"Well Laid Plans","floor":30},{"not_picked":["A Thousand Cuts","Bullet Time"],"picked":"Venomology","floor":33},{"not_picked":["Blur","Dagger Throw","Underhanded Strike"],"picked":"SKIP","floor":35},{"not_picked":["Glass Knife","Choke+1"],"picked":"Infinite Blades","floor":38},{"not_picked":["Acrobatics","PiercingWail","Flying Knee"],"picked":"SKIP","floor":39},{"not_picked":["Backflip+1","Glass Knife"],"picked":"Cloak And Dagger","floor":42},{"not_picked":["Blur","Poisoned Stab","Dagger Spray"],"picked":"SKIP","floor":45},{"not_picked":["Distraction+1","Prepared"],"picked":"Noxious Fumes","floor":46}],"player_experience":515148,"relics_obtained":[{"floor":7,"key":"The Courier"},{"floor":9,"key":"Shuriken"},{"floor":14,"key":"Oddly Smooth Stone"},{"floor":26,"key":"Blood Vial"},{"floor":29,"key":"Mango"},{"floor":37,"key":"Pocketwatch"},{"floor":42,"key":"CaptainsWheel"},{"floor":43,"key":"HornCleat"},{"floor":45,"key":"Pantograph"},{"floor":47,"key":"Art of War"}],"event_choices":[{"damage_healed":0,"gold_gain":0,"player_choice":"Gave Potion","damage_taken":0,"relics_obtained":["Smiling Mask"],"max_hp_gain":0,"max_hp_loss":0,"event_name":"WeMeetAgain","floor":2,"gold_loss":0},{"damage_healed":0,"gold_gain":0,"player_choice":"Donut","damage_taken":0,"max_hp_gain":5,"max_hp_loss":0,"event_name":"Big Fish","floor":5,"gold_loss":0},{"damage_healed":0,"gold_gain":0,"player_choice":"Success","damage_taken":5,"relics_obtained":["Darkstone Periapt"],"max_hp_gain":0,"max_hp_loss":0,"event_name":"Scrap Ooze","floor":12,"gold_loss":0},{"damage_healed":0,"gold_gain":0,"player_choice":"Smashed Altar","damage_taken":0,"max_hp_gain":0,"max_hp_loss":0,"event_name":"Forgotten Altar","floor":21,"gold_loss":0,"cards_obtained":["Decay"]},{"damage_healed":0,"gold_gain":0,"player_choice":"Ignored","damage_taken":0,"max_hp_gain":0,"max_hp_loss":0,"event_name":"N\u0027loth","floor":22,"gold_loss":0},{"cards_removed":["Strike_G"],"damage_healed":0,"gold_gain":0,"player_choice":"Removed Attack","damage_taken":0,"max_hp_gain":0,"max_hp_loss":0,"event_name":"Falling","floor":36,"gold_loss":0},{"damage_healed":0,"gold_gain":0,"player_choice":"Fight","damage_taken":0,"max_hp_gain":0,"max_hp_loss":0,"event_name":"Mysterious Sphere","floor":37,"gold_loss":0}],"is_beta":false,"boss_relics":[{"not_picked":["Philosopher\u0027s Stone","Snecko Eye"],"picked":"SlaversCollar"},{"not_picked":["Runic Dome","Sozu"],"picked":"SacredBark"}],"items_purged_floors":[31,48],"is_endless":false,"potions_floor_spawned":[1,3,11,14,19,20,24,28,29,33,35,37,42,46],"ascension_level":17}}