{"host":"y3h3n3f7seyagppx","time":1610465185,"event":{"mods":["AlwaysNeverKeys","BaseMod","Better Vampires","Colored Powertips","DeckTracker","Emptier Cage","Minty Spire (QoL Compilation)","Permanent Neow","Quick Restart","Rare Cards Sparkle","Relic Sorter","Relic Stats","StSLib","Transform Curses"],"gold_per_floor":[110,128,0,11,61,61,96,112,112,141,156,182,200,84,84,156,156,167,167,178,196,215,215,215,215],"floor_reached":24,"playtime":2295,"items_purged":["Strike_R"],"score":540,"play_id":"00f3f904-6a40-4056-9806-1188c91eaa5a","local_time":"20210112102625","is_ascension_mode":true,"campfire_choices":[{"data":"Bash","floor":6.0,"key":"SMITH"},{"data":"Carnage","floor":15.0,"key":"SMITH"},{"data":"Pommel Strike","floor":23,"key":"SMITH"}],"circlet_count":0,"master_deck":["AscendersBane","Strike_R","Strike_R","Strike_R","Strike_R","Defend_R","Defend_R","Defend_R","Defend_R","Bash+1","Twin Strike","Battle Trance","Anger","Barricade","Pommel Strike+1","Ghostly Armor","Ghostly Armor","Burning Pact","Carnage+1","Impervious+1","Havoc+1","Metallicize+1"],"relics":["Busted Crown","Pantograph","Magic Flower","Champion Belt","Kunai","Cursed Key"],"acts_visited":["Exordium","TheCity"],"potions_floor_usage":[18],"damage_taken":[{"damage":6.0,"enemies":"2 Louse","floor":1.0,"turns":3.0},{"damage":6.0,"enemies":"Cultist","floor":2.0,"turns":3.0},{"damage":7.0,"enemies":"Jaw Worm","floor":4.0,"turns":2.0},{"damage":25.0,"enemies":"Lagavulin","floor":7.0,"turns":6.0},{"damage":10.0,"enemies":"Exordium Wildlife","floor":8.0,"turns":4.0},{"damage":11.0,"enemies":"Gremlin Nob","floor":10.0,"turns":3.0},{"damage":1.0,"enemies":"2 Fungi Beasts","floor":11.0,"turns":3.0},{"damage":25.0,"enemies":"3 Sentries","floor":12.0,"turns":10.0},{"damage":0.0,"enemies":"Looter","floor":13.0,"turns":3.0},{"damage":0.0,"enemies":"Slime Boss","floor":16.0,"turns":12.0},{"damage":6,"enemies":"2 Thieves","floor":18,"turns":4},{"damage":0,"enemies":"3 Byrds","floor":20,"turns":6},{"damage":0,"enemies":"3 Cultists","floor":21,"turns":5},{"damage":10,"enemies":"Cultist and Chosen","floor":22,"turns":8},{"damage":55,"enemies":"Gremlin Leader","floor":24,"turns":7}],"seed_played":"8811761442582744762","potions_obtained":[{"floor":2.0,"key":"FairyPotion"},{"floor":4.0,"key":"DuplicationPotion"},{"floor":11.0,"key":"FearPotion"},{"floor":16.0,"key":"Energy Potion"},{"floor":18,"key":"LiquidBronze"}],"is_trial":false,"path_per_floor":["M","M","$","M","?","R","E","M","T","E","M","E","M","$","R","B",null,"M","?","M","M","M","R","E"],"character_chosen":"IRONCLAD","items_purchased":["Battle Trance","Anger","Carnage"],"campfire_rested":0,"item_purchase_floors":[3,3,14],"current_hp_per_floor":[62,56,56,49,49,49,24,14,14,3,2,18,18,18,18,56,70,64,64,64,64,54,54,0,0],"gold":215,"neow_bonus":"BOSS_RELIC","is_daily":false,"chose_seed":false,"campfire_upgraded":3,"win_rate":0.0,"timestamp":1610465185,"path_taken":["M","M","$","M","?","R","E","M","T","E","M","E","M","?","R","BOSS","M","?","M","M","M","R","E"],"items_purchased_type":["Card","Card","Card"],"build_version":"2020-12-22","purchased_purges":1,"victory":false,"max_hp_per_floor":[75,75,75,75,75,75,75,75,75,75,75,75,75,75,75,75,75,75,75,75,75,75,75,75,75],"relic_stats":{"Busted Crown":28,"counters":[15,79],"Pantograph":38,"Magic Flower":[24],"Champion Belt":[12],"Kunai":[19],"Cursed Key":0,"obtain_stats":[{"Busted Crown":0,"Pantograph":7,"Magic Flower":9,"Champion Belt":10,"Kunai":12,"Cursed Key":17,"Burning Blood":0},{"Busted Crown":0,"Pantograph":4,"Magic Flower":5,"Champion Belt":6,"Kunai":8,"Cursed Key":10,"Burning Blood":0},{"Busted Crown":0,"Pantograph":14,"Magic Flower":18,"Champion Belt":21,"Kunai":34,"Cursed Key":49,"Burning Blood":0}]},"card_choices":[{"not_picked":["Warcry"],"picked":"SKIP","floor":1.0},{"not_picked":[],"picked":"Twin Strike","floor":2.0},{"not_picked":["True Grit"],"picked":"SKIP","floor":4.0},{"not_picked":[],"picked":"Barricade","floor":7.0},{"not_picked":[],"picked":"Pommel Strike","floor":8.0},{"not_picked":[],"picked":"Ghostly Armor","floor":10.0},{"not_picked":[],"picked":"Ghostly Armor","floor":11.0},{"not_picked":[],"picked":"Burning Pact","floor":12.0},{"not_picked":["Iron Wave"],"picked":"SKIP","floor":13.0},{"not_picked":["Iron Wave"],"picked":"SKIP","floor":13.0},{"not_picked":[],"picked":"Impervious","floor":16.0},{"not_picked":[],"picked":"Havoc+1","floor":18},{"not_picked":["Wild Strike"],"picked":"SKIP","floor":20},{"not_picked":["Twin Strike"],"picked":"SKIP","floor":21},{"not_picked":[],"picked":"Metallicize+1","floor":22}],"player_experience":20725412,"relics_obtained":[{"floor":7.0,"key":"Pantograph"},{"floor":9.0,"key":"Magic Flower"},{"floor":10.0,"key":"Champion Belt"},{"floor":12.0,"key":"Kunai"}],"event_choices":[{"damage_healed":0.0,"max_hp_gain":0.0,"max_hp_loss":0.0,"gold_gain":50.0,"event_name":"Golden Shrine","player_choice":"Pray","floor":5.0,"gold_loss":0.0,"damage_taken":0.0},{"damage_healed":0,"gold_gain":0,"player_choice":"Upgraded","damage_taken":0,"max_hp_gain":0,"max_hp_loss":0,"event_name":"Upgrade Shrine","floor":19,"gold_loss":0,"cards_upgraded":["Impervious"]}],"is_beta":false,"boss_relics":[{"not_picked":["Empty Cage","Tiny House"],"picked":"Cursed Key"}],"items_purged_floors":[14],"is_endless":false,"potions_floor_spawned":[2,4,7,11,16,18],"killed_by":"Gremlin Leader","ascension_level":20}}