{"host":"3l94tha3a4jgu0q4","time":1610436589,"event":{"mods":["2.2 Compatiblity","AchievementEnabler","BaseMod","Colored Map","Colored Powertips","Highlight Path","Minty Spire (QoL Compilation)","Permanent Neow","StSLib","SuperFastMode","The IronCluck","slay the spire mod where everything is the same but ironclad has a cowboy hat"],"gold_per_floor":[113,132,132,53,53,53,87,12,12,12,43,61,61,61,61,139,139,153,181,280,297,159,190,190,190,190],"floor_reached":25,"playtime":390,"items_purged":["Strike_P","Strike_P+1"],"score":425,"play_id":"82b973ba-c482-4453-a35d-9680e0097fea","local_time":"20210111232949","is_ascension_mode":true,"campfire_choices":[{"data":"Eruption","floor":6,"key":"SMITH"},{"data":"SignatureMove","floor":10,"key":"SMITH"},{"floor":13,"key":"REST"},{"data":"Vigilance","floor":15,"key":"SMITH"},{"data":"InnerPeace","floor":24,"key":"SMITH"}],"circlet_count":0,"master_deck":["AscendersBane","Defend_P","Defend_P","Defend_P","Defend_P","Eruption+1","Vigilance+1","SignatureMove+1","FlurryOfBlows+1","Prostrate","DevaForm+1","Evaluate+1","EmptyBody+1","InnerPeace+1","Prostrate"],"relics":["Sozu","Frozen Egg 2","Regal Pillow","Orichalcum","Whetstone","Empty Cage","Red Mask","Eternal Feather"],"acts_visited":["Exordium","TheCity"],"potions_floor_usage":[],"damage_taken":[{"damage":0.0,"enemies":"Cultist","floor":1.0,"turns":3.0},{"damage":2.0,"enemies":"2 Louse","floor":2.0,"turns":4.0},{"damage":35,"enemies":"3 Sentries","floor":7,"turns":6},{"damage":26,"enemies":"Gremlin Nob","floor":11,"turns":3},{"damage":0,"enemies":"Small Slimes","floor":12,"turns":2},{"damage":15,"enemies":"Hexaghost","floor":16,"turns":9},{"damage":0,"enemies":"Spheric Guardian","floor":18,"turns":2},{"damage":14,"enemies":"Masked Bandits","floor":19,"turns":6},{"damage":12,"enemies":"2 Thieves","floor":21,"turns":4},{"damage":24,"enemies":"Slavers","floor":23,"turns":4},{"damage":18,"enemies":"Book of Stabbing","floor":25,"turns":4}],"seed_played":"6095330253624672008","potions_obtained":[],"is_trial":false,"path_per_floor":["M","M","?","?","$","R","E","$","T","R","E","M","R","?","R","B",null,"M","?","?","M","$","E","R","E"],"character_chosen":"WATCHER","items_purchased":["InnerPeace"],"campfire_rested":1,"item_purchase_floors":[22],"current_hp_per_floor":[61,59,68,68,68,68,33,33,33,33,7,7,42,42,42,27,58,58,44,44,32,32,8,17,0,0],"gold":190,"neow_bonus":"BOSS_RELIC","is_daily":false,"chose_seed":false,"campfire_upgraded":4,"win_rate":0.0,"timestamp":1610436589,"path_taken":["M","?","?","?","$","R","E","$","T","R","E","?","R","?","R","BOSS","M","?","?","M","$","E","R","E"],"items_purchased_type":["Card"],"build_version":"2020-12-22","purchased_purges":2,"victory":false,"max_hp_per_floor":[68,68,68,68,68,68,68,68,68,68,68,68,68,68,68,68,68,68,68,68,68,68,68,68,68,68],"card_choices":[{"not_picked":["Collect","Wireheading","FlyingSleeves"],"picked":"SKIP","floor":1.0},{"not_picked":["EmptyFist","Halt"],"picked":"SignatureMove","floor":2},{"not_picked":["Worship","Wallop"],"picked":"FlurryOfBlows","floor":7},{"not_picked":["Tantrum","EmptyFist"],"picked":"Prostrate","floor":11},{"not_picked":["WreathOfFlame","FollowUp","SashWhip"],"picked":"SKIP","floor":12},{"not_picked":["Ragnarok","Wish"],"picked":"DevaForm+1","floor":16},{"not_picked":["Collect","Protect"],"picked":"Evaluate+1","floor":18},{"not_picked":["Protect","CutThroughFate"],"picked":"EmptyBody+1","floor":19},{"not_picked":["SashWhip+1","EmptyFist","Weave"],"picked":"SKIP","floor":21},{"not_picked":["Protect","CutThroughFate"],"picked":"Prostrate","floor":23}],"player_experience":1928204,"relics_obtained":[{"floor":7,"key":"Regal Pillow"},{"floor":9,"key":"Orichalcum"},{"floor":11,"key":"Whetstone"},{"floor":19,"key":"Red Mask"},{"floor":23,"key":"Eternal Feather"}],"event_choices":[{"damage_healed":22,"gold_gain":0,"player_choice":"Banana","damage_taken":0,"max_hp_gain":0,"max_hp_loss":0,"event_name":"Big Fish","floor":3,"gold_loss":0},{"damage_healed":0,"gold_gain":0,"player_choice":"Paid Gold","damage_taken":0,"relics_obtained":["Frozen Egg 2"],"max_hp_gain":0,"max_hp_loss":0,"event_name":"WeMeetAgain","floor":4,"gold_loss":79},{"damage_healed":0,"gold_gain":0,"player_choice":"Ignored","damage_taken":0,"max_hp_gain":0,"max_hp_loss":0,"event_name":"Liars Game","floor":14,"gold_loss":0},{"damage_healed":0,"gold_gain":0,"player_choice":"Fought Bandits","damage_taken":0,"max_hp_gain":0,"max_hp_loss":0,"event_name":"Masked Bandits","floor":19,"gold_loss":0},{"damage_healed":0,"gold_gain":99,"player_choice":"Stole From Cult","damage_taken":0,"max_hp_gain":0,"max_hp_loss":0,"event_name":"Nest","floor":20,"gold_loss":0}],"is_beta":false,"boss_relics":[{"not_picked":["Busted Crown","Snecko Eye"],"picked":"Empty Cage"}],"items_purged_floors":[8,22],"is_endless":false,"potions_floor_spawned":[1,16,19,21],"killed_by":"Book of Stabbing","ascension_level":14}}