{"host":"3l94tha3a4jgu0q4","time":1610433071,"event":{"mods":["2.2 Compatiblity","AchievementEnabler","BaseMod","Colored Map","Colored Powertips","Highlight Path","Minty Spire (QoL Compilation)","Permanent Neow","StSLib","SuperFastMode","The IronCluck","slay the spire mod where everything is the same but ironclad has a cowboy hat"],"gold_per_floor":[116,127,127,152,102,102,140,140,140,140,161,235,259,272,272,272,272],"floor_reached":16,"playtime":291,"items_purged":[],"score":173,"play_id":"55e4412e-606b-4ba9-a78d-7c4252d35308","local_time":"20210111223111","is_ascension_mode":true,"campfire_choices":[{"data":"Eruption","floor":6,"key":"SMITH"},{"data":"Vigilance","floor":8,"key":"SMITH"},{"data":"MentalFortress","floor":15,"key":"SMITH"}],"circlet_count":0,"master_deck":["AscendersBane","Strike_P","Strike_P","Defend_P","Defend_P","Defend_P","Eruption+1","Vigilance+1","EmptyBody","ClearTheMind","ReachHeaven","EmptyFist","Meditate","FlurryOfBlows","MentalFortress+1"],"relics":["Empty Cage","Golden Idol","Bottled Lightning"],"acts_visited":["Exordium"],"potions_floor_usage":[7,16,16],"damage_taken":[{"damage":0,"enemies":"Cultist","floor":1,"turns":3},{"damage":7,"enemies":"Small Slimes","floor":2,"turns":6},{"damage":17,"enemies":"Jaw Worm","floor":4,"turns":7},{"damage":16,"enemies":"Gremlin Nob","floor":7,"turns":3},{"damage":0,"enemies":"2 Fungi Beasts","floor":11,"turns":3},{"damage":4,"enemies":"Red Slaver","floor":13,"turns":3},{"damage":0,"enemies":"Large Slime","floor":14,"turns":5},{"damage":23,"enemies":"Slime Boss","floor":16,"turns":7}],"seed_played":"4085384749377769562","potions_obtained":[{"floor":1,"key":"SteroidPotion"},{"floor":13,"key":"Ancient Potion"},{"floor":14,"key":"Dexterity Potion"}],"is_trial":false,"path_per_floor":["M","M","?","M","?","R","E","R","T","?","M","?","M","M","R","B"],"character_chosen":"WATCHER","items_purchased":[],"campfire_rested":0,"item_purchase_floors":[],"current_hp_per_floor":[61,54,54,37,37,37,21,21,21,21,21,21,17,17,17,0,0],"gold":272,"neow_bonus":"BOSS_RELIC","is_daily":false,"chose_seed":false,"campfire_upgraded":3,"win_rate":0.0,"timestamp":1610433071,"path_taken":["M","M","?","M","?","R","E","R","T","?","M","?","M","M","R","BOSS"],"items_purchased_type":[],"build_version":"2020-12-22","purchased_purges":0,"victory":false,"max_hp_per_floor":[68,68,63,63,63,63,63,63,63,63,63,63,63,63,63,63,63],"card_choices":[{"not_picked":["DeceiveReality","Crescendo"],"picked":"EmptyBody","floor":1},{"not_picked":["Evaluate","Halt"],"picked":"ClearTheMind","floor":2},{"not_picked":["EmptyBody","Wireheading"],"picked":"ReachHeaven","floor":4},{"not_picked":["Nirvana","PathToVictory"],"picked":"EmptyFist","floor":7},{"not_picked":["BowlingBash","Collect"],"picked":"Meditate","floor":11},{"not_picked":["SashWhip","WreathOfFlame"],"picked":"FlurryOfBlows","floor":13},{"not_picked":["Perseverance","FlyingSleeves"],"picked":"MentalFortress","floor":14}],"player_experience":1924876,"relics_obtained":[{"floor":7,"key":"Bottled Lightning"}],"event_choices":[{"damage_healed":0,"gold_gain":0,"player_choice":"Lose Max HP","damage_taken":0,"relics_obtained":["Golden Idol"],"max_hp_gain":0,"max_hp_loss":5,"event_name":"Golden Idol","floor":3,"gold_loss":0},{"cards_removed":["Strike_P"],"damage_healed":0,"gold_gain":0,"player_choice":"Card Removal","damage_taken":0,"max_hp_gain":0,"max_hp_loss":0,"event_name":"The Cleric","floor":5,"gold_loss":50},{"damage_healed":0,"gold_gain":0,"player_choice":"Fled","damage_taken":0,"max_hp_gain":0,"max_hp_loss":0,"event_name":"Scrap Ooze","floor":10,"gold_loss":0},{"damage_healed":0,"gold_gain":74,"player_choice":"Gained Gold","damage_taken":0,"max_hp_gain":0,"max_hp_loss":0,"event_name":"Golden Wing","floor":12,"gold_loss":0}],"is_beta":false,"boss_relics":[],"items_purged_floors":[],"is_endless":false,"potions_floor_spawned":[1,13,14],"killed_by":"Slime Boss","ascension_level":14}}