{"host":"ue3qa4y58fiwdsvn","time":1610483544,"event":{"mods":["BaseMod","BetterRewards","Colored Map","Colored Powertips","Downfall","Friendly Minions","Hubris","Infinite Spire","Minty Spire (QoL Compilation)","MostiFishMod","Replay The Spire","Shop Mod","Spicy Shops","StSLib","The Bug Knight","The Construct","The Cursed","The Gatherer","UnlockEverythingMod","vexMod"],"gold_per_floor":[118,118,18,18,18,18,18,46,70,70,108,135,135,185,185,187,187],"floor_reached":16,"language":"ZHS","playtime":536,"items_purged":["HollowMod:QuickDashStart","HollowMod:QuickDashStart"],"score":172,"play_id":"b4428ae0-0926-4269-ae64-9a9b2db99ba8","local_time":"20210113043224","is_ascension_mode":true,"campfire_choices":[{"floor":6,"key":"REST"},{"data":"HollowMod:PogoStrike","floor":10,"key":"SMITH"},{"floor":13,"key":"REST"}],"circlet_count":0,"master_deck":["HollowMod:NailStrikeStart+1","HollowMod:NailStrikeStart","HollowMod:NailStrikeStart","HollowMod:QuickDashStart","HollowMod:QuickDashStart","HollowMod:FocusHealStart+1","HollowMod:PogoStrike+1","expansioncontent:QuickStudy+1"],"relics":["HollowMod:VesselMask","DaveBox","SynthV","Guide Book","SynthV:TestCard","HollowMod:KingsBrand","Replay:Bandana","Iron Hammer","Pet Ghost"],"acts_visited":["Exordium"],"potions_floor_usage":[],"damage_taken":[{"damage":0,"enemies":"2 Louse","floor":1,"turns":2},{"damage":13,"enemies":"Gremlin Nob","floor":8,"turns":3},{"damage":34,"enemies":"3 Sentries","floor":11,"turns":7},{"damage":0,"enemies":"Jaw Worm","floor":12,"turns":2},{"damage":10,"enemies":"Lagavulin","floor":14,"turns":3},{"damage":0,"enemies":"Hexaghost","floor":16,"turns":1}],"seed_played":"-5470791103164955825","potions_obtained":[{"floor":7,"key":"Slimebound:ThreeZeroPotion"},{"floor":7,"key":"LiquidMemories"},{"floor":7,"key":"Elixir"}],"is_trial":false,"path_per_floor":["M","?","$","?","$","R","?","E","T","R","E","M","R","E","R_BF","B"],"character_chosen":"THE_BUGKNIGHT","items_purchased":["expansioncontent:QuickStudy","Guide Book"],"campfire_rested":2,"item_purchase_floors":[0,0],"current_hp_per_floor":[45,45,45,45,45,67,67,54,54,54,32,32,54,50,72,72,72],"gold":187,"neow_bonus":"","is_daily":false,"chose_seed":false,"campfire_upgraded":1,"win_rate":0.0,"timestamp":1610483544,"path_taken":["M","?","$","?","$","R","?","E","T","R","E","?","R","E","R_BF","BOSS"],"items_purchased_type":["Card","Relic"],"build_version":"2020-12-22","purchased_purges":2,"victory":false,"max_hp_per_floor":[75,75,75,75,75,75,75,75,75,75,75,75,75,75,75,75,75],"card_choices":[{"not_picked":["HollowMod:GoodIntentions","HollowMod:AbyssShriek","HollowMod:HuntersJournal"],"picked":"SKIP","floor":1},{"not_picked":["HollowMod:CoiledNail","HollowMod:BrokenVessel","HollowMod:NewLittleFool","HollowMod:VengefulVoid","HollowMod:theNailsmith"],"picked":"SKIP","floor":8},{"not_picked":["HollowMod:TaintedHusks","HollowMod:MantisMark","HollowMod:ShapeofUnn","HollowMod:DoubleDash","HollowMod:BaldurShell"],"picked":"SKIP","floor":11},{"not_picked":["HollowMod:DungDefenderAura","HollowMod:RecoilStrike","HollowMod:ShapeofUnn","HollowMod:SoulVessel","HollowMod:CycloneSlash"],"picked":"SKIP","floor":12},{"not_picked":["HollowMod:ShapeofUnn","HollowMod:AbyssShriek","HollowMod:theNailsmith","HollowMod:ShadowDash","HollowMod:NewGlowingWomb"],"picked":"SKIP","floor":14}],"player_experience":14892,"relics_obtained":[{"floor":1,"key":"SynthV:TestCard"},{"floor":8,"key":"HollowMod:KingsBrand"},{"floor":9,"key":"Replay:Bandana"},{"floor":11,"key":"Iron Hammer"},{"floor":14,"key":"Pet Ghost"}],"event_choices":[{"cards_removed":["HollowMod:NailStrikeStart"],"damage_healed":0,"gold_gain":0,"player_choice":"Forget","damage_taken":0,"max_hp_gain":0,"max_hp_loss":0,"event_name":"Living Wall","floor":2,"gold_loss":0},{"damage_healed":0,"gold_gain":0,"player_choice":"Got Potions","damage_taken":0,"max_hp_gain":0,"max_hp_loss":0,"event_name":"Lab","floor":7,"gold_loss":0}],"is_beta":false,"boss_relics":[],"items_purged_floors":[0,3],"is_endless":false,"potions_floor_spawned":[11],"killed_by":"Hexaghost","ascension_level":1}}