{"host":"6cq08l203i8iyh3k","time":1610421087,"event":{"mods":["BaseMod","Better Note","Better Silent Start","BetterRewards","Colored Map","Colored Powertips","Minty Spire (QoL Compilation)","Quick Restart","Replay The Spire","Spicy Shops","StSLib","vexMod"],"gold_per_floor":[113,130,149,168,92,92,127,127,127,127,144,161,177,205,205,305,405,417,417,417,434,446,472,472,499,499,514,525,525,551,569,569,665,665,679,695,527,527,502,502,537,537,537,549,621,633,664,707,719,731,731],"floor_reached":50,"playtime":4344,"items_purged":[],"score":597,"play_id":"006ace84-6e2d-4585-9ece-4a0946b8658a","local_time":"20210111211127","daily_mods":["Heirloom","Elite Swarm"],"is_ascension_mode":false,"campfire_choices":[{"data":"ReplayTheSpireMod:Scrap Shanks","floor":6,"key":"SMITH"},{"data":"Cloak And Dagger","floor":8,"key":"SMITH"},{"data":"Neutralize","floor":10,"key":"SMITH"},{"floor":15,"key":"REST"},{"floor":24,"key":"REST"},{"floor":29,"key":"REST"},{"floor":32,"key":"REST"},{"data":"Apotheosis","floor":40,"key":"SMITH"},{"floor":44,"key":"REST"},{"floor":46,"key":"REST"},{"floor":49,"key":"REST"}],"circlet_count":0,"master_deck":["Strike_G","Strike_G","Strike_G","Defend_G","Defend_G","Defend_G","Defend_G","Survivor","Cloak And Dagger+1","ReplayTheSpireMod:Scrap Shanks+1","Dagger Throw","Blade Dance","A Thousand Cuts","Burst","Flechettes+1","Burst","Accuracy+1","Apotheosis+1","Writhe"],"relics":["Ring of the Snake","vexMod:PlasmaPancake","Replay:WaspNest","Centennial Puzzle","Bronze Scales","Replay:Wanted Poster","Replay:Bottled Flurry","Gambling Chip","Replay:Multitool","Happy Flower","Sozu","Question Card","MawBank","Mercury Hourglass","Replay:Bottled Eggs"],"acts_visited":["Exordium","TheCity","TheBeyond"],"potions_floor_usage":[7,7,13,18,21,23,28,33,50],"damage_taken":[{"damage":0,"enemies":"2 Louse","floor":1,"turns":1},{"damage":0,"enemies":"Small Slimes","floor":2,"turns":2},{"damage":0,"enemies":"Jaw Worm","floor":3,"turns":3},{"damage":0,"enemies":"Looter","floor":4,"turns":4},{"damage":13,"enemies":"Lagavulin","floor":7,"turns":8},{"damage":0,"enemies":"Blue Slaver","floor":11,"turns":3},{"damage":0,"enemies":"3 Louse","floor":12,"turns":1},{"damage":0,"enemies":"Exordium Thugs","floor":13,"turns":2},{"damage":3,"enemies":"Replay:BlueRogue","floor":14,"turns":5},{"damage":26,"enemies":"Slime Boss","floor":16,"turns":9},{"damage":20,"enemies":"Spheric Guardian","floor":18,"turns":3},{"damage":0,"enemies":"3 Byrds","floor":21,"turns":3},{"damage":1,"enemies":"Shelled Parasite and Fungi","floor":22,"turns":4},{"damage":20,"enemies":"Replay:Snechameleon","floor":23,"turns":6},{"damage":27,"enemies":"Gremlin Leader","floor":25,"turns":5},{"damage":18,"enemies":"Snake Plant","floor":27,"turns":3},{"damage":3,"enemies":"Centurion and Healer","floor":28,"turns":5},{"damage":5,"enemies":"Book of Stabbing","floor":30,"turns":5},{"damage":2,"enemies":"Cultist and Chosen","floor":31,"turns":4},{"damage":45,"enemies":"Collector","floor":33,"turns":12},{"damage":3,"enemies":"Orb Walker","floor":35,"turns":3},{"damage":12,"enemies":"3 Darklings","floor":36,"turns":3},{"damage":20,"enemies":"R_Hoarder","floor":41,"turns":8},{"damage":14,"enemies":"Writhing Mass","floor":47,"turns":6},{"damage":32,"enemies":"Giant Head","floor":48,"turns":7},{"damage":52,"enemies":"Awakened One","floor":50,"turns":8}],"seed_played":"-5482137475577107299","potions_obtained":[{"floor":1,"key":"SkillPotion"},{"floor":2,"key":"Energy Potion"},{"floor":12,"key":"SteroidPotion"},{"floor":16,"key":"Energy Potion"},{"floor":18,"key":"LifebloodPotion"},{"floor":21,"key":"Milkshake"},{"floor":22,"key":"Adrenaline Potion"},{"floor":27,"key":"PowerPotion"},{"floor":28,"key":"SpeedPotion"}],"is_trial":true,"path_per_floor":["M","M","M","M","$","R","E","R","T","R","M","M","M","E","R","B",null,"M","?","?","M","M","E","R","E","T","M","M","R","E","M","R","B",null,"M","M","$","?","?","R","E","?","T","R","?","R","M","E","R","B"],"character_chosen":"THE_SILENT","items_purchased":["ReplayTheSpireMod:Scrap Shanks","Apotheosis"],"campfire_rested":7,"item_purchase_floors":[5,37],"current_hp_per_floor":[76,76,76,76,76,76,63,63,63,63,63,63,63,60,76,50,76,56,56,61,61,60,40,62,35,35,17,14,36,31,29,51,6,76,73,61,61,76,76,76,56,56,56,76,57,76,62,30,52,0,0],"gold":731,"neow_bonus":"","is_daily":false,"chose_seed":false,"campfire_upgraded":4,"win_rate":0.0,"timestamp":1610421087,"path_taken":["M","M","M","M","$","R","E","R","T","R","M","M","M","E","R","BOSS","M","?","?","M","M","E","R","E","T","M","M","R","E","M","R","BOSS","M","M","$","?","?","R","E","?","T","R","?","R","?","E","R","BOSS"],"items_purchased_type":["Card","Card"],"build_version":"2020-12-22","purchased_purges":0,"victory":false,"max_hp_per_floor":[76,76,76,76,76,76,76,76,76,76,76,76,76,76,76,76,76,76,76,76,76,76,76,76,76,76,76,76,76,76,76,76,76,76,76,76,76,76,76,76,76,76,76,76,76,76,76,76,76,76,76],"card_choices":[{"not_picked":["Predator","Toxin Wave","Heel Hook"],"picked":"SKIP","floor":1},{"not_picked":["Hidden Blade","Poisoned Stab"],"picked":"Cloak And Dagger","floor":2},{"not_picked":["Terror","Calculated Gamble","Slice"],"picked":"SKIP","floor":3},{"not_picked":["Backflip","Corpse Explosion"],"picked":"Hidden Blade","floor":4},{"not_picked":["Grand Finale","Envenom","ReplayTheSpireMod:From All Sides"],"picked":"SKIP","floor":7},{"not_picked":["Backstab","Escape Plan"],"picked":"Dagger Throw","floor":11},{"not_picked":["Prepared","Sucker Punch"],"picked":"Blade Dance","floor":12},{"not_picked":["Reflex","Slice","Choke"],"picked":"SKIP","floor":13},{"not_picked":["Glass Knife","ReplayTheSpireMod:From All Sides"],"picked":"A Thousand Cuts","floor":14},{"not_picked":["Poison Darts","Corpse Explosion"],"picked":"Burst","floor":16},{"not_picked":["Slice","Backflip","Skewer"],"picked":"SKIP","floor":18},{"not_picked":["Backflip","Finisher"],"picked":"Flechettes+1","floor":21},{"not_picked":["Deflect","Dagger Spray+1","All Out Attack+1"],"picked":"SKIP","floor":22},{"not_picked":["Malaise","Phantasmal Killer","Atom Bomb"],"picked":"SKIP","floor":23},{"not_picked":["ReplayTheSpireMod:Necrosis","Venomology","Envenom"],"picked":"SKIP","floor":25},{"not_picked":["Bane+1","Toxin Wave","Quick Slash"],"picked":"SKIP","floor":27},{"not_picked":["Hidden Blade+1","PiercingWail","Dodge and Roll"],"picked":"SKIP","floor":28},{"not_picked":["Malaise","Grand Finale","Adrenaline"],"picked":"SKIP","floor":30},{"not_picked":["Quick Slash","Dodge and Roll","Bane"],"picked":"SKIP","floor":31},{"not_picked":["Grand Finale","Doppelganger"],"picked":"Burst","floor":33},{"not_picked":["Poisoned Stab+1","Dagger Spray"],"picked":"Accuracy","floor":35},{"not_picked":["Cloak And Dagger","Dagger Spray+1","Prepared"],"picked":"SKIP","floor":36},{"not_picked":["Replay:Bag of Tricks","Malaise","Corpse Explosion"],"picked":"SKIP","floor":41},{"not_picked":["Flechettes+1","Outmaneuver","Sucker Punch+1","Corpse Explosion"],"picked":"SKIP","floor":47},{"not_picked":["Night Terror","Poison Darts","ReplayTheSpireMod:Necrosis","Corpse Explosion"],"picked":"SKIP","floor":48}],"player_experience":313070,"relics_obtained":[{"floor":7,"key":"Replay:WaspNest"},{"floor":9,"key":"Centennial Puzzle"},{"floor":14,"key":"Bronze Scales"},{"floor":23,"key":"Replay:Bottled Flurry"},{"floor":25,"key":"Gambling Chip"},{"floor":26,"key":"Replay:Multitool"},{"floor":30,"key":"Happy Flower"},{"floor":41,"key":"Question Card"},{"floor":43,"key":"MawBank"},{"floor":45,"key":"Mercury Hourglass"},{"floor":48,"key":"Replay:Bottled Eggs"}],"event_choices":[{"cards_removed":["Strike_G"],"damage_healed":0,"gold_gain":0,"player_choice":"Purged","damage_taken":0,"max_hp_gain":0,"max_hp_loss":0,"event_name":"Purifier","floor":19,"gold_loss":0},{"cards_removed":["Hidden Blade"],"damage_healed":5,"gold_gain":0,"player_choice":"Offered Common","damage_taken":0,"max_hp_gain":0,"max_hp_loss":0,"event_name":"Bonfire Elementals","floor":20,"gold_loss":0},{"cards_removed":["Hidden Blade"],"damage_healed":5,"gold_gain":0,"player_choice":"Offered Special","damage_taken":0,"max_hp_gain":0,"max_hp_loss":0,"event_name":"Bonfire Elementals","floor":20,"gold_loss":0},{"damage_healed":19,"gold_gain":0,"player_choice":"Writhe","damage_taken":0,"max_hp_gain":0,"max_hp_loss":0,"event_name":"Winding Halls","floor":38,"gold_loss":0,"cards_obtained":["Writhe"]},{"cards_removed":["Neutralize"],"damage_healed":0,"gold_gain":0,"player_choice":"Removed Attack","damage_taken":0,"max_hp_gain":0,"max_hp_loss":0,"event_name":"Falling","floor":42,"gold_loss":0}],"is_beta":false,"boss_relics":[{"not_picked":["Tiny House","Abe\u0027s Treasure"],"picked":"Replay:Wanted Poster"},{"not_picked":["vexMod:TanglingVine","HoveringKite"],"picked":"Sozu"}],"items_purged_floors":[],"is_endless":true,"potions_floor_spawned":[1,2,12,16,18,21,22,27,28,41,47,48],"killed_by":"Awakened One","ascension_level":0}}