{"host":"yhemb00fn7g5zwp1","time":1610444224,"event":{"mods":["AchievementEnabler","Act Like it!","BaseMod","CapriCore","Gensokyo","Highlight Path","KinomotoSakuraMod(ƒæ÷Æ±æ”£)","Koishi","KomeijiMod","Lobotomy","LobotomyExtend","Marisa£®ÏF”Í°°ƒß¿Ì…≥£©","Minty Spire (QoL Compilation)","MostiFishMod","Pale of the Ancients","Prisma Mod","Reimu£®≤©¿ˆ¡È√Œ£©","StSLib","Td1madao Mod","The Immortal","The Servant 0.9.4","Yakumo Yukari mod","Youmu£®ªÍ∆«—˝√Œ£©","Yuyuko","vexMod","°æ“≈ŒÔø®≈∆°øREMEMod","ÛÙª÷∏ƒœ"],"gold_per_floor":[15,15,68,95,95,344,344],"floor_reached":6,"playtime":338,"items_purged":["Strike_B"],"score":40,"play_id":"d55f15b6-16fc-4340-9ac2-f8220a701e18","local_time":"20210112173704","is_ascension_mode":true,"campfire_choices":[],"circlet_count":0,"master_deck":["Strike_B","Strike_B","Strike_B","Defend_B","Defend_B","Defend_B","Defend_B","Zap","Dualcast","Mayhem","MostiFishMod:Impulse","Chaos","Self Repair","Defragment","Cold Snap"],"relics":["Cracked Core","REME_ComplimentaryCards","DaveBox","DiscerningMonocle","SynthV:TestCard","Bag of Marbles","REME_ArchaeologicalTools","TimeFreeze","Gensokyo:OccultBall"],"acts_visited":["Exordium"],"potions_floor_usage":[4,4,6],"damage_taken":[{"damage":22,"enemies":"Gensokyo:2_Kodama","floor":1,"turns":4},{"damage":12,"enemies":"Gensokyo:Gryphon","floor":3,"turns":3},{"damage":19,"enemies":"Gensokyo:3_Fairies","floor":4,"turns":4},{"damage":58,"enemies":"Gensokyo:Cirno","floor":6,"turns":6}],"seed_played":"-1337923518621496365","potions_obtained":[{"floor":4,"key":"CultistPotion"}],"is_trial":false,"path_per_floor":["M","$","M","M","?","E"],"character_chosen":"DEFECT","items_purchased":["Bag of Marbles","Chaos","Self Repair","REME_ArchaeologicalTools","TimeFreeze","Regen Potion","FearPotion","ColorlessPotion"],"campfire_rested":0,"item_purchase_floors":[2,2,2,2,2,2,2,2],"current_hp_per_floor":[53,53,48,48,48,0,0],"gold":344,"neow_bonus":"RANDOM_COLORLESS_2","is_daily":false,"chose_seed":false,"campfire_upgraded":0,"win_rate":0.0,"timestamp":1610444224,"path_taken":["M","$","M","M","?","E"],"items_purchased_type":["Relic","Card","Card","Relic","Relic","Potion","Potion","Potion"],"build_version":"2020-12-22","purchased_purges":1,"victory":false,"max_hp_per_floor":[75,75,75,75,75,75,75],"card_choices":[{"not_picked":["REME_MawOfCthun","Panache"],"picked":"Mayhem","floor":0},{"not_picked":["Coolheaded","Reprogram"],"picked":"MostiFishMod:Impulse","floor":1},{"not_picked":["Aggregate","White Noise","MostiFishMod:ReprogramOld","Chill"],"picked":"Defragment","floor":3},{"not_picked":["Go for the Eyes","Barrage","Consume","Force Field"],"picked":"Cold Snap","floor":4}],"player_experience":434810,"relics_obtained":[{"floor":1,"key":"SynthV:TestCard"}],"event_choices":[],"is_beta":false,"boss_relics":[],"items_purged_floors":[2],"is_endless":false,"potions_floor_spawned":[4],"killed_by":"Gensokyo:Cirno","ascension_level":2}}