{"host":"8xi53560pl5zaoq2","time":1610475975,"event":{"mods":["BaseMod","Colored Map","Highlight Path","Minty Spire (QoL Compilation)","StSLib","Synergy Search"],"gold_per_floor":[359,359,40,55,55,55,90,104,104,25,200,200,200,230,230,230,230],"floor_reached":16,"playtime":728,"items_purged":[],"score":163,"play_id":"1c50f02a-bd68-4432-ad9c-7acf3a6eb677","local_time":"20210112112615","is_ascension_mode":true,"campfire_choices":[{"floor":6,"key":"REST"},{"data":"Blur","floor":13,"key":"SMITH"},{"data":"Leg Sweep","floor":15,"key":"SMITH"}],"circlet_count":0,"master_deck":["AscendersBane","Strike_G","Strike_G","Strike_G","Strike_G","Strike_G","Defend_G","Defend_G","Defend_G","Defend_G","Defend_G","Survivor","Neutralize","Leg Sweep+1","Deadly Poison","Blur+1","Bullet Time","Blur+1","Crippling Poison","Doubt"],"relics":["Ring of the Snake","Golden Idol","Bag of Marbles","Ancient Tea Set","Happy Flower","Eternal Feather","Torii"],"acts_visited":["Exordium"],"potions_floor_usage":[16,16],"damage_taken":[{"damage":5,"enemies":"2 Louse","floor":1,"turns":4},{"damage":5,"enemies":"Small Slimes","floor":4,"turns":5},{"damage":13,"enemies":"Lagavulin","floor":7,"turns":10},{"damage":0,"enemies":"Jaw Worm","floor":8,"turns":5},{"damage":55,"enemies":"Slime Boss","floor":16,"turns":20}],"seed_played":"7816541248359101794","potions_obtained":[{"floor":7,"key":"Fire Potion"},{"floor":8,"key":"Swift Potion"}],"is_trial":false,"path_per_floor":["M","?","$","M","?","R","E","M","T","$","?","?","R","?","R","B"],"character_chosen":"THE_SILENT","items_purchased":["Deadly Poison","Bag of Marbles","Ancient Tea Set","Crippling Poison"],"campfire_rested":1,"item_purchase_floors":[3,3,3,10],"current_hp_per_floor":[39,23,23,18,18,37,24,24,24,24,24,29,41,41,53,0,0],"gold":230,"neow_bonus":"TWO_FIFTY_GOLD","is_daily":false,"chose_seed":false,"campfire_upgraded":2,"win_rate":0.0,"timestamp":1610475975,"path_taken":["M","?","$","M","?","R","E","M","T","$","?","?","R","?","R","BOSS"],"items_purchased_type":["Card","Relic","Relic","Card"],"build_version":"2020-12-22","purchased_purges":0,"victory":false,"max_hp_per_floor":[66,66,66,66,66,66,66,66,66,66,66,71,71,71,71,71,71],"card_choices":[{"not_picked":["Dagger Throw","Sucker Punch"],"picked":"Leg Sweep","floor":1},{"not_picked":["Flying Knee","Distraction"],"picked":"Blur","floor":4},{"not_picked":["Deflect","Eviscerate"],"picked":"Bullet Time","floor":7},{"not_picked":["Cloak And Dagger","Slice"],"picked":"Blur","floor":8}],"player_experience":1293451,"relics_obtained":[{"floor":7,"key":"Happy Flower"},{"floor":9,"key":"Eternal Feather"}],"event_choices":[{"damage_healed":0,"gold_gain":0,"player_choice":"Take Damage","damage_taken":16,"relics_obtained":["Golden Idol"],"max_hp_gain":0,"max_hp_loss":0,"event_name":"Golden Idol","floor":2,"gold_loss":0},{"damage_healed":0,"gold_gain":0,"player_choice":"Grow","damage_taken":0,"max_hp_gain":0,"max_hp_loss":0,"event_name":"Living Wall","floor":5,"gold_loss":0,"cards_upgraded":["Blur"]},{"damage_healed":0,"gold_gain":175,"player_choice":"AGREE","damage_taken":0,"max_hp_gain":0,"max_hp_loss":0,"event_name":"Liars Game","floor":11,"gold_loss":0,"cards_obtained":["Doubt"]},{"damage_healed":0,"gold_gain":0,"player_choice":"Donut","damage_taken":0,"max_hp_gain":5,"max_hp_loss":0,"event_name":"Big Fish","floor":12,"gold_loss":0},{"damage_healed":0,"gold_gain":30,"player_choice":"Searched \u00272\u0027 times","damage_taken":0,"relics_obtained":["Torii"],"max_hp_gain":0,"max_hp_loss":0,"event_name":"Dead Adventurer","floor":14,"gold_loss":0}],"is_beta":false,"boss_relics":[],"items_purged_floors":[],"is_endless":false,"potions_floor_spawned":[7,8],"killed_by":"Slime Boss","ascension_level":14}}