{"host":"2o3sockympbxxanu","time":1610450503,"event":{"mods":["AchievementEnabler","BaseMod","Colored Map","Colored Powertips","Conspire","Highlight Path","Infinite Spire","Minty Spire (QoL Compilation)","Replay The Spire","Shop Mod","StSLib","SuperFastMode"],"gold_per_floor":[118,118,118,136,154,154,10,44,71,71,89,104,123,123,123,226,226,239,249,429,446,459,459,470,470,470,495,495,495,495,505,505,635,635,693,750,700,700,700],"floor_reached":38,"playtime":1875,"items_purged":[],"score":684,"play_id":"18c6c955-9c7d-4e1b-9260-d6124267f456","local_time":"20210112192143","is_ascension_mode":true,"campfire_choices":[{"data":"Deadly Poison","floor":6.0,"key":"SMITH"},{"floor":10.0,"key":"REST"},{"floor":15.0,"key":"REST"},{"floor":23.0,"key":"REST"},{"floor":28.0,"key":"REST"},{"floor":32,"key":"REST"}],"circlet_count":0,"master_deck":["Survivor","Neutralize","PiercingWail","Deadly Poison+1","Blade Dance","Poisoned Stab","Caltrops","Bane","Bane","infinitespire:Neurotoxin","Unload","Infinite Blades","Cloak And Dagger","Choke","Corpse Explosion","Phantasmal Killer","Deadly Poison","Dodge and Roll+1","Bane+1","Dagger Spray","Well Laid Plans","Bane+1","Envenom","Decay","Noxious Fumes+1","Tactician+1","Bouncing Flask+1","conspire:PoisonWeapons","conspire:SpireCoStock"],"relics":["Ring of the Snake","Medical Kit","Replay:Baseball","Letter Opener","Pandora\u0027s Box","conspire:SpecialSausage","TheAbacus","Oddly Smooth Stone","Replay:PocketPolymizer","infinitespire:EvilPickle","Astrolabe"],"acts_visited":["Exordium","TheCity","TheBeyond"],"potions_floor_usage":[31,33,35,38],"damage_taken":[{"damage":4.0,"enemies":"Small Slimes","floor":1.0,"turns":5.0},{"damage":0.0,"enemies":"2 Louse","floor":4.0,"turns":3.0},{"damage":0.0,"enemies":"Cultist","floor":5.0,"turns":4.0},{"damage":44.0,"enemies":"3 Sentries","floor":8.0,"turns":8.0},{"damage":8.0,"enemies":"Exordium Thugs","floor":11.0,"turns":4.0},{"damage":7.0,"enemies":"Red Slaver","floor":12.0,"turns":4.0},{"damage":12.0,"enemies":"Lots of Slimes","floor":13.0,"turns":4.0},{"damage":19.0,"enemies":"Slime Boss","floor":16.0,"turns":7.0},{"damage":0.0,"enemies":"3 Byrds","floor":18.0,"turns":2.0},{"damage":18.0,"enemies":"Spheric Guardian","floor":19.0,"turns":4.0},{"damage":18.0,"enemies":"Snake Plant","floor":21.0,"turns":3.0},{"damage":15.0,"enemies":"Centurion and Healer","floor":22.0,"turns":5.0},{"damage":12.0,"enemies":"Cultist and Chosen","floor":24.0,"turns":3.0},{"damage":15.0,"enemies":"Gremlin Leader","floor":27.0,"turns":4.0},{"damage":15,"enemies":"Snake Plant","floor":31,"turns":2},{"damage":27,"enemies":"Pondfish","floor":33,"turns":7},{"damage":28,"enemies":"3 Shapes","floor":35,"turns":3},{"damage":21,"enemies":"Orb Walker","floor":36,"turns":4},{"damage":31,"enemies":"Sphere and 2 Shapes","floor":38,"turns":3}],"seed_played":"-6418085710491487846","potions_obtained":[{"floor":4.0,"key":"Ancient Potion"},{"floor":8.0,"key":"Elixir"},{"floor":12.0,"key":"Swift Potion"},{"floor":13.0,"key":"ColorlessPotion"},{"floor":19.0,"key":"Energy Potion"},{"floor":27.0,"key":"Toxic Potion"},{"floor":31,"key":"Energy Potion"},{"floor":36,"key":"LifebloodPotion"}],"is_trial":false,"path_per_floor":["M","?","?","M","M","R","$","E","T","R","M","M","M","T","R","B",null,"M","M","?","M","M","R","M","AVR","T","E","R","?","?","M","R","B",null,"M","M","?","M"],"character_chosen":"THE_SILENT","items_purchased":["Medical Kit"],"campfire_rested":5,"item_purchase_floors":[7],"current_hp_per_floor":[73,73,73,73,73,73,73,29,29,52,44,37,25,25,48,29,77,77,59,40,22,7,30,18,18,18,3,26,26,26,11,34,7,77,49,28,28,0,0],"gold":700,"neow_bonus":"TEN_PERCENT_HP_BONUS","is_daily":false,"chose_seed":false,"campfire_upgraded":1,"win_rate":0.0,"timestamp":1610450503,"path_taken":["M","?","?","M","M","R","$","E","T","R","M","M","?","?","R","BOSS","M","M","?","M","?","R","M","AVR","T","E","R","?","?","M","R","BOSS","M","M","?","M"],"items_purchased_type":["Relic"],"build_version":"2020-12-22","purchased_purges":0,"victory":false,"max_hp_per_floor":[77,77,77,77,77,77,77,77,77,77,77,77,77,77,77,77,77,77,77,77,77,77,77,77,77,77,77,77,77,77,77,77,77,77,77,77,77,77,77],"card_choices":[{"not_picked":["Endless Agony","Prepared"],"picked":"PiercingWail","floor":1.0},{"not_picked":["Poisoned Stab","Flying Knee"],"picked":"Deadly Poison","floor":4.0},{"not_picked":["Bouncing Flask","ReplayTheSpireMod:The Works"],"picked":"Blade Dance","floor":5.0},{"not_picked":["Reflex","Crippling Poison"],"picked":"Poisoned Stab","floor":8.0},{"not_picked":["Acrobatics","Distraction"],"picked":"Caltrops","floor":11.0},{"not_picked":["Slice","Cloak And Dagger"],"picked":"Bane","floor":12.0},{"not_picked":["Glass Knife","Outmaneuver"],"picked":"Bane","floor":13.0},{"not_picked":["Malaise","ReplayTheSpireMod:Necrosis"],"picked":"infinitespire:Neurotoxin","floor":16.0},{"not_picked":["ReplayTheSpireMod:The Works","Dodge and Roll","Heel Hook"],"picked":"SKIP","floor":18.0},{"not_picked":["Choke","PiercingWail"],"picked":"Deadly Poison","floor":19.0},{"not_picked":["Draining Mist","Setup+1","Dodge and Roll"],"picked":"SKIP","floor":21.0},{"not_picked":["Poisoned Stab","Hidden Blade"],"picked":"Dodge and Roll+1","floor":22.0},{"not_picked":["PiercingWail","Choke"],"picked":"Bane+1","floor":24.0},{"not_picked":["Bane","Eviscerate"],"picked":"Dagger Spray","floor":27.0},{"not_picked":["Hidden Blade","ReplayTheSpireMod:Tripwire"],"picked":"Bane+1","floor":31},{"not_picked":["infinitespire:Neurotoxin","Malaise"],"picked":"Envenom","floor":33},{"not_picked":["Well Laid Plans+1","Escape Plan"],"picked":"Bouncing Flask+1","floor":35},{"not_picked":["Slice","Dagger Throw"],"picked":"conspire:PoisonWeapons","floor":36}],"player_experience":297300,"relics_obtained":[{"floor":8.0,"key":"Replay:Baseball"},{"floor":14.0,"key":"Letter Opener"},{"floor":26.0,"key":"Oddly Smooth Stone"},{"floor":27.0,"key":"Replay:PocketPolymizer"}],"event_choices":[{"cards_removed":["Defend_G"],"damage_healed":0.0,"max_hp_gain":0.0,"max_hp_loss":0.0,"gold_gain":0.0,"event_name":"Purifier","player_choice":"Purged","floor":3.0,"gold_loss":0.0,"damage_taken":0.0},{"damage_healed":0.0,"max_hp_gain":0.0,"max_hp_loss":0.0,"gold_gain":180.0,"event_name":"Knowing Skull","player_choice":"GOLD GOLD ","floor":20.0,"potions_obtained":[],"gold_loss":0.0,"damage_taken":19.0,"cards_obtained":[]},{"damage_healed":0.0,"max_hp_gain":0.0,"max_hp_loss":0.0,"gold_gain":0.0,"event_name":"Forgotten Altar","player_choice":"Smashed Altar","floor":29.0,"gold_loss":0.0,"damage_taken":0.0,"cards_obtained":["Decay"]},{"damage_healed":0,"gold_gain":0,"player_choice":"Invest 1","damage_taken":0,"max_hp_gain":0,"max_hp_loss":0,"event_name":"conspire:Investor","floor":37,"gold_loss":0}],"is_beta":false,"boss_relics":[{"not_picked":["Fusion Hammer","ReplayTheSpireMod:SealedPack"],"picked":"Pandora\u0027s Box"},{"not_picked":["Snecko Eye","HoveringKite"],"picked":"Astrolabe"}],"items_purged_floors":[],"is_endless":false,"potions_floor_spawned":[4,8,12,13,19,27,31,36],"killed_by":"Sphere and 2 Shapes","ascension_level":3}}