{"host":"uonldg9uriwfhjjx","time":1610433768,"event":{"mods":["AchievementEnabler","BaseMod","Minty Spire (QoL Compilation)","Relic Stats"],"gold_per_floor":[118,81,100,110,122,122,154,154,154,154,254,274,285,301,301,301,301],"floor_reached":16,"playtime":502,"items_purged":[],"score":177,"play_id":"9aad70b9-c717-44d5-91fe-38f1af90a901","local_time":"20210112014248","is_ascension_mode":true,"campfire_choices":[{"data":"Genetic Algorithm","floor":6,"key":"SMITH"},{"floor":8,"key":"REST"},{"data":"Zap","floor":10,"key":"SMITH"},{"floor":15,"key":"REST"}],"circlet_count":0,"master_deck":["AscendersBane","Strike_B","Strike_B","Strike_B","Strike_B","Defend_B","Defend_B","Defend_B","Defend_B","Zap+1","Dualcast","Genetic Algorithm+1","Hello World","Heatsinks","Cold Snap","Conserve Battery","Electrodynamics","Coolheaded"],"relics":["Philosopher\u0027s Stone","Mummified Hand","Darkstone Periapt"],"acts_visited":["Exordium"],"potions_floor_usage":[16],"damage_taken":[{"damage":2,"enemies":"Cultist","floor":1,"turns":3},{"damage":7,"enemies":"Jaw Worm","floor":3,"turns":4},{"damage":5,"enemies":"Small Slimes","floor":4,"turns":4},{"damage":20,"enemies":"Gremlin Gang","floor":5,"turns":6},{"damage":20,"enemies":"3 Sentries","floor":7,"turns":8},{"damage":8,"enemies":"2 Fungi Beasts","floor":12,"turns":4},{"damage":15,"enemies":"Red Slaver","floor":13,"turns":3},{"damage":2,"enemies":"Exordium Thugs","floor":14,"turns":3},{"damage":42,"enemies":"Slime Boss","floor":16,"turns":8}],"seed_played":"4596202697086049946","potions_obtained":[{"floor":4,"key":"Dexterity Potion"},{"floor":12,"key":"Ancient Potion"},{"floor":13,"key":"Regen Potion"}],"is_trial":false,"path_per_floor":["M","$","M","M","M","R","E","R","T","R","?","M","M","M","R","B"],"character_chosen":"DEFECT","items_purchased":["Hello World"],"campfire_rested":2,"item_purchase_floors":[2],"current_hp_per_floor":[62,62,55,50,30,30,10,31,31,31,31,23,8,6,27,0,0],"gold":301,"neow_bonus":"BOSS_RELIC","is_daily":false,"chose_seed":false,"campfire_upgraded":2,"win_rate":0.0,"timestamp":1610433768,"path_taken":["M","$","?","M","M","R","E","R","T","R","?","?","M","M","R","BOSS"],"items_purchased_type":["Card"],"build_version":"2020-12-22","purchased_purges":0,"victory":false,"max_hp_per_floor":[71,71,71,71,71,71,71,71,71,71,71,71,71,71,71,71,71],"relic_stats":{"Darkstone Periapt":0,"counters":[9,43],"Mummified Hand":[10],"obtain_stats":[{"Darkstone Periapt":9,"Mummified Hand":7,"Philosopher\u0027s Stone":0,"Cracked Core":0},{"Darkstone Periapt":5,"Mummified Hand":5,"Philosopher\u0027s Stone":0,"Cracked Core":0},{"Darkstone Periapt":25,"Mummified Hand":25,"Philosopher\u0027s Stone":0,"Cracked Core":0}]},"card_choices":[{"not_picked":["Beam Cell","Static Discharge"],"picked":"Genetic Algorithm","floor":1},{"not_picked":["Redo","Conserve Battery"],"picked":"Heatsinks","floor":3},{"not_picked":["Rebound","Streamline"],"picked":"Cold Snap","floor":4},{"not_picked":["Stack","Recycle","Skim"],"picked":"SKIP","floor":5},{"not_picked":["Ball Lightning","Beam Cell"],"picked":"Conserve Battery","floor":7},{"not_picked":["Streamline","Leap"],"picked":"Electrodynamics","floor":12},{"not_picked":["Reprogram","Aggregate"],"picked":"Coolheaded","floor":13},{"not_picked":["Skim","Blizzard","Leap"],"picked":"SKIP","floor":14}],"player_experience":767902,"relics_obtained":[{"floor":7,"key":"Mummified Hand"},{"floor":9,"key":"Darkstone Periapt"}],"event_choices":[{"damage_healed":0,"gold_gain":100,"player_choice":"Pray","damage_taken":0,"max_hp_gain":0,"max_hp_loss":0,"event_name":"Golden Shrine","floor":11,"gold_loss":0}],"is_beta":false,"boss_relics":[],"items_purged_floors":[],"is_endless":false,"potions_floor_spawned":[4,12,13,14],"killed_by":"Slime Boss","ascension_level":14}}