{"host":"vhvm1b4sel61ztfv","time":1610452896,"event":{"mods":["BaseMod","BetterRewards","Displayed Cursed Tome","Gold Saver","Minty Spire (QoL Compilation)","StSLib"],"gold_per_floor":[6025,5556,5556,5320,5345,5345,5379,5392,5392,4535,4551,4574,4574,4574,4574,4698,4761,4777,4138,4157,4177,4223,4223,4237,4256,4280,4195,4240,4312,4325,4325,4325,4462,4462,4487,4501,4525,4369,4430,4470,4470,4490,4513,4513,4527,3884,3984,4004,4004,4004],"floor_reached":51,"playtime":2628,"items_purged":["Strike_B","Strike_B","Strike_B"],"score":854,"play_id":"6b482f41-dcfd-4ee0-8f25-a7a1e0b359d3","local_time":"20210112070136","is_ascension_mode":false,"campfire_choices":[{"floor":6,"key":"REST"},{"data":"Static Discharge","floor":15,"key":"SMITH"},{"data":"Doom and Gloom","floor":23,"key":"SMITH"},{"data":"Defragment","floor":32,"key":"SMITH"},{"data":"Barrage","floor":44,"key":"SMITH"},{"data":"Dualcast","floor":49,"key":"SMITH"}],"circlet_count":0,"master_deck":["Defend_B","Defend_B+1","Defend_B","Defend_B","Zap","Dualcast+1","Loop","Gash","Darkness+1","Barrage+1","Defragment+1","Static Discharge+1","Gash+1","Doom and Gloom+1","Self Repair+1","Consume+1","Defragment+1","Bandage Up+1","Static Discharge+1","Lockon+1","Mayhem+1","Echo Form+1","Seek+1","Self Repair+1","Rainbow+1","Bite+1","Bite+1","Bite+1","Bite+1","Bite+1","Electrodynamics+1","Redo+1","Apotheosis+1","Hello World+1"],"relics":["Cracked Core","Orrery","Toxic Egg 2","Runic Capacitor","Strawberry","Symbiotic Virus","Omamori","Singing Bowl","Frozen Egg 2","Regal Pillow","Tiny Chest","ClockworkSouvenir","Akabeko","Golden Idol","HandDrill","Molten Egg 2","Mercury Hourglass","Ice Cream","Tiny House","CaptainsWheel","Centennial Puzzle","Boot","Potion Belt","CeramicFish","Gremlin Horn","Matryoshka","Busted Crown","Cauldron","Dead Branch","Thread and Needle","PreservedInsect","StoneCalendar","InkBottle","Dream Catcher","Incense Burner"],"acts_visited":["Exordium","TheCity","TheBeyond"],"potions_floor_usage":[17,33,39,50,50,50,50],"damage_taken":[{"damage":7,"enemies":"Small Slimes","floor":1,"turns":2},{"damage":8,"enemies":"Jaw Worm","floor":5,"turns":4},{"damage":13,"enemies":"Gremlin Nob","floor":7,"turns":4},{"damage":4,"enemies":"2 Louse","floor":8,"turns":3},{"damage":16,"enemies":"Exordium Wildlife","floor":11,"turns":4},{"damage":8,"enemies":"Gremlin Gang","floor":12,"turns":3},{"damage":11,"enemies":"Slime Boss","floor":16,"turns":6},{"damage":10,"enemies":"Chosen","floor":18,"turns":2},{"damage":22,"enemies":"Shell Parasite","floor":20,"turns":4},{"damage":10,"enemies":"Chosen and Byrds","floor":21,"turns":4},{"damage":35,"enemies":"Snake Plant","floor":24,"turns":2},{"damage":8,"enemies":"Cultist and Chosen","floor":25,"turns":4},{"damage":7,"enemies":"Sentry and Sphere","floor":30,"turns":3},{"damage":27,"enemies":"Collector","floor":33,"turns":6},{"damage":21,"enemies":"Orb Walker","floor":35,"turns":2},{"damage":4,"enemies":"3 Shapes","floor":36,"turns":3},{"damage":20,"enemies":"Sphere and 2 Shapes","floor":37,"turns":3},{"damage":44,"enemies":"2 Orb Walkers","floor":39,"turns":3},{"damage":27,"enemies":"Reptomancer","floor":40,"turns":3},{"damage":0,"enemies":"4 Shapes","floor":42,"turns":3},{"damage":13,"enemies":"3 Darklings","floor":45,"turns":3},{"damage":2,"enemies":"Transient","floor":48,"turns":5},{"damage":10,"enemies":"Awakened One","floor":50,"turns":7}],"seed_played":"6230539893997157560","potions_obtained":[{"floor":1,"key":"Strength Potion"},{"floor":7,"key":"Block Potion"},{"floor":8,"key":"Swift Potion"},{"floor":12,"key":"Fruit Juice"},{"floor":35,"key":"SpeedPotion"},{"floor":38,"key":"EssenceOfSteel"},{"floor":38,"key":"Weak Potion"},{"floor":39,"key":"Energy Potion"}],"is_trial":false,"path_per_floor":["M","$","?","$","M","R","E","M","T","$","M","M","?","?","R","B",null,"M","$","M","M","T","R","M","M","T","?","?","T","M","?","R","B",null,"M","M","M","$","?","E","T","M","T","R","M","$","?","M","R","B",null],"character_chosen":"DEFECT","items_purchased":["Orrery","Toxic Egg 2","Runic Capacitor","Strawberry","Symbiotic Virus","Defragment","Static Discharge","Omamori","Singing Bowl","Gash","Doom and Gloom","Frozen Egg 2","Regal Pillow","Self Repair+1","Tiny Chest","ClockworkSouvenir","Akabeko","Defragment+1","HandDrill","Bandage Up+1","Ice Cream","Blood Vial","Static Discharge+1","Lockon+1","Mayhem+1","CaptainsWheel","Self Repair+1","Centennial Puzzle","PowerPotion","PowerPotion","Cauldron","FairyPotion","Incense Burner","Apotheosis+1","Hello World+1"],"campfire_rested":1,"item_purchase_floors":[0,0,0,0,0,0,0,0,0,0,0,0,0,0,0,2,2,2,4,4,10,10,10,10,10,19,19,19,19,19,38,46,46,46,46],"current_hp_per_floor":[43,43,43,43,53,84,86,84,84,84,88,88,70,90,90,89,102,94,94,92,108,108,108,73,75,75,75,75,75,89,89,89,112,112,113,116,102,102,79,80,80,91,91,91,99,99,99,117,117,125],"gold":4004,"neow_bonus":"","is_daily":false,"chose_seed":false,"campfire_upgraded":5,"win_rate":0.0,"timestamp":1610452896,"path_taken":["M","$","?","$","M","R","E","M","T","$","M","M","?","?","R","BOSS","M","$","M","M","?","R","M","?","T","?","?","?","?","?","R","BOSS","M","M","M","$","?","E","?","M","T","R","M","$","?","M","R","BOSS"],"items_purchased_type":["Relic","Relic","Relic","Relic","Relic","Card","Card","Relic","Relic","Card","Card","Relic","Relic","Card","Relic","Relic","Relic","Card","Relic","Card","Relic","Relic","Card","Card","Card","Relic","Card","Relic","Potion","Potion","Relic","Potion","Relic","Card","Card"],"build_version":"2020-12-22","purchased_purges":3,"victory":true,"max_hp_per_floor":[82,82,82,82,84,84,86,88,88,88,90,90,90,90,90,90,102,104,104,106,108,108,108,108,110,110,110,110,110,112,112,112,112,112,114,116,116,116,118,120,120,122,122,122,124,124,124,126,126,126],"card_choices":[{"not_picked":["Streamline","Turbo"],"picked":"Loop","floor":0},{"not_picked":["Reprogram","Conserve Battery"],"picked":"Gash","floor":0},{"not_picked":["Go for the Eyes","Ball Lightning"],"picked":"Darkness","floor":0},{"not_picked":["Compile Driver","Chaos"],"picked":"Barrage","floor":0},{"not_picked":["Hologram+1","Beam Cell"],"picked":"Consume+1","floor":1},{"not_picked":["Beam Cell","Leap+1","Double Energy+1"],"picked":"Singing Bowl","floor":5},{"not_picked":["Streamline+1","Go for the Eyes+1","Force Field+1"],"picked":"Singing Bowl","floor":7},{"not_picked":["Hologram+1","Steam Power+1","Heatsinks+1"],"picked":"Singing Bowl","floor":8},{"not_picked":["Rebound+1","Barrage+1","Skim+1"],"picked":"Singing Bowl","floor":11},{"not_picked":["Gash+1","Leap+1"],"picked":"Echo Form+1","floor":12},{"not_picked":["All For One+1","Machine Learning+1"],"picked":"Seek+1","floor":16},{"not_picked":["Undo+1","White Noise+1","Lockon+1"],"picked":"Singing Bowl","floor":17},{"not_picked":["Steam+1","Hologram+1","Rebound+1"],"picked":"Singing Bowl","floor":18},{"not_picked":["Hello World+1","Glacier+1","Undo+1"],"picked":"Singing Bowl","floor":20},{"not_picked":["Sweeping Beam+1","Self Repair+1","Rebound+1"],"picked":"Singing Bowl","floor":21},{"not_picked":["Steam+1","Turbo+1"],"picked":"Rainbow+1","floor":24},{"not_picked":["Coolheaded+1","Hello World+1","Beam Cell+1"],"picked":"Singing Bowl","floor":25},{"not_picked":["Compile Driver+1","Conserve Battery+1","Steam Power+1"],"picked":"Singing Bowl","floor":30},{"not_picked":["Core Surge+1","Seek+1"],"picked":"Electrodynamics+1","floor":33},{"not_picked":["Leap+1"],"picked":"Singing Bowl","floor":35},{"not_picked":["Hologram+1"],"picked":"Singing Bowl","floor":36},{"not_picked":[],"picked":"Redo+1","floor":37},{"not_picked":["Streamline+1"],"picked":"Singing Bowl","floor":39},{"not_picked":["Genetic Algorithm+1"],"picked":"Singing Bowl","floor":40},{"not_picked":["Steam+1"],"picked":"Singing Bowl","floor":42},{"not_picked":["Sweeping Beam+1"],"picked":"Singing Bowl","floor":45},{"not_picked":["Sweeping Beam+1"],"picked":"Singing Bowl","floor":48}],"player_experience":138095,"relics_obtained":[{"floor":7,"key":"Molten Egg 2"},{"floor":9,"key":"Mercury Hourglass"},{"floor":22,"key":"Boot"},{"floor":26,"key":"Potion Belt"},{"floor":29,"key":"Gremlin Horn"},{"floor":39,"key":"Dead Branch"},{"floor":40,"key":"Thread and Needle"},{"floor":41,"key":"PreservedInsect"},{"floor":41,"key":"StoneCalendar"},{"floor":43,"key":"InkBottle"},{"floor":43,"key":"Dream Catcher"}],"event_choices":[{"damage_healed":0,"gold_gain":0,"player_choice":"Take Wound","damage_taken":0,"relics_obtained":["Golden Idol"],"max_hp_gain":0,"max_hp_loss":0,"event_name":"Golden Idol","floor":3,"gold_loss":0,"cards_obtained":["Injury"]},{"damage_healed":0,"gold_gain":0,"player_choice":"Entered Light","damage_taken":18,"max_hp_gain":0,"max_hp_loss":0,"event_name":"Shining Light","floor":13,"gold_loss":0,"cards_upgraded":["Defend_B","Darkness"]},{"damage_healed":22,"gold_gain":0,"player_choice":"Healed and dodged fight","damage_taken":0,"max_hp_gain":0,"max_hp_loss":0,"event_name":"Mushrooms","floor":14,"gold_loss":0,"cards_obtained":["Parasite"]},{"damage_healed":0,"gold_gain":0,"player_choice":"Obtained Relic","damage_taken":0,"relics_obtained":["CeramicFish"],"max_hp_gain":0,"max_hp_loss":0,"event_name":"Addict","floor":27,"gold_loss":85},{"damage_healed":0,"gold_gain":0,"player_choice":"Became a vampire (Vial)","damage_taken":0,"max_hp_gain":0,"max_hp_loss":0,"event_name":"Vampires","floor":28,"relics_lost":["Blood Vial"],"gold_loss":0,"cards_obtained":["Bite","Bite","Bite","Bite","Bite"]},{"damage_healed":0,"gold_gain":0,"player_choice":"Opened","damage_taken":0,"relics_obtained":["Matryoshka"],"max_hp_gain":0,"max_hp_loss":0,"event_name":"The Mausoleum","floor":31,"gold_loss":0},{"damage_healed":0,"gold_gain":0,"player_choice":"Fight","damage_taken":0,"max_hp_gain":0,"max_hp_loss":0,"event_name":"Mysterious Sphere","floor":39,"gold_loss":0},{"damage_healed":0,"gold_gain":100,"player_choice":"Pray","damage_taken":0,"max_hp_gain":0,"max_hp_loss":0,"event_name":"Golden Shrine","floor":47,"gold_loss":0}],"is_beta":false,"boss_relics":[{"not_picked":["Runic Dome","Sozu"],"picked":"Tiny House"},{"not_picked":["Coffee Dripper","Pandora\u0027s Box"],"picked":"Busted Crown"}],"items_purged_floors":[0,2,10],"is_endless":false,"potions_floor_spawned":[1,7,8,12,20,21,35,39,45,48],"ascension_level":0}}