{"host":"z9mq1tf06lkrncmk","time":1610418189,"event":{"mods":["BaseMod","Downfall","Minty Spire (QoL Compilation)","StSLib"],"gold_per_floor":[99,111,111,111,122,6,6,16,42,54,51,63,60,89,115,127,127,127],"floor_reached":16,"playtime":897,"items_purged":[],"score":100,"play_id":"e46db2f5-65df-49c3-ae75-7ac6e3d0dca9","local_time":"20210111212309","is_ascension_mode":false,"campfire_choices":[{"data":"champ:Taunt","floor":1,"key":"SMITH"},{"data":"champ:ArenaPreparation","floor":10,"key":"SMITH"},{"data":"champ:RecklessLeap","floor":12,"key":"SMITH"}],"circlet_count":0,"master_deck":["champ:Strike","champ:Strike","champ:Strike","champ:Defend","champ:Defend","champ:Defend","champ:Execute","champ:Taunt+1","champ:BerserkerStyle","champ:RapidStrikes","champ:BerserkersShout","champ:AdrenalArmor","champ:DefensiveShout","champ:ArenaPreparation+1","champ:RecklessLeap+1","champ:ShieldWall","champ:EndlessRage","champ:ViciousMockery"],"relics":["champ:ChampionCrown","Happy Flower","MawBank"],"acts_visited":["Exordium"],"potions_floor_usage":[9,9,9,9,16,16],"damage_taken":[{"damage":11,"enemies":"Small Slimes","floor":2,"turns":4},{"damage":16,"enemies":"Cultist","floor":5,"turns":5},{"damage":15,"enemies":"downfall:FleeingMerchant","floor":6,"turns":4},{"damage":29,"enemies":"Jaw Worm","floor":8,"turns":5},{"damage":73,"enemies":"Lagavulin","floor":9,"turns":5},{"damage":72,"enemies":"downfall:FleeingMerchant","floor":11,"turns":4},{"damage":60,"enemies":"downfall:FleeingMerchant","floor":13,"turns":4},{"damage":42,"enemies":"Exordium Thugs","floor":14,"turns":4},{"damage":28,"enemies":"3 Louse","floor":15,"turns":3},{"damage":41,"enemies":"downfall:Defect","floor":16,"turns":3}],"seed_played":"7607871006482495646","potions_obtained":[{"floor":5,"key":"champ:OpenerPotion"},{"floor":8,"key":"EntropicBrew"},{"floor":15,"key":"BlessingOfTheForge"}],"is_trial":false,"path_per_floor":["R","M","?","?","M","$","T","M","E","R","$","R","$","M","M","B"],"character_chosen":"THE_CHAMP","items_purchased":["champ:AdrenalArmor","champ:DefensiveShout"],"campfire_rested":0,"item_purchase_floors":[6,6],"current_hp_per_floor":[99,93,93,93,92,92,92,89,81,81,71,71,68,50,40,0,0,0],"gold":127,"neow_bonus":"TEN_PERCENT_HP_BONUS","is_daily":false,"chose_seed":false,"campfire_upgraded":3,"win_rate":0.0,"timestamp":1610418189,"path_taken":["R","M","?","?","M","$","T","?","E","R","?","R","$","M","M","BOSS"],"items_purchased_type":["Card","Card"],"build_version":"2020-12-22","purchased_purges":0,"victory":false,"max_hp_per_floor":[99,99,99,99,99,99,99,99,99,99,99,99,99,99,99,99,99,99],"card_choices":[{"not_picked":["champ:Backstep","champ:BladeFlurry"],"picked":"champ:BerserkerStyle","floor":2},{"not_picked":["champ:BladeFlurry","champ:PerfectedStrike"],"picked":"champ:RapidStrikes","floor":5},{"not_picked":["champ:StanceDance","champ:GutPunch"],"picked":"champ:BerserkersShout","floor":6},{"not_picked":["champ:FlashCut","champ:GladiatorStyle"],"picked":"champ:ArenaPreparation","floor":8},{"not_picked":["champ:AdrenalArmor","champ:PreciseThrust"],"picked":"champ:RecklessLeap","floor":9},{"not_picked":["champ:BerserkersShout","champ:CrookedStrike"],"picked":"champ:ShieldWall","floor":11},{"not_picked":["champ:GladiatorsShout","champ:StrikeOfGenius"],"picked":"champ:EndlessRage","floor":13},{"not_picked":["champ:Circumvent","champ:Backstep"],"picked":"champ:ViciousMockery","floor":14},{"not_picked":["champ:RapidStrikes","champ:Shatter","champ:GladiatorsShout"],"picked":"SKIP","floor":15}],"player_experience":339770,"relics_obtained":[{"floor":7,"key":"Happy Flower"},{"floor":9,"key":"MawBank"}],"event_choices":[{"cards_removed":["champ:Defend"],"damage_healed":0,"gold_gain":0,"player_choice":"Purged","damage_taken":0,"max_hp_gain":0,"max_hp_loss":0,"event_name":"Purifier","floor":4,"gold_loss":0}],"is_beta":false,"boss_relics":[],"items_purged_floors":[],"is_endless":false,"potions_floor_spawned":[5,8,15],"killed_by":"downfall:Defect","ascension_level":0}}