{"host":"ec09novo68szpe7d","time":1610471154,"event":{"mods":["AchievementEnabler","BaseMod","Bestiary","Minty Spire (QoL Compilation)","StSLib"],"gold_per_floor":[16,26,43,60,71,104,104,135,183,183,183,6,21,21,21,21,21],"floor_reached":16,"playtime":1172,"items_purged":[],"score":168,"play_id":"33c0ce9e-fc8f-46cc-9a3a-985b690294f4","local_time":"20210112180554","is_ascension_mode":true,"campfire_choices":[{"floor":7.0,"key":"REST"},{"floor":10.0,"key":"REST"},{"data":"1","floor":15,"key":"LIFT"}],"circlet_count":0,"master_deck":["AscendersBane","Strike_R","Strike_R","Strike_R","Strike_R","Strike_R","Defend_R","Defend_R","Defend_R","Defend_R","Bash","Iron Wave","Shrug It Off","Clothesline","True Grit+1","Inflame","Armaments","Armaments"],"relics":["Burning Blood","MealTicket","Girya","Lantern","Membership Card","Golden Idol"],"acts_visited":[],"potions_floor_usage":[16],"damage_taken":[{"damage":9.0,"enemies":"2 Louse","floor":1.0,"turns":4.0},{"damage":2.0,"enemies":"Jaw Worm","floor":2.0,"turns":3.0},{"damage":5.0,"enemies":"Cultist","floor":3.0,"turns":4.0},{"damage":17.0,"enemies":"3 Louse","floor":4.0,"turns":4.0},{"damage":14.0,"enemies":"2 Fungi Beasts","floor":5.0,"turns":5.0},{"damage":57.0,"enemies":"Gremlin Nob","floor":6.0,"turns":7.0},{"damage":36.0,"enemies":"3 Sentries","floor":8.0,"turns":14.0},{"damage":3,"enemies":"Looter","floor":13,"turns":4},{"damage":66,"enemies":"Hexaghost","floor":16,"turns":14}],"seed_played":"-122935624643727406","potions_obtained":[{"floor":6.0,"key":"ElixirPotion"},{"floor":13,"key":"Explosive Potion"}],"is_trial":false,"path_per_floor":["M","M","M","M","M","E","R","E","T","R","?","$","M","?","R","B"],"character_chosen":"IRONCLAD","items_purchased":["Membership Card","Armaments"],"campfire_rested":2,"item_purchase_floors":[12,12],"current_hp_per_floor":[85,89,90,79,71,20,48,18,18,46,46,61,64,64,64,0,0],"gold":21,"neow_bonus":"TWENTY_PERCENT_HP_BONUS","is_daily":false,"chose_seed":false,"campfire_upgraded":0,"win_rate":0.0,"timestamp":1610471154,"path_taken":["M","M","M","M","M","E","R","E","T","R","?","$","M","?","R","BOSS"],"items_purchased_type":["Relic","Card"],"build_version":"2020-12-22","purchased_purges":0,"victory":false,"max_hp_per_floor":[96,96,96,96,96,96,96,96,96,96,96,96,96,89,89,89,89],"card_choices":[{"not_picked":["Warcry","Heavy Blade"],"picked":"Iron Wave","floor":1.0},{"not_picked":["Havoc","Heavy Blade","Warcry"],"picked":"SKIP","floor":2.0},{"not_picked":["True Grit","Intimidate"],"picked":"Shrug It Off","floor":3.0},{"not_picked":["Reckless Charge","Fire Breathing"],"picked":"Clothesline","floor":4.0},{"not_picked":["Anger","Searing Blow","Sword Boomerang"],"picked":"SKIP","floor":5.0},{"not_picked":["Sword Boomerang","Whirlwind"],"picked":"True Grit","floor":6.0},{"not_picked":["Wild Strike","Blood for Blood"],"picked":"Inflame","floor":8.0},{"not_picked":["True Grit","Rage"],"picked":"Armaments","floor":13}],"player_experience":262106,"relics_obtained":[{"floor":6.0,"key":"MealTicket"},{"floor":8.0,"key":"Girya"},{"floor":9.0,"key":"Lantern"}],"event_choices":[{"damage_healed":0,"gold_gain":0,"player_choice":"Grow","damage_taken":0,"max_hp_gain":0,"max_hp_loss":0,"event_name":"Living Wall","floor":11,"gold_loss":0,"cards_upgraded":["True Grit"]},{"damage_healed":0,"gold_gain":0,"player_choice":"Lose Max HP","damage_taken":0,"relics_obtained":["Golden Idol"],"max_hp_gain":0,"max_hp_loss":7,"event_name":"Golden Idol","floor":14,"gold_loss":0}],"is_beta":false,"boss_relics":[],"items_purged_floors":[],"is_endless":false,"potions_floor_spawned":[6,13],"killed_by":"Hexaghost","ascension_level":10}}