{"host":"1c52r9kaxdyo25eq","time":1610422895,"event":{"mods":["AchievementEnabler","BaseMod","Minty Spire (QoL Compilation)","Rare Cards Sparkle","SuperFastMode","everything is the same but u backflip on backflip"],"gold_per_floor":[367,70,84,20,40,40,69,81,136,146,159,159,186,204,204,204,204],"floor_reached":16,"playtime":407,"items_purged":[],"score":228,"play_id":"8611c623-f8c8-449b-9e82-a12b2f68b564","local_time":"20210112124135","is_ascension_mode":true,"campfire_choices":[{"data":"Well Laid Plans","floor":6.0,"key":"SMITH"},{"floor":12,"key":"REST"},{"floor":15,"key":"REST"}],"circlet_count":0,"master_deck":["AscendersBane","Strike_G","Strike_G","Strike_G","Strike_G","Strike_G","Defend_G","Defend_G","Defend_G","Defend_G","Defend_G","Survivor","Neutralize","Grand Finale","Tactician","Well Laid Plans+1","Corpse Explosion+1","Blade Dance+1","Finisher"],"relics":["Ring of the Snake","Toxic Egg 2","Boot","Toy Ornithopter","Oddly Smooth Stone"],"acts_visited":["Exordium"],"potions_floor_usage":[11,13],"damage_taken":[{"damage":0.0,"enemies":"Cultist","floor":1.0,"turns":4.0},{"damage":8.0,"enemies":"Small Slimes","floor":3.0,"turns":5.0},{"damage":0.0,"enemies":"2 Louse","floor":5.0,"turns":5.0},{"damage":48.0,"enemies":"Gremlin Nob","floor":7.0,"turns":5.0},{"damage":1.0,"enemies":"Red Slaver","floor":8.0,"turns":4.0},{"damage":0.0,"enemies":"2 Fungi Beasts","floor":10.0,"turns":2.0},{"damage":0,"enemies":"3 Louse","floor":11,"turns":1},{"damage":19,"enemies":"3 Sentries","floor":13,"turns":8},{"damage":0,"enemies":"Large Slime","floor":14,"turns":3},{"damage":23,"enemies":"Slime Boss","floor":16,"turns":8}],"seed_played":"981010439651517240","potions_obtained":[{"floor":3.0,"key":"Block Potion"},{"floor":5.0,"key":"ColorlessPotion"},{"floor":8.0,"key":"Fire Potion"},{"floor":11,"key":"DistilledChaos"}],"is_trial":false,"path_per_floor":["M","$","M","?","M","R","E","M","T","M","M","R","E","M","R","B"],"character_chosen":"THE_SILENT","items_purchased":["Grand Finale","Tactician","Well Laid Plans"],"campfire_rested":2,"item_purchase_floors":[2,2,2],"current_hp_per_floor":[59,59,51,51,51,51,3,2,2,2,7,25,11,11,29,6,6],"gold":204,"neow_bonus":"TWO_FIFTY_GOLD","is_daily":false,"chose_seed":false,"campfire_upgraded":1,"win_rate":0.0,"timestamp":1610422895,"path_taken":["M","$","?","?","M","R","E","M","T","?","M","R","E","M","R","BOSS"],"items_purchased_type":["Card","Card","Card"],"build_version":"2020-12-22","purchased_purges":0,"victory":false,"max_hp_per_floor":[60,60,60,60,60,60,60,60,60,60,60,60,60,60,60,60,60],"card_choices":[{"not_picked":["Sucker Punch","Underhanded Strike","Dodge and Roll"],"picked":"SKIP","floor":1.0},{"not_picked":["Outmaneuver","Endless Agony","Deadly Poison"],"picked":"SKIP","floor":3.0},{"not_picked":["Footwork","PiercingWail+1"],"picked":"Corpse Explosion+1","floor":5.0},{"not_picked":["Flying Knee","PiercingWail+1","Choke"],"picked":"SKIP","floor":7.0},{"not_picked":["Underhanded Strike","Unload","Bane"],"picked":"SKIP","floor":8.0},{"not_picked":["PiercingWail+1","Quick Slash"],"picked":"Blade Dance+1","floor":10.0},{"not_picked":["Dodge and Roll+1","Deflect+1","Dagger Throw"],"picked":"SKIP","floor":11},{"not_picked":["Backflip+1","Leg Sweep+1"],"picked":"Finisher","floor":13},{"not_picked":["Dodge and Roll+1","Riddle With Holes","Slice"],"picked":"SKIP","floor":14}],"player_experience":579063,"relics_obtained":[{"floor":7.0,"key":"Boot"},{"floor":9.0,"key":"Toy Ornithopter"},{"floor":13,"key":"Oddly Smooth Stone"}],"event_choices":[{"damage_healed":0.0,"max_hp_gain":0.0,"max_hp_loss":0.0,"gold_gain":0.0,"event_name":"WeMeetAgain","player_choice":"Paid Gold","floor":4.0,"gold_loss":64.0,"damage_taken":0.0,"relics_obtained":["Toxic Egg 2"]}],"is_beta":false,"boss_relics":[],"items_purged_floors":[],"is_endless":false,"potions_floor_spawned":[3,5,8,11],"killed_by":"Slime Boss","ascension_level":20}}