{"host":"3y33rrrkia6pkpow","time":1610486976,"event":{"mods":["2.2 Compatiblity","AchievementEnabler","Act Like it!","BaseMod","BetterRewards","Colored Map","Gensokyo","Minty Spire (QoL Compilation)","Quick Restart","Replay The Spire","Shop Mod","Spicy Shops","StSLib","Synergy Search","The Animator"],"gold_per_floor":[119,130,146,171,171,211,211,238,263,438,468,482,482,516,528,642,654,685,697,740,752,775,787,799,799],"floor_reached":24,"language":"ENG","playtime":3518,"items_purged":[],"score":461,"play_id":"2bb1a4b6-478c-4580-8724-ea172deeebe2","local_time":"20210112152936","is_ascension_mode":true,"campfire_choices":[{"data":"animator:AcuraAkari","floor":13.0,"key":"SMITH"},{"data":"animator:Shiro","floor":15.0,"key":"SMITH"},{"floor":23.0,"key":"REST"}],"circlet_count":0,"master_deck":["AscendersBane","animator:Strike_HitsugiNoChaika","animator:Defend_HitsugiNoChaika","animator:Strike","animator:Strike","animator:Strike+1","animator:Defend+1","animator:Defend+1","animator:Defend+1","animator:AcuraAkari+1","animator:Gillette","animator:Fredrika","animator:Guy+1","animator:RoyMustang+1","animator:Fredrika","animator:Bozes+1","animator:Elsword+1","animator:Viivi+1","animator:LizardPriest","Amnesia","animator:WinryRockbell","Doubt","animator:Rena","animator:AcuraAkari+1","animator:Shiro+1","animator:AcuraShin+1","Doubt","Decay","animator:Curse_Dizziness","animator:Ain+1","Voices","animator:Fredrika","animator:HinaKagiyama","animator:Curse_Dizziness","animator:HiiragiShinya+1"],"relics":["animator:LivingPicture","animator:TheMissingPiece","animator:PurgingStone","Molten Egg 2","Nunchaku","Bag of Preparation","Simple Rune","War Paint","The Courier","MawBank","Replay:Ancient Bell","Gremlin Food","Quantum Egg","Pondfish Scales","ReplayTheSpireMod:Ring of Exchange","ReplayTheSpireMod:Ring of Challenge","Red Mask"],"acts_visited":["Exordium","TheCity"],"potions_floor_usage":[24],"damage_taken":[{"damage":2.0,"enemies":"Jaw Worm","floor":1.0,"turns":3.0},{"damage":7.0,"enemies":"Small Slimes","floor":2.0,"turns":3.0},{"damage":0.0,"enemies":"2 Louse","floor":3.0,"turns":2.0},{"damage":9.0,"enemies":"Blue Slaver","floor":4.0,"turns":3.0},{"damage":2.0,"enemies":"3 Sentries","floor":6.0,"turns":3.0},{"damage":10.0,"enemies":"Gremlin Nob","floor":8.0,"turns":3.0},{"damage":5.0,"enemies":"3 Sentries","floor":11.0,"turns":4.0},{"damage":0.0,"enemies":"3 Louse","floor":12.0,"turns":2.0},{"damage":6.0,"enemies":"Gremlin Nob","floor":14.0,"turns":4.0},{"damage":9.0,"enemies":"Hexaghost","floor":16.0,"turns":9.0},{"damage":17.0,"enemies":"3 Byrds","floor":18.0,"turns":5.0},{"damage":31.0,"enemies":"Masked Bandits","floor":20.0,"turns":5.0},{"damage":1.0,"enemies":"Chosen","floor":22.0,"turns":6.0},{"damage":32,"enemies":"Shelled Parasite and Fungi","floor":24,"turns":4}],"seed_played":"3528113647762949523","potions_obtained":[{"floor":3.0,"key":"FearPotion"},{"floor":4.0,"key":"ColorlessPotion"},{"floor":6.0,"key":"Energy Potion"},{"floor":12.0,"key":"LiquidBronze"},{"floor":14.0,"key":"SkillPotion"}],"is_trial":false,"path_per_floor":["M","M","M","M","?","E","?","E","T","?","E","M","R","E","R","B",null,"M","?","?","?","M","R","M"],"character_chosen":"THE_ANIMATOR","items_purchased":["Molten Egg 2","animator:Fredrika","animator:Guy+1","animator:RoyMustang+1"],"campfire_rested":1,"item_purchase_floors":[0,0,0,0],"current_hp_per_floor":[50,43,43,34,34,32,66,56,56,56,51,51,51,45,45,37,60,43,43,12,12,11,31,0,0],"gold":799,"neow_bonus":"","is_daily":false,"chose_seed":false,"campfire_upgraded":2,"win_rate":0.0,"timestamp":1610486976,"path_taken":["M","M","M","M","?","E","?","E","T","?","E","M","R","E","R","BOSS","M","?","?","?","M","R","M"],"items_purchased_type":["Relic","Card","Card","Card"],"build_version":"2020-12-22","purchased_purges":0,"victory":false,"max_hp_per_floor":[66,66,66,66,66,66,66,66,66,66,66,66,66,66,66,67,67,67,67,67,67,67,67,67,67],"card_choices":[{"not_picked":["animator:EmiyaShirou","animator:Gillette+1"],"picked":"animator:Fredrika","floor":1.0},{"not_picked":["animator:Arpeggio","animator:Kuribayashi+1"],"picked":"animator:Bozes+1","floor":2.0},{"not_picked":["animator:Raven+1","animator:ChlammyZell"],"picked":"animator:Elsword+1","floor":3.0},{"not_picked":["animator:ChaikaBohdan+1","animator:Gillette+1"],"picked":"animator:Viivi+1","floor":4.0},{"not_picked":["animator:Illya","animator:Sloth+1"],"picked":"animator:LizardPriest","floor":6.0},{"not_picked":["animator:ShinjiMatou","animator:Sloth+1"],"picked":"animator:WinryRockbell","floor":8.0},{"not_picked":["animator:MaesHughes","animator:Berserker+1"],"picked":"animator:Rena","floor":11.0},{"not_picked":["animator:Fredrika","animator:Gillette+1"],"picked":"animator:AcuraAkari","floor":12.0},{"not_picked":["animator:RinTohsaka","animator:Laby"],"picked":"animator:Shiro","floor":14.0},{"not_picked":["animator:SwordMaiden","animator:Shizu+1"],"picked":"animator:AcuraShin+1","floor":16.0},{"not_picked":["Regret","AbeCurse"],"picked":"Doubt","floor":17.0},{"not_picked":["animator:Curse_GriefSeed","Looming Evil"],"picked":"Decay","floor":17.0},{"not_picked":["Delirium","Writhe"],"picked":"animator:Curse_Dizziness","floor":17.0},{"not_picked":["animator:Spearman+1","animator:Priestess"],"picked":"animator:Ain+1","floor":18.0},{"not_picked":["animator:DolaCouronne","animator:Shinoa+1"],"picked":"animator:Fredrika","floor":20.0},{"not_picked":["animator:Alexander+1","animator:FeridBathory"],"picked":"animator:HiiragiShinya+1","floor":22.0}],"player_experience":853424,"relics_obtained":[{"floor":6.0,"key":"Bag of Preparation"},{"floor":8.0,"key":"Simple Rune"},{"floor":9.0,"key":"War Paint"},{"floor":11.0,"key":"The Courier"},{"floor":14.0,"key":"MawBank"},{"floor":19.0,"key":"ReplayTheSpireMod:Ring of Exchange"},{"floor":19.0,"key":"ReplayTheSpireMod:Ring of Challenge"},{"floor":20.0,"key":"Red Mask"}],"event_choices":[{"damage_healed":0.0,"max_hp_gain":0.0,"max_hp_loss":0.0,"gold_gain":0.0,"event_name":"Shining Light","player_choice":"Ignored","floor":5.0,"gold_loss":0.0,"damage_taken":0.0},{"damage_healed":0.0,"max_hp_gain":0.0,"max_hp_loss":0.0,"gold_gain":175.0,"event_name":"Liars Game","player_choice":"AGREE","floor":10.0,"gold_loss":0.0,"damage_taken":0.0,"cards_obtained":["Doubt"]},{"damage_healed":0.0,"max_hp_gain":0.0,"max_hp_loss":0.0,"gold_gain":0.0,"event_name":"Masked Bandits","player_choice":"Fought Bandits","floor":20.0,"gold_loss":0.0,"damage_taken":0.0}],"is_beta":false,"boss_relics":[{"not_picked":["ReplayTheSpireMod:DimensionalGlitch","Sozu"],"picked":"Replay:Ancient Bell"},{"not_picked":["Dream Catcher","Akabeko"],"picked":"Gremlin Food"},{"not_picked":["InkBottle","animator:OldCoffin"],"picked":"Quantum Egg"},{"not_picked":["Peace Pipe","Replay:Multitool"],"picked":"Pondfish Scales"}],"items_purged_floors":[],"is_endless":false,"potions_floor_spawned":[3,4,6,12,14],"killed_by":"Shelled Parasite and Fungi","ascension_level":10}}