{"host":"4rvakrj1idbgia3f","time":1610422960,"event":{"mods":["BaseMod","Colored Map","Colored Powertips","DeckTracker","Highlight Path","Minty Spire (QoL Compilation)","Random Character Button","StSLib"],"gold_per_floor":[365,118,118,118,128,128,156,156,156,156,174,184,184,226,226,312,312,340,340,43,43,43],"floor_reached":21,"playtime":698,"items_purged":["Normality","Strike_R"],"score":370,"play_id":"e2651dd9-6a2d-42fe-b75d-1f8df9b7726b","local_time":"20210112124240","is_ascension_mode":true,"campfire_choices":[{"data":"Hemokinesis","floor":6,"key":"SMITH"},{"data":"Bash","floor":10,"key":"SMITH"},{"data":"Limit Break","floor":15,"key":"SMITH"}],"circlet_count":0,"master_deck":["AscendersBane","Strike_R","Strike_R","Strike_R+1","Strike_R","Defend_R","Defend_R","Defend_R","Defend_R+1","Bash+1","Armaments+1","Hemokinesis+1","Intimidate","Cleave","Limit Break+1","Pommel Strike","Corruption","Spot Weakness","Rupture"],"relics":["Burning Blood","Sling","Oddly Smooth Stone","CeramicFish","SlaversCollar","Nloth\u0027s Gift","OrangePellets"],"acts_visited":["Exordium","TheCity"],"potions_floor_usage":[7,16,18],"damage_taken":[{"damage":17,"enemies":"Cultist","floor":1,"turns":4},{"damage":3,"enemies":"2 Louse","floor":5,"turns":4},{"damage":9,"enemies":"3 Sentries","floor":7,"turns":8},{"damage":2,"enemies":"Small Slimes","floor":11,"turns":2},{"damage":11,"enemies":"Exordium Thugs","floor":12,"turns":3},{"damage":10,"enemies":"Lagavulin","floor":14,"turns":5},{"damage":46,"enemies":"Hexaghost","floor":16,"turns":10},{"damage":40,"enemies":"3 Byrds","floor":18,"turns":8},{"damage":33,"enemies":"Shell Parasite","floor":21,"turns":4}],"seed_played":"-7654224038601071438","potions_obtained":[{"floor":1,"key":"Block Potion"},{"floor":7,"key":"Weak Potion"},{"floor":12,"key":"Weak Potion"},{"floor":18,"key":"SkillPotion"}],"is_trial":false,"path_per_floor":["M","$","?","?","M","R","E","?","T","R","M","M","?","E","R","B",null,"M","?","$","M"],"character_chosen":"IRONCLAD","items_purchased":["Sling","Rupture","OrangePellets"],"campfire_rested":0,"item_purchase_floors":[2,20,20],"current_hp_per_floor":[57,57,62,62,65,65,62,80,80,80,80,75,51,47,47,7,62,28,28,28,0,0],"gold":43,"neow_bonus":"TWO_FIFTY_GOLD","is_daily":false,"chose_seed":false,"campfire_upgraded":3,"win_rate":0.0,"timestamp":1610422960,"path_taken":["M","$","?","?","M","R","E","?","T","R","M","?","?","E","R","BOSS","M","?","$","M"],"items_purchased_type":["Relic","Card","Relic"],"build_version":"2020-12-22","purchased_purges":2,"victory":false,"max_hp_per_floor":[75,75,80,80,80,80,80,80,80,80,80,80,80,80,80,80,80,80,80,80,80,80],"card_choices":[{"not_picked":["Dark Embrace","True Grit"],"picked":"Armaments","floor":1},{"not_picked":["Perfected Strike","Disarm"],"picked":"Hemokinesis","floor":5},{"not_picked":["Perfected Strike","Havoc"],"picked":"Intimidate","floor":7},{"not_picked":["Thunderclap","Clash"],"picked":"Cleave","floor":11},{"not_picked":["Power Through","Sword Boomerang"],"picked":"Limit Break","floor":12},{"not_picked":["Rampage","Cleave"],"picked":"Pommel Strike","floor":14},{"not_picked":["Bludgeon","Juggernaut"],"picked":"Corruption","floor":16},{"not_picked":["Shrug It Off","Metallicize"],"picked":"Spot Weakness","floor":18}],"player_experience":2007162,"relics_obtained":[{"floor":7,"key":"Oddly Smooth Stone"},{"floor":9,"key":"Du-Vu Doll"},{"floor":14,"key":"CeramicFish"}],"event_choices":[{"damage_healed":0,"gold_gain":0,"player_choice":"Donut","damage_taken":0,"max_hp_gain":5,"max_hp_loss":0,"event_name":"Big Fish","floor":3,"gold_loss":0},{"damage_healed":0,"gold_gain":0,"player_choice":"Grow","damage_taken":0,"max_hp_gain":0,"max_hp_loss":0,"event_name":"Living Wall","floor":4,"gold_loss":0,"cards_upgraded":["Armaments"]},{"damage_healed":18,"gold_gain":0,"player_choice":"Full Heal","damage_taken":0,"max_hp_gain":0,"max_hp_loss":0,"event_name":"Wheel of Change","floor":8,"gold_loss":0},{"damage_healed":0,"gold_gain":0,"player_choice":"Entered Light","damage_taken":24,"max_hp_gain":0,"max_hp_loss":0,"event_name":"Shining Light","floor":13,"gold_loss":0,"cards_upgraded":["Strike_R","Defend_R"]},{"damage_healed":0,"gold_gain":0,"player_choice":"Traded Relic","damage_taken":0,"relics_obtained":["Nloth\u0027s Gift"],"max_hp_gain":0,"max_hp_loss":0,"event_name":"N\u0027loth","floor":19,"relics_lost":["Du-Vu Doll"],"gold_loss":0}],"is_beta":false,"boss_relics":[{"not_picked":["Tiny House","Black Star"],"picked":"SlaversCollar"}],"items_purged_floors":[2,20],"is_endless":false,"potions_floor_spawned":[1,7,12,18],"killed_by":"Shell Parasite","ascension_level":20}}