{"host":"7gewg82ormp6yt4e","time":1610449375,"event":{"mods":["BaseMod","Block Reminder","Colored Map","Colored Powertips","DeckTracker","Highlight Path","Minty Spire (QoL Compilation)","Relic Stats","StSLib","ojb\u0027s Info Mod"],"gold_per_floor":[117,131,131,147,222,222,236,271,309,321,101,112,132,132,132,210,210,220,239,154,104,119,148,148,161,161,161,178,178,178],"floor_reached":29,"playtime":1240,"items_purged":["Pain"],"score":494,"play_id":"329db793-80d5-42db-a382-e52b7e225977","local_time":"20210112200255","is_ascension_mode":true,"campfire_choices":[{"data":"Sunder","floor":6,"key":"SMITH"},{"data":"Loop","floor":15,"key":"SMITH"},{"floor":24,"key":"REST"},{"floor":27,"key":"REST"}],"circlet_count":0,"master_deck":["AscendersBane","Strike_B","Strike_B","Strike_B","Defend_B","Defend_B","Defend_B","Defend_B","Zap","Dualcast","Glacier","Cold Snap","Sunder+1","Glacier","Beam Cell","Loop+1","Reboot","Ball Lightning","Barrage","Creative AI","Self Repair","Defragment"],"relics":["Cracked Core","NeowsBlessing","MawBank","WarpedTongs","ClockworkSouvenir","Inserter","Akabeko","MealTicket","Shuriken"],"acts_visited":["Exordium","TheCity"],"potions_floor_usage":[8,8,16,23,23,29],"damage_taken":[{"damage":0,"enemies":"2 Louse","floor":1,"turns":1},{"damage":0,"enemies":"Cultist","floor":2,"turns":1},{"damage":0,"enemies":"Small Slimes","floor":4,"turns":1},{"damage":5,"enemies":"3 Louse","floor":7,"turns":3},{"damage":4,"enemies":"3 Sentries","floor":8,"turns":5},{"damage":0,"enemies":"Looter","floor":12,"turns":3},{"damage":1,"enemies":"Large Slime","floor":13,"turns":5},{"damage":2,"enemies":"The Guardian","floor":16,"turns":12},{"damage":14,"enemies":"Shell Parasite","floor":18,"turns":8},{"damage":0,"enemies":"Chosen","floor":19,"turns":7},{"damage":3,"enemies":"Snecko","floor":22,"turns":5},{"damage":31,"enemies":"Book of Stabbing","floor":23,"turns":6},{"damage":30,"enemies":"Snake Plant","floor":25,"turns":4},{"damage":12,"enemies":"Centurion and Healer","floor":28,"turns":8},{"damage":28,"enemies":"Slavers","floor":29,"turns":3}],"seed_played":"-4411071049368343482","potions_obtained":[{"floor":1,"key":"LiquidMemories"},{"floor":2,"key":"Energy Potion"},{"floor":8,"key":"Energy Potion"},{"floor":13,"key":"ColorlessPotion"},{"floor":19,"key":"BlessingOfTheForge"},{"floor":28,"key":"Swift Potion"}],"is_trial":false,"path_per_floor":["M","M","?","M","?","R","M","E","T","?","$","M","M","?","R","B",null,"M","M","?","?","M","E","R","M","T","R","M","E"],"character_chosen":"DEFECT","items_purchased":["ClockworkSouvenir"],"campfire_rested":2,"item_purchase_floors":[11],"current_hp_per_floor":[64,64,64,64,53,53,48,44,44,44,44,44,43,43,43,41,64,50,50,50,50,47,16,37,7,7,28,23,0,0],"gold":178,"neow_bonus":"THREE_ENEMY_KILL","is_daily":false,"chose_seed":false,"campfire_upgraded":2,"win_rate":0.0,"timestamp":1610449375,"path_taken":["M","M","?","?","?","R","M","E","T","?","$","M","?","?","R","BOSS","M","M","?","?","M","E","R","M","T","R","?","E"],"items_purchased_type":["Relic"],"build_version":"2020-12-22","purchased_purges":1,"victory":false,"max_hp_per_floor":[71,71,71,71,71,71,71,71,71,71,71,71,71,71,71,71,71,71,71,71,71,71,71,71,71,71,71,71,71,71],"relic_stats":{"Inserter":[20],"counters":[15,72],"Shuriken":[2],"MealTicket":0,"MawBank":36,"obtain_stats":[{"Inserter":17,"NeowsBlessing":0,"Shuriken":26,"MealTicket":23,"Cracked Core":0,"MawBank":8,"Akabeko":20,"WarpedTongs":10,"ClockworkSouvenir":11},{"Inserter":8,"NeowsBlessing":0,"Shuriken":13,"MealTicket":12,"Cracked Core":0,"MawBank":5,"Akabeko":10,"WarpedTongs":5,"ClockworkSouvenir":5},{"Inserter":31,"NeowsBlessing":0,"Shuriken":61,"MealTicket":57,"Cracked Core":0,"MawBank":11,"Akabeko":46,"WarpedTongs":11,"ClockworkSouvenir":11}],"WarpedTongs":[59]},"card_choices":[{"not_picked":["Turbo","Reprogram"],"picked":"Glacier","floor":1},{"not_picked":["Self Repair","Scrape"],"picked":"Cold Snap","floor":2},{"not_picked":["BootSequence","Blizzard"],"picked":"Sunder","floor":4},{"not_picked":["Hologram","Force Field"],"picked":"Glacier","floor":7},{"not_picked":["Blizzard","Glacier"],"picked":"Beam Cell","floor":8},{"not_picked":["Chill","Coolheaded"],"picked":"Loop","floor":12},{"not_picked":["Leap","Sweeping Beam","Conserve Battery"],"picked":"SKIP","floor":13},{"not_picked":["Amplify","Hyperbeam"],"picked":"Reboot","floor":16},{"not_picked":["Leap","Darkness"],"picked":"Ball Lightning","floor":18},{"not_picked":["Turbo","Beam Cell+1"],"picked":"Barrage","floor":19},{"not_picked":["Darkness","Compile Driver","Streamline+1"],"picked":"SKIP","floor":22},{"not_picked":["Rainbow","Stack"],"picked":"Creative AI","floor":23},{"not_picked":["Turbo","Cold Snap"],"picked":"Self Repair","floor":25},{"not_picked":["Steam","Stack"],"picked":"Defragment","floor":28}],"player_experience":2551480,"relics_obtained":[{"floor":8,"key":"MawBank"},{"floor":23,"key":"MealTicket"},{"floor":26,"key":"Shuriken"}],"event_choices":[{"cards_removed":["Strike_B"],"damage_healed":0,"gold_gain":0,"player_choice":"Purged","damage_taken":0,"max_hp_gain":0,"max_hp_loss":0,"event_name":"Purifier","floor":3,"gold_loss":0},{"damage_healed":0,"gold_gain":75,"player_choice":"Gather Gold","damage_taken":11,"max_hp_gain":0,"max_hp_loss":0,"event_name":"World of Goop","floor":5,"gold_loss":0},{"damage_healed":0,"gold_gain":0,"player_choice":"Rummage","damage_taken":0,"relics_obtained":["WarpedTongs"],"max_hp_gain":0,"max_hp_loss":0,"event_name":"Accursed Blacksmith","floor":10,"gold_loss":0,"cards_obtained":["Pain"]},{"damage_healed":0,"gold_gain":0,"player_choice":"Ignored","damage_taken":0,"max_hp_gain":0,"max_hp_loss":0,"event_name":"Liars Game","floor":14,"gold_loss":0},{"damage_healed":0,"gold_gain":0,"player_choice":"Obtained Relic","damage_taken":0,"relics_obtained":["Akabeko"],"max_hp_gain":0,"max_hp_loss":0,"event_name":"Addict","floor":20,"gold_loss":85},{"damage_healed":0,"gold_gain":0,"player_choice":"Bet on Murderer","damage_taken":0,"max_hp_gain":0,"max_hp_loss":0,"event_name":"The Joust","floor":21,"gold_loss":50}],"is_beta":false,"boss_relics":[{"not_picked":["FrozenCore","Velvet Choker"],"picked":"Inserter"}],"items_purged_floors":[11],"is_endless":false,"potions_floor_spawned":[1,2,8,13,19,28],"killed_by":"Slavers","ascension_level":20}}