{"host":"cjhtzh7tp54jdfyv","time":1610442440,"event":{"mods":["AchievementEnabler","BaseMod","Colored Map","Colored Powertips","Curses Come First","DeckTracker","Filter the Spire","Minty Spire (QoL Compilation)","RNG Fix","Relic Sorter","Relic Stats","StSLib","UnlockEverythingMod","ojb\u0027s Better Paths Mod","ojb\u0027s Info Mod"],"gold_per_floor":[111,122,47,47,66,106,106,106,106],"floor_reached":8,"playtime":386,"items_purged":["Defend_P"],"score":112,"play_id":"e687bded-0aea-491b-a658-6458c8cc867d","local_time":"20210112040720","is_ascension_mode":true,"campfire_choices":[],"circlet_count":0,"master_deck":["AscendersBane","Strike_P","Strike_P","Strike_P","Strike_P","Defend_P","Defend_P","Eruption","Vigilance","CutThroughFate"],"relics":["Velvet Choker","Golden Idol","Bag of Marbles"],"acts_visited":["Exordium"],"potions_floor_usage":[6],"damage_taken":[{"damage":2,"enemies":"Jaw Worm","floor":1,"turns":4},{"damage":0,"enemies":"Small Slimes","floor":2,"turns":4},{"damage":3,"enemies":"2 Louse","floor":5,"turns":3},{"damage":42,"enemies":"Lagavulin","floor":6,"turns":6},{"damage":68,"enemies":"Gremlin Nob","floor":8,"turns":3}],"seed_played":"8554144096635489396","potions_obtained":[{"floor":1,"key":"CultistPotion"}],"is_trial":false,"path_per_floor":["M","M","$","?","M","E","?","E"],"character_chosen":"WATCHER","items_purchased":[],"campfire_rested":0,"item_purchase_floors":[],"current_hp_per_floor":[59,59,59,59,56,14,7,0,0],"gold":106,"neow_bonus":"BOSS_RELIC","is_daily":false,"chose_seed":false,"campfire_upgraded":0,"win_rate":0.0,"timestamp":1610442440,"path_taken":["M","M","$","?","M","E","?","E"],"items_purchased_type":[],"build_version":"2020-12-22","purchased_purges":1,"victory":false,"max_hp_per_floor":[68,68,68,62,62,62,62,62,62],"relic_stats":{"counters":[5,20],"Golden Idol":12,"obtain_stats":[{"Golden Idol":4,"Velvet Choker":0,"Bag of Marbles":6,"PureWater":0},{"Golden Idol":2,"Velvet Choker":0,"Bag of Marbles":4,"PureWater":0},{"Golden Idol":8,"Velvet Choker":0,"Bag of Marbles":17,"PureWater":0}]},"card_choices":[{"not_picked":["Vengeance","Evaluate","Pray"],"picked":"SKIP","floor":1},{"not_picked":["Indignation","WreathOfFlame","Protect"],"picked":"SKIP","floor":2},{"not_picked":["WreathOfFlame","WindmillStrike"],"picked":"CutThroughFate","floor":5},{"not_picked":["SashWhip","Evaluate","ConjureBlade"],"picked":"SKIP","floor":6}],"player_experience":4477570,"relics_obtained":[{"floor":6,"key":"Bag of Marbles"}],"event_choices":[{"damage_healed":0,"gold_gain":0,"player_choice":"Lose Max HP","damage_taken":0,"relics_obtained":["Golden Idol"],"max_hp_gain":0,"max_hp_loss":6,"event_name":"Golden Idol","floor":4,"gold_loss":0},{"cards_removed":["Defend_P"],"damage_healed":0,"gold_gain":0,"player_choice":"Card Removal","damage_taken":7,"max_hp_gain":0,"max_hp_loss":0,"event_name":"Golden Wing","floor":7,"gold_loss":0}],"is_beta":false,"boss_relics":[],"items_purged_floors":[3],"is_endless":false,"potions_floor_spawned":[1],"killed_by":"Gremlin Nob","ascension_level":20}}