{"host":"y3iy5gb13b300rns","time":1610444373,"event":{"mods":["BaseMod","Bestiary","Curses Come First","Minty Spire (QoL Compilation)","Replay The Spire","StSLib","The Runesmith"],"gold_per_floor":[118,136,136,55,145,145,145,163,163,163,163,163,173,193,193,290,290,307,307,331,28,28,62,93,107,177,177,177,47,47,58,58,155,155,172,222,70,118,118,118,118,118,118,118,135,0,0,16,16,16],"floor_reached":51,"playtime":2443,"items_purged":[],"score":642,"play_id":"db89aabf-8f2b-4a63-8f87-b686b342515b","local_time":"20210112033933","daily_mods":["Heirloom","Flight"],"is_ascension_mode":false,"campfire_choices":[{"floor":6,"key":"REST"},{"data":"Metallicize","floor":7,"key":"SMITH"},{"floor":10,"key":"REST"},{"data":"DevaForm","floor":11,"key":"SMITH"},{"data":"Demon Form","floor":15,"key":"SMITH"},{"floor":27,"key":"REST"},{"data":"Offering","floor":28,"key":"SMITH"},{"data":"Metallicize","floor":30,"key":"SMITH"},{"data":"Limit Break","floor":32,"key":"SMITH"},{"floor":40,"key":"REST"},{"data":"ReplayTheSpireMod:Stacked","floor":41,"key":"SMITH"},{"data":"Sword Boomerang","floor":44,"key":"SMITH"},{"data":"Sword Boomerang","floor":47,"key":"SMITH"},{"data":"Wraith Form v2","floor":49,"key":"SMITH"}],"circlet_count":0,"master_deck":["Demon Form+1","Wraith Form v2+1","Echo Form+1","DevaForm+1","Runesmith:CreatorForm+1","Strike_R","Strike_R","Strike_R","Strike_R","Strike_R","Defend_R","Defend_R+1","Defend_R+1","Defend_R","Bash+1","Sword Boomerang+1","Iron Wave+1","Metallicize+1","Cleave","Perfected Strike","ReplayTheSpireMod:Stacked+1","Voices","Entrench","Limit Break+1","Offering+1","Run Through+1","Demon Form+1","Carnage","Metallicize+1","Heavy Blade","Shame","Sword Boomerang+1","Impervious+1","Perfected Strike","Flame Barrier+1","Ghostly Armor+1","Writhe","Shame","Headbutt+1","Metallicize+1"],"relics":["Burning Blood","FossilizedHelix","Happy Flower","Replay:Ringing Soul","Ring of Hypnosis","Cursed Key","MutagenicStrength","Whetstone","Kunai","Mummified Hand","Golden Egg","Eternal Feather","Honey Jar","Gambling Chip","Guide Book","Turnip","Counterbalance","Red Mask"],"acts_visited":["Exordium","TheCity","TheBeyond"],"potions_floor_usage":[13,23,23,24,24,31,31,38],"damage_taken":[{"damage":4,"enemies":"Cultist","floor":1,"turns":4},{"damage":0,"enemies":"Small Slimes","floor":2,"turns":4},{"damage":0,"enemies":"Jaw Worm","floor":8,"turns":3},{"damage":0,"enemies":"Looter","floor":13,"turns":2},{"damage":3,"enemies":"2 Fungi Beasts","floor":14,"turns":4},{"damage":5,"enemies":"Fading Forest","floor":16,"turns":11},{"damage":23,"enemies":"Shell Parasite","floor":18,"turns":7},{"damage":17,"enemies":"Book of Stabbing","floor":23,"turns":3},{"damage":53,"enemies":"Slavers","floor":24,"turns":5},{"damage":1,"enemies":"Chosen","floor":25,"turns":6},{"damage":29,"enemies":"Centurion and Healer","floor":31,"turns":3},{"damage":25,"enemies":"Champ","floor":33,"turns":7},{"damage":5,"enemies":"3 Darklings","floor":35,"turns":4},{"damage":30,"enemies":"Mind Bloom Boss Battle","floor":36,"turns":6},{"damage":43,"enemies":"2 Orb Walkers","floor":38,"turns":6},{"damage":0,"enemies":"Orb Walker","floor":45,"turns":3},{"damage":16,"enemies":"Sphere and 2 Shapes","floor":48,"turns":4},{"damage":10,"enemies":"Replay:Hell Engine","floor":50,"turns":7}],"seed_played":"-3000831065361125456","potions_obtained":[{"floor":2,"key":"Energy Potion"},{"floor":16,"key":"Energy Potion"},{"floor":18,"key":"ColorlessPotion"},{"floor":23,"key":"Milkshake"},{"floor":33,"key":"ElixirPotion"},{"floor":35,"key":"Elixir"},{"floor":38,"key":"FearPotion"}],"is_trial":true,"path_per_floor":["M","M","?","$","?","R","R","M","T","R","R","?","M","M","R","B",null,"M","?","T","$","?","E","E","M","T","R","R","$","R","M","R","B",null,"M","?","$","?","?","R","R","?","T","R","M","?","R","M","R","B",null],"character_chosen":"IRONCLAD","items_purchased":["Metallicize","Kunai","Energy Potion","Energy Potion","LiquidBronze","Guide Book"],"campfire_rested":4,"item_purchase_floors":[4,21,21,29,29,37],"current_hp_per_floor":[80,80,64,64,32,56,56,62,62,80,80,83,86,89,89,92,92,78,78,81,81,84,76,32,40,43,94,112,112,113,93,111,95,119,122,101,101,67,102,131,131,131,134,134,137,137,137,130,140,136],"gold":16,"neow_bonus":"","is_daily":false,"chose_seed":false,"campfire_upgraded":10,"win_rate":0.0,"timestamp":1610444373,"path_taken":["M","?","?","?","?","R","R","M","T","R","R","?","?","M","R","BOSS","M","?","?","$","?","E","E","?","T","R","R","?","R","M","R","BOSS","M","?","$","?","?","R","R","?","T","R","?","?","R","M","R","BOSS"],"items_purchased_type":["Card","Relic","Potion","Potion","Potion","Relic"],"build_version":"2020-12-22","purchased_purges":0,"victory":true,"max_hp_per_floor":[80,80,80,80,80,80,80,80,80,80,80,83,86,89,89,92,92,95,95,98,98,101,104,107,110,113,113,113,113,113,116,116,119,119,122,125,125,128,131,131,131,131,134,134,137,137,137,140,140,140],"card_choices":[{"not_picked":["ReplayTheSpireMod:Strike From Hell","Massacre"],"picked":"Sword Boomerang","floor":1},{"not_picked":["ReplayTheSpireMod:Limb From Limb","Body Slam"],"picked":"Iron Wave","floor":2},{"not_picked":["Sever Soul","Second Wind"],"picked":"Cleave","floor":5},{"not_picked":["Iron Wave","Sword Boomerang"],"picked":"Perfected Strike","floor":5},{"not_picked":["Reckless Charge","Thunderclap"],"picked":"ReplayTheSpireMod:Stacked","floor":8},{"not_picked":["Second Wind","Thunderclap"],"picked":"Entrench","floor":13},{"not_picked":["Second Wind","Headbutt"],"picked":"Limit Break","floor":14},{"not_picked":["Feed","Exhume"],"picked":"Offering","floor":16},{"not_picked":["Clothesline","True Grit"],"picked":"Run Through+1","floor":18},{"not_picked":["Pommel Strike","Fiend Fire"],"picked":"Carnage","floor":23},{"not_picked":["Spot Weakness","Havoc"],"picked":"Metallicize","floor":24},{"not_picked":["Wild Strike","Thunderclap"],"picked":"Heavy Blade","floor":25},{"not_picked":["ReplayTheSpireMod:LeadingStrike","ReplayTheSpireMod:Muscle Training+1"],"picked":"Sword Boomerang","floor":31},{"not_picked":["Demonic Infusion","Eclipse"],"picked":"Impervious","floor":33},{"not_picked":["Armaments","Dropkick","Iron Wave+1"],"picked":"Perfected Strike","floor":35},{"not_picked":["Armaments+1","Rampage","Blood for Blood"],"picked":"Flame Barrier+1","floor":36},{"not_picked":["Thunderclap","Headbutt+1","Warcry"],"picked":"Ghostly Armor+1","floor":38},{"not_picked":["Wild Strike+1","ReplayTheSpireMod:Strike From Hell+1","Replay:Undeath\u0027s Touch"],"picked":"Headbutt+1","floor":45},{"not_picked":["Run Through+1","Pommel Strike+1","Feed"],"picked":"Metallicize+1","floor":48}],"player_experience":421471,"relics_obtained":[{"floor":5,"key":"Happy Flower"},{"floor":9,"key":"Replay:Ringing Soul"},{"floor":12,"key":"Ring of Hypnosis"},{"floor":20,"key":"Whetstone"},{"floor":23,"key":"Mummified Hand"},{"floor":24,"key":"Golden Egg"},{"floor":26,"key":"Eternal Feather"},{"floor":36,"key":"Gambling Chip"},{"floor":38,"key":"Turnip"},{"floor":43,"key":"Counterbalance"}],"event_choices":[{"damage_healed":0,"gold_gain":0,"player_choice":"Entered Light","damage_taken":16,"max_hp_gain":0,"max_hp_loss":0,"event_name":"Shining Light","floor":3,"gold_loss":0,"cards_upgraded":["Defend_R","Defend_R"]},{"damage_healed":0,"gold_gain":0,"player_choice":"Inject Mutagens","damage_taken":0,"relics_obtained":["MutagenicStrength"],"max_hp_gain":0,"max_hp_loss":0,"event_name":"Drug Dealer","floor":19,"gold_loss":0},{"damage_healed":0,"gold_gain":0,"player_choice":"Copied","damage_taken":0,"max_hp_gain":0,"max_hp_loss":0,"event_name":"Duplicator","floor":22,"gold_loss":0,"cards_obtained":["Demon Form"]},{"damage_healed":0,"gold_gain":0,"player_choice":"Fight","damage_taken":0,"max_hp_gain":0,"max_hp_loss":0,"event_name":"MindBloom","floor":36,"gold_loss":0},{"damage_healed":0,"gold_gain":0,"player_choice":"Fight","damage_taken":0,"max_hp_gain":0,"max_hp_loss":0,"event_name":"Mysterious Sphere","floor":38,"gold_loss":0},{"damage_healed":32,"gold_gain":0,"player_choice":"Writhe","damage_taken":0,"max_hp_gain":0,"max_hp_loss":0,"event_name":"Winding Halls","floor":39,"gold_loss":0,"cards_obtained":["Writhe"]},{"cards_removed":["Pain"],"damage_healed":0,"gold_gain":0,"player_choice":"Purged","damage_taken":0,"max_hp_gain":0,"max_hp_loss":0,"event_name":"Purifier","floor":42,"gold_loss":0},{"damage_healed":0,"gold_gain":0,"player_choice":"Paid","damage_taken":0,"relics_obtained":["Red Mask"],"max_hp_gain":0,"max_hp_loss":0,"event_name":"Tomb of Lord Red Mask","floor":46,"gold_loss":135}],"is_beta":false,"boss_relics":[{"not_picked":["Replay:Wanted Poster","Coffee Dripper"],"picked":"Cursed Key"},{"not_picked":["Electric Blood","Runic Pyramid"],"picked":"Honey Jar"}],"items_purged_floors":[],"is_endless":false,"potions_floor_spawned":[2,16,18,23,33,35,38],"ascension_level":0}}