{"host":"5icjlaq41ghjcr7h","time":1610447492,"event":{"mods":["AchievementEnabler","BaseMod","Colored Map","Minty Spire (QoL Compilation)","SuperFastMode","everything is the same but u backflip on backflip"],"gold_per_floor":[113,124,136,57,7,7,7,34,34,52,52,52,52],"floor_reached":12,"playtime":350,"items_purged":[],"score":86,"play_id":"33a14913-df7a-4b5f-b4ee-5e38dd2b7f08","local_time":"20210112193132","is_ascension_mode":true,"campfire_choices":[{"data":"Searing Blow","floor":6,"key":"SMITH"},{"data":"Corruption","floor":11,"key":"SMITH"}],"circlet_count":0,"master_deck":["Strike_R","Strike_R","Defend_R","Defend_R","Defend_R","Defend_R","Bash","Flex","Body Slam","Searing Blow+1","Seeing Red","Offering","Corruption+1","Entrench"],"relics":["Burning Blood","Meat on the Bone"],"acts_visited":["Exordium"],"potions_floor_usage":[8,10],"damage_taken":[{"damage":7,"enemies":"Small Slimes","floor":1,"turns":3},{"damage":2,"enemies":"Jaw Worm","floor":2,"turns":4},{"damage":6,"enemies":"Cultist","floor":3,"turns":3},{"damage":18,"enemies":"Gremlin Nob","floor":8,"turns":4},{"damage":19,"enemies":"3 Louse","floor":10,"turns":3},{"damage":51,"enemies":"3 Sentries","floor":12,"turns":8}],"seed_played":"3691248242612840165","potions_obtained":[{"floor":1,"key":"SkillPotion"},{"floor":8,"key":"Swift Potion"}],"is_trial":false,"path_per_floor":["M","M","M","$","?","R","?","E","T","M","R","E"],"character_chosen":"IRONCLAD","items_purchased":["Offering"],"campfire_rested":0,"item_purchase_floors":[4],"current_hp_per_floor":[79,80,80,80,80,80,73,61,61,48,48,0,0],"gold":52,"neow_bonus":"TRANSFORM_CARD","is_daily":false,"chose_seed":false,"campfire_upgraded":2,"win_rate":0.0,"timestamp":1610447492,"path_taken":["M","M","M","$","?","R","?","E","T","M","R","E"],"items_purchased_type":["Card"],"build_version":"2020-12-22","purchased_purges":0,"victory":false,"max_hp_per_floor":[80,80,80,80,80,80,80,80,80,80,80,80,80],"card_choices":[{"not_picked":["Armaments","Sword Boomerang"],"picked":"Body Slam","floor":1},{"not_picked":["Havoc","Headbutt"],"picked":"Searing Blow","floor":2},{"not_picked":["Wild Strike","Heavy Blade"],"picked":"Seeing Red","floor":3},{"not_picked":["Clothesline","Shockwave"],"picked":"Corruption","floor":8},{"not_picked":["Anger","Warcry"],"picked":"Entrench","floor":10}],"player_experience":117652,"relics_obtained":[{"floor":8,"key":"Meat on the Bone"}],"event_choices":[{"cards_removed":["Strike_R"],"damage_healed":0,"gold_gain":0,"player_choice":"Card Removal","damage_taken":0,"max_hp_gain":0,"max_hp_loss":0,"event_name":"The Cleric","floor":5,"gold_loss":50},{"cards_removed":["Strike_R"],"damage_healed":0,"gold_gain":0,"player_choice":"Card Removal","damage_taken":7,"max_hp_gain":0,"max_hp_loss":0,"event_name":"Golden Wing","floor":7,"gold_loss":0}],"is_beta":false,"boss_relics":[],"items_purged_floors":[],"is_endless":false,"potions_floor_spawned":[1,8],"killed_by":"3 Sentries","ascension_level":2}}