{"host":"dwppbb1tkuy5qbmv","time":1610470182,"event":{"mods":["AchievementEnabler","BaseMod","Better Third Choice","BetterRewards","Minty Spire (QoL Compilation)","Shop Mod","StSLib","UnlockEverythingMod"],"gold_per_floor":[114,129,144,144,159,174,189,189,189,219,234,21,36,51,51,151,151,166,216,246,206,115,115,145,145,170,185,215,215,245,272,284,396,408,420,432,459,107,122,152,176,200,200,200,230,37,46,70,70,79],"floor_reached":51,"playtime":4756,"items_purged":[],"score":1166,"play_id":"cbdfc672-843a-4a16-b2ba-70d70e237d40","local_time":"20210113004942","daily_mods":["Cursed Run","Hoarder","DeadlyEvents"],"is_ascension_mode":false,"campfire_choices":[{"data":"Eruption","floor":8,"key":"SMITH"},{"floor":15,"key":"REST"},{"data":"Deep Breath","floor":23,"key":"SMITH"},{"floor":25,"key":"REST"},{"floor":29,"key":"REST"},{"floor":32,"key":"REST"},{"floor":44,"key":"REST"},{"data":"EmptyMind","floor":49,"key":"SMITH"}],"circlet_count":0,"master_deck":["Strike_P","Strike_P+1","Strike_P","Defend_P","Defend_P","Defend_P","Defend_P","Eruption+1","Vigilance","Evaluate","Evaluate","Evaluate","ReachHeaven","ReachHeaven","ReachHeaven","Consecrate","Consecrate","Consecrate","CutThroughFate","CutThroughFate","CutThroughFate","Injury","Injury","Injury","MasterReality+1","MasterReality+1","MasterReality+1","Prostrate","Prostrate+1","Prostrate+1","JustLucky","JustLucky","JustLucky","Panache+1","Panache+1","Panache+1","Prostrate","Prostrate","Prostrate","Parasite","Parasite","Parasite","Devotion+1","Devotion+1","Devotion+1","Consecrate+1","Consecrate+1","Consecrate+1","Weave","Weave","Weave","Deep Breath+1","Deep Breath","Deep Breath","Halt+1","Halt","Halt","ClearTheMind+1","ClearTheMind+1","ClearTheMind+1","ForeignInfluence+1","ForeignInfluence+1","ForeignInfluence+1","Writhe","Writhe","Writhe","DevaForm+1","DevaForm+1","CurseOfTheBell","CurseOfTheBell","CurseOfTheBell","FollowUp+1","FollowUp+1","FollowUp+1","LikeWater+1","LikeWater+1","LikeWater+1","JustLucky","JustLucky","JustLucky","Impatience","Impatience","Impatience","Prostrate+1","Prostrate+1","Prostrate+1","Halt+1","Halt+1","Halt+1","Study+1","Study+1","Study+1","EmptyMind","EmptyMind+1","EmptyMind","Purity","Purity","Purity","CutThroughFate+1","CutThroughFate+1","CutThroughFate+1","Writhe","Writhe","Writhe"],"relics":["Darkstone Periapt","Du-Vu Doll","Orichalcum","Frozen Egg 2","Black Star","GoldenEye","Calipers","MerchantsRug","Pen Nib","Ornamental Fan","Akabeko","Vajra","Centennial Puzzle","Lizard Tail","CeramicFish","Question Card","Damaru","Torii","Mummified Hand","Frozen Eye"],"acts_visited":["Exordium","TheCity","TheBeyond"],"potions_floor_usage":[6,24,35,38,45,45,45,48],"damage_taken":[{"damage":0,"enemies":"Cultist","floor":1,"turns":2},{"damage":0,"enemies":"2 Louse","floor":2,"turns":2},{"damage":12,"enemies":"Jaw Worm","floor":3,"turns":3},{"damage":0,"enemies":"Looter","floor":5,"turns":3},{"damage":3,"enemies":"Gremlin Gang","floor":6,"turns":3},{"damage":0,"enemies":"Large Slime","floor":7,"turns":4},{"damage":14,"enemies":"Lagavulin","floor":10,"turns":4},{"damage":5,"enemies":"Red Slaver","floor":11,"turns":2},{"damage":0,"enemies":"Looter","floor":13,"turns":2},{"damage":0,"enemies":"Exordium Thugs","floor":14,"turns":2},{"damage":38,"enemies":"Hexaghost","floor":16,"turns":5},{"damage":22,"enemies":"2 Thieves","floor":18,"turns":3},{"damage":32,"enemies":"Gremlin Leader","floor":20,"turns":4},{"damage":28,"enemies":"Book of Stabbing","floor":24,"turns":4},{"damage":2,"enemies":"Chosen","floor":27,"turns":2},{"damage":0,"enemies":"Slavers","floor":28,"turns":1},{"damage":27,"enemies":"Gremlin Leader","floor":30,"turns":5},{"damage":5,"enemies":"3 Cultists","floor":31,"turns":3},{"damage":11,"enemies":"Champ","floor":33,"turns":5},{"damage":0,"enemies":"3 Darklings","floor":35,"turns":1},{"damage":10,"enemies":"3 Shapes","floor":37,"turns":2},{"damage":4,"enemies":"Jaw Worm Horde","floor":39,"turns":2},{"damage":23,"enemies":"Giant Head","floor":40,"turns":6},{"damage":17,"enemies":"4 Shapes","floor":41,"turns":2},{"damage":1,"enemies":"3 Darklings","floor":42,"turns":2},{"damage":14,"enemies":"Reptomancer","floor":45,"turns":3},{"damage":1,"enemies":"Sphere and 2 Shapes","floor":48,"turns":3},{"damage":109,"enemies":"Time Eater","floor":50,"turns":10}],"seed_played":"-5514344210177769252","potions_obtained":[{"floor":1,"key":"GamblersBrew"},{"floor":3,"key":"Block Potion"},{"floor":10,"key":"Weak Potion"},{"floor":14,"key":"FearPotion"},{"floor":18,"key":"EssenceOfSteel"},{"floor":27,"key":"BottledMiracle"},{"floor":30,"key":"EntropicBrew"},{"floor":33,"key":"SmokeBomb"},{"floor":38,"key":"Fruit Juice"},{"floor":38,"key":"FairyPotion"},{"floor":38,"key":"ColorlessPotion"},{"floor":38,"key":"SteroidPotion"},{"floor":38,"key":"SneckoOil"},{"floor":40,"key":"BlessingOfTheForge"},{"floor":45,"key":"SteroidPotion"},{"floor":48,"key":"ColorlessPotion"}],"is_trial":false,"path_per_floor":["M","M","M","?","M","M","M","R","T","E","M","$","M","M","R","B",null,"M","?","E","?","$","R","E","R","T","M","E","R","E","M","R","B",null,"M","?","M","$","M","E","M","M","T","R","E","$","?","M","R","B",null],"character_chosen":"WATCHER","items_purchased":["JustLucky","Panache+1","MerchantsRug","Deep Breath","CeramicFish","LikeWater+1","JustLucky","Impatience","Potion Belt","Cauldron","Frozen Eye","Study+1","EmptyMind","Swift Potion"],"campfire_rested":5,"item_purchase_floors":[12,12,22,22,38,38,38,38,38,38,46,46,46,46],"current_hp_per_floor":[72,72,60,60,60,57,57,57,75,61,56,56,56,56,83,63,108,86,86,54,54,54,54,26,58,58,56,56,88,61,56,88,95,161,161,171,161,161,157,134,117,116,116,167,153,168,168,167,167,76],"gold":79,"neow_bonus":"","is_daily":true,"chose_seed":false,"campfire_upgraded":3,"win_rate":0.0,"timestamp":1610470182,"path_taken":["M","?","M","?","M","M","M","R","T","?","M","$","M","M","R","BOSS","M","?","?","?","$","R","?","R","T","M","E","R","E","M","R","BOSS","M","?","M","$","M","E","M","?","T","R","?","$","?","M","R","BOSS"],"items_purchased_type":["Card","Card","Relic","Card","Relic","Card","Card","Card","Relic","Relic","Relic","Card","Card","Potion"],"build_version":"2020-12-22","purchased_purges":0,"victory":true,"max_hp_per_floor":[72,72,72,72,72,72,72,72,90,90,90,90,90,90,90,108,108,108,108,108,108,108,108,108,108,108,108,108,108,108,108,108,126,161,161,171,171,171,171,171,171,171,171,171,171,171,171,171,171,189],"card_choices":[{"not_picked":["TalkToTheHand","DeceiveReality"],"picked":"Evaluate","floor":1},{"not_picked":["FlyingSleeves","Fasting2"],"picked":"ReachHeaven","floor":2},{"not_picked":["Study","Protect"],"picked":"Consecrate","floor":3},{"not_picked":["BowlingBash","Adaptation"],"picked":"CutThroughFate","floor":5},{"not_picked":["Crescendo","SashWhip","Pray"],"picked":"SKIP","floor":6},{"not_picked":["Evaluate","ThirdEye","Crescendo"],"picked":"SKIP","floor":7},{"not_picked":["Evaluate","DeceiveReality"],"picked":"MasterReality+1","floor":10},{"not_picked":["SandsOfTime","BattleHymn+1"],"picked":"Prostrate","floor":11},{"not_picked":["ThirdEye","BowlingBash"],"picked":"Prostrate","floor":13},{"not_picked":["TalkToTheHand","Fasting2+1","PathToVictory"],"picked":"SKIP","floor":14},{"not_picked":["Establishment+1","Alpha"],"picked":"Devotion+1","floor":16},{"not_picked":["CutThroughFate","Prostrate"],"picked":"Consecrate+1","floor":18},{"not_picked":["Conclude","EmptyBody"],"picked":"Weave","floor":20},{"not_picked":["Indignation+1","PathToVictory"],"picked":"Halt","floor":24},{"not_picked":["Fasting2+1","EmptyMind"],"picked":"ClearTheMind+1","floor":27},{"not_picked":["ClearTheMind","Swivel"],"picked":"ForeignInfluence+1","floor":28},{"not_picked":["Crescendo","Tantrum","BowlingBash+1"],"picked":"SKIP","floor":30},{"not_picked":["Brilliance","FollowUp+1","Consecrate"],"picked":"SKIP","floor":31},{"not_picked":["Omniscience","Vault"],"picked":"DevaForm+1","floor":33},{"not_picked":["Sanctity","WaveOfTheHand+1"],"picked":"FollowUp+1","floor":37},{"not_picked":["FollowUp+1","CutThroughFate","BattleHymn+1"],"picked":"SKIP","floor":39},{"not_picked":["BowlingBash+1","PathToVictory","Crescendo"],"picked":"SKIP","floor":40},{"not_picked":["Protect+1","Indignation+1","Worship+1"],"picked":"Prostrate+1","floor":41},{"not_picked":["LikeWater+1","Wish","WreathOfFlame+1"],"picked":"Halt+1","floor":42},{"not_picked":["PathToVictory","EmptyFist+1","Perseverance+1","CutThroughFate"],"picked":"SKIP","floor":45},{"not_picked":["Trip","Impatience","Flash of Steel"],"picked":"Purity","floor":47},{"not_picked":["Collect+1","ClearTheMind","EmptyBody+1"],"picked":"CutThroughFate+1","floor":48}],"player_experience":128370,"relics_obtained":[{"floor":9,"key":"Orichalcum"},{"floor":10,"key":"Frozen Egg 2"},{"floor":20,"key":"GoldenEye"},{"floor":20,"key":"Calipers"},{"floor":24,"key":"Pen Nib"},{"floor":24,"key":"Ornamental Fan"},{"floor":26,"key":"Akabeko"},{"floor":28,"key":"War Paint"},{"floor":28,"key":"Vajra"},{"floor":30,"key":"Centennial Puzzle"},{"floor":30,"key":"MawBank"},{"floor":34,"key":"Strawberry"},{"floor":34,"key":"Pear"},{"floor":34,"key":"Lizard Tail"},{"floor":40,"key":"Question Card"},{"floor":40,"key":"Damaru"},{"floor":43,"key":"MealTicket"},{"floor":45,"key":"Torii"},{"floor":45,"key":"Mummified Hand"}],"event_choices":[{"cards_removed":["Strike_P"],"damage_healed":0,"gold_gain":0,"player_choice":"Forget","damage_taken":0,"max_hp_gain":0,"max_hp_loss":0,"event_name":"Living Wall","floor":4,"gold_loss":0},{"damage_healed":0,"gold_gain":100,"player_choice":"Bet on Murderer","damage_taken":0,"max_hp_gain":0,"max_hp_loss":0,"event_name":"The Joust","floor":19,"gold_loss":50},{"damage_healed":0,"gold_gain":0,"player_choice":"Upgraded Two","damage_taken":0,"max_hp_gain":0,"max_hp_loss":0,"event_name":"Designer","floor":21,"gold_loss":40,"cards_upgraded":["Strike_P","Prostrate"]},{"cards_removed":["DevaForm"],"damage_healed":0,"gold_gain":0,"player_choice":"Offered Rare","damage_taken":0,"max_hp_gain":10,"max_hp_loss":0,"event_name":"Bonfire Elementals","floor":36,"gold_loss":0},{"damage_healed":0,"gold_gain":0,"player_choice":"Memory 1","damage_taken":0,"max_hp_gain":0,"max_hp_loss":0,"event_name":"SensoryStone","floor":47,"gold_loss":0}],"is_beta":false,"boss_relics":[{"not_picked":["Sozu","Tiny House"],"picked":"Black Star"},{"not_picked":["SacredBark","Pandora\u0027s Box"],"picked":"Calling Bell"}],"items_purged_floors":[],"is_endless":false,"potions_floor_spawned":[1,3,10,14,18,27,30,33,35,40,45,48],"ascension_level":0}}