{"host":"gzsdmyo07u314vug","time":1610483194,"event":{"mods":["2.2 Compatiblity","BaseMod","Downfall","GifTheSpireLib","Minty Spire (QoL Compilation)","Quick Restart","Rare Cards Sparkle","Relic Stats","Replay The Spire","Robot Space Explorer","Shop Mod","StSLib","The Bug Knight","The Construct","The Elementalist","The IronCluck","The Marked","The Servant 0.9.4","Unceasing Turn Reminder","everything is the same but u backflip on backflip","slay the spire mod where everything is the same but ironclad has a cowboy hat","vexMod"],"gold_per_floor":[109,109,123,133,153,153,166,166,166,182,201,213,226,201,201,304,304,320,419,419,435,455,455,183,183,183,202,229,229,229,203,203,301,301,317,217,235,255,275,275,275,275,275,306,306,337,382,413,413,421,421,421,141,173,175],"floor_reached":56,"playtime":4372,"items_purged":["RobotSpaceExplorer:Strike","RobotSpaceExplorer:Strike","RobotSpaceExplorer:Strike"],"score":1336,"play_id":"3b4531b6-b57f-4f80-b4ba-1d933596e645","local_time":"20210112172634","is_ascension_mode":true,"campfire_choices":[{"data":"RobotSpaceExplorer:Comet","floor":6.0,"key":"SMITH"},{"data":"RobotSpaceExplorer:Pulsar","floor":8.0,"key":"SMITH"},{"data":"RobotSpaceExplorer:Autoloader","floor":15.0,"key":"SMITH"},{"data":"RobotSpaceExplorer:DroneSwarm","floor":23,"key":"SMITH"},{"data":"RobotSpaceExplorer:StarLightning","floor":25,"key":"SMITH"},{"data":"RobotSpaceExplorer:Multitool","floor":30,"key":"SMITH"},{"floor":32,"key":"DIG"},{"floor":40,"key":"DIG"},{"floor":42,"key":"RECALL"},{"floor":45,"key":"DIG"},{"floor":49,"key":"DIG"},{"floor":52,"key":"DIG"}],"circlet_count":0,"master_deck":["RobotSpaceExplorer:Strike","RobotSpaceExplorer:Defend","RobotSpaceExplorer:Defend+1","RobotSpaceExplorer:Defend","RobotSpaceExplorer:Defend+1","RobotSpaceExplorer:Scan","RobotSpaceExplorer:MiniLasers+1","RobotSpaceExplorer:StunGrenade","RobotSpaceExplorer:MiniDrones","RobotSpaceExplorer:Comet+1","RobotSpaceExplorer:Pulsar+1","RobotSpaceExplorer:Smokescreen+1","RobotSpaceExplorer:Autoloader+1","RobotSpaceExplorer:Pulsar+1","RobotSpaceExplorer:Multitool+1","RobotSpaceExplorer:Counterblock+1","RobotSpaceExplorer:DroneSwarm+1","RobotSpaceExplorer:StarLightning+1","RobotSpaceExplorer:Counterblock+1","RobotSpaceExplorer:Pulsar+1","RobotSpaceExplorer:Comet+1","RobotSpaceExplorer:FranticSearch+1","RobotSpaceExplorer:DroneSwarm","RobotSpaceExplorer:Counterblock+1","Pot Of Greed","Pot Of Greed","Pot Of Greed","RobotSpaceExplorer:Jetpack","RobotSpaceExplorer:Counterblock"],"relics":["RobotSpaceExplorer:RoboCore","Guardian:GemstoneGun","Sozu","vexMod:GhostlyGear","construct:FoamFinger","Shovel","vexMod:RetaliationKit","vexMod:ImprovementManual","construct:BoolHorns","Replay:Bandana","Grinning Jar","Iron Hammer","Replay:Bottled Steam","Garlic","Chemical X","vexMod:CardConverter"],"acts_visited":["Exordium","TheCity","TheBeyond","TheEnding"],"potions_floor_usage":[55],"damage_taken":[{"damage":8.0,"enemies":"2 Louse","floor":1.0,"turns":3.0},{"damage":0.0,"enemies":"Jaw Worm","floor":3.0,"turns":5.0},{"damage":0.0,"enemies":"Small Slimes","floor":4.0,"turns":4.0},{"damage":0.0,"enemies":"Red Slaver","floor":5.0,"turns":4.0},{"damage":2.0,"enemies":"Large Slime","floor":7.0,"turns":4.0},{"damage":0.0,"enemies":"2 Fungi Beasts","floor":10.0,"turns":3.0},{"damage":2.0,"enemies":"Looter","floor":11.0,"turns":2.0},{"damage":2.0,"enemies":"Exordium Thugs","floor":12.0,"turns":4.0},{"damage":0.0,"enemies":"Exordium Wildlife","floor":13.0,"turns":3.0},{"damage":8.0,"enemies":"Fading Forest","floor":16.0,"turns":11.0},{"damage":0,"enemies":"3 Byrds","floor":18,"turns":4},{"damage":0,"enemies":"Shell Parasite","floor":21,"turns":6},{"damage":6,"enemies":"Cultist and Chosen","floor":22,"turns":6},{"damage":3,"enemies":"Snecko","floor":27,"turns":6},{"damage":6,"enemies":"HollowMod:Nosk","floor":28,"turns":8},{"damage":10,"enemies":"Collector","floor":33,"turns":9},{"damage":0,"enemies":"3 Darklings","floor":35,"turns":4},{"damage":1,"enemies":"Orb Walker","floor":37,"turns":5},{"damage":3,"enemies":"Spire Growth","floor":38,"turns":6},{"damage":0,"enemies":"Maw","floor":39,"turns":7},{"damage":11,"enemies":"Reptomancer","floor":44,"turns":7},{"damage":8,"enemies":"3 Darklings","floor":46,"turns":3},{"damage":0,"enemies":"Giant Head","floor":47,"turns":9},{"damage":0,"enemies":"Spire Growth","floor":48,"turns":5},{"damage":5,"enemies":"Awakened One","floor":50,"turns":12},{"damage":15,"enemies":"Shield and Spear","floor":54,"turns":6},{"damage":57,"enemies":"The Heart","floor":55,"turns":14}],"seed_played":"-1795665475085320930","potions_obtained":[{"floor":4.0,"key":"Swift Potion"},{"floor":7.0,"key":"AttackPotion"},{"floor":10.0,"key":"champ:CounterPotion"},{"floor":11.0,"key":"SteroidPotion"}],"is_trial":false,"path_per_floor":["M","?","M","M","M","R","M","R","T","M","M","M","M","?","R","B",null,"M","?","?","M","M","R","$","R","T","M","E","?","R","$","R","B",null,"M","$","M","M","M","R","?","R","T","E","R","M","E","M","R","B",null,"R","$","E","B",null],"character_chosen":"RobotSpaceExplorer","items_purchased":["vexMod:GhostlyGear","RobotSpaceExplorer:Counterblock","RobotSpaceExplorer:FranticSearch","Chemical X"],"campfire_rested":0,"item_purchase_floors":[24,24,31,53],"current_hp_per_floor":[67,52,52,52,52,52,50,50,50,50,48,46,46,46,46,46,75,75,75,75,75,69,69,69,69,69,66,60,60,60,60,60,50,75,75,75,74,71,71,71,71,71,71,60,60,52,52,52,52,47,71,71,71,58,1],"gold":175,"neow_bonus":"UPGRADE_CARD","is_daily":false,"chose_seed":false,"campfire_upgraded":6,"win_rate":0.0,"timestamp":1610483194,"path_taken":["M","?","M","M","M","R","M","R","T","M","M","M","M","?","R","BOSS","M","?","?","M","?","R","$","R","T","M","E","?","R","?","R","BOSS","M","$","M","M","M","R","?","R","T","E","R","M","E","M","R","BOSS","R","$","E","BOSS"],"items_purchased_type":["Relic","Card","Card","Relic"],"build_version":"2020-12-22","purchased_purges":3,"victory":true,"max_hp_per_floor":[75,75,75,75,75,75,75,75,75,75,75,75,75,75,75,75,75,75,75,75,75,75,75,75,75,75,75,75,75,75,75,75,75,75,75,75,75,75,75,75,71,71,71,71,71,71,71,71,71,71,71,71,71,73,73],"relic_stats":{"Sozu":8,"Shovel":5,"counters":[27,160],"Chemical X":[5],"obtain_stats":[{"construct:BoolHorns":40,"construct:FoamFinger":26,"Guardian:GemstoneGun":9,"RobotSpaceExplorer:RoboCore":0,"Sozu":17,"vexMod:GhostlyGear":24,"Replay:Bandana":44,"Shovel":28,"vexMod:CardConverter":54,"Iron Hammer":47,"Garlic":52,"Chemical X":53,"Grinning Jar":45,"vexMod:RetaliationKit":32,"vexMod:ImprovementManual":34,"Replay:Bottled Steam":49},{"construct:BoolHorns":20,"construct:FoamFinger":13,"Guardian:GemstoneGun":5,"RobotSpaceExplorer:RoboCore":0,"Sozu":10,"vexMod:GhostlyGear":13,"Replay:Bandana":21,"Shovel":15,"vexMod:CardConverter":26,"Iron Hammer":23,"Garlic":25,"Chemical X":25,"Grinning Jar":21,"vexMod:RetaliationKit":15,"vexMod:ImprovementManual":16,"Replay:Bottled Steam":24},{"construct:BoolHorns":104,"construct:FoamFinger":59,"Guardian:GemstoneGun":20,"RobotSpaceExplorer:RoboCore":0,"Sozu":43,"vexMod:GhostlyGear":59,"Replay:Bandana":111,"Shovel":73,"vexMod:CardConverter":146,"Iron Hammer":123,"Garlic":140,"Chemical X":140,"Grinning Jar":111,"vexMod:RetaliationKit":73,"vexMod:ImprovementManual":82,"Replay:Bottled Steam":128}]},"card_choices":[{"not_picked":["RobotSpaceExplorer:GlueShot","RobotSpaceExplorer:ShovelStrike"],"picked":"RobotSpaceExplorer:StunGrenade","floor":1.0},{"not_picked":["RobotSpaceExplorer:ShockKick","RobotSpaceExplorer:ImprovisedAttack"],"picked":"RobotSpaceExplorer:MiniDrones","floor":3.0},{"not_picked":["RobotSpaceExplorer:Reload","RobotSpaceExplorer:FranticSearch"],"picked":"RobotSpaceExplorer:Comet","floor":4.0},{"not_picked":["RobotSpaceExplorer:ShockKick","RobotSpaceExplorer:GlueSpray"],"picked":"RobotSpaceExplorer:Pulsar","floor":5.0},{"not_picked":["RobotSpaceExplorer:MetalStrike","RobotSpaceExplorer:PowerCollector"],"picked":"RobotSpaceExplorer:Smokescreen","floor":7.0},{"not_picked":["RobotSpaceExplorer:SurgingStrike","RobotSpaceExplorer:ImprovisedAttack","RobotSpaceExplorer:Discharger"],"picked":"SKIP","floor":10.0},{"not_picked":["RobotSpaceExplorer:FreezingShield","RobotSpaceExplorer:SurgingStrike"],"picked":"RobotSpaceExplorer:Autoloader","floor":11.0},{"not_picked":["RobotSpaceExplorer:ShockKick","RobotSpaceExplorer:SelfCleaning","RobotSpaceExplorer:ImprovisedAttack"],"picked":"SKIP","floor":12.0},{"not_picked":["RobotSpaceExplorer:Probe","RobotSpaceExplorer:MiniDrones"],"picked":"RobotSpaceExplorer:Pulsar","floor":13.0},{"not_picked":["RobotSpaceExplorer:Blaster","RobotSpaceExplorer:Wormhole"],"picked":"RobotSpaceExplorer:Multitool","floor":16.0},{"not_picked":["RobotSpaceExplorer:ImprovisedAttack+1","RobotSpaceExplorer:StunGrenade"],"picked":"RobotSpaceExplorer:Counterblock","floor":18},{"not_picked":["RobotSpaceExplorer:GearShield+1","RobotSpaceExplorer:Reload"],"picked":"RobotSpaceExplorer:DroneSwarm","floor":21},{"not_picked":["RobotSpaceExplorer:FrostMissile","RobotSpaceExplorer:MetalStrike+1"],"picked":"RobotSpaceExplorer:StarLightning","floor":22},{"not_picked":["RobotSpaceExplorer:SurgingShield","RobotSpaceExplorer:DoubleFind"],"picked":"RobotSpaceExplorer:Pulsar+1","floor":27},{"not_picked":["RobotSpaceExplorer:ShockKick+1","RobotSpaceExplorer:ScrapToss","RobotSpaceExplorer:SurgingStrike"],"picked":"SKIP","floor":28},{"not_picked":["RobotSpaceExplorer:HighVoltage","RobotSpaceExplorer:Accelerator"],"picked":"RobotSpaceExplorer:DroneSwarm","floor":33},{"not_picked":["RobotSpaceExplorer:SurgingShield","RobotSpaceExplorer:FrostMissile+1"],"picked":"RobotSpaceExplorer:Counterblock+1","floor":35},{"not_picked":["RobotSpaceExplorer:ScrapMissile","RobotSpaceExplorer:LaserBurst","RobotSpaceExplorer:Ammunition+1"],"picked":"SKIP","floor":37},{"not_picked":["RobotSpaceExplorer:MiniDrones","RobotSpaceExplorer:MetalStrike+1","RobotSpaceExplorer:JunkDive"],"picked":"SKIP","floor":38},{"not_picked":["RobotSpaceExplorer:ShovelStrike+1","RobotSpaceExplorer:ImprovisedAttack","RobotSpaceExplorer:PowerGlove+1"],"picked":"SKIP","floor":39},{"not_picked":["RobotSpaceExplorer:Scanner","RobotSpaceExplorer:FreezeRay","RobotSpaceExplorer:SurgingShield+1"],"picked":"SKIP","floor":44},{"not_picked":["RobotSpaceExplorer:GlueShot","RobotSpaceExplorer:Pulsar+1","RobotSpaceExplorer:ScrapMissile+1"],"picked":"SKIP","floor":46},{"not_picked":["RobotSpaceExplorer:GlueSpray","RobotSpaceExplorer:MiniBoosters+1"],"picked":"RobotSpaceExplorer:Jetpack","floor":47},{"not_picked":["RobotSpaceExplorer:ExhaustFan","RobotSpaceExplorer:StarLightning","RobotSpaceExplorer:GlueShot"],"picked":"SKIP","floor":48},{"not_picked":["RobotSpaceExplorer:GlueShot","RobotSpaceExplorer:SwiftStep+1"],"picked":"RobotSpaceExplorer:Counterblock","floor":54}],"player_experience":723257,"relics_obtained":[{"floor":9.0,"key":"Guardian:GemstoneGun"},{"floor":26,"key":"construct:FoamFinger"},{"floor":28,"key":"Shovel"},{"floor":32,"key":"vexMod:RetaliationKit"},{"floor":40,"key":"construct:BoolHorns"},{"floor":44,"key":"Replay:Bandana"},{"floor":45,"key":"Grinning Jar"},{"floor":47,"key":"Iron Hammer"},{"floor":49,"key":"Replay:Bottled Steam"},{"floor":52,"key":"Garlic"},{"floor":54,"key":"vexMod:CardConverter"}],"event_choices":[{"damage_healed":0.0,"max_hp_gain":0.0,"max_hp_loss":0.0,"gold_gain":0.0,"event_name":"Shining Light","player_choice":"Entered Light","floor":2.0,"gold_loss":0.0,"damage_taken":15.0,"cards_upgraded":["RobotSpaceExplorer:Defend","RobotSpaceExplorer:Defend"]},{"damage_healed":0,"gold_gain":99,"player_choice":"Stole From Cult","damage_taken":0,"max_hp_gain":0,"max_hp_loss":0,"event_name":"Nest","floor":19,"gold_loss":0},{"damage_healed":0,"gold_gain":0,"player_choice":"Ignored","damage_taken":0,"max_hp_gain":0,"max_hp_loss":0,"event_name":"N\u0027loth","floor":20,"gold_loss":0},{"damage_healed":0,"gold_gain":0,"player_choice":"Copied","damage_taken":0,"max_hp_gain":0,"max_hp_loss":0,"event_name":"Duplicator","floor":29,"gold_loss":0,"cards_obtained":["RobotSpaceExplorer:Comet"]},{"damage_healed":0,"gold_gain":0,"player_choice":"Max HP","damage_taken":0,"max_hp_gain":0,"max_hp_loss":4,"event_name":"Winding Halls","floor":41,"gold_loss":0}],"is_beta":false,"boss_relics":[{"not_picked":["Painkiller Herb","vexMod:DeviousBotling"],"picked":"Sozu"},{"not_picked":["Kintsugi","Replay:Drink Me"],"picked":"vexMod:ImprovementManual"}],"items_purged_floors":[24,36,53],"is_endless":false,"potions_floor_spawned":[4,7,10,11,27,28,33,37,38,46,47,54],"ascension_level":3}}