{"host":"r6da5kb9dzaaglw2","time":1610463602,"event":{"mods":["AchievementEnabler","BaseMod","Colored Powertips","Duelist Mod","GifTheSpireLib","Minty Spire (QoL Compilation)","StSLib"],"gold_per_floor":[145,162,175,100,100,135,135,165,165,180,180,194,227,247,247,347,347,365,365,388,404,12,12,12,39,63,76,93,111,139,157,157,252,252,266,278,305,358,370,401,401,436,461,495,495,222,236,254,254,254,254,254,84,109,109,109],"floor_reached":55,"playtime":7422,"items_purged":["theDuelist:NaturiaBeast","theDuelist:NaturiaBambooShoot+1","theDuelist:SummoningSwarm"],"score":1277,"play_id":"7d3f248b-ae5e-4416-b04c-7495bb659ee6","local_time":"20210112160002","is_ascension_mode":true,"campfire_choices":[{"data":"theDuelist:NaturiaPineapple","floor":7.0,"key":"SMITH"},{"floor":15.0,"key":"REST"},{"floor":23.0,"key":"RECALL"},{"floor":32,"key":"REST"},{"floor":41,"key":"REST"},{"floor":45,"key":"REST"},{"floor":49,"key":"REST"},{"floor":52,"key":"REST"}],"circlet_count":0,"master_deck":["theDuelist:Sparks","theDuelist:NaturiaPineapple+1","theDuelist:CastleWalls","theDuelist:NaturiaRosewhip+1","theDuelist:NaturiaRock+1","theDuelist:NaturiaHorneedle","theDuelist:NaturiaEggplant","theDuelist:NaturiaHorneedle+1","Master of Strategy","theDuelist:NaturiaForest+1","theDuelist:CastleWalls","theDuelist:NaturiaCliff+1","theDuelist:SliferSky+1","theDuelist:ShardGreed+1","theDuelist:NaturiaLandoise","theDuelist:NaturiaEggplant+1","theDuelist:Sparks+1","theDuelist:Alpacaribou+1","theDuelist:HuntingInstinct","theDuelist:Sparks","theDuelist:CastleWalls","theDuelist:NaturiaTulip+1","theDuelist:NaturiaEggplant+1","theDuelist:HuntingInstinct"],"relics":["theDuelist:MillenniumPuzzle","theDuelist:CardPoolRelic","theDuelist:CardPoolBasicRelic","theDuelist:BoosterPackPoolRelic","theDuelist:CardPoolAddRelic","theDuelist:CardPoolMinusRelic","theDuelist:CardPoolSaveRelic","theDuelist:CardPoolOptionsRelic","NeowsBlessing","theDuelist:ElectricToken","Bag of Marbles","Frozen Egg 2","theDuelist:DuelistLetterOpener","Fusion Hammer","Shuriken","Nunchaku","theDuelist:ResummonBranch","CultistMask","Blue Candle","Whetstone","InkBottle","HoveringKite","Bronze Scales","WingedGreaves","Ice Cream","Magic Flower","theDuelist:DuelistTeaSet","PreservedInsect","theDuelist:NaturiaRelic","theDuelist:SummonAnchor","theDuelist:MillenniumArmor","Gambling Chip"],"acts_visited":["Exordium","TheCity","TheBeyond","TheEnding"],"potions_floor_usage":[25,29,48,54,55],"damage_taken":[{"damage":0.0,"enemies":"Cultist","floor":1.0,"turns":1.0},{"damage":0.0,"enemies":"Small Slimes","floor":2.0,"turns":1.0},{"damage":0.0,"enemies":"Jaw Worm","floor":3.0,"turns":1.0},{"damage":19.0,"enemies":"Lagavulin","floor":6.0,"turns":5.0},{"damage":19.0,"enemies":"3 Sentries","floor":8.0,"turns":5.0},{"damage":0.0,"enemies":"Exordium Thugs","floor":10.0,"turns":3.0},{"damage":0.0,"enemies":"Blue Slaver","floor":12.0,"turns":3.0},{"damage":27.0,"enemies":"Gremlin Nob","floor":13.0,"turns":5.0},{"damage":0.0,"enemies":"Red Slaver","floor":14.0,"turns":3.0},{"damage":5.0,"enemies":"Slime Boss","floor":16.0,"turns":10.0},{"damage":0.0,"enemies":"Spheric Guardian","floor":18.0,"turns":4.0},{"damage":0.0,"enemies":"Shell Parasite","floor":21.0,"turns":4.0},{"damage":0,"enemies":"Gremlin Leader","floor":25,"turns":5},{"damage":0,"enemies":"Snake Plant","floor":27,"turns":3},{"damage":0,"enemies":"Centurion and Healer","floor":28,"turns":4},{"damage":3,"enemies":"Shelled Parasite and Fungi","floor":29,"turns":5},{"damage":3,"enemies":"theDuelist:KaibaA2","floor":30,"turns":4},{"damage":14,"enemies":"Snake Plant","floor":31,"turns":3},{"damage":0,"enemies":"Automaton","floor":33,"turns":6},{"damage":9,"enemies":"Orb Walker","floor":35,"turns":3},{"damage":15,"enemies":"3 Shapes","floor":36,"turns":4},{"damage":37,"enemies":"3 Shapes","floor":38,"turns":5},{"damage":10,"enemies":"Maw","floor":39,"turns":5},{"damage":0,"enemies":"Reptomancer","floor":40,"turns":5},{"damage":0,"enemies":"Giant Head","floor":42,"turns":6},{"damage":0,"enemies":"Reptomancer","floor":44,"turns":4},{"damage":0,"enemies":"Jaw Worm Horde","floor":47,"turns":2},{"damage":0,"enemies":"3 Darklings","floor":48,"turns":3},{"damage":6,"enemies":"Time Eater","floor":50,"turns":6},{"damage":26,"enemies":"Shield and Spear","floor":54,"turns":3},{"damage":69,"enemies":"The Heart","floor":55,"turns":6}],"seed_played":"3164177929258259044","potions_obtained":[{"floor":3.0,"key":"theDuelist:VoidBottle"},{"floor":8.0,"key":"theDuelist:SummonFuryPotion"},{"floor":10.0,"key":"theDuelist:LavaBottle"},{"floor":14.0,"key":"SpeedPotion"},{"floor":18.0,"key":"theDuelist:VampireVial"},{"floor":21.0,"key":"theDuelist:MegaupgradePotion"},{"floor":27,"key":"theDuelist:LavaBottle"},{"floor":33,"key":"theDuelist:FireBottle"},{"floor":40,"key":"Regen Potion"},{"floor":42,"key":"theDuelist:WhiteBottle"},{"floor":44,"key":"theDuelist:FusionPotion"}],"is_trial":false,"path_per_floor":["M","M","M","$","T","E","R","E","T","M","?","M","E","M","R","B",null,"M","?","T","M","$","R","?","E","T","M","M","M","E","M","R","B",null,"M","M","T","?","M","E","R","E","T","E","R","$","M","M","R","B",null,"R","$","E","B"],"character_chosen":"THE_DUELIST","items_purchased":["theDuelist:ResummonBranch","theDuelist:MillenniumArmor","theDuelist:SliferSky+1"],"campfire_rested":6,"item_purchase_floors":[22,46,53],"current_hp_per_floor":[72,72,72,72,72,53,53,34,34,34,34,34,7,7,31,26,67,67,67,67,67,67,67,67,67,67,67,67,64,61,47,71,71,78,69,54,54,17,7,7,31,31,31,31,55,55,55,55,79,73,78,80,80,68,0,0],"gold":109,"neow_bonus":"THREE_ENEMY_KILL","is_daily":false,"chose_seed":false,"campfire_upgraded":1,"win_rate":0.0,"timestamp":1610463602,"path_taken":["M","?","M","$","?","E","R","E","T","M","?","M","E","?","R","BOSS","M","?","?","?","$","R","?","E","T","M","?","M","E","?","R","BOSS","M","?","?","?","M","E","R","E","T","E","R","$","M","M","R","BOSS","R","$","E","BOSS"],"items_purchased_type":["Relic","Relic","Card"],"build_version":"2020-12-22","purchased_purges":3,"victory":false,"max_hp_per_floor":[80,80,80,80,80,80,80,80,80,80,80,80,80,80,80,80,80,80,80,80,80,80,80,80,80,80,80,80,80,80,80,80,80,80,80,80,80,80,80,80,80,80,80,80,80,80,80,80,80,80,80,80,80,80,80,80],"card_choices":[{"not_picked":["theDuelist:WildNatureRelease+1","theDuelist:NaturiaGuardian+1"],"picked":"theDuelist:NaturiaBambooShoot+1","floor":1.0},{"not_picked":["theDuelist:NaturiaBrambi","theDuelist:Wiretap","theDuelist:NaturiaLeodrake","theDuelist:ConvulsionNature"],"picked":"theDuelist:NaturiaPineapple","floor":2.0},{"not_picked":["theDuelist:NaturiaHydrangea","theDuelist:NaturiaCliff","theDuelist:NaturiaParadizo","theDuelist:NaturiaGaiastrio","theDuelist:SangaEarth"],"picked":"SKIP","floor":3.0},{"not_picked":["theDuelist:NaturiaCliff","theDuelist:FossilDig","theDuelist:NaturiaRagweed","theDuelist:NaturiaTulip"],"picked":"theDuelist:Alpacaribou","floor":6.0},{"not_picked":["theDuelist:VenomShot","theDuelist:ConvulsionNature","theDuelist:LeodrakeMane","theDuelist:SeedSacredTree"],"picked":"theDuelist:SummoningSwarm","floor":8.0},{"not_picked":["theDuelist:NaturiaForest+1","theDuelist:Wildfire"],"picked":"theDuelist:HuntingInstinct","floor":10.0},{"not_picked":["theDuelist:NaturiaDragonfly","theDuelist:NaturiaStinkbug","theDuelist:NaturiaRagweed","theDuelist:PotDuality"],"picked":"theDuelist:NaturiaEggplant","floor":12.0},{"not_picked":["Good Instincts","Metamorphosis","Panache+1"],"picked":"Master of Strategy","floor":13.0},{"not_picked":["theDuelist:NaturiaBambooShoot","theDuelist:SeedSacredTree","theDuelist:NaturiaBrambi","theDuelist:LeodrakeMane+1"],"picked":"theDuelist:WormBait","floor":14.0},{"not_picked":["theDuelist:HeartUnderdog+1","theDuelist:Canyon+1","theDuelist:DemiseLand","theDuelist:NaturiaForest+1"],"picked":"theDuelist:NaturiaHorneedle","floor":16.0},{"not_picked":["theDuelist:DestroyerGolem","theDuelist:MillenniumGolem","theDuelist:MudragonSwamp+1","theDuelist:WingedKuriboh","theDuelist:Blockman"],"picked":"SKIP","floor":18.0},{"not_picked":["theDuelist:NaturiaCliff","theDuelist:CrystalRose+1","theDuelist:NaturiaGaiastrio","theDuelist:NaturiaRock"],"picked":"theDuelist:NaturiaLandoise","floor":21.0},{"not_picked":["theDuelist:NaturiaMarron","theDuelist:NaturiaRosewhip","theDuelist:NaturiaTulip","theDuelist:NaturiaGuardian"],"picked":"theDuelist:NaturiaEggplant","floor":25},{"not_picked":["theDuelist:NaturiaCliff","theDuelist:NaturiaMarron","theDuelist:SummoningSwarm","theDuelist:NaturiaRagweed"],"picked":"theDuelist:NaturiaEggplant+1","floor":27},{"not_picked":["theDuelist:AttackTheMoon+1","theDuelist:GraniteLoyalist","theDuelist:Mudora","theDuelist:WingedKuriboh+1","theDuelist:MillenniumGolem"],"picked":"SKIP","floor":28},{"not_picked":["theDuelist:BrainCrusher","theDuelist:Alpacaribou+1","theDuelist:NaturiaRagweed","theDuelist:NaturiaBeans","theDuelist:NaturiaStrawberry+1"],"picked":"SKIP","floor":29},{"not_picked":["theDuelist:DestroyerGolem","theDuelist:DarkHole","theDuelist:MagicHoleGolem","theDuelist:ChangeHeart+1"],"picked":"theDuelist:ShardGreed+1","floor":30},{"not_picked":["theDuelist:DemiseLand","theDuelist:NaturiaBambooShoot","theDuelist:Alpacaribou"],"picked":"SKIP","floor":31},{"not_picked":["theDuelist:NaturiaForest+1","theDuelist:SeismicShockwave+1","theDuelist:ClosedForest","theDuelist:MultiplicationOfAnts"],"picked":"theDuelist:HuntingInstinct","floor":33},{"not_picked":["theDuelist:BigFire","theDuelist:AttackTheMoon+1","theDuelist:DestroyerGolem","theDuelist:HammerShot+1","theDuelist:Mudora+1"],"picked":"SKIP","floor":35},{"not_picked":["theDuelist:DestroyerGolem","theDuelist:HammerShot","theDuelist:Mudora","theDuelist:MudragonSwamp+1","theDuelist:BigFire+1"],"picked":"SKIP","floor":36},{"not_picked":["theDuelist:DemiseLand","theDuelist:SeismicShockwave+1","theDuelist:Canyon+1","theDuelist:Wildfire+1"],"picked":"theDuelist:NaturiaForest+1","floor":39},{"not_picked":["theDuelist:NaturiaHydrangea+1","theDuelist:NaturiaEggplant+1","theDuelist:NaturiaTulip+1","theDuelist:LonefireBlossom+1"],"picked":"theDuelist:NaturiaRosewhip+1","floor":40},{"not_picked":["theDuelist:SeismicShockwave","theDuelist:HuntingInstinct+1","theDuelist:MultiplicationOfAnts","theDuelist:Wildfire+1","theDuelist:NaturiaHorneedle"],"picked":"SKIP","floor":42},{"not_picked":["theDuelist:FuryFire","theDuelist:VenomShot","theDuelist:SummoningSwarm","theDuelist:BarkionBark","theDuelist:AfterGenocide+1"],"picked":"SKIP","floor":44},{"not_picked":["theDuelist:NaturiaCliff","theDuelist:NaturiaMarron","theDuelist:LonefireBlossom","theDuelist:FossilDig+1","theDuelist:NaturiaRock"],"picked":"SKIP","floor":47},{"not_picked":["theDuelist:FuryFire","theDuelist:NaturiaStrawberry+1","theDuelist:NaturiaTulip","theDuelist:NaturiaAntjaw+1","theDuelist:LeodrakeMane+1"],"picked":"SKIP","floor":48},{"not_picked":["theDuelist:NaturiaCherries+1","theDuelist:NaturiaStrawberry+1","theDuelist:NaturiaBeetle+1","theDuelist:NaturiaParadizo+1"],"picked":"theDuelist:NaturiaHorneedle+1","floor":54}],"player_experience":515993,"relics_obtained":[{"floor":6.0,"key":"theDuelist:ElectricToken"},{"floor":8.0,"key":"Bag of Marbles"},{"floor":9.0,"key":"Frozen Egg 2"},{"floor":13.0,"key":"theDuelist:DuelistLetterOpener"},{"floor":20.0,"key":"Nunchaku"},{"floor":25,"key":"Blue Candle"},{"floor":26,"key":"Whetstone"},{"floor":30,"key":"InkBottle"},{"floor":37,"key":"Bronze Scales"},{"floor":38,"key":"WingedGreaves"},{"floor":38,"key":"Ice Cream"},{"floor":38,"key":"Magic Flower"},{"floor":40,"key":"theDuelist:DuelistTeaSet"},{"floor":42,"key":"PreservedInsect"},{"floor":43,"key":"theDuelist:NaturiaRelic"},{"floor":44,"key":"theDuelist:SummonAnchor"},{"floor":54,"key":"Gambling Chip"}],"event_choices":[{"damage_healed":0.0,"max_hp_gain":0.0,"max_hp_loss":0.0,"gold_gain":0.0,"event_name":"Tomb of the Nameless","player_choice":"Leave","duelist":true,"floor":11.0,"gold_loss":0.0,"damage_taken":0.0},{"damage_healed":0.0,"max_hp_gain":0.0,"max_hp_loss":0.0,"gold_gain":0.0,"event_name":"The Mausoleum","player_choice":"Opened","floor":19.0,"gold_loss":0.0,"damage_taken":0.0,"relics_obtained":["Shuriken"]},{"damage_healed":0.0,"max_hp_gain":0.0,"max_hp_loss":0.0,"gold_gain":0.0,"event_name":"FaceTrader","player_choice":"Trade","floor":24.0,"gold_loss":0.0,"damage_taken":0.0,"relics_obtained":["CultistMask"]},{"damage_healed":0,"gold_gain":0,"player_choice":"Fight","duelist":true,"damage_taken":0,"max_hp_gain":0,"max_hp_loss":0,"event_name":"Battle City","floor":38,"gold_loss":0}],"is_beta":false,"boss_relics":[{"not_picked":["Runic Dome","Philosopher\u0027s Stone"],"picked":"Fusion Hammer"},{"not_picked":["Coffee Dripper","theDuelist:HauntedRelic"],"picked":"HoveringKite"}],"items_purged_floors":[4,22,46],"is_endless":false,"potions_floor_spawned":[3,8,10,14,18,21,27,33,39,40,42,44,47],"killed_by":"The Heart","ascension_level":6}}