{"host":"qie07cxbi2v0we72","time":1610465867,"event":{"mods":["BaseMod","Minty Spire (QoL Compilation)","Relic Stats","StSLib","SuperFastMode","Waifu the Spire","thorton"],"gold_per_floor":[120,174,174,23,47,47,61,86,86,8,183,183,213,213,213,313,313,380,438,445,445,445],"floor_reached":20,"playtime":429,"items_purged":[],"score":172,"play_id":"6ad78322-671b-4ef8-9334-091aff72bdfc","local_time":"20210112163747","is_ascension_mode":false,"campfire_choices":[{"data":"thethorton:BusinessBoom","floor":6,"key":"SMITH"},{"data":"thethorton:LastDitchEffort","floor":12,"key":"SMITH"},{"data":"thethorton:SheetShred","floor":15,"key":"SMITH"}],"circlet_count":0,"master_deck":["thethorton:Strike","thethorton:Strike","thethorton:Strike","thethorton:Strike","thethorton:Defend","thethorton:Defend","thethorton:Defend","thethorton:Defend","thethorton:Heckle","thethorton:CreditCard","Normality","thethorton:BusinessBoom+1","thethorton:PowerUp","thethorton:BusinessBash","thethorton:AngerMoment","thethorton:LastDitchEffort+1","thethorton:HitAhead","thethorton:OddChange","Doubt","thethorton:SheetShred+1","thethorton:Portfolio","thethorton:LongTermPayoff","thethorton:ThickSkin"],"relics":["thethorton:CouragePotion","NeowsBlessing","MealTicket","Sundial","Potion Belt","thethorton:GreedFountain"],"acts_visited":["Exordium","TheCity"],"potions_floor_usage":[16,18,19,19,20,20],"damage_taken":[{"damage":0,"enemies":"Cultist","floor":1,"turns":1},{"damage":2,"enemies":"2 Louse","floor":5,"turns":2},{"damage":0,"enemies":"Jaw Worm","floor":7,"turns":1},{"damage":13,"enemies":"2 Fungi Beasts","floor":8,"turns":3},{"damage":24,"enemies":"3 Sentries","floor":13,"turns":6},{"damage":18,"enemies":"Slime Boss","floor":16,"turns":9},{"damage":21,"enemies":"3 Byrds","floor":18,"turns":4},{"damage":35,"enemies":"Spheric Guardian","floor":19,"turns":7},{"damage":21,"enemies":"Masked Bandits","floor":20,"turns":3}],"seed_played":"-5149931080787271266","potions_obtained":[{"floor":8,"key":"ColorlessPotion"},{"floor":13,"key":"Weak Potion"},{"floor":14,"key":"Dexterity Potion"},{"floor":14,"key":"Ancient Potion"},{"floor":14,"key":"Ancient Potion"},{"floor":16,"key":"ColorlessPotion"},{"floor":18,"key":"Weak Potion"},{"floor":19,"key":"Explosive Potion"}],"is_trial":false,"path_per_floor":["M","T","?","$","M","R","M","M","T","$","?","R","E","?","R","B",null,"M","M","?"],"character_chosen":"THE_THORT","items_purchased":["thethorton:PowerUp","thethorton:BusinessBash","thethorton:OddChange"],"campfire_rested":0,"item_purchase_floors":[4,4,10],"current_hp_per_floor":[68,68,68,68,66,66,66,53,53,68,68,68,44,44,44,26,68,47,12,0,0,0],"gold":445,"neow_bonus":"THREE_ENEMY_KILL","is_daily":false,"chose_seed":false,"campfire_upgraded":3,"win_rate":0.0,"timestamp":1610465867,"path_taken":["M","?","?","$","M","R","?","M","T","$","?","R","E","?","R","BOSS","M","M","?"],"items_purchased_type":["Card","Card","Card"],"build_version":"2020-12-22","purchased_purges":0,"victory":false,"max_hp_per_floor":[68,68,68,68,68,68,68,68,68,68,68,68,68,68,68,68,68,68,68,68,68,68],"relic_stats":{"counters":[9,34],"Sundial":[2],"MealTicket":15,"obtain_stats":[{"Potion Belt":13,"NeowsBlessing":0,"Sundial":9,"MealTicket":2,"thethorton:CouragePotion":0,"thethorton:GreedFountain":17},{"Potion Belt":5,"NeowsBlessing":0,"Sundial":4,"MealTicket":1,"thethorton:CouragePotion":0,"thethorton:GreedFountain":6},{"Potion Belt":13,"NeowsBlessing":0,"Sundial":7,"MealTicket":1,"thethorton:CouragePotion":0,"thethorton:GreedFountain":21}]},"card_choices":[{"not_picked":["thethorton:SicklyRun","thethorton:RunningFeint"],"picked":"thethorton:BusinessBoom","floor":1},{"not_picked":["thethorton:StumblingSlap","thethorton:DownPayment"],"picked":"thethorton:AngerMoment","floor":5},{"not_picked":["thethorton:ElbowSmash","thethorton:StampSmack"],"picked":"thethorton:LastDitchEffort","floor":7},{"not_picked":["thethorton:SicklyRun","thethorton:FocusStrength"],"picked":"thethorton:HitAhead","floor":8},{"not_picked":["thethorton:BusinessCard","thethorton:LongTermPayoff"],"picked":"thethorton:SheetShred","floor":13},{"not_picked":["thethorton:CompoundInterest","thethorton:SellShort"],"picked":"thethorton:Portfolio","floor":16},{"not_picked":["thethorton:DownPayment","thethorton:SicklyRun"],"picked":"thethorton:LongTermPayoff","floor":18},{"not_picked":["thethorton:CoinClash","thethorton:RichRun+1"],"picked":"thethorton:ThickSkin","floor":19}],"player_experience":897000,"relics_obtained":[{"floor":2,"key":"MealTicket"},{"floor":9,"key":"Sundial"},{"floor":13,"key":"Potion Belt"}],"event_choices":[{"damage_healed":0,"gold_gain":0,"player_choice":"Leave","damage_taken":0,"max_hp_gain":0,"max_hp_loss":0,"event_name":"The Cleric","floor":3,"gold_loss":0},{"damage_healed":0,"gold_gain":175,"player_choice":"AGREE","damage_taken":0,"max_hp_gain":0,"max_hp_loss":0,"event_name":"Liars Game","floor":11,"gold_loss":0,"cards_obtained":["Doubt"]},{"damage_healed":0,"gold_gain":0,"player_choice":"Got Potions","damage_taken":0,"max_hp_gain":0,"max_hp_loss":0,"event_name":"Lab","floor":14,"gold_loss":0},{"damage_healed":0,"gold_gain":0,"player_choice":"Fought Bandits","damage_taken":0,"max_hp_gain":0,"max_hp_loss":0,"event_name":"Masked Bandits","floor":20,"gold_loss":0}],"is_beta":false,"boss_relics":[{"not_picked":["Calling Bell","Astrolabe"],"picked":"thethorton:GreedFountain"}],"items_purged_floors":[],"is_endless":false,"potions_floor_spawned":[8,13,16,18,19],"killed_by":"Masked Bandits","ascension_level":0}}