{"host":"j4g6ia6asvpyu2b0","time":1610454368,"event":{"mods":["BaseMod","Colored Map","Minty Spire (QoL Compilation)","Permanent Neow","Quick Restart","Relic Stats","StSLib","Unceasing Turn Reminder"],"gold_per_floor":[116,66,84,16,34,34,65,78,78,108,108,108,121,132,132,234,234,245,16,16,50,66,137,137,169,169,180,191,242,242,274,274,400,400,410,410,410,427,117,143,143,171,171,205,221,234,234,265,265,265,265,265,82,111,111],"floor_reached":56,"playtime":3163,"items_purged":["Strike_B"],"score":2276,"play_id":"aa050115-34da-4d7b-beac-2a9bd44929f3","local_time":"20210112052608","is_ascension_mode":true,"campfire_choices":[{"data":"Apotheosis","floor":6.0,"key":"SMITH"},{"floor":12.0,"key":"RECALL"},{"data":"Buffer","floor":15.0,"key":"SMITH"},{"data":"White Noise","floor":24.0,"key":"SMITH"},{"data":"Streamline","floor":30.0,"key":"SMITH"},{"data":"HandOfGreed","floor":32.0,"key":"SMITH"},{"data":"Creative AI","floor":41.0,"key":"SMITH"},{"data":"Secret Technique","floor":47,"key":"SMITH"},{"data":"Chill","floor":49,"key":"SMITH"},{"data":"Skim","floor":52,"key":"SMITH"}],"circlet_count":0,"master_deck":["AscendersBane","Strike_B","Defend_B","Defend_B","Defend_B","Defend_B","Zap","Dualcast","Streamline+1","Cold Snap","Self Repair","Undo","Cold Snap","Glacier","White Noise+1","Buffer+1","Melter","Echo Form","Leap+1","Glacier+1","Cold Snap","Glacier+1","Creative AI+1","Chill+1","Secret Technique+1","Madness","Capacitor+1","White Noise","Chill+1","Steam","Rebound","Conserve Battery+1","Skim+1","All For One","Storm+1","Barrage","Secret Technique","Hologram"],"relics":["Cracked Core","Bag of Marbles","HornCleat","Busted Crown","Membership Card","Omamori","Dead Branch","Mummified Hand","Bronze Scales","Strawberry","Cursed Key","Frozen Egg 2","OrangePellets","InkBottle","Gremlin Horn","Unceasing Top","Pantograph","Oddly Smooth Stone","Boot"],"acts_visited":["Exordium","TheCity","TheBeyond","TheEnding"],"potions_floor_usage":[55,55],"damage_taken":[{"damage":6.0,"enemies":"Small Slimes","floor":1.0,"turns":4.0},{"damage":0.0,"enemies":"2 Louse","floor":3.0,"turns":2.0},{"damage":1.0,"enemies":"Cultist","floor":5.0,"turns":3.0},{"damage":27.0,"enemies":"Gremlin Nob","floor":7.0,"turns":4.0},{"damage":0.0,"enemies":"2 Fungi Beasts","floor":8.0,"turns":3.0},{"damage":0.0,"enemies":"Lagavulin","floor":10.0,"turns":7.0},{"damage":1.0,"enemies":"Gremlin Gang","floor":13.0,"turns":3.0},{"damage":6.0,"enemies":"Exordium Thugs","floor":14.0,"turns":3.0},{"damage":0.0,"enemies":"Slime Boss","floor":16.0,"turns":10.0},{"damage":9.0,"enemies":"2 Thieves","floor":18.0,"turns":3.0},{"damage":1.0,"enemies":"3 Byrds","floor":21.0,"turns":5.0},{"damage":18.0,"enemies":"Sentry and Sphere","floor":22.0,"turns":4.0},{"damage":24.0,"enemies":"Slavers","floor":23.0,"turns":9.0},{"damage":25.0,"enemies":"Book of Stabbing","floor":25.0,"turns":8.0},{"damage":7.0,"enemies":"Cultist and Chosen","floor":27.0,"turns":6.0},{"damage":6.0,"enemies":"Chosen and Byrds","floor":28.0,"turns":6.0},{"damage":2.0,"enemies":"Centurion and Healer","floor":31.0,"turns":7.0},{"damage":0.0,"enemies":"Automaton","floor":33.0,"turns":9.0},{"damage":0.0,"enemies":"3 Darklings","floor":35.0,"turns":7.0},{"damage":0.0,"enemies":"3 Shapes","floor":38.0,"turns":6.0},{"damage":0.0,"enemies":"Giant Head","floor":40.0,"turns":10.0},{"damage":23.0,"enemies":"Reptomancer","floor":42.0,"turns":10.0},{"damage":0,"enemies":"Nemesis","floor":44,"turns":9},{"damage":0,"enemies":"Spire Growth","floor":45,"turns":6},{"damage":0,"enemies":"Writhing Mass","floor":46,"turns":8},{"damage":0,"enemies":"Reptomancer","floor":48,"turns":6},{"damage":0,"enemies":"Donu and Deca","floor":50,"turns":7},{"damage":0,"enemies":"Shield and Spear","floor":54,"turns":6},{"damage":46,"enemies":"The Heart","floor":55,"turns":7}],"seed_played":"2984979431774730765","potions_obtained":[{"floor":1.0,"key":"Explosive Potion"},{"floor":5.0,"key":"PotionOfCapacity"},{"floor":7.0,"key":"Dexterity Potion"},{"floor":14.0,"key":"DistilledChaos"},{"floor":23.0,"key":"Dexterity Potion"},{"floor":27.0,"key":"PowerPotion"},{"floor":33.0,"key":"Swift Potion"},{"floor":40.0,"key":"PotionOfCapacity"},{"floor":45,"key":"DuplicationPotion"}],"is_trial":false,"path_per_floor":["M","?","M","$","M","R","E","M","T","E","?","R","M","M","R","B",null,"M","$","?","M","M","E","R","E","T","M","M","T","R","M","R","B",null,"M","?","?","M","$","E","R","E","T","E","M","M","R","E","R","B",null,"R","$","E","B",null],"character_chosen":"DEFECT","items_purchased":["Self Repair","Membership Card","Omamori","Frozen Egg 2","Capacitor+1","OrangePellets","White Noise","Chill","Storm+1","Barrage","Secret Technique"],"campfire_rested":0,"item_purchase_floors":[4,19,19,39,39,39,39,39,53,53,53],"current_hp_per_floor":[62,62,62,62,68,68,48,58,58,68,68,68,68,68,68,68,68,66,66,66,68,57,47,47,36,36,36,44,51,51,56,56,70,74,75,65,65,72,72,75,75,59,59,66,75,75,75,75,75,75,75,75,75,75,36],"gold":111,"neow_bonus":"RANDOM_COLORLESS_2","is_daily":false,"chose_seed":false,"campfire_upgraded":9,"win_rate":0.0,"timestamp":1610454368,"path_taken":["M","?","M","$","M","R","E","M","T","E","?","R","M","M","R","BOSS","M","?","?","M","M","E","R","E","T","?","M","?","R","M","R","BOSS","M","?","?","M","$","E","R","E","T","E","M","M","R","E","R","BOSS","R","$","E","BOSS"],"items_purchased_type":["Card","Relic","Relic","Relic","Card","Relic","Card","Card","Card","Card","Card"],"build_version":"2020-12-22","purchased_purges":1,"victory":true,"max_hp_per_floor":[68,68,68,68,68,68,68,68,68,68,68,68,68,68,68,68,68,68,68,68,68,68,68,68,68,68,68,68,75,75,75,75,75,75,75,75,75,75,75,75,75,75,75,75,75,75,75,75,75,75,75,75,75,75,75],"relic_stats":{"Gremlin Horn":[7,8],"counters":[29,178],"Dead Branch":[109],"Cursed Key":1,"Boot":[25],"OrangePellets":[17],"Busted Crown":44,"Mummified Hand":[318],"Bronze Scales":[381],"Pantograph":0,"obtain_stats":[{"Gremlin Horn":42,"Dead Branch":23,"Oddly Smooth Stone":48,"Omamori":19,"Frozen Egg 2":39,"Cursed Key":34,"Boot":54,"OrangePellets":39,"HornCleat":10,"Busted Crown":17,"Mummified Hand":25,"Bronze Scales":26,"Strawberry":29,"Pantograph":44,"Bag of Marbles":7,"Membership Card":19,"Cracked Core":0,"InkBottle":40,"Unceasing Top":43},{"Gremlin Horn":22,"Dead Branch":13,"Oddly Smooth Stone":26,"Omamori":10,"Frozen Egg 2":20,"Cursed Key":18,"Boot":28,"OrangePellets":20,"HornCleat":6,"Busted Crown":9,"Mummified Hand":14,"Bronze Scales":14,"Strawberry":16,"Pantograph":23,"Bag of Marbles":4,"Membership Card":10,"Cracked Core":0,"InkBottle":21,"Unceasing Top":22},{"Gremlin Horn":129,"Dead Branch":60,"Oddly Smooth Stone":158,"Omamori":42,"Frozen Egg 2":109,"Cursed Key":96,"Boot":171,"OrangePellets":109,"HornCleat":23,"Busted Crown":39,"Mummified Hand":68,"Bronze Scales":68,"Strawberry":80,"Pantograph":138,"Bag of Marbles":13,"Membership Card":42,"Cracked Core":0,"InkBottle":119,"Unceasing Top":129}],"InkBottle":[45],"Unceasing Top":[6]},"card_choices":[{"not_picked":["Panache","Transmutation"],"picked":"Apotheosis","floor":0.0},{"not_picked":["Turbo","Redo"],"picked":"Streamline","floor":1.0},{"not_picked":["Force Field","Rebound"],"picked":"Cold Snap","floor":3.0},{"not_picked":["Rebound","Barrage"],"picked":"Undo","floor":5.0},{"not_picked":["Coolheaded","Steam Power"],"picked":"Cold Snap","floor":7.0},{"not_picked":["Storm","White Noise"],"picked":"Glacier","floor":8.0},{"not_picked":["BootSequence","Go for the Eyes"],"picked":"White Noise","floor":10.0},{"not_picked":["Turbo","Beam Cell"],"picked":"Buffer","floor":13.0},{"not_picked":["Cold Snap","Hello World"],"picked":"Melter","floor":14.0},{"not_picked":["Machine Learning","Buffer"],"picked":"Echo Form","floor":16.0},{"not_picked":[],"picked":"Leap+1","floor":18.0},{"not_picked":["Hello World"],"picked":"SKIP","floor":21.0},{"not_picked":[],"picked":"Glacier+1","floor":22.0},{"not_picked":[],"picked":"Cold Snap","floor":23.0},{"not_picked":["Leap+1"],"picked":"SKIP","floor":25.0},{"not_picked":[],"picked":"Glacier+1","floor":27.0},{"not_picked":["Reprogram+1"],"picked":"SKIP","floor":28.0},{"not_picked":["Rebound"],"picked":"SKIP","floor":31.0},{"not_picked":[],"picked":"Creative AI","floor":33.0},{"not_picked":[],"picked":"Chill+1","floor":35.0},{"not_picked":[],"picked":"Secret Technique","floor":36.0},{"not_picked":[],"picked":"Madness","floor":36.0},{"not_picked":["Barrage+1"],"picked":"SKIP","floor":38.0},{"not_picked":[],"picked":"Steam","floor":40.0},{"not_picked":[],"picked":"Rebound","floor":42},{"not_picked":[],"picked":"Conserve Battery+1","floor":44},{"not_picked":[],"picked":"Skim","floor":45},{"not_picked":["Beam Cell"],"picked":"SKIP","floor":46},{"not_picked":[],"picked":"All For One","floor":48},{"not_picked":[],"picked":"Hologram","floor":54}],"player_experience":810403,"relics_obtained":[{"floor":7.0,"key":"Bag of Marbles"},{"floor":10.0,"key":"HornCleat"},{"floor":23.0,"key":"Dead Branch"},{"floor":25.0,"key":"Mummified Hand"},{"floor":26.0,"key":"Bronze Scales"},{"floor":29.0,"key":"Strawberry"},{"floor":40.0,"key":"InkBottle"},{"floor":42,"key":"Gremlin Horn"},{"floor":43,"key":"Unceasing Top"},{"floor":44,"key":"Pantograph"},{"floor":48,"key":"Oddly Smooth Stone"},{"floor":54,"key":"Boot"}],"event_choices":[{"cards_removed":["Strike_B"],"damage_healed":0.0,"max_hp_gain":0.0,"max_hp_loss":0.0,"gold_gain":0.0,"event_name":"The Cleric","player_choice":"Card Removal","floor":2.0,"gold_loss":50.0,"damage_taken":0.0},{"cards_removed":["Strike_B"],"damage_healed":0.0,"max_hp_gain":0.0,"max_hp_loss":0.0,"gold_gain":0.0,"event_name":"Bonfire Elementals","player_choice":"Offered Basic","floor":11.0,"gold_loss":0.0,"damage_taken":0.0},{"cards_removed":["Apotheosis"],"damage_healed":0.0,"max_hp_gain":0.0,"max_hp_loss":0.0,"gold_gain":0.0,"event_name":"NoteForYourself","player_choice":"Took Card","floor":20.0,"gold_loss":0.0,"damage_taken":0.0,"cards_obtained":["HandOfGreed"]},{"damage_healed":0.0,"max_hp_gain":0.0,"max_hp_loss":0.0,"gold_gain":0.0,"event_name":"SensoryStone","player_choice":"Memory 3","floor":36.0,"gold_loss":0.0,"damage_taken":10.0},{"cards_removed":["HandOfGreed"],"damage_healed":0.0,"max_hp_gain":0.0,"max_hp_loss":0.0,"gold_gain":0.0,"event_name":"Falling","player_choice":"Removed Attack","floor":37.0,"gold_loss":0.0,"damage_taken":0.0}],"is_beta":false,"boss_relics":[{"not_picked":["SlaversCollar","Calling Bell"],"picked":"Busted Crown"},{"not_picked":["Sozu","Pandora\u0027s Box"],"picked":"Cursed Key"}],"items_purged_floors":[53],"is_endless":false,"potions_floor_spawned":[1,5,7,14,23,25,27,31,33,35,40,45,46,48,54],"ascension_level":10}}