{"host":"68ypu360vyldwzrz","time":1610432319,"event":{"mods":["Act Like it!","BaseMod","Better Note","Better Third Choice","Better Vampires","BetterRewards","CapriCore","Downfall","Friendly Minions","GifTheSpireLib","Hermit","Hero for Fun","Hubris","Jorbs\u0027s Wanderer Trilogy","Luminous","Marisa????????","Minty Spire (QoL Compilation)","Quick Restart","Rare Cards Sparkle","Relic Stats","Remilia??????","Shade Mod","Shop Mod","StSLib","Td1madao Mod","The Administrix","The Alterego","The Cursed","The Hierophant","The Immortal","The Necromancer","The Senshi","The Servant 0.9.4","TheVacant","Wandering Minibosses"],"gold_per_floor":[20,31,41,41,41,41,72,91,118,130,158,158,158,177,177,275,275,289,308,223,240,260,292,153,185,185,185,185,185,203,203,203,307,307,319,319,319,338,351,386,402,402,426,455,455,119,119,154,166,178,190,202,214,254,266],"floor_reached":56,"playtime":3226,"items_purged":[],"score":1806,"play_id":"b12c4620-e4e8-42fa-8d6a-3636c57f733b","local_time":"20210112001839","is_ascension_mode":true,"campfire_choices":[{"data":"Side_Hop","floor":6,"key":"SMITH"},{"floor":12,"key":"RECALL"},{"data":"Consecutive_Normal_Punch","floor":15,"key":"SMITH"},{"data":"expansioncontent:Sear","floor":27,"key":"SMITH"},{"data":"Strike_Y","floor":29,"key":"PURGE"},{"data":"Wear_Disguise","floor":32,"key":"SMITH"},{"data":"Slap","floor":42,"key":"SMITH"},{"floor":45,"key":"REST"},{"floor":49,"key":"REST"},{"floor":52,"key":"REST"}],"circlet_count":0,"master_deck":["Strike_Y","Strike_Y","Strike_Y","Strike_Y","Defend_Y","Defend_Y","Defend_Y","Defend_Y","Wear_Disguise+1","Yawn","Consecutive_Normal_Punch","Side_Hop+1","Slap","Toss_Stone","Do_Nothing+1","Serious_Punch","Consecutive_Normal_Punch+1","Terrifying_Presence","Normal_Punch","Do_Nothing","expansioncontent:Sear+1","Slap+1","Slap","Side_Hop","Serious_Side_Hops","Slap","Side_Hop","Hip_Strike","Ignore","Side_Hop+1","Wear_Disguise","Serious_Side_Hops+1","Normal_Punch+1","Hop+1","Yawn+1","Normal_Punch","Do_Nothing+1","Consecutive_Normal_Punch+1","Side_Hop+1","Yawn+1"],"relics":["Cape","Oddly Smooth Stone","Peace Pipe","hubris:ScarierMask","hubris:TenFootPole","theSenshi:SailorFukuRelic","Vajra","theSenshi:FeatherClipsRelic","hubris:Towel","Snecko Eye","hubris:Icosahedron","Toxic Egg 2","Nunchaku","Dream Catcher","hubris:Metronome","MawBank","hubris:Potato"],"acts_visited":["Exordium","TheCity","TheBeyond","TheEnding"],"potions_floor_usage":[5],"damage_taken":[{"damage":0,"enemies":"Cultist","floor":1,"turns":1},{"damage":0,"enemies":"Small Slimes","floor":2,"turns":2},{"damage":0,"enemies":"2 Louse","floor":3,"turns":1},{"damage":0,"enemies":"3 Sentries","floor":7,"turns":3},{"damage":0,"enemies":"Lots of Slimes","floor":8,"turns":3},{"damage":0,"enemies":"Exordium Thugs","floor":10,"turns":1},{"damage":0,"enemies":"Lagavulin","floor":11,"turns":1},{"damage":0,"enemies":"Gremlin Gang","floor":14,"turns":2},{"damage":0,"enemies":"Slime Boss","floor":16,"turns":1},{"damage":0,"enemies":"Shell Parasite","floor":18,"turns":1},{"damage":0,"enemies":"3 Byrds","floor":19,"turns":1},{"damage":0,"enemies":"3 Cultists","floor":21,"turns":1},{"damage":0,"enemies":"Snake Plant","floor":22,"turns":1},{"damage":0,"enemies":"Gremlin Leader","floor":23,"turns":1},{"damage":0,"enemies":"Book of Stabbing","floor":25,"turns":4},{"damage":0,"enemies":"Shelled Parasite and Fungi","floor":30,"turns":1},{"damage":0,"enemies":"Champ","floor":33,"turns":8},{"damage":0,"enemies":"Orb Walker","floor":35,"turns":1},{"damage":0,"enemies":"3 Darklings","floor":38,"turns":1},{"damage":0,"enemies":"Writhing Mass","floor":39,"turns":1},{"damage":0,"enemies":"Reptomancer","floor":40,"turns":5},{"damage":0,"enemies":"Spire Growth","floor":41,"turns":1},{"damage":0,"enemies":"Giant Head","floor":44,"turns":1},{"damage":0,"enemies":"Jaw Worm Horde","floor":47,"turns":1},{"damage":0,"enemies":"Reptomancer","floor":48,"turns":1},{"damage":0,"enemies":"hubris:GrandSnecko","floor":50,"turns":2},{"damage":0,"enemies":"Shield and Spear","floor":54,"turns":1},{"damage":0,"enemies":"The Heart","floor":55,"turns":5}],"seed_played":"3134589430973519240","potions_obtained":[{"floor":2,"key":"LiquidMemories"},{"floor":3,"key":"Fruit Juice"},{"floor":5,"key":"Slimebound:ThreeZeroPotion"},{"floor":5,"key":"BlessingOfTheForge"},{"floor":5,"key":"DuplicationPotion"},{"floor":7,"key":"LiquidBronze"},{"floor":18,"key":"hexamod:EctoCoolerPotion"},{"floor":35,"key":"DistilledChaos"}],"is_trial":false,"path_per_floor":["M","M","M","$","?","R","E","M","T","M","E","R","$","M","R","B",null,"M","M","$","M","M","E","$","E","T","R","T","R","M","?","R","B",null,"M","?","?","M","M","E","M","R","T","E","R","$","M","E","R","B",null,"R","$","E","B",null],"character_chosen":"OPM","items_purchased":["expansioncontent:Sear","Serious_Side_Hops","Normal_Punch","hubris:Metronome"],"campfire_rested":3,"item_purchase_floors":[20,24,46,46],"current_hp_per_floor":[999,999,999,999,1004,1004,1004,1004,1004,1004,1004,1004,1004,1004,1004,1004,1004,1004,1004,1004,1004,1004,1004,1004,1004,1004,1004,1004,1004,1004,1004,1004,1004,1004,1004,1004,1004,1004,1004,1004,1004,1004,1004,1004,1004,1004,1004,1004,1004,1004,1004,1004,1004,1004,1004],"gold":278,"neow_bonus":"TRANSFORM_CARD","is_daily":false,"chose_seed":false,"campfire_upgraded":5,"win_rate":0.0,"timestamp":1610432319,"path_taken":["M","M","M","?","?","R","E","M","T","M","E","R","$","M","R","BOSS","M","M","$","M","?","E","$","E","T","R","?","R","?","?","R","BOSS","M","?","?","M","?","E","M","R","T","E","R","$","M","E","R","BOSS","R","$","E","BOSS"],"items_purchased_type":["Card","Card","Card","Relic"],"build_version":"2020-12-22","purchased_purges":0,"victory":true,"max_hp_per_floor":[999,999,999,999,1004,1004,1004,1004,1004,1004,1004,1004,1004,1004,1004,1004,1004,1004,1004,1004,1004,1004,1004,1004,1004,1004,1004,1004,1004,1004,1004,1004,1004,1004,1004,1004,1004,1004,1004,1004,1004,1004,1004,1004,1004,1004,1004,1004,1004,1004,1004,1004,1004,1004,1004],"relic_stats":{"Peace Pipe":1,"Nunchaku":[0],"Dream Catcher":3,"counters":[28,53],"Snecko Eye":[36,31,36,33],"MawBank":96,"obtain_stats":[{"hubris:Metronome":46,"Oddly Smooth Stone":7,"Vajra":26,"theSenshi:FeatherClipsRelic":28,"Cape":0,"hubris:Towel":31,"MawBank":48,"Peace Pipe":11,"Nunchaku":43,"Dream Catcher":44,"hubris:Icosahedron":36,"hubris:ScarierMask":17,"Snecko Eye":34,"hubris:TenFootPole":23,"theSenshi:SailorFukuRelic":25,"Toxic Egg 2":40,"hubris:Potato":54},{"hubris:Metronome":23,"Oddly Smooth Stone":4,"Vajra":15,"theSenshi:FeatherClipsRelic":15,"Cape":0,"hubris:Towel":16,"MawBank":25,"Peace Pipe":7,"Nunchaku":22,"Dream Catcher":23,"hubris:Icosahedron":18,"hubris:ScarierMask":9,"Snecko Eye":17,"hubris:TenFootPole":14,"theSenshi:SailorFukuRelic":15,"Toxic Egg 2":21,"hubris:Potato":27},{"hubris:Metronome":43,"Oddly Smooth Stone":7,"Vajra":24,"theSenshi:FeatherClipsRelic":24,"Cape":0,"hubris:Towel":25,"MawBank":45,"Peace Pipe":12,"Nunchaku":42,"Dream Catcher":43,"hubris:Icosahedron":34,"hubris:ScarierMask":15,"Snecko Eye":33,"hubris:TenFootPole":20,"theSenshi:SailorFukuRelic":24,"Toxic Egg 2":41,"hubris:Potato":48}]},"card_choices":[{"not_picked":["Ignore","Consecutive_Normal_Punch"],"picked":"Yawn","floor":1},{"not_picked":["Do_Nothing","Yawn"],"picked":"Consecutive_Normal_Punch","floor":2},{"not_picked":["Yawn","Normal_Punch"],"picked":"Side_Hop","floor":3},{"not_picked":["Wear_Disguise","Ignore"],"picked":"Slap","floor":7},{"not_picked":["Ignore","Hop"],"picked":"Toss_Stone","floor":8},{"not_picked":["Side_Hop","Slap"],"picked":"Do_Nothing","floor":10},{"not_picked":["Wear_Disguise","Normal_Punch"],"picked":"Serious_Punch","floor":11},{"not_picked":["Hop","Side_Hop"],"picked":"Consecutive_Normal_Punch","floor":14},{"not_picked":["Serious_Punch","Get_Hopes_Up"],"picked":"Terrifying_Presence","floor":16},{"not_picked":["Consecutive_Normal_Punch+1","Slap"],"picked":"Normal_Punch","floor":18},{"not_picked":["Wear_Disguise","Hop"],"picked":"Do_Nothing","floor":19},{"not_picked":["Hop","Ignore"],"picked":"Slap","floor":21},{"not_picked":["Toss_Stone","Consecutive_Normal_Punch"],"picked":"Slap","floor":22},{"not_picked":["Slap","Hop"],"picked":"Side_Hop","floor":23},{"not_picked":["Toss_Stone","Ignore"],"picked":"Slap","floor":25},{"not_picked":["Consecutive_Normal_Punch","Yawn"],"picked":"Side_Hop","floor":30},{"not_picked":["Oh","Serious_Side_Hops"],"picked":"Hip_Strike","floor":33},{"not_picked":["Slap","Toss_Stone+1"],"picked":"Ignore","floor":35},{"not_picked":["Yawn","Slap+1"],"picked":"Side_Hop+1","floor":38},{"not_picked":["Ignore+1","Normal_Punch"],"picked":"Wear_Disguise","floor":39},{"not_picked":["Wear_Disguise","Terrifying_Presence"],"picked":"Serious_Side_Hops+1","floor":40},{"not_picked":["Do_Nothing+1","Wear_Disguise"],"picked":"Normal_Punch+1","floor":41},{"not_picked":["Side_Hop+1","Toss_Stone+1"],"picked":"Hop+1","floor":44},{"not_picked":["Ignore+1","Side_Hop+1"],"picked":"Yawn+1","floor":45},{"not_picked":["Slap+1","Hop+1","Hip_Strike"],"picked":"SKIP","floor":47},{"not_picked":["Hop+1","Wear_Disguise+1"],"picked":"Do_Nothing+1","floor":48},{"not_picked":["Hop+1","Wear_Disguise+1"],"picked":"Consecutive_Normal_Punch+1","floor":49},{"not_picked":["Hop+1","Slap"],"picked":"Side_Hop+1","floor":52},{"not_picked":["Do_Nothing+1","Normal_Punch+1"],"picked":"Yawn+1","floor":54}],"player_experience":395945,"relics_obtained":[{"floor":7,"key":"Oddly Smooth Stone"},{"floor":11,"key":"Peace Pipe"},{"floor":23,"key":"hubris:TenFootPole"},{"floor":25,"key":"theSenshi:SailorFukuRelic"},{"floor":26,"key":"Vajra"},{"floor":28,"key":"theSenshi:FeatherClipsRelic"},{"floor":40,"key":"Toxic Egg 2"},{"floor":43,"key":"Nunchaku"},{"floor":44,"key":"Dream Catcher"},{"floor":48,"key":"MawBank"},{"floor":54,"key":"hubris:Potato"}],"event_choices":[{"damage_healed":0,"gold_gain":0,"player_choice":"Got Potions","damage_taken":0,"max_hp_gain":0,"max_hp_loss":0,"event_name":"Lab","floor":5,"gold_loss":0},{"damage_healed":0,"gold_gain":0,"player_choice":"Upgraded","damage_taken":0,"max_hp_gain":0,"max_hp_loss":0,"event_name":"Upgrade Shrine","floor":37,"gold_loss":0,"cards_upgraded":["Do_Nothing"]}],"is_beta":false,"boss_relics":[{"not_picked":["hubris:HollowSoul","Runic Dome"],"picked":"hubris:ScarierMask"},{"not_picked":["Runic Pyramid","Cursed Key"],"picked":"Snecko Eye"}],"items_purged_floors":[],"is_endless":false,"potions_floor_spawned":[2,3,7,11,14,16,18,22,25,35,39,40,47],"ascension_level":1}}