{"host":"t57cmx9i4dws44v8","time":1610466080,"event":{"mods":["BaseMod","Hermit","Minty Spire (QoL Compilation)","StSLib","The Servant 0.9.4"],"gold_per_floor":[111,111,127,92,115,158,179,179,179,202,232,232,272,290,290,295,295],"floor_reached":16,"playtime":720,"items_purged":[],"score":114,"play_id":"2337db5d-e431-4995-8ca2-f672cc680592","local_time":"20210112234120","is_ascension_mode":false,"campfire_choices":[{"floor":12,"key":"REST"},{"floor":15,"key":"REST"}],"circlet_count":0,"master_deck":["hermit:Strike_Hermit","hermit:Strike_Hermit","hermit:Strike_Hermit","hermit:Strike_Hermit","hermit:Defend_Hermit","hermit:Defend_Hermit+1","hermit:Defend_Hermit","hermit:Defend_Hermit","hermit:Snapshot","hermit:Covet+1","hermit:ItchyTrigger","hermit:Vantage","hermit:Scavenge","hermit:BigShot","hermit:PistolWhip","hermit:Dive"],"relics":["hermit:Momento","Golden Idol","Nunchaku","Pantograph","Du-Vu Doll"],"acts_visited":["Exordium"],"potions_floor_usage":[],"damage_taken":[{"damage":1,"enemies":"Jaw Worm","floor":1,"turns":4},{"damage":2,"enemies":"2 Louse","floor":3,"turns":2},{"damage":1,"enemies":"Cultist","floor":5,"turns":3},{"damage":41,"enemies":"Gremlin Nob","floor":6,"turns":5},{"damage":0,"enemies":"2 Fungi Beasts","floor":7,"turns":4},{"damage":3,"enemies":"Red Slaver","floor":10,"turns":3},{"damage":0,"enemies":"Blue Slaver","floor":11,"turns":4},{"damage":20,"enemies":"3 Sentries","floor":13,"turns":12},{"damage":15,"enemies":"Exordium Wildlife","floor":14,"turns":4},{"damage":51,"enemies":"The Guardian","floor":16,"turns":17}],"seed_played":"-6463902012468158166","potions_obtained":[{"floor":6,"key":"hermit:BlackBile"},{"floor":10,"key":"Fire Potion"},{"floor":11,"key":"ColorlessPotion"}],"is_trial":false,"path_per_floor":["M","?","M","?","M","E","M","?","T","M","M","R","E","M","R","B"],"character_chosen":"HERMIT","items_purchased":[],"campfire_rested":2,"item_purchase_floors":[],"current_hp_per_floor":[81,61,59,79,78,37,37,21,21,18,18,42,22,7,31,5,5],"gold":295,"neow_bonus":"TEN_PERCENT_HP_BONUS","is_daily":false,"chose_seed":false,"campfire_upgraded":0,"win_rate":0.0,"timestamp":1610466080,"path_taken":["M","?","M","?","M","E","M","?","T","M","M","R","E","M","R","BOSS"],"items_purchased_type":[],"build_version":"2020-12-22","purchased_purges":0,"victory":false,"max_hp_per_floor":[82,82,82,82,82,82,82,82,82,82,82,82,82,82,82,82,82],"card_choices":[{"not_picked":["hermit:Coalescence","hermit:BodyArmor"],"picked":"hermit:ItchyTrigger","floor":1},{"not_picked":["hermit:EyeOfTheStorm","hermit:Virtue"],"picked":"hermit:Vantage","floor":3},{"not_picked":["hermit:Gestalt","hermit:Roulette","hermit:WideOpen"],"picked":"SKIP","floor":5},{"not_picked":["hermit:Misfire","hermit:Roulette"],"picked":"hermit:Scavenge","floor":6},{"not_picked":["hermit:SprayPray","hermit:EternalForm","hermit:Vantage"],"picked":"SKIP","floor":7},{"not_picked":["hermit:Vantage","hermit:BodyArmor","hermit:Roulette"],"picked":"SKIP","floor":10},{"not_picked":["hermit:Combo","hermit:Dive"],"picked":"hermit:BigShot","floor":11},{"not_picked":["hermit:EyeOfTheStorm","hermit:SprayPray"],"picked":"hermit:PistolWhip","floor":13},{"not_picked":["hermit:Midnight","hermit:SprayPray"],"picked":"hermit:Dive","floor":14}],"player_experience":1022625,"relics_obtained":[{"floor":6,"key":"Nunchaku"},{"floor":9,"key":"Pantograph"},{"floor":13,"key":"Du-Vu Doll"}],"event_choices":[{"damage_healed":0,"gold_gain":0,"player_choice":"Take Damage","damage_taken":20,"relics_obtained":["Golden Idol"],"max_hp_gain":0,"max_hp_loss":0,"event_name":"Golden Idol","floor":2,"gold_loss":0},{"damage_healed":20,"gold_gain":0,"player_choice":"Healed","damage_taken":0,"max_hp_gain":0,"max_hp_loss":0,"event_name":"The Cleric","floor":4,"gold_loss":35},{"damage_healed":0,"gold_gain":0,"player_choice":"Entered Light","damage_taken":16,"max_hp_gain":0,"max_hp_loss":0,"event_name":"Shining Light","floor":8,"gold_loss":0,"cards_upgraded":["hermit:Covet","hermit:Defend_Hermit"]}],"is_beta":false,"boss_relics":[],"items_purged_floors":[],"is_endless":false,"potions_floor_spawned":[6,10,11],"killed_by":"The Guardian","ascension_level":0}}