{"host":"qy1e0kd24tpj3i2m","time":1610443146,"event":{"mods":["Act Like it!","Alarm Clock","BaseMod","Better Skull","Better Vampires","Colored Map","Colored Powertips","Custom Start","Faster Ascension Climbing","Friendly Minions","GifTheSpireLib","Gremlin Skip","Highlight Path","Minty Spire (QoL Compilation)","Permanent Neow","Poor People Problems","Quick Restart","Red Circlet Mod","Relic Sorter","Reorder Act Four","SacredBarkPlus","Shop Mod","StSLib","SuperFastMode","Transform Curses","没有小屋子和绿帽子啦"],"gold_per_floor":[363,363,32,50,66,66,66,66],"floor_reached":7,"playtime":339,"items_purged":[],"score":82,"play_id":"4a836346-fbd8-497c-b5fc-76f8ff6eca04","local_time":"20210112181906","is_ascension_mode":true,"campfire_choices":[{"data":"Whirlwind","floor":6,"key":"SMITH"}],"circlet_count":0,"master_deck":["AscendersBane","Strike_R","Strike_R","Strike_R","Strike_R","Strike_R","Defend_R","Defend_R","Defend_R","Defend_R","Bash","Normality","Shrug It Off","True Grit","Whirlwind+1"],"relics":["Burning Blood","Potion Belt","Centennial Puzzle","Omamori","Membership Card","TungstenRod"],"acts_visited":["Exordium"],"potions_floor_usage":[7,7],"damage_taken":[{"damage":7.0,"enemies":"2 Louse","floor":1.0,"turns":3.0},{"damage":5,"enemies":"Cultist","floor":4,"turns":4},{"damage":6,"enemies":"Jaw Worm","floor":5,"turns":4},{"damage":19,"enemies":"3 Sentries","floor":7,"turns":4}],"seed_played":"3484405472138805413","potions_obtained":[{"floor":4,"key":"PowerPotion"},{"floor":5,"key":"DistilledChaos"}],"is_trial":false,"path_per_floor":["M","?","$","M","M","R","E"],"character_chosen":"IRONCLAD","items_purchased":["Membership Card","TungstenRod"],"campfire_rested":0,"item_purchase_floors":[3,3],"current_hp_per_floor":[67,16,16,17,17,17,0,0],"gold":66,"neow_bonus":"TWO_FIFTY_GOLD","is_daily":false,"chose_seed":false,"campfire_upgraded":1,"win_rate":0.0,"timestamp":1610443146,"path_taken":["M","?","?","M","M","R","E"],"items_purchased_type":["Relic","Relic"],"build_version":"2020-12-22","purchased_purges":0,"victory":false,"max_hp_per_floor":[75,75,75,75,75,75,75,75],"card_choices":[{"not_picked":["Pommel Strike","Warcry"],"picked":"Shrug It Off","floor":1.0},{"not_picked":["Anger","Thunderclap"],"picked":"True Grit","floor":4},{"not_picked":["Armaments","Perfected Strike"],"picked":"Whirlwind","floor":5}],"player_experience":900815,"relics_obtained":[],"event_choices":[{"damage_healed":0.0,"max_hp_gain":0.0,"max_hp_loss":0.0,"gold_gain":0.0,"event_name":"betterSkull:BetterSkull","player_choice":"RE RE RE ","floor":2.0,"gold_loss":0.0,"damage_taken":57.0,"cards_upgraded":[],"relics_obtained":["Potion Belt","Centennial Puzzle","Omamori"]}],"is_beta":false,"boss_relics":[],"items_purged_floors":[],"is_endless":false,"potions_floor_spawned":[4,5],"killed_by":"3 Sentries","ascension_level":20}}