{"host":"0fmi5fguj5lvt8pf","time":1610464426,"event":{"mods":["BaseMod","Colored Map","Curses Come First","Downfall","Minty Spire (QoL Compilation)","Permanent Neow","StSLib","Waifu the Spire"],"gold_per_floor":[0,175,194,194,212,228,228,254,254,272,272,292,357,357,376,473,473,248,265,282,296,206,238,261,261,146,157,174,166,166,179,195,295,295,295,152,152,171,171,183,183,200,200,12,27,42,42,72,85,85,85,112,35,35,35],"floor_reached":56,"playtime":4862,"items_purged":["Guardian:Defend_Guardian","Guardian:Strike_Guardian","Guardian:Strike_Guardian","Guardian:Aged"],"score":1278,"play_id":"8fb7d135-9168-4b67-b2fb-8871c43c0d10","local_time":"20210112071346","is_ascension_mode":false,"campfire_choices":[{"data":"Guardian:TwinSlam","floor":1.0,"key":"SMITH"},{"floor":11.0,"key":"RECALL"},{"data":"Guardian:FierceBash","floor":18.0,"key":"SMITH"},{"data":"Guardian:CompilePackage","floor":35.0,"key":"SMITH"},{"data":"Guardian:CompilePackage","floor":47.0,"key":"SMITH"},{"data":"Guardian:Emergency","floor":54.0,"key":"SMITH"}],"circlet_count":0,"master_deck":["Guardian:Strike_Guardian+1","Guardian:Defend_Guardian","Guardian:CurlUp","Guardian:TwinSlam+1","Guardian:FuturePlans","Guardian:BaubleBeam+1","Guardian:ShieldCharger","Guardian:Suspension","Guardian:TimeSifter","Guardian:PrimingBeam","Guardian:FierceBash+1","Guardian:Recover+1","Guardian:Emergency","Guardian:Preprogram","Guardian:CompilePackage+1","Guardian:TemporalStrike","Guardian:Orbwalk","Guardian:StasisStrike","Guardian:ChargeUp","Guardian:CompilePackage+1","Guardian:Emergency+1"],"relics":["Guardian:ModeShifter","Blood Vial","Matryoshka","Philosopher\u0027s Stone","downfall:HeartBlessingRed","downfall:HeartBlessingGreen","downfall:HeartBlessingBlue","FossilizedHelix","Darkstone Periapt","Bag of Preparation","Busted Crown","Guardian:BottledStasis","Guardian:StasisEgg","Dream Catcher","Bronze Scales","sneckomod:BlankCard","Centennial Puzzle"],"acts_visited":["Exordium","TheCity","TheBeyond","TheEnding"],"potions_floor_usage":[55,55,55],"damage_taken":[{"damage":7.0,"enemies":"Small Slimes","floor":3.0,"turns":4.0},{"damage":2.0,"enemies":"2 Louse","floor":5.0,"turns":3.0},{"damage":6.0,"enemies":"Cultist","floor":6.0,"turns":4.0},{"damage":17.0,"enemies":"3 Sentries","floor":8.0,"turns":12.0},{"damage":7.0,"enemies":"2 Fungi Beasts","floor":10.0,"turns":4.0},{"damage":1.0,"enemies":"Large Slime","floor":12.0,"turns":5.0},{"damage":8.0,"enemies":"3 Sentries","floor":13.0,"turns":6.0},{"damage":11.0,"enemies":"Gremlin Gang","floor":15.0,"turns":4.0},{"damage":59.0,"enemies":"downfall:Ironclad","floor":16.0,"turns":10.0},{"damage":12.0,"enemies":"Spheric Guardian","floor":19.0,"turns":4.0},{"damage":3.0,"enemies":"Centurion and Healer","floor":20.0,"turns":5.0},{"damage":6.0,"enemies":"Snecko","floor":21.0,"turns":4.0},{"damage":0.0,"enemies":"downfall:FleeingMerchant","floor":22.0,"turns":4.0},{"damage":14.0,"enemies":"Book of Stabbing","floor":23.0,"turns":3.0},{"damage":15.0,"enemies":"downfall:FleeingMerchant","floor":26.0,"turns":4.0},{"damage":0.0,"enemies":"Chosen and Byrds","floor":27.0,"turns":2.0},{"damage":0.0,"enemies":"Centurion and Healer","floor":28.0,"turns":4.0},{"damage":7.0,"enemies":"downfall:FleeingMerchant","floor":29.0,"turns":3.0},{"damage":14.0,"enemies":"Shelled Parasite and Fungi","floor":31.0,"turns":5.0},{"damage":8.0,"enemies":"Chosen and Byrds","floor":32.0,"turns":5.0},{"damage":22.0,"enemies":"downfall:Silent","floor":33.0,"turns":7.0},{"damage":0.0,"enemies":"3 Darklings","floor":38.0,"turns":4.0},{"damage":0.0,"enemies":"Orb Walker","floor":40.0,"turns":4.0},{"damage":11.0,"enemies":"Jaw Worm Horde","floor":42.0,"turns":4.0},{"damage":0.0,"enemies":"3 Darklings","floor":45.0,"turns":2.0},{"damage":0.0,"enemies":"Transient","floor":46.0,"turns":5.0},{"damage":0.0,"enemies":"Nemesis","floor":48.0,"turns":5.0},{"damage":0.0,"enemies":"Maw","floor":49.0,"turns":6.0},{"damage":0.0,"enemies":"downfall:Watcher","floor":50.0,"turns":6.0},{"damage":18.0,"enemies":"downfall:CharBossMerchant","floor":52.0,"turns":6.0},{"damage":8,"enemies":"downfall:NeowBoss","floor":55,"turns":15}],"seed_played":"2680819570558431871","potions_obtained":[{"floor":6.0,"key":"Weak Potion"},{"floor":8.0,"key":"Regen Potion"},{"floor":12.0,"key":"Fire Potion"},{"floor":16.0,"key":"GamblersBrew"},{"floor":19.0,"key":"FearPotion"},{"floor":27.0,"key":"Guardian:DefensiveModePotion"},{"floor":28.0,"key":"Dexterity Potion"},{"floor":31.0,"key":"Block Potion"},{"floor":38.0,"key":"SpeedPotion"},{"floor":42.0,"key":"BlessingOfTheForge"},{"floor":45.0,"key":"DuplicationPotion"}],"is_trial":false,"path_per_floor":["R","?","M","?","M","M","T","E","?","M","R","M","?","?","M","B",null,"R","M","M","M","$","E","T","?","$","M","M","$","?","M","M","B",null,"R","?","?","M","?","M","T","M","?","$","M","M","R","E","M","B",null,"E","$","R","B",null],"character_chosen":"GUARDIAN","items_purchased":["Bag of Preparation","Guardian:Orbwalk","Guardian:BottledStasis","Guardian:Gem_Purple","Guardian:Emergency"],"campfire_rested":0,"item_purchase_floors":[29,29,36,44,53],"current_hp_per_floor":[80,80,73,73,71,65,65,48,48,43,43,44,38,64,55,3,80,90,78,77,73,75,63,63,63,50,52,54,49,49,37,31,11,90,90,90,80,82,88,90,90,81,81,81,83,85,85,87,89,91,96,78,78,78,72],"gold":35,"neow_bonus":"REMOVE_TWO","is_daily":false,"chose_seed":false,"campfire_upgraded":5,"win_rate":0.0,"timestamp":1610464426,"path_taken":["R","?","M","?","M","M","T","E","?","M","R","M","?","?","M","BOSS","R","M","M","M","$","E","T","?","$","M","M","$","?","?","M","BOSS","R","?","?","M","?","M","T","M","?","?","M","M","R","E","M","BOSS","E","$","R","BOSS"],"items_purchased_type":["Relic","Card","Relic","Card","Card"],"build_version":"2020-12-22","purchased_purges":4,"victory":true,"max_hp_per_floor":[80,80,80,80,80,80,80,80,80,80,80,80,80,80,80,80,80,90,90,90,90,90,90,90,90,90,90,90,90,90,90,90,90,90,90,90,90,90,96,96,96,96,96,96,96,96,96,96,96,96,96,96,96,96,96],"card_choices":[{"not_picked":["Guardian:WalkerClaw","Guardian:Gem_Red"],"picked":"Guardian:FuturePlans","floor":3.0},{"not_picked":["Guardian:Incinerate","Guardian:Repulse"],"picked":"Guardian:BaubleBeam","floor":5.0},{"not_picked":["Guardian:RollAttack","Guardian:FuturePlans"],"picked":"Guardian:ShieldCharger","floor":6.0},{"not_picked":["Guardian:Incinerate","Guardian:Recover"],"picked":"Guardian:Gem_Fragmented","floor":8.0},{"not_picked":["Guardian:Gem_Lightblue","Guardian:CrystalBeam"],"picked":"Guardian:Gem_Fragmented","floor":10.0},{"not_picked":["Guardian:Emergency","Guardian:Gem_Cyan"],"picked":"Guardian:Suspension","floor":12.0},{"not_picked":["Guardian:ChargeUp","Guardian:Incinerate"],"picked":"Guardian:TimeSifter","floor":13.0},{"not_picked":["Guardian:Gem_Lightblue","Guardian:TemporalShield"],"picked":"Guardian:PrimingBeam","floor":15.0},{"not_picked":["Guardian:FastForward","Guardian:GemFinder"],"picked":"Guardian:FierceBash","floor":16.0},{"not_picked":["Guardian:ShieldCharger","Guardian:RollAttack+1"],"picked":"Guardian:Recover+1","floor":19.0},{"not_picked":["Guardian:Reroute","Guardian:EvasiveProtocol"],"picked":"Guardian:Gem_White","floor":20.0},{"not_picked":["Guardian:GuardianWhirl","Guardian:TimeBomb+1"],"picked":"Guardian:Emergency","floor":21.0},{"not_picked":["Guardian:FuturePlans","Guardian:Recover+1","Guardian:RollAttack"],"picked":"SKIP","floor":22.0},{"not_picked":["Guardian:Gem_Purple","Guardian:RollAttack","Guardian:PrismaticBeam"],"picked":"SKIP","floor":23.0},{"not_picked":["Guardian:PrimingBeam+1","Guardian:GuardianWhirl"],"picked":"Guardian:CompilePackage","floor":26.0},{"not_picked":["Guardian:Reroute","Guardian:TemporalStrike","Guardian:TimeCapacitor"],"picked":"SKIP","floor":27.0},{"not_picked":["Guardian:Reroute","Guardian:TimeCapacitor"],"picked":"Guardian:TemporalStrike","floor":27.0},{"not_picked":["Guardian:PrimingBeam","Guardian:Recover","Guardian:SentryBeam"],"picked":"SKIP","floor":28.0},{"not_picked":["Guardian:Planning","Guardian:ConstructionForm","Guardian:Suspension"],"picked":"SKIP","floor":29.0},{"not_picked":["Guardian:Gem_Cyan","Guardian:RollAttack","Guardian:PiercingHide"],"picked":"SKIP","floor":31.0},{"not_picked":["Guardian:Gem_Cyan","Guardian:RollAttack","Guardian:PiercingHide"],"picked":"SKIP","floor":31.0},{"not_picked":["Guardian:Gem_Cyan","Guardian:Clone"],"picked":"Guardian:ChargeUp","floor":32.0},{"not_picked":["Guardian:AncientConstruct","Guardian:GemFinder"],"picked":"Guardian:CompilePackage","floor":33.0},{"not_picked":["Guardian:TemporalShield"],"picked":"SKIP","floor":38.0},{"not_picked":[],"picked":"Guardian:Gem_Blue","floor":40.0},{"not_picked":["Guardian:TimeBomb+1"],"picked":"SKIP","floor":42.0},{"not_picked":["Guardian:Harden+1"],"picked":"SKIP","floor":45.0},{"not_picked":["Guardian:Suspension"],"picked":"SKIP","floor":46.0},{"not_picked":["Guardian:RefractedBeam+1"],"picked":"SKIP","floor":48.0},{"not_picked":["Guardian:Gem_Fragmented"],"picked":"SKIP","floor":49.0},{"not_picked":["Guardian:FuturePlans"],"picked":"SKIP","floor":52.0}],"player_experience":1335965,"relics_obtained":[{"floor":8.0,"key":"Blood Vial"},{"floor":13.0,"key":"Matryoshka"},{"floor":23.0,"key":"FossilizedHelix"},{"floor":24.0,"key":"Darkstone Periapt"},{"floor":24.0,"key":"Whetstone"},{"floor":41.0,"key":"Dream Catcher"},{"floor":41.0,"key":"Bronze Scales"},{"floor":48.0,"key":"sneckomod:BlankCard"},{"floor":52.0,"key":"Centennial Puzzle"}],"event_choices":[{"cards_removed":["Doubt"],"damage_healed":0.0,"max_hp_gain":0.0,"max_hp_loss":0.0,"gold_gain":0.0,"event_name":"The Cleric","player_choice":"Card Removal","floor":4.0,"gold_loss":0.0,"damage_taken":0.0},{"damage_healed":26.0,"max_hp_gain":0.0,"max_hp_loss":0.0,"gold_gain":0.0,"event_name":"Big Fish","player_choice":"Banana","floor":14.0,"gold_loss":0.0,"damage_taken":0.0},{"damage_healed":0.0,"max_hp_gain":0.0,"max_hp_loss":0.0,"gold_gain":0.0,"event_name":"The Library","player_choice":"Read","floor":25.0,"gold_loss":0.0,"damage_taken":0.0,"cards_obtained":["Guardian:Preprogram"]},{"cards_removed":["Guardian:Defend_Guardian"],"damage_healed":0.0,"max_hp_gain":0.0,"max_hp_loss":0.0,"gold_gain":0.0,"event_name":"Falling","player_choice":"Removed Skill","floor":43.0,"gold_loss":0.0,"damage_taken":0.0}],"is_beta":false,"boss_relics":[{"not_picked":["Runic Dome","Fusion Hammer"],"picked":"Philosopher\u0027s Stone"},{"not_picked":["Empty Cage","SlaversCollar"],"picked":"Busted Crown"}],"items_purged_floors":[22,26,29,44],"is_endless":false,"potions_floor_spawned":[6,8,12,16,19,27,28,31,38,42,45,46,48],"ascension_level":0}}