{"host":"fkig9nrckec4xsh0","time":1610420140,"event":{"mods":["BaseMod","Colored Map","Minty Spire (QoL Compilation)","Quick Restart","Replay The Spire","StSLib"],"gold_per_floor":[118,66,86,86,86,119,119,153,153,188,188,216,227,238,238,336,336,356,356,356,356,372,102,114,141,56,56,56,76,76,90,125,135,135,260,260,270,270,321,321,337,365,365,394,394,412,412,431,431,441,441,441,441,441,66,93,93,93],"floor_reached":57,"playtime":3338,"items_purged":["Regret","Hallucinations"],"score":1231,"play_id":"471aa614-4737-41b9-ab2e-ef931321e5e6","local_time":"20210111215540","is_ascension_mode":true,"campfire_choices":[{"data":"Toxin Wave","floor":7,"key":"SMITH"},{"floor":11,"key":"REST"},{"data":"Poisoned Stab","floor":15,"key":"SMITH"},{"data":"Survivor","floor":15,"key":"SMITH"},{"data":"Flying Knee","floor":27,"key":"SMITH"},{"data":"Defend_G","floor":27,"key":"SMITH"},{"data":"Defend_G","floor":30,"key":"SMITH"},{"data":"Defend_G","floor":30,"key":"SMITH"},{"data":"Defend_G","floor":34,"key":"SMITH"},{"data":"Defend_G","floor":34,"key":"SMITH"},{"floor":47,"key":"RECALL"},{"data":"Infinite Blades","floor":49,"key":"SMITH"},{"data":"Strike_G","floor":49,"key":"SMITH"},{"data":"Strike_G","floor":51,"key":"SMITH"},{"data":"Strike_G","floor":51,"key":"SMITH"},{"data":"Strike_G","floor":54,"key":"SMITH"},{"data":"Strike_G","floor":54,"key":"SMITH"}],"circlet_count":0,"master_deck":["Strike_G+1","Strike_G+1","Strike_G+1","Strike_G+1","Strike_G+1","Defend_G+1","Defend_G+1","Defend_G+1","Defend_G+1","Defend_G+1","Survivor+1","Neutralize+1","Toxin Wave+1","Poisoned Stab+1","Flying Knee+1","Corpse Explosion+1","Adrenaline+1","PiercingWail+1","Hidden Blade+1","Poisoned Stab+1","Backflip+1","Replay:Bag of Tricks+1","Acrobatics+1","Adrenaline+1","Crippling Poison+1","Dodge and Roll+1","Acrobatics+1","ReplayTheSpireMod:The Works+1","Poisoned Stab+1","PiercingWail+1","Burst+1","Injury","Noxious Fumes+1","Flying Knee+1","Infinite Blades+1","Dagger Spray+1","Fluid Movement+1","Burst+1","Deadly Poison+1","Catalyst+1","Blur+1","Burst+1","Poisoned Stab","Sneak Up+1"],"relics":["Ring of the Serpent","Toxic Egg 2","Regal Pillow","Boot","InkBottle","Replay:Mystery Machine","Replay:Arrowhead","Replay:Grab Bag","Sozu","Replay:Bronze Core","Toolbox","Blue Candle","Omamori","Replay:Towering Pillar of Hats","Calipers","Replay:Ancient Bell","Bronze Scales","Pear","Incense Burner","Durian","Vampiric Spirits","Bird Faced Urn","Mercury Hourglass","DollysMirror","Happy Flower"],"acts_visited":["Exordium","TheCity","TheBeyond","TheEnding"],"potions_floor_usage":[6,16,57,57],"damage_taken":[{"damage":7,"enemies":"Jaw Worm","floor":1,"turns":4},{"damage":4,"enemies":"Small Slimes","floor":3,"turns":3},{"damage":14,"enemies":"Gremlin Nob","floor":6,"turns":4},{"damage":13,"enemies":"3 Sentries","floor":8,"turns":2},{"damage":22,"enemies":"Lagavulin","floor":10,"turns":5},{"damage":15,"enemies":"Gremlin Nob","floor":12,"turns":4},{"damage":7,"enemies":"Cultist","floor":13,"turns":3},{"damage":2,"enemies":"3 Louse","floor":14,"turns":2},{"damage":7,"enemies":"Hexaghost","floor":16,"turns":8},{"damage":6,"enemies":"3 Byrds","floor":18,"turns":1},{"damage":0,"enemies":"Chosen","floor":22,"turns":3},{"damage":4,"enemies":"Centurion and Healer","floor":24,"turns":2},{"damage":4,"enemies":"Book of Stabbing","floor":25,"turns":5},{"damage":0,"enemies":"Snake Plant","floor":29,"turns":3},{"damage":4,"enemies":"Chosen and Byrds","floor":31,"turns":3},{"damage":8,"enemies":"Slavers","floor":32,"turns":3},{"damage":6,"enemies":"Centurion and Healer","floor":33,"turns":2},{"damage":5,"enemies":"Pondfish","floor":35,"turns":9},{"damage":2,"enemies":"3 Darklings","floor":37,"turns":2},{"damage":7,"enemies":"2 Orb Walkers","floor":39,"turns":2},{"damage":15,"enemies":"3 Shapes","floor":41,"turns":2},{"damage":8,"enemies":"R_Hoarder","floor":42,"turns":6},{"damage":0,"enemies":"Reptomancer","floor":44,"turns":4},{"damage":0,"enemies":"Transient","floor":46,"turns":5},{"damage":4,"enemies":"Maw","floor":48,"turns":4},{"damage":8,"enemies":"Sphere and 2 Shapes","floor":50,"turns":3},{"damage":45,"enemies":"Time Eater","floor":52,"turns":7},{"damage":32,"enemies":"Shield and Spear","floor":56,"turns":3},{"damage":66,"enemies":"The Heart","floor":57,"turns":6}],"seed_played":"-6744872283577508702","potions_obtained":[{"floor":1,"key":"Swift Potion"},{"floor":6,"key":"SteroidPotion"},{"floor":13,"key":"LifebloodPotion"},{"floor":14,"key":"Ancient Potion"}],"is_trial":false,"path_per_floor":["M","$","M","?","?","E","R","E","T","E","R","E","M","M","R","B",null,"M","?","PTL","PTL","M","$","M","E","?","R","T","M","R","M","E","M","R","B",null,"M","?","?","?","M","E","T","E","T","M","R","M","R","M","R","B",null,"R","$","E","B"],"character_chosen":"THE_SILENT","items_purchased":["Poisoned Stab","Dodge and Roll+1","Toolbox","Blur+1","DollysMirror","Poisoned Stab"],"campfire_rested":1,"item_purchase_floors":[2,23,23,55,55,55],"current_hp_per_floor":[63,63,59,59,59,45,45,32,32,10,46,31,24,22,22,15,70,64,64,64,64,64,64,60,56,56,56,56,56,56,52,44,38,38,33,80,78,78,76,76,61,53,53,53,53,68,68,80,80,76,76,39,85,85,85,55,0,0],"gold":93,"neow_bonus":"UPGRADE_CARD","is_daily":false,"chose_seed":false,"campfire_upgraded":15,"win_rate":0.0,"timestamp":1610420140,"path_taken":["M","$","M","?","?","E","R","E","T","E","R","E","M","M","R","BOSS","M","?","PTL","PTL","M","$","?","E","?","R","T","M","R","M","E","M","R","BOSS","M","?","?","?","?","E","?","E","T","?","R","M","R","M","R","BOSS","R","$","E","BOSS"],"items_purchased_type":["Card","Card","Relic","Card","Relic","Card"],"build_version":"2020-12-22","purchased_purges":2,"victory":false,"max_hp_per_floor":[70,70,70,70,70,70,70,70,70,70,70,70,70,70,70,70,70,70,70,70,70,70,70,70,70,70,70,70,70,70,70,70,70,70,70,80,80,80,85,85,85,85,85,85,85,85,85,85,85,85,85,85,85,85,85,85,85,85],"card_choices":[{"not_picked":["Leg Sweep","Deadly Poison"],"picked":"Toxin Wave","floor":1},{"not_picked":["Prepared","Dodge and Roll"],"picked":"Flying Knee","floor":3},{"not_picked":["Choke","Deadly Poison+1"],"picked":"Corpse Explosion+1","floor":6},{"not_picked":["Grand Finale","Sneak Up+1"],"picked":"Adrenaline+1","floor":8},{"not_picked":["Bane","Blade Dance+1"],"picked":"PiercingWail+1","floor":10},{"not_picked":["Footwork","Tactician+1"],"picked":"Hidden Blade+1","floor":12},{"not_picked":["Deflect+1","Backflip+1"],"picked":"Poisoned Stab","floor":13},{"not_picked":["Blur+1","Blade Dance+1"],"picked":"Backflip+1","floor":14},{"not_picked":["Venomology+1","Phantasmal Killer+1"],"picked":"Replay:Bag of Tricks+1","floor":16},{"not_picked":["Flying Knee","Cloak And Dagger+1"],"picked":"Acrobatics+1","floor":18},{"not_picked":["Tactician+1","Sucker Punch"],"picked":"Crippling Poison+1","floor":22},{"not_picked":["Expertise+1","Underhanded Strike"],"picked":"Dodge and Roll+1","floor":24},{"not_picked":["All Out Attack","Caltrops"],"picked":"Acrobatics+1","floor":25},{"not_picked":["Underhanded Strike+1","Bane","Grand Finale"],"picked":"SKIP","floor":29},{"not_picked":["Eviscerate","PiercingWail+1"],"picked":"ReplayTheSpireMod:The Works+1","floor":31},{"not_picked":["Replay:Poison Smokescreen+1","Slice"],"picked":"Poisoned Stab+1","floor":32},{"not_picked":["Acrobatics+1","All Out Attack+1"],"picked":"PiercingWail+1","floor":33},{"not_picked":["Phantasmal Killer+1","Poison Darts+1"],"picked":"Burst+1","floor":35},{"not_picked":["Parasite","Overencumbered"],"picked":"Clumsy","floor":36},{"not_picked":["Decay","Doubt"],"picked":"Languid","floor":36},{"not_picked":["Regret","Voices"],"picked":"Injury","floor":36},{"not_picked":["Cloak And Dagger+1","Deadly Poison+1"],"picked":"Noxious Fumes+1","floor":37},{"not_picked":["Terror+1","Dodge and Roll+1"],"picked":"Flying Knee+1","floor":39},{"not_picked":["Dodge and Roll+1","Well Laid Plans+1"],"picked":"Dagger Spray+1","floor":41},{"not_picked":["Dagger Throw","Slice"],"picked":"Fluid Movement+1","floor":42},{"not_picked":["Poisoned Stab","Crippling Poison+1"],"picked":"Burst+1","floor":44},{"not_picked":["Distraction+1","Riddle With Holes+1"],"picked":"Deadly Poison+1","floor":46},{"not_picked":["ReplayTheSpireMod:Shiv Toss+1","Heel Hook"],"picked":"Catalyst+1","floor":48},{"not_picked":["Underhanded Strike","Backflip+1","Cloak And Dagger+1"],"picked":"SKIP","floor":50},{"not_picked":["Dagger Throw+1","Sucker Punch"],"picked":"Sneak Up+1","floor":56}],"player_experience":283256,"relics_obtained":[{"floor":6,"key":"Regal Pillow"},{"floor":8,"key":"Boot"},{"floor":9,"key":"InkBottle"},{"floor":10,"key":"Replay:Mystery Machine"},{"floor":12,"key":"Replay:Arrowhead"},{"floor":25,"key":"Blue Candle"},{"floor":28,"key":"Replay:Towering Pillar of Hats"},{"floor":32,"key":"Calipers"},{"floor":39,"key":"Durian"},{"floor":42,"key":"Vampiric Spirits"},{"floor":44,"key":"Bird Faced Urn"},{"floor":45,"key":"Mercury Hourglass"},{"floor":56,"key":"Happy Flower"}],"event_choices":[{"damage_healed":0,"gold_gain":0,"player_choice":"Box","damage_taken":0,"relics_obtained":["Toxic Egg 2"],"max_hp_gain":0,"max_hp_loss":0,"event_name":"Big Fish","floor":5,"gold_loss":0,"cards_obtained":["Regret"]},{"damage_healed":0,"gold_gain":0,"player_choice":"Copied","damage_taken":0,"max_hp_gain":0,"max_hp_loss":0,"event_name":"Duplicator","floor":19,"gold_loss":0,"cards_obtained":["Adrenaline"]},{"damage_healed":0,"gold_gain":0,"player_choice":"Obtained Relic","damage_taken":0,"relics_obtained":["Omamori"],"max_hp_gain":0,"max_hp_loss":0,"event_name":"Addict","floor":26,"gold_loss":85},{"damage_healed":0,"gold_gain":0,"player_choice":"Fight","damage_taken":0,"max_hp_gain":0,"max_hp_loss":0,"event_name":"Mysterious Sphere","floor":39,"gold_loss":0},{"damage_healed":0,"gold_gain":0,"cards_transformed":["Dodge and Roll"],"player_choice":"Transformed","damage_taken":0,"max_hp_gain":0,"max_hp_loss":0,"event_name":"Transmorgrifier","floor":40,"gold_loss":0,"cards_obtained":["Infinite Blades"]}],"is_beta":false,"boss_relics":[{"not_picked":["Fusion Hammer","Ring of Chaos"],"picked":"Replay:Grab Bag"},{"not_picked":["ReplayTheSpireMod:DimensionalGlitch","ReplayTheSpireMod:Onyx Gauntlets"],"picked":"Sozu"},{"not_picked":["Cursed Key","Philosopher\u0027s Stone"],"picked":"Replay:Bronze Core"},{"not_picked":["SacredBark","Calling Bell"],"picked":"Ring of the Serpent"},{"not_picked":["Snecko Scales","Honey Jar"],"picked":"Replay:Ancient Bell"},{"not_picked":["Nunchaku","Orichalcum"],"picked":"Bronze Scales"},{"not_picked":["ReplayTheSpireMod:Ninjato","Pantograph"],"picked":"Pear"},{"not_picked":["Tingsha","Torii"],"picked":"Incense Burner"}],"items_purged_floors":[23,55],"is_endless":false,"potions_floor_spawned":[1,6,13,14,18,22,25,32,35,37,48,56],"killed_by":"The Heart","ascension_level":2}}