{"host":"8o45mh5p3pp1o2mi","time":1610411132,"event":{"mods":["BaseMod","Better Match","Better Third Choice","BetterRewards","Minty Spire (QoL Compilation)","Rare Cards Sparkle","Relic Stats","Replay The Spire","Shop Mod","StSLib","everything is the same but u backflip on backflip"],"gold_per_floor":[110,122,46,66,76,76,111,111,111,111,111,125,155,330,356,306,306,404,404,423,438,438,438,490,490,519,519,519,519,519,94,106,118,118,216,216,260,313,387,401,401,401,419,419,493,555,555,571,571,170,170,170,170,170,24,55,55,55],"floor_reached":57,"playtime":4276,"items_purged":["Defend_P"],"score":1115,"play_id":"158c23d4-2218-4bcb-a739-493c53e9b9ff","local_time":"20210112002532","is_ascension_mode":true,"campfire_choices":[{"data":"Establishment","floor":6,"key":"SMITH"},{"floor":8,"key":"REST"},{"floor":17,"key":"RECALL"},{"data":"Wish","floor":25,"key":"SMITH"},{"data":"SandsOfTime","floor":27,"key":"SMITH"},{"data":"BattleHymn","floor":30,"key":"SMITH"},{"data":"Wish","floor":34,"key":"SMITH"},{"floor":42,"key":"REST"},{"floor":44,"key":"REST"},{"data":"Eruption","floor":49,"key":"SMITH"},{"data":"Replay:DivineShield","floor":51,"key":"SMITH"},{"data":"Tantrum","floor":54,"key":"SMITH"}],"circlet_count":0,"master_deck":["Eruption+1","Vigilance","BattleHymn+1","ClearTheMind","Establishment+1","LikeWater","InnerPeace","BowlingBash","Sanctity","SandsOfTime+1","EmptyMind","Meditate","Indignation","Tantrum+1","Tantrum","Wish+1","Wireheading+1","Crescendo","Replay:DivineShield+1","Replay:BluntJabs","Wish+1","ReachHeaven","Nirvana","CutThroughFate","ForeignInfluence+1","Vault+1","Vengeance+1","SandsOfTime","Replay:Anticipation+1","MentalFortress+1","Master of Strategy+1","BattleHymn","Crescendo+1","FearNoEvil"],"relics":["PureWater","MerchantsRug","Replay:PocketPolymizer","Question Card","Mummified Hand","Toy Ornithopter","Iron Hammer","Replay:Rubber Ducky","ReplayTheSpireMod:TigerMarble","SacredBark","Red Mask","Toxic Egg 2","Counterbalance","SlaversCollar","Replay:Ringing Soul","Ornamental Fan","Orichalcum","HandDrill","Letter Opener"],"acts_visited":["Exordium","TheCity","TheBeyond","TheEnding"],"potions_floor_usage":[5,26,32,35,43,52,52,52,57],"damage_taken":[{"damage":10,"enemies":"2 Louse","floor":1,"turns":3},{"damage":0,"enemies":"Jaw Worm","floor":2,"turns":3},{"damage":0,"enemies":"Small Slimes","floor":4,"turns":2},{"damage":6,"enemies":"Looter","floor":5,"turns":3},{"damage":20,"enemies":"Gremlin Nob","floor":7,"turns":4},{"damage":0,"enemies":"Exordium Wildlife","floor":12,"turns":4},{"damage":1,"enemies":"3 Sentries","floor":13,"turns":3},{"damage":0,"enemies":"Gremlin Nob","floor":15,"turns":2},{"damage":17,"enemies":"Hexaghost","floor":18,"turns":5},{"damage":0,"enemies":"3 Byrds","floor":20,"turns":3},{"damage":3,"enemies":"Shell Parasite","floor":21,"turns":3},{"damage":0,"enemies":"Masked Bandits","floor":24,"turns":3},{"damage":0,"enemies":"Replay:Snechameleon","floor":26,"turns":3},{"damage":2,"enemies":"Snake Plant","floor":32,"turns":3},{"damage":0,"enemies":"3 Cultists","floor":33,"turns":3},{"damage":8,"enemies":"Automaton","floor":35,"turns":6},{"damage":4,"enemies":"3 Darklings","floor":37,"turns":4},{"damage":5,"enemies":"Orb Walker","floor":39,"turns":4},{"damage":14,"enemies":"3 Darklings","floor":40,"turns":3},{"damage":49,"enemies":"Writhing Mass","floor":43,"turns":4},{"damage":13,"enemies":"R_Hoarder","floor":46,"turns":4},{"damage":3,"enemies":"Spire Growth","floor":48,"turns":2},{"damage":86,"enemies":"Awakened One","floor":52,"turns":6},{"damage":3,"enemies":"Shield and Spear","floor":56,"turns":4},{"damage":103,"enemies":"The Heart","floor":57,"turns":9}],"seed_played":"-3889971645249487984","potions_obtained":[{"floor":1,"key":"Energy Potion"},{"floor":4,"key":"SkillPotion"},{"floor":7,"key":"LiquidMemories"},{"floor":15,"key":"Energy Potion"},{"floor":20,"key":"SkillPotion"},{"floor":21,"key":"Strength Potion"},{"floor":37,"key":"Dexterity Potion"},{"floor":38,"key":"Energy Potion"},{"floor":40,"key":"Fire Potion"},{"floor":46,"key":"Swift Potion"},{"floor":56,"key":"GamblersBrew"}],"is_trial":false,"path_per_floor":["M","M","$","M","M","R","E","R","T","PTL","PTL","M","E","?","E","?","R","B",null,"M","M","?","?","?","R","E","R","T","?","R","$","M","M","R","B",null,"M","?","M","M","?","R","M","R","T","E","?","M","R","$","R","B",null,"R","$","E","B"],"character_chosen":"WATCHER","items_purchased":["MerchantsRug","Replay:PocketPolymizer","Question Card","BattleHymn","LikeWater","ReachHeaven","Counterbalance","Nirvana","Orichalcum","Master of Strategy+1","BattleHymn","Crescendo+1","HandDrill"],"campfire_rested":3,"item_purchase_floors":[0,0,0,0,3,31,31,31,50,50,50,50,55],"current_hp_per_floor":[62,62,62,62,56,56,36,57,57,57,57,57,56,56,56,56,56,39,72,72,69,69,69,69,69,86,86,86,86,86,86,84,84,84,78,86,82,58,53,39,20,50,6,36,36,26,91,91,91,94,94,22,97,97,97,97,0,0],"gold":55,"neow_bonus":"","is_daily":false,"chose_seed":false,"campfire_upgraded":8,"win_rate":0.0,"timestamp":1610411132,"path_taken":["M","M","$","M","M","R","E","R","T","PTL","PTL","M","E","?","E","?","R","BOSS","M","M","?","?","?","R","E","R","T","?","R","$","M","M","R","BOSS","M","?","M","?","?","R","?","R","T","E","?","M","R","$","R","BOSS","R","$","E","BOSS"],"items_purchased_type":["Relic","Relic","Relic","Card","Card","Card","Relic","Card","Relic","Card","Card","Card","Relic"],"build_version":"2020-12-22","purchased_purges":1,"victory":false,"max_hp_per_floor":[72,72,72,72,72,72,72,72,72,72,72,72,72,72,72,72,72,72,72,72,72,72,72,72,72,86,86,86,86,86,86,86,86,86,86,86,86,96,96,96,101,101,101,101,101,104,91,94,94,97,97,97,97,97,97,100,100,100],"relic_stats":{"counters":[54,221],"Mummified Hand":[131],"Ornamental Fan":[64],"HandDrill":[4],"Letter Opener":[21],"Orichalcum":[12],"Question Card":52,"obtain_stats":[{"Vajra":37,"Whetstone":29,"Bottled Tornado":25,"Sozu":34,"Replay:Ringing Soul":45,"Iron Hammer":9,"HandDrill":55,"Toxic Egg 2":29,"MerchantsRug":0,"Pear":38,"Replay:Grab Bag":17,"Counterbalance":31,"Oddly Smooth Stone":39,"Letter Opener":56,"Question Card":0,"SlaversCollar":36,"Onion Ring":46,"ReplayTheSpireMod:TigerMarble":15,"Kintsugi":17,"ReplayFunnel":2,"Replay:PocketPolymizer":0,"SacredBark":19,"Blue Doll":12,"Painkiller Herb":17,"Mango":36,"Juzu Bracelet":37,"Cursed Key":17,"Replay:Rubber Ducky":9,"Replay:Bandana":6,"Matryoshka":13,"Mummified Hand":0,"WingedGreaves":40,"Red Mask":24,"BargainBundle":0,"Lee\u0027s Waffle":37,"Damaru":26,"PreservedInsect":0,"Replay:WaspNest":48,"Odd Mushroom":11,"Frozen Egg 2":43,"Orichalcum":50,"MawBank":8,"White Beast Statue":26,"CaptainsWheel":41,"Ornamental Fan":46,"Durian":0,"Membership Card":39,"PureWater":0,"ReplayTheSpireMod:Lightbulb":43,"Toy Ornithopter":7},{"Vajra":21,"Whetstone":17,"Bottled Tornado":15,"Sozu":19,"Replay:Ringing Soul":49,"Iron Hammer":34,"HandDrill":52,"Toxic Egg 2":42,"MerchantsRug":0,"Pear":46,"Replay:Grab Bag":9,"Counterbalance":42,"Oddly Smooth Stone":22,"Letter Opener":53,"Question Card":0,"SlaversCollar":45,"Onion Ring":26,"ReplayTheSpireMod:TigerMarble":37,"Kintsugi":9,"ReplayFunnel":1,"Replay:PocketPolymizer":29,"SacredBark":38,"Blue Doll":6,"Painkiller Herb":9,"Mango":21,"Juzu Bracelet":21,"Cursed Key":9,"Replay:Rubber Ducky":5,"Replay:Bandana":3,"Matryoshka":7,"Mummified Hand":29,"WingedGreaves":23,"Red Mask":41,"BargainBundle":0,"Lee\u0027s Waffle":21,"Damaru":15,"PreservedInsect":0,"Replay:WaspNest":28,"Odd Mushroom":6,"Frozen Egg 2":24,"Orichalcum":51,"MawBank":5,"White Beast Statue":15,"CaptainsWheel":24,"Ornamental Fan":50,"Durian":0,"Membership Card":22,"PureWater":0,"ReplayTheSpireMod:Lightbulb":24,"Toy Ornithopter":34},{"Vajra":92,"Whetstone":68,"Bottled Tornado":60,"Sozu":82,"Replay:Ringing Soul":197,"Iron Hammer":144,"HandDrill":209,"Toxic Egg 2":170,"MerchantsRug":0,"Pear":186,"Replay:Grab Bag":32,"Counterbalance":170,"Oddly Smooth Stone":95,"Letter Opener":213,"Question Card":0,"SlaversCollar":182,"Onion Ring":115,"ReplayTheSpireMod:TigerMarble":153,"Kintsugi":32,"ReplayFunnel":2,"Replay:PocketPolymizer":129,"SacredBark":158,"Blue Doll":20,"Painkiller Herb":32,"Mango":92,"Juzu Bracelet":92,"Cursed Key":32,"Replay:Rubber Ducky":18,"Replay:Bandana":9,"Matryoshka":22,"Mummified Hand":129,"WingedGreaves":99,"Red Mask":167,"BargainBundle":0,"Lee\u0027s Waffle":92,"Damaru":60,"PreservedInsect":0,"Replay:WaspNest":123,"Odd Mushroom":20,"Frozen Egg 2":104,"Orichalcum":203,"MawBank":18,"White Beast Statue":60,"CaptainsWheel":104,"Ornamental Fan":201,"Durian":0,"Membership Card":95,"PureWater":0,"ReplayTheSpireMod:Lightbulb":104,"Toy Ornithopter":144}],"Toy Ornithopter":29},"card_choices":[{"not_picked":["FlurryOfBlows","Halt","Replay:ManipulateFuture"],"picked":"ClearTheMind","floor":1},{"not_picked":["FollowUp","ClearTheMind","Consecrate"],"picked":"Establishment","floor":2},{"not_picked":["ReachHeaven","Evaluate","CrushJoints"],"picked":"InnerPeace","floor":4},{"not_picked":["EmptyBody","Consecrate","Replay:Vibes"],"picked":"BowlingBash","floor":5},{"not_picked":["Adaptation","Replay:Vibes","Evaluate"],"picked":"SandsOfTime","floor":7},{"not_picked":["SandsOfTime","CarveReality","Evaluate"],"picked":"Meditate","floor":12},{"not_picked":["BowlingBash","Perseverance","ClearTheMind"],"picked":"Indignation","floor":13},{"not_picked":["Replay:Anticipation","Replay:Vibes","Establishment"],"picked":"Tantrum","floor":15},{"not_picked":["DeusExMachina","Ragnarok","ConjureBlade"],"picked":"Wish","floor":18},{"not_picked":["Consecrate","Replay:Battleflow","Meditate+1"],"picked":"Wireheading+1","floor":20},{"not_picked":["PathToVictory+1","Replay:AtTheReady","Halt"],"picked":"Crescendo","floor":21},{"not_picked":["EmptyFist","Replay:ManipulateFuture","Crescendo"],"picked":"Replay:BluntJabs","floor":24},{"not_picked":["BattleHymn","Tantrum","ForeignInfluence+1"],"picked":"Wish","floor":26},{"not_picked":["Halt+1","InnerPeace+1","Replay:Battleflow+1"],"picked":"CutThroughFate","floor":32},{"not_picked":["ReachHeaven","FlyingSleeves","FollowUp+1"],"picked":"ForeignInfluence+1","floor":33},{"not_picked":["MasterReality","SpiritShield+1","Judgement+1"],"picked":"Vault+1","floor":35},{"not_picked":["CrushJoints","Replay:Vibes+1","Worship+1"],"picked":"Vengeance+1","floor":37},{"not_picked":["Crescendo+1","Replay:ManipulateFuture+1","Replay:AtTheReady+1"],"picked":"SandsOfTime","floor":38},{"not_picked":["Vengeance+1","EmptyFist","Worship+1","Replay:AtTheReady+1"],"picked":"SKIP","floor":39},{"not_picked":["InnerPeace+1","ForeignInfluence+1","EmptyBody+1","CutThroughFate+1"],"picked":"SKIP","floor":40},{"not_picked":["Alpha+1","Weave","Replay:BluntJabs+1","Replay:Battleflow+1"],"picked":"SKIP","floor":43},{"not_picked":["EmptyFist","Halt+1","Adaptation"],"picked":"Replay:Anticipation+1","floor":46},{"not_picked":["Tantrum+1","CarveReality+1","Halt+1"],"picked":"MentalFortress+1","floor":48},{"not_picked":["BowlingBash+1","Replay:DivineShield+1","Pray+1"],"picked":"FearNoEvil","floor":56}],"player_experience":59180,"relics_obtained":[{"floor":7,"key":"Toy Ornithopter"},{"floor":9,"key":"Iron Hammer"},{"floor":13,"key":"Replay:Rubber Ducky"},{"floor":15,"key":"ReplayTheSpireMod:TigerMarble"},{"floor":24,"key":"Red Mask"},{"floor":26,"key":"Mango"},{"floor":38,"key":"Pear"},{"floor":45,"key":"Replay:Ringing Soul"},{"floor":46,"key":"Ornamental Fan"},{"floor":56,"key":"Letter Opener"}],"event_choices":[{"damage_healed":0,"gold_gain":175,"player_choice":"AGREE","damage_taken":155,"max_hp_gain":0,"max_hp_loss":0,"event_name":"betterThird:BetterSerpent","floor":14,"gold_loss":0},{"cards_removed":["Doubt"],"damage_healed":0,"gold_gain":0,"player_choice":"Card Removal","damage_taken":0,"max_hp_gain":0,"max_hp_loss":0,"event_name":"The Cleric","floor":16,"gold_loss":50},{"damage_healed":0,"gold_gain":0,"player_choice":"Materialism","damage_taken":0,"max_hp_gain":0,"max_hp_loss":4,"event_name":"betterThird:BetterWriting","floor":22,"gold_loss":0},{"damage_healed":0,"gold_gain":0,"player_choice":"Read","damage_taken":0,"max_hp_gain":0,"max_hp_loss":0,"event_name":"The Library","floor":23,"gold_loss":0,"cards_obtained":["Replay:DivineShield"]},{"damage_healed":0,"gold_gain":0,"player_choice":"Fought Bandits","damage_taken":0,"max_hp_gain":0,"max_hp_loss":0,"event_name":"Masked Bandits","floor":24,"gold_loss":0},{"damage_healed":0,"gold_gain":0,"player_choice":"Random: Violet","damage_taken":0,"max_hp_gain":0,"max_hp_loss":0,"event_name":"betterThird:BetterPortal","floor":41,"gold_loss":0},{"damage_healed":0,"gold_gain":0,"player_choice":"Shed Blood","damage_taken":24,"max_hp_gain":5,"max_hp_loss":0,"event_name":"Forgotten Altar","floor":41,"gold_loss":0},{"damage_healed":91,"gold_gain":0,"player_choice":"Heal","damage_taken":0,"max_hp_gain":0,"max_hp_loss":13,"event_name":"The Moai Head","floor":47,"gold_loss":0}],"is_beta":false,"boss_relics":[{"not_picked":["ChewingGum","Replay:Grab Bag"],"picked":"SacredBark"},{"not_picked":["Astrolabe","Snecko Eye"],"picked":"SlaversCollar"}],"items_purged_floors":[0],"is_endless":false,"potions_floor_spawned":[1,4,7,15,20,21,37,40,46,56],"killed_by":"The Heart","ascension_level":2}}