{"host":"9d9dhukr2jywmy0f","time":1610457696,"event":{"mods":["2.2 Compatiblity","Alarm Clock","BaseMod","Bestiary","Block Reminder","Colored Map","Colored Powertips","Curses Come First","DeckTracker","Highlight Path","Key Reminder","Marisa£®ÏF”Í°°ƒß¿Ì…≥£©","Minty Spire (QoL Compilation)","Quick Restart","Rare Cards Sparkle","Relic Sorter","Relic Stats","Spire Birthday Party","StSLib","SuperFastMode","Synergy Search","Unceasing Turn Reminder","Unknown Chances"],"gold_per_floor":[119,119,119,132,57,57,126,176,176,176,208,273,26,76,76,178,178,191,241,253,303,315,315,385,210,235,86,102,102,152,167,167,272,272,288,351,401,413,16,16,41,54,54,84,99,149,163,189,189,189,189,189,44,77,77],"floor_reached":56,"playtime":3053,"items_purged":["Strike_MRS","UpSweep","Defend_MRS","Defend_MRS"],"score":1969,"play_id":"67b2f949-95fb-45df-9f30-f80ca94b4520","local_time":"20210112212136","is_ascension_mode":true,"campfire_choices":[{"data":"MasterSpark","floor":6.0,"key":"SMITH"},{"data":"MilkyWay","floor":10.0,"key":"SMITH"},{"data":"MilkyWay","floor":15.0,"key":"SMITH"},{"data":"Acceleration","floor":23.0,"key":"SMITH"},{"data":"PowerUp","floor":29.0,"key":"SMITH"},{"data":"Ghostly","floor":32.0,"key":"SMITH"},{"data":"Ghostly","floor":40.0,"key":"SMITH"},{"floor":49.0,"key":"RECALL"},{"data":"6A","floor":52,"key":"SMITH"}],"circlet_count":0,"master_deck":["AscendersBane","Defend_MRS","Defend_MRS","MasterSpark+1","Acceleration+1","MilkyWay+1","Acceleration","6A+1","MilkyWay+1","Ghostly","Ghostly","Ghostly","Ghostly+1","Ghostly+1","Acceleration","EnergyRecoil","PowerUp+1","Acceleration+1","ManaConvection+1","PowerUp+1","Parasite","Parasite"],"relics":["MiniHakkero","NeowsBlessing","Blood Vial","SsserpentHead","Centennial Puzzle","SimpleLauncher","Empty Cage","Anchor","Art of War","Busted Crown","Question Card","Dream Catcher","Frozen Egg 2","MealTicket","ShroomBag","Strange Spoon","Vajra"],"acts_visited":["Exordium","TheCity","TheBeyond","TheEnding"],"potions_floor_usage":[55,55],"damage_taken":[{"damage":0.0,"enemies":"2 Louse","floor":1.0,"turns":1.0},{"damage":0.0,"enemies":"Cultist","floor":4.0,"turns":1.0},{"damage":0.0,"enemies":"Jaw Worm","floor":7.0,"turns":1.0},{"damage":11.0,"enemies":"3 Sentries","floor":11.0,"turns":7.0},{"damage":1.0,"enemies":"Looter","floor":12.0,"turns":3.0},{"damage":29.0,"enemies":"The Guardian","floor":16.0,"turns":11.0},{"damage":11.0,"enemies":"Spheric Guardian","floor":18.0,"turns":4.0},{"damage":0.0,"enemies":"Chosen","floor":20.0,"turns":5.0},{"damage":4.0,"enemies":"Centurion and Healer","floor":22.0,"turns":8.0},{"damage":2.0,"enemies":"Snecko","floor":24.0,"turns":8.0},{"damage":25.0,"enemies":"Cultist and Chosen","floor":28.0,"turns":9.0},{"damage":0.0,"enemies":"Centurion and Healer","floor":31.0,"turns":5.0},{"damage":2.0,"enemies":"Collector","floor":33.0,"turns":4.0},{"damage":0.0,"enemies":"Orb Walker","floor":35.0,"turns":4.0},{"damage":4.0,"enemies":"3 Darklings","floor":36.0,"turns":7.0},{"damage":0.0,"enemies":"Maw","floor":38.0,"turns":4.0},{"damage":0.0,"enemies":"Giant Head","floor":41.0,"turns":5.0},{"damage":0.0,"enemies":"Writhing Mass","floor":42.0,"turns":4.0},{"damage":1.0,"enemies":"Nemesis","floor":44.0,"turns":5.0},{"damage":0.0,"enemies":"Transient","floor":45.0,"turns":5.0},{"damage":0.0,"enemies":"3 Darklings","floor":47.0,"turns":9.0},{"damage":5.0,"enemies":"Reptomancer","floor":48.0,"turns":4.0},{"damage":0.0,"enemies":"Awakened One","floor":50.0,"turns":6.0},{"damage":8,"enemies":"Shield and Spear","floor":54,"turns":8},{"damage":10,"enemies":"The Heart","floor":55,"turns":10}],"seed_played":"-1986808228791028371","potions_obtained":[{"floor":7.0,"key":"SteroidPotion"},{"floor":11.0,"key":"SkillPotion"},{"floor":22.0,"key":"Dexterity Potion"},{"floor":28.0,"key":"ShroomBrew"},{"floor":38.0,"key":"Dexterity Potion"},{"floor":41.0,"key":"DuplicationPotion"},{"floor":48.0,"key":"Strength Potion"}],"is_trial":false,"path_per_floor":["M","?","?","M","$","R","M","?","T","R","E","M","$","?","R","B",null,"M","?","M","?","M","R","M","$","T","$","M","R","?","M","R","B",null,"M","M","?","M","$","R","E","M","T","E","M","?","M","E","R","B",null,"R","$","E","B",null],"character_chosen":"MARISA","items_purchased":["SimpleLauncher","EnergyRecoil","PowerUp","Question Card","Strange Spoon"],"campfire_rested":0,"item_purchase_floors":[13,25,27,39,53],"current_hp_per_floor":[68,56,56,58,58,58,60,60,60,60,51,52,52,57,57,30,68,59,40,40,40,36,36,36,36,36,36,13,13,7,9,9,9,32,34,32,32,34,34,34,36,38,38,37,38,38,38,33,33,38,38,38,38,32,35],"gold":77,"neow_bonus":"THREE_ENEMY_KILL","is_daily":false,"chose_seed":false,"campfire_upgraded":8,"win_rate":0.0,"timestamp":1610457696,"path_taken":["M","?","?","M","$","R","?","?","T","R","E","?","?","?","R","BOSS","M","?","M","?","M","R","?","$","T","$","M","R","?","M","R","BOSS","M","?","?","M","$","R","E","M","T","E","M","?","M","E","R","BOSS","R","$","E","BOSS"],"items_purchased_type":["Relic","Card","Card","Relic","Relic"],"build_version":"2020-11-30","purchased_purges":4,"victory":true,"max_hp_per_floor":[75,75,75,75,75,75,75,75,75,75,75,75,75,80,80,80,80,80,40,40,40,40,40,40,40,40,40,40,40,40,40,40,40,40,40,40,38,38,38,38,38,38,38,38,38,38,38,38,38,38,38,38,38,38,38],"relic_stats":{"Blood Vial":35,"SsserpentHead":600,"Strange Spoon":[24],"Centennial Puzzle":[36],"Dream Catcher":0,"Busted Crown":20,"counters":[25,138],"MealTicket":0,"Art of War":[55],"Question Card":7,"obtain_stats":[{"NeowsBlessing":0,"Vajra":54,"Frozen Egg 2":43,"Empty Cage":17,"Question Card":39,"Blood Vial":2,"keyreminder:keyreminder":9,"SsserpentHead":3,"ShroomBag":48,"Strange Spoon":53,"Centennial Puzzle":11,"Anchor":21,"Dream Catcher":41,"Busted Crown":34,"MealTicket":44,"Art of War":26,"MiniHakkero":0,"SimpleLauncher":13},{"NeowsBlessing":0,"Vajra":24,"Frozen Egg 2":18,"Empty Cage":6,"Question Card":16,"Blood Vial":1,"keyreminder:keyreminder":3,"SsserpentHead":1,"ShroomBag":22,"Strange Spoon":23,"Centennial Puzzle":4,"Anchor":8,"Dream Catcher":17,"Busted Crown":13,"MealTicket":19,"Art of War":10,"MiniHakkero":0,"SimpleLauncher":5},{"NeowsBlessing":0,"Vajra":128,"Frozen Egg 2":91,"Empty Cage":24,"Question Card":82,"Blood Vial":1,"keyreminder:keyreminder":3,"SsserpentHead":1,"ShroomBag":114,"Strange Spoon":120,"Centennial Puzzle":10,"Anchor":33,"Dream Catcher":87,"Busted Crown":67,"MealTicket":96,"Art of War":49,"MiniHakkero":0,"SimpleLauncher":13}]},"card_choices":[{"not_picked":["WitchOfGreed","GravityBeat"],"picked":"Acceleration","floor":1.0},{"not_picked":["DragonMeteor","LuminesStrike"],"picked":"MilkyWay","floor":4.0},{"not_picked":["GasGiant","DarkMatter"],"picked":"Acceleration","floor":7.0},{"not_picked":["ChargeUpSpray","OortCloud"],"picked":"6A","floor":11.0},{"not_picked":["GalacticHalo","AsteroidBelt"],"picked":"MilkyWay","floor":12.0},{"not_picked":["WitchLeyline","LuminesStrike","DoubleSpark"],"picked":"SKIP","floor":18.0},{"not_picked":["AsteroidBelt","SuperNova","DoubleSpark"],"picked":"SKIP","floor":20.0},{"not_picked":["MachineGunSpark","MysteriousBeam"],"picked":"Acceleration","floor":22.0},{"not_picked":["AsteroidBelt","DC"],"picked":"ChargingUp","floor":24.0},{"not_picked":["AsteroidBelt+1","GrandCross","BlazeAway+1"],"picked":"SKIP","floor":28.0},{"not_picked":["GravityBeat","IllusionStar"],"picked":"Acceleration+1","floor":31.0},{"not_picked":["GrandCross"],"picked":"SKIP","floor":35.0},{"not_picked":["WitchLeyline"],"picked":"SKIP","floor":36.0},{"not_picked":[],"picked":"ManaConvection+1","floor":38.0},{"not_picked":["GasGiant","OpenUniverse"],"picked":"SKIP","floor":41.0},{"not_picked":["NonDirectionalLaser+1","ChargeUpSpray"],"picked":"SKIP","floor":42.0},{"not_picked":["UnstableBomb","MilkyWay"],"picked":"SKIP","floor":44.0},{"not_picked":["Acceleration"],"picked":"PowerUp+1","floor":45.0},{"not_picked":["DC","GrandCross"],"picked":"SKIP","floor":47.0},{"not_picked":["Acceleration","IllusionStar+1"],"picked":"SKIP","floor":48.0},{"not_picked":["SprinkleStarSeal+1","MagicAbsorber+1"],"picked":"SKIP","floor":54}],"player_experience":879591,"relics_obtained":[{"floor":11.0,"key":"Centennial Puzzle"},{"floor":26.0,"key":"Art of War"},{"floor":41.0,"key":"Dream Catcher"},{"floor":43.0,"key":"Frozen Egg 2"},{"floor":44.0,"key":"MealTicket"},{"floor":48.0,"key":"ShroomBag"},{"floor":54,"key":"Vajra"}],"event_choices":[{"damage_healed":0.0,"max_hp_gain":0.0,"max_hp_loss":0.0,"gold_gain":0.0,"event_name":"Scrap Ooze","player_choice":"Success","floor":2.0,"gold_loss":0.0,"damage_taken":12.0,"relics_obtained":["Blood Vial"]},{"damage_healed":0.0,"max_hp_gain":0.0,"max_hp_loss":0.0,"gold_gain":0.0,"event_name":"FaceTrader","player_choice":"Trade","floor":3.0,"gold_loss":0.0,"damage_taken":0.0,"relics_obtained":["SsserpentHead"]},{"cards_removed":["Strike_MRS"],"damage_healed":0.0,"max_hp_gain":0.0,"max_hp_loss":0.0,"gold_gain":0.0,"event_name":"Bonfire Elementals","player_choice":"Offered Basic","floor":8.0,"gold_loss":0.0,"damage_taken":0.0},{"damage_healed":0.0,"max_hp_gain":5.0,"max_hp_loss":0.0,"gold_gain":0.0,"event_name":"Big Fish","player_choice":"Donut","floor":14.0,"gold_loss":0.0,"damage_taken":0.0},{"damage_healed":0.0,"max_hp_gain":0.0,"max_hp_loss":40.0,"gold_gain":0.0,"event_name":"Ghosts","player_choice":"Became a Ghost","floor":19.0,"gold_loss":0.0,"damage_taken":0.0,"cards_obtained":["Ghostly","Ghostly","Ghostly","Ghostly","Ghostly"]},{"damage_healed":0.0,"max_hp_gain":0.0,"max_hp_loss":0.0,"gold_gain":0.0,"event_name":"WeMeetAgain","player_choice":"Gave Potion","floor":21.0,"gold_loss":0.0,"damage_taken":0.0,"relics_obtained":["Anchor"]},{"damage_healed":0.0,"max_hp_gain":0.0,"max_hp_loss":0.0,"gold_gain":0.0,"event_name":"Knowing Skull","player_choice":"","floor":30.0,"potions_obtained":[],"gold_loss":0.0,"damage_taken":6.0,"cards_obtained":[]},{"damage_healed":0.0,"max_hp_gain":0.0,"max_hp_loss":2.0,"gold_gain":0.0,"event_name":"Winding Halls","player_choice":"Max HP","floor":37.0,"gold_loss":0.0,"damage_taken":0.0},{"cards_removed":["ChargingUp"],"damage_healed":0.0,"max_hp_gain":0.0,"max_hp_loss":0.0,"gold_gain":0.0,"event_name":"Falling","player_choice":"Removed Skill","floor":46.0,"gold_loss":0.0,"damage_taken":0.0}],"is_beta":false,"boss_relics":[{"not_picked":["Ectoplasm","Astrolabe"],"picked":"Empty Cage"},{"not_picked":["Black Star","Tiny House"],"picked":"Busted Crown"}],"items_purged_floors":[5,25,27,39],"is_endless":false,"potions_floor_spawned":[7,11,22,28,31,36,38,41,48],"ascension_level":11}}