{"host":"dt66m9hiqmdltoz4","time":1610420669,"event":{"mods":["BaseMod","Gremlin Skip","Minty Spire (QoL Compilation)","Shop Mod","StSLib","The Alterego"],"gold_per_floor":[116,136,311,321,396,396,422,434,480,480,491,511,531,543,543,543,543],"floor_reached":16,"playtime":484,"items_purged":[],"score":106,"play_id":"48e139cf-aad0-4ffe-bc2e-8044277c5e77","local_time":"20210112160429","is_ascension_mode":false,"campfire_choices":[{"data":"Havoc","floor":6,"key":"SMITH"},{"data":"Ghostly Armor","floor":10,"key":"SMITH"},{"floor":15,"key":"REST"}],"circlet_count":0,"master_deck":["Strike_R","Strike_R","Strike_R","Strike_R","Strike_R","Defend_R","Defend_R","Defend_R","Defend_R","Bash","Havoc+1","Ghostly Armor+1","Doubt","Dropkick","Shockwave","Twin Strike","Dropkick","Cleave","Havoc","Combust"],"relics":["Burning Blood","Darkstone Periapt","Nunchaku"],"acts_visited":["Exordium"],"potions_floor_usage":[8,16,16,16,16],"damage_taken":[{"damage":11,"enemies":"Jaw Worm","floor":1,"turns":2},{"damage":1,"enemies":"2 Louse","floor":2,"turns":4},{"damage":7,"enemies":"Cultist","floor":4,"turns":5},{"damage":40,"enemies":"Gremlin Nob","floor":7,"turns":5},{"damage":22,"enemies":"Exordium Wildlife","floor":8,"turns":6},{"damage":4,"enemies":"Red Slaver","floor":11,"turns":4},{"damage":6,"enemies":"Large Slime","floor":12,"turns":4},{"damage":14,"enemies":"Gremlin Gang","floor":13,"turns":6},{"damage":10,"enemies":"2 Fungi Beasts","floor":14,"turns":3},{"damage":75,"enemies":"The Guardian","floor":16,"turns":10}],"seed_played":"-7170692405488181343","potions_obtained":[{"floor":4,"key":"Swift Potion"},{"floor":7,"key":"EntropicBrew"},{"floor":8,"key":"SkillPotion"}],"is_trial":false,"path_per_floor":["M","M","?","M","?","R","E","M","T","R","M","M","M","M","R","B"],"character_chosen":"IRONCLAD","items_purchased":[],"campfire_rested":1,"item_purchase_floors":[],"current_hp_per_floor":[83,88,88,87,76,76,42,26,26,26,28,28,20,16,42,0,0],"gold":543,"neow_bonus":"TEN_PERCENT_HP_BONUS","is_daily":false,"chose_seed":false,"campfire_upgraded":2,"win_rate":0.0,"timestamp":1610420669,"path_taken":["M","M","?","M","?","R","E","M","T","R","M","M","M","M","R","BOSS"],"items_purchased_type":[],"build_version":"2020-12-22","purchased_purges":0,"victory":false,"max_hp_per_floor":[88,88,88,88,88,88,88,88,88,88,88,88,88,88,88,88,88],"card_choices":[{"not_picked":["Armaments","True Grit"],"picked":"Havoc","floor":1},{"not_picked":["Dropkick","Perfected Strike"],"picked":"Ghostly Armor","floor":2},{"not_picked":["Cleave","Burning Pact"],"picked":"Dropkick","floor":4},{"not_picked":["Fire Breathing","Carnage"],"picked":"Shockwave","floor":7},{"not_picked":["Clash","Perfected Strike"],"picked":"Twin Strike","floor":8},{"not_picked":["Inflame","Corruption"],"picked":"Dropkick","floor":11},{"not_picked":["Sentinel","Wild Strike"],"picked":"Cleave","floor":12},{"not_picked":["Ghostly Armor","True Grit"],"picked":"Havoc","floor":13},{"not_picked":["Clothesline","Heavy Blade"],"picked":"Combust","floor":14}],"player_experience":310357,"relics_obtained":[{"floor":7,"key":"Darkstone Periapt"},{"floor":9,"key":"Nunchaku"}],"event_choices":[{"damage_healed":0,"gold_gain":175,"player_choice":"AGREE","damage_taken":0,"max_hp_gain":0,"max_hp_loss":0,"event_name":"Liars Game","floor":3,"gold_loss":0,"cards_obtained":["Doubt"]},{"damage_healed":0,"gold_gain":75,"player_choice":"Gather Gold","damage_taken":11,"max_hp_gain":0,"max_hp_loss":0,"event_name":"World of Goop","floor":5,"gold_loss":0}],"is_beta":false,"boss_relics":[],"items_purged_floors":[],"is_endless":false,"potions_floor_spawned":[4,7,8],"killed_by":"The Guardian","ascension_level":0}}