{"host":"yuhy0i501zzmn1iz","time":1610426383,"event":{"mods":["AchievementEnabler","AlwaysNeverKeys","BaseMod","Bestiary","Better Match","Better Third Choice","Curses Come First","Downfall","Minty Spire (QoL Compilation)","StSLib","The Blue Laboratory","slay the spire mod where everything is the same but ironclad has a cowboy hat"],"gold_per_floor":[110,110,110,31,41,76,76,86,86,86,96,116,134,163,163,268,268,287,305,320,20,33,33,51,51,75,75,110,110,110,138,138,240,240,253,270,570,570,580,580,594,56,56,85,85,45,45,56,56,56,56,56,56,88,88,88],"floor_reached":55,"playtime":2440,"items_purged":["Defend_G"],"score":951,"play_id":"96868ccc-0789-432e-95cb-ce94025aede1","local_time":"20210111233943","is_ascension_mode":true,"campfire_choices":[{"data":"Bullet Time","floor":7.0,"key":"SMITH"},{"data":"Footwork","floor":10.0,"key":"SMITH"},{"data":"Acrobatics","floor":15.0,"key":"SMITH"},{"data":"Blade Dance","floor":23.0,"key":"SMITH"},{"data":"Endless Agony","floor":25.0,"key":"SMITH"},{"data":"Storm of Steel","floor":30.0,"key":"SMITH"},{"data":"Backstab","floor":32.0,"key":"SMITH"},{"floor":40.0,"key":"RECALL"},{"data":"Burst","floor":45.0,"key":"SMITH"},{"floor":49.0,"key":"REST"},{"data":"Expertise","floor":52.0,"key":"SMITH"}],"circlet_count":0,"master_deck":["Strike_G","Strike_G","Strike_G","Strike_G","Defend_G","Defend_G","Defend_G","Survivor","Neutralize","Endless Agony+1","Disarm","Footwork+1","Bullet Time+1","Backflip","PiercingWail","Leg Sweep","Blade Dance+1","Acrobatics+1","A Thousand Cuts+1","Slice","Predator","Expertise+1","Corpse Explosion","Well Laid Plans+1","Accuracy+1","Storm of Steel+1","Backstab+1","Slice","Blur","Malaise","CurseOfTheBell","Well Laid Plans+1","Blade Dance+1","Eviscerate+1","Cloak And Dagger+1","Burst+1","Noxious Fumes+1","After Image+1","Calculated Gamble+1","Cloak And Dagger+1","Deflect+1"],"relics":["Ring of the Snake","NeowsBlessing","Mercury Hourglass","Akabeko","Tiny Chest","Frozen Egg 2","Ornamental Fan","WristBlade","Pen Nib","Bag of Preparation","Nunchaku","Letter Opener","Calling Bell","Blood Vial","Mummified Hand","The Specimen","Old Coin","Paper Crane","Strawberry","Toxic Egg 2","Lizard Tail"],"acts_visited":["Exordium","TheCity","TheBeyond","TheEnding"],"potions_floor_usage":[],"damage_taken":[{"damage":0.0,"enemies":"Small Slimes","floor":1.0,"turns":1.0},{"damage":0.0,"enemies":"Jaw Worm","floor":5.0,"turns":1.0},{"damage":0.0,"enemies":"Gremlin Nob","floor":6.0,"turns":1.0},{"damage":0.0,"enemies":"Cultist","floor":8.0,"turns":3.0},{"damage":0.0,"enemies":"Looter","floor":11.0,"turns":2.0},{"damage":0.0,"enemies":"3 Louse","floor":12.0,"turns":2.0},{"damage":4.0,"enemies":"Blue Slaver","floor":13.0,"turns":3.0},{"damage":11.0,"enemies":"Lagavulin","floor":14.0,"turns":11.0},{"damage":30.0,"enemies":"Hexaghost","floor":16.0,"turns":16.0},{"damage":0.0,"enemies":"3 Byrds","floor":18.0,"turns":2.0},{"damage":0.0,"enemies":"Spheric Guardian","floor":19.0,"turns":3.0},{"damage":8.0,"enemies":"Shelled Parasite and Fungi","floor":20.0,"turns":3.0},{"damage":2.0,"enemies":"3 Cultists","floor":22.0,"turns":3.0},{"damage":1.0,"enemies":"Snecko","floor":24.0,"turns":3.0},{"damage":22.0,"enemies":"Slavers","floor":28.0,"turns":2.0},{"damage":0.0,"enemies":"Gremlin Leader","floor":31.0,"turns":3.0},{"damage":3.0,"enemies":"Collector","floor":33.0,"turns":6.0},{"damage":0.0,"enemies":"Orb Walker","floor":35.0,"turns":2.0},{"damage":6.0,"enemies":"3 Shapes","floor":36.0,"turns":3.0},{"damage":16.0,"enemies":"Spire Growth","floor":39.0,"turns":3.0},{"damage":0.0,"enemies":"4 Shapes","floor":41.0,"turns":1.0},{"damage":4.0,"enemies":"Reptomancer","floor":44.0,"turns":3.0},{"damage":12.0,"enemies":"3 Darklings","floor":48.0,"turns":3.0},{"damage":42.0,"enemies":"Donu and Deca","floor":50.0,"turns":8.0},{"damage":70.0,"enemies":"Shield and Spear","floor":54.0,"turns":4.0},{"damage":71,"enemies":"The Heart","floor":55,"turns":8}],"seed_played":"474760888962571748","potions_obtained":[{"floor":5.0,"key":"LiquidMemories"},{"floor":8.0,"key":"Swift Potion"},{"floor":11.0,"key":"LiquidBronze"},{"floor":12.0,"key":"Guardian:BlockOnCardUsePotion"},{"floor":24.0,"key":"SpeedPotion"},{"floor":31.0,"key":"BlessingOfTheForge"},{"floor":36.0,"key":"SneckoOil"},{"floor":39.0,"key":"BlessingOfTheForge"},{"floor":41.0,"key":"SpeedPotion"}],"is_trial":false,"path_per_floor":["M","?","?","$","M","E","R","M","T","R","M","M","M","E","R","B",null,"M","M","M","$","M","R","M","R","T","?","E","?","R","E","R","B",null,"M","M","T","?","M","R","M","$","T","E","R","$","T","M","R","B",null,"R","$","E","B"],"character_chosen":"THE_SILENT","items_purchased":["Footwork","Pen Nib","Corpse Explosion","Well Laid Plans+1","Paper Crane","Burst","Noxious Fumes+1","Calculated Gamble+1"],"campfire_rested":1,"item_purchase_floors":[4,21,21,21,42,42,42,46],"current_hp_per_floor":[70,56,56,56,56,56,56,56,56,56,56,56,52,41,41,11,70,70,70,62,62,60,60,59,59,59,59,37,37,37,37,37,34,70,70,64,64,64,50,50,52,52,59,57,57,57,57,47,70,30,77,77,77,7,0,0],"gold":88,"neow_bonus":"THREE_ENEMY_KILL","is_daily":false,"chose_seed":false,"campfire_upgraded":9,"win_rate":0.0,"timestamp":1610426383,"path_taken":["M","?","?","$","M","E","R","M","T","R","M","?","M","E","R","BOSS","M","M","M","$","M","R","M","R","T","?","E","?","R","E","R","BOSS","M","M","?","?","M","R","?","$","T","E","R","?","?","M","R","BOSS","R","$","E","BOSS"],"items_purchased_type":["Card","Relic","Card","Card","Relic","Card","Card","Card"],"build_version":"2020-12-22","purchased_purges":1,"victory":false,"max_hp_per_floor":[70,70,70,70,70,70,70,70,70,70,70,70,70,70,70,70,70,70,70,70,70,70,70,70,70,70,70,70,70,70,70,70,70,70,70,70,70,70,70,70,70,70,77,77,77,77,77,77,77,77,77,77,77,77,77,77],"card_choices":[{"not_picked":["Dagger Throw","Flying Knee"],"picked":"Endless Agony","floor":1.0},{"not_picked":["Dodge and Roll","Deadly Poison"],"picked":"Sucker Punch","floor":5.0},{"not_picked":["Sucker Punch","Underhanded Strike"],"picked":"Bullet Time","floor":6.0},{"not_picked":["Deadly Poison","Dagger Spray"],"picked":"Backflip","floor":8.0},{"not_picked":["Underhanded Strike","Poisoned Stab"],"picked":"PiercingWail","floor":11.0},{"not_picked":["Underhanded Strike","Deflect"],"picked":"Leg Sweep","floor":12.0},{"not_picked":["Concentrate","Poisoned Stab"],"picked":"Blade Dance","floor":13.0},{"not_picked":["Bullet Time","Deflect"],"picked":"Acrobatics","floor":14.0},{"not_picked":["Phantasmal Killer","Wraith Form v2+1"],"picked":"A Thousand Cuts+1","floor":16.0},{"not_picked":["Deadly Poison","Leg Sweep"],"picked":"Slice","floor":18.0},{"not_picked":["Cloak And Dagger","Flying Knee"],"picked":"Predator","floor":19.0},{"not_picked":["Outmaneuver","Poisoned Stab"],"picked":"Expertise","floor":20.0},{"not_picked":["Poisoned Stab","Flechettes","Dagger Throw"],"picked":"SKIP","floor":22.0},{"not_picked":["Slice","Caltrops+1"],"picked":"Accuracy+1","floor":24.0},{"not_picked":["Flechettes+1","Leg Sweep","Bane"],"picked":"SKIP","floor":28.0},{"not_picked":["Reflex","Deflect"],"picked":"Blur","floor":31.0},{"not_picked":["After Image+1","Bullet Time"],"picked":"Malaise","floor":33.0},{"not_picked":["Poisoned Stab","Underhanded Strike+1"],"picked":"Well Laid Plans+1","floor":35.0},{"not_picked":["Distraction","Sucker Punch+1"],"picked":"Blade Dance+1","floor":36.0},{"not_picked":["Flying Knee+1","Outmaneuver+1"],"picked":"Eviscerate+1","floor":39.0},{"not_picked":["Heel Hook+1","Quick Slash+1"],"picked":"Cloak And Dagger+1","floor":41.0},{"not_picked":["Skewer+1","Backflip+1"],"picked":"After Image+1","floor":44.0},{"not_picked":["Prepared+1","Distraction+1"],"picked":"Cloak And Dagger+1","floor":48.0},{"not_picked":["Deadly Poison+1","Malaise+1"],"picked":"Deflect+1","floor":54.0}],"player_experience":279579,"relics_obtained":[{"floor":3.0,"key":"Akabeko"},{"floor":6.0,"key":"Tiny Chest"},{"floor":9.0,"key":"Frozen Egg 2"},{"floor":14.0,"key":"Ornamental Fan"},{"floor":26.0,"key":"Bag of Preparation"},{"floor":28.0,"key":"Nunchaku"},{"floor":31.0,"key":"Letter Opener"},{"floor":34.0,"key":"Blood Vial"},{"floor":34.0,"key":"Mummified Hand"},{"floor":34.0,"key":"The Specimen"},{"floor":37.0,"key":"Old Coin"},{"floor":43.0,"key":"Strawberry"},{"floor":44.0,"key":"Toxic Egg 2"},{"floor":54.0,"key":"Lizard Tail"}],"event_choices":[{"damage_healed":0.0,"max_hp_gain":0.0,"max_hp_loss":0.0,"gold_gain":0.0,"event_name":"Wheel of Change","player_choice":"Relic","floor":3.0,"gold_loss":0.0,"damage_taken":0.0},{"damage_healed":0.0,"max_hp_gain":0.0,"max_hp_loss":0.0,"gold_gain":0.0,"event_name":"The Library","player_choice":"Read","floor":27.0,"gold_loss":0.0,"damage_taken":0.0,"cards_obtained":["Storm of Steel"]},{"damage_healed":0.0,"max_hp_gain":0.0,"max_hp_loss":0.0,"gold_gain":0.0,"cards_transformed":["Defend_G","Strike_G"],"event_name":"Drug Dealer","player_choice":"Became Test Subject","floor":29.0,"gold_loss":0.0,"damage_taken":0.0,"cards_obtained":["Backstab","Slice"]},{"cards_removed":["Sucker Punch"],"damage_healed":0.0,"max_hp_gain":0.0,"max_hp_loss":0.0,"gold_gain":0.0,"event_name":"Purifier","player_choice":"Purged","floor":38.0,"gold_loss":0.0,"damage_taken":0.0}],"is_beta":false,"boss_relics":[{"not_picked":["Tiny House","Black Star"],"picked":"WristBlade"},{"not_picked":["HoveringKite","SacredBark"],"picked":"Calling Bell"}],"items_purged_floors":[42],"is_endless":false,"potions_floor_spawned":[5,8,11,12,24,31,36,39,41],"killed_by":"The Heart","ascension_level":4}}