{"host":"33eci8hn4byprget","time":1610468756,"event":{"mods":["BaseMod","Downfall","Duelist Mod","GifTheSpireLib","Hubris","Minty Spire (QoL Compilation)","StSLib","The Construct"],"gold_per_floor":[99,99,99,99,99,111,111,111,168,191,203,7,41,41,64,161,161,161,180,180,180,180,173,173,201,215,236,253,265,265,283,307,307,307,307],"floor_reached":33,"playtime":2263,"items_purged":[],"score":247,"play_id":"ebd84e08-455c-4c69-b207-a9714eb20f5c","local_time":"20210113002556","is_ascension_mode":false,"campfire_choices":[{"data":"hexamod:Sear","floor":1.0,"key":"SMITH"},{"data":"hexamod:TimeOfNeed","floor":18.0,"key":"SMITH"},{"floor":30.0,"key":"REST"}],"circlet_count":0,"master_deck":["hexamod:Strike","hexamod:Strike","hexamod:Strike","hexamod:Strike","hexamod:Defend","hexamod:Defend","hexamod:Defend","hexamod:Defend","hexamod:Sear+1","hexamod:Float","hexamod:SwordOfDarkness+1","hexamod:FourthSeal","hexamod:SpectralAdrenaline","hexamod:ShieldOfDarkness","hexamod:TimeOfNeed+1","hexamod:FastForward","hexamod:SecondSeal","hexamod:SpectersWail","hexamod:DynamicBlow","hexamod:VolcanoVisage","hexamod:FirstSeal","hexamod:FirstSeal","hexamod:VolcanoVisage","hexamod:GhostShield+1","RitualDagger+1","hexamod:BurningTouch+1","hexamod:VolcanoVisage","hexamod:RadiantFlame","hexamod:ExtraCrispy+1"],"relics":["hexamod:SpiritBrand","downfall:HeartsMalice","hubris:Reverence","Odd Mushroom","Membership Card","Shuriken","construct:WeddingRing","downfall:RedIOU","Pantograph"],"acts_visited":["Exordium","TheCity"],"potions_floor_usage":[32,33],"damage_taken":[{"damage":0.0,"enemies":"Small Slimes","floor":2.0,"turns":1.0},{"damage":0.0,"enemies":"2 Louse","floor":4.0,"turns":1.0},{"damage":0.0,"enemies":"Jaw Worm","floor":5.0,"turns":1.0},{"damage":1.0,"enemies":"2 Fungi Beasts","floor":6.0,"turns":3.0},{"damage":26.0,"enemies":"Lagavulin Event","floor":9.0,"turns":6.0},{"damage":4.0,"enemies":"The Mushroom Lair","floor":10.0,"turns":4.0},{"damage":0.0,"enemies":"Exordium Wildlife","floor":11.0,"turns":3.0},{"damage":0.0,"enemies":"downfall:FleeingMerchant","floor":12.0,"turns":4.0},{"damage":10.0,"enemies":"3 Sentries","floor":13.0,"turns":6.0},{"damage":6.0,"enemies":"Large Slime","floor":15.0,"turns":3.0},{"damage":26.0,"enemies":"downfall:Watcher","floor":16.0,"turns":9.0},{"damage":17.0,"enemies":"Shell Parasite","floor":19.0,"turns":7.0},{"damage":9.0,"enemies":"downfall:FleeingMerchant","floor":23.0,"turns":4.0},{"damage":31.0,"enemies":"Snake Plant","floor":25.0,"turns":4.0},{"damage":13.0,"enemies":"Shelled Parasite and Fungi","floor":26.0,"turns":7.0},{"damage":8.0,"enemies":"Centurion and Healer","floor":27.0,"turns":5.0},{"damage":21.0,"enemies":"Snake Plant","floor":28.0,"turns":5.0},{"damage":8.0,"enemies":"Snecko","floor":29.0,"turns":5.0},{"damage":14.0,"enemies":"3 Cultists","floor":31.0,"turns":4.0},{"damage":31,"enemies":"Cultist and Chosen","floor":32,"turns":7},{"damage":103,"enemies":"downfall:Silent","floor":33,"turns":7}],"seed_played":"5969328481512995028","potions_obtained":[{"floor":6.0,"key":"Fire Potion"},{"floor":9.0,"key":"Regen Potion"},{"floor":11.0,"key":"Block Potion"},{"floor":12.0,"key":"Guardian:BlockOnCardUsePotion"},{"floor":13.0,"key":"SkillPotion"},{"floor":15.0,"key":"BlessingOfTheForge"},{"floor":15.0,"key":"Strength Potion"},{"floor":16.0,"key":"SpeedPotion"},{"floor":19.0,"key":"construct:ShiftPotion"},{"floor":21.0,"key":"CultistPotion"},{"floor":23.0,"key":"Slimebound:ThreeZeroPotion"},{"floor":25.0,"key":"EntropicBrew"},{"floor":26.0,"key":"Regen Potion"},{"floor":28.0,"key":"FairyPotion"},{"floor":28.0,"key":"EssenceOfSteel"},{"floor":29.0,"key":"hexamod:EctoCoolerPotion"},{"floor":31.0,"key":"LiquidBronze"},{"floor":31.0,"key":"LiquidBronze"},{"floor":32,"key":"FairyPotion"}],"is_trial":false,"path_per_floor":["R","M","?","M","M","M","T","?","?","?","M","$","E","?","M","B",null,"R","M","?","?","?","$","T","M","M","M","M","M","R","M","M","B"],"character_chosen":"THE_SPIRIT","items_purchased":["Membership Card","hexamod:DynamicBlow"],"campfire_rested":1,"item_purchase_floors":[12,12],"current_hp_per_floor":[70,70,70,70,70,69,69,69,43,51,51,51,41,34,28,16,70,70,67,67,67,67,70,70,46,40,53,39,38,59,52,35,0,0,0],"gold":307,"neow_bonus":"THREE_ENEMY_KILL","is_daily":false,"chose_seed":false,"campfire_upgraded":2,"win_rate":0.0,"timestamp":1610468756,"path_taken":["R","M","?","M","M","M","T","?","?","?","M","$","E","?","M","BOSS","R","M","?","?","?","$","T","M","M","M","M","M","R","M","M","BOSS"],"items_purchased_type":["Relic","Card"],"build_version":"2020-12-22","purchased_purges":0,"victory":false,"max_hp_per_floor":[70,70,70,70,70,70,70,70,70,70,70,70,70,70,70,70,70,70,70,70,70,70,70,70,70,70,70,70,70,70,70,70,70,70,70],"card_choices":[{"not_picked":["hexamod:ThermalTransfer","hexamod:NecessarySacrifice"],"picked":"hexamod:SwordOfDarkness","floor":2.0},{"not_picked":["hexamod:Haunt","hexamod:Hexaguard"],"picked":"hexamod:FourthSeal","floor":4.0},{"not_picked":["hexamod:RainOfEmbers","hexamod:GhostShield"],"picked":"hexamod:SpectralAdrenaline","floor":5.0},{"not_picked":["hexamod:RainOfEmbers","hexamod:SpectersWail"],"picked":"hexamod:ShieldOfDarkness","floor":6.0},{"not_picked":["hexamod:SpectralAdrenaline","hexamod:PhantomCloak"],"picked":"hexamod:TimeOfNeed","floor":9.0},{"not_picked":["hexamod:GhostShield","hexamod:HauntingEcho"],"picked":"hexamod:FastForward","floor":10.0},{"not_picked":["hexamod:Haunt","hexamod:RecurringNightmare"],"picked":"hexamod:SecondSeal","floor":11.0},{"not_picked":["hexamod:GhostShield","hexamod:Hexaguard"],"picked":"hexamod:SpectersWail","floor":12.0},{"not_picked":["hexamod:RadiantFlame","hexamod:NightmareGuise"],"picked":"hexamod:VolcanoVisage","floor":13.0},{"not_picked":["hexamod:GhostLash","hexamod:FastForward"],"picked":"hexamod:FirstSeal","floor":15.0},{"not_picked":["hexamod:EmpoweringStance","hexamod:SearingWound"],"picked":"hexamod:VolcanoVisage","floor":16.0},{"not_picked":["hexamod:BacktrackSmack","hexamod:FourthSeal"],"picked":"hexamod:GhostShield+1","floor":19.0},{"not_picked":["hexamod:AdvancingGuard","hexamod:GhostShield","hexamod:Hexaguard"],"picked":"SKIP","floor":23.0},{"not_picked":["hexamod:FirstSeal","hexamod:NightmareStrike","hexamod:GhostLash+1"],"picked":"SKIP","floor":25.0},{"not_picked":["hexamod:NightmareStrike","hexamod:ExtraCrispy+1"],"picked":"hexamod:BurningTouch+1","floor":26.0},{"not_picked":["hexamod:RainOfEmbers","hexamod:AdvancingGuard","hexamod:GhostLash+1"],"picked":"SKIP","floor":27.0},{"not_picked":["hexamod:ThermalTransfer+1","hexamod:GhostOfSpireFuture"],"picked":"hexamod:VolcanoVisage","floor":28.0},{"not_picked":["hexamod:NightmareGuise","hexamod:SecondSeal"],"picked":"hexamod:RadiantFlame","floor":29.0},{"not_picked":["hexamod:HauntingEcho","hexamod:ThermalTransfer","hexamod:SkipABeat+1"],"picked":"SKIP","floor":31.0},{"not_picked":["hexamod:NightmareGuise","hexamod:ChargedBarrage"],"picked":"hexamod:ExtraCrispy+1","floor":32}],"player_experience":138174,"relics_obtained":[{"floor":7.0,"key":"hubris:Reverence"},{"floor":9.0,"key":"Juzu Bracelet"},{"floor":10.0,"key":"Odd Mushroom"},{"floor":13.0,"key":"Shuriken"},{"floor":24.0,"key":"Pantograph"}],"event_choices":[{"damage_healed":0.0,"max_hp_gain":0.0,"max_hp_loss":0.0,"gold_gain":0.0,"event_name":"Mushrooms","player_choice":"Fought Mushrooms","floor":10.0,"gold_loss":0.0,"damage_taken":0.0}],"is_beta":false,"boss_relics":[{"not_picked":["SacredBark","Fusion Hammer"],"picked":"construct:WeddingRing"}],"items_purged_floors":[],"is_endless":false,"potions_floor_spawned":[6,9,13,15,25,28,29,31],"killed_by":"downfall:Silent","ascension_level":0}}