{"host":"l60rmjjsfi0fipmi","time":1610418026,"event":{"mods":["BaseMod","Colored Map","DeckTracker","Highlight Path","Minty Spire (QoL Compilation)"],"gold_per_floor":[112,82,93,105,105,131,131,142,142,153,164,164,197,209,209,312,312,326,18,18,29,90,90,107,107,107],"floor_reached":25,"playtime":1710,"items_purged":[],"score":250,"play_id":"23fe90c9-c2d3-44ce-a9a2-29afbcb7482e","local_time":"20210111212026","is_ascension_mode":true,"campfire_choices":[{"floor":12,"key":"REST"},{"floor":15,"key":"REST"},{"floor":23,"key":"REST"}],"circlet_count":0,"master_deck":["Strike_G","Strike_G","Strike_G","Strike_G","Strike_G","Defend_G","Defend_G","Defend_G","Defend_G","Defend_G","Survivor","Neutralize+1","Leg Sweep","Noxious Fumes","Dagger Throw","Cloak And Dagger","Dodge and Roll","Infinite Blades","Distraction","Envenom","CurseOfTheBell","Terror","Backstab","Choke","Corpse Explosion","Crippling Poison+1","Noxious Fumes"],"relics":["Ring of the Snake","Bronze Scales","Singing Bowl","Ice Cream","Potion Belt","Girya","Calling Bell","Boot","Gremlin Horn","Prayer Wheel","The Specimen","SsserpentHead"],"acts_visited":["Exordium","TheCity"],"potions_floor_usage":[11,13,16,16,16],"damage_taken":[{"damage":0,"enemies":"2 Louse","floor":1,"turns":3},{"damage":2,"enemies":"Cultist","floor":3,"turns":6},{"damage":4,"enemies":"Small Slimes","floor":4,"turns":5},{"damage":21,"enemies":"Lagavulin","floor":6,"turns":9},{"damage":12,"enemies":"Exordium Thugs","floor":8,"turns":6},{"damage":0,"enemies":"Looter","floor":10,"turns":4},{"damage":0,"enemies":"Gremlin Gang","floor":11,"turns":2},{"damage":17,"enemies":"3 Sentries","floor":13,"turns":7},{"damage":4,"enemies":"2 Fungi Beasts","floor":14,"turns":6},{"damage":42,"enemies":"Slime Boss","floor":16,"turns":12},{"damage":23,"enemies":"Spheric Guardian","floor":18,"turns":7},{"damage":8,"enemies":"3 Byrds","floor":21,"turns":4},{"damage":19,"enemies":"Snake Plant","floor":22,"turns":5},{"damage":21,"enemies":"Centurion and Healer","floor":24,"turns":6},{"damage":33,"enemies":"Cultist and Chosen","floor":25,"turns":6}],"seed_played":"-7951629641127826734","potions_obtained":[{"floor":2,"key":"EssenceOfSteel"},{"floor":2,"key":"GhostInAJar"},{"floor":3,"key":"Swift Potion"},{"floor":8,"key":"CunningPotion"},{"floor":10,"key":"Explosive Potion"},{"floor":13,"key":"Explosive Potion"},{"floor":21,"key":"SpeedPotion"},{"floor":22,"key":"Dexterity Potion"}],"is_trial":false,"path_per_floor":["M","?","M","M","?","E","?","M","T","M","M","R","E","M","R","B",null,"M","$","?","M","M","R","M","M"],"character_chosen":"THE_SILENT","items_purchased":["The Specimen"],"campfire_rested":3,"item_purchase_floors":[19],"current_hp_per_floor":[70,70,68,64,52,31,31,19,19,19,21,42,27,23,45,3,74,53,53,53,45,26,48,29,0,0],"gold":107,"neow_bonus":"UPGRADE_CARD","is_daily":false,"chose_seed":false,"campfire_upgraded":0,"win_rate":0.0,"timestamp":1610418026,"path_taken":["M","?","?","M","?","E","?","M","T","M","M","R","E","?","R","BOSS","M","$","?","M","?","R","M","M"],"items_purchased_type":["Relic"],"build_version":"2020-12-22","purchased_purges":0,"victory":false,"max_hp_per_floor":[70,70,70,70,70,70,70,70,70,70,72,72,74,74,74,74,74,76,76,76,76,76,76,78,78,78],"card_choices":[{"not_picked":["PiercingWail","Masterful Stab"],"picked":"Leg Sweep","floor":1},{"not_picked":["Escape Plan","Deflect"],"picked":"Noxious Fumes","floor":3},{"not_picked":["Prepared","Leg Sweep"],"picked":"Dagger Throw","floor":4},{"not_picked":["Setup","Backstab"],"picked":"Cloak And Dagger","floor":6},{"not_picked":["Blade Dance","Flying Knee"],"picked":"Dodge and Roll","floor":8},{"not_picked":["Dagger Throw","Dodge and Roll"],"picked":"Infinite Blades","floor":10},{"not_picked":["Eviscerate","Acrobatics","Deadly Poison"],"picked":"Singing Bowl","floor":11},{"not_picked":["Riddle With Holes","Concentrate","Flying Knee"],"picked":"Singing Bowl","floor":13},{"not_picked":["Phantasmal Killer","Calculated Gamble"],"picked":"Distraction","floor":14},{"not_picked":["Storm of Steel","Burst"],"picked":"Envenom","floor":16},{"not_picked":["Outmaneuver","Calculated Gamble","Masterful Stab"],"picked":"Singing Bowl","floor":18},{"not_picked":["Flying Knee+1","Calculated Gamble"],"picked":"Terror","floor":18},{"not_picked":["Poisoned Stab","Quick Slash"],"picked":"Backstab","floor":21},{"not_picked":["Flying Knee","Deflect"],"picked":"Choke","floor":21},{"not_picked":["Quick Slash+1","PiercingWail"],"picked":"Corpse Explosion","floor":22},{"not_picked":["Backflip","Dash"],"picked":"Crippling Poison+1","floor":22},{"not_picked":["Slice","Quick Slash"],"picked":"Noxious Fumes","floor":24},{"not_picked":["Sucker Punch+1","Doppelganger","Slice+1"],"picked":"Singing Bowl","floor":24}],"player_experience":349288,"relics_obtained":[{"floor":6,"key":"Singing Bowl"},{"floor":9,"key":"Potion Belt"},{"floor":13,"key":"Girya"},{"floor":17,"key":"Boot"},{"floor":17,"key":"Gremlin Horn"},{"floor":17,"key":"Prayer Wheel"}],"event_choices":[{"damage_healed":0,"gold_gain":0,"player_choice":"Bought 2 Potions","damage_taken":0,"max_hp_gain":0,"max_hp_loss":0,"event_name":"The Woman in Blue","floor":2,"gold_loss":0},{"damage_healed":0,"gold_gain":0,"player_choice":"Success","damage_taken":12,"relics_obtained":["Bronze Scales"],"max_hp_gain":0,"max_hp_loss":0,"event_name":"Scrap Ooze","floor":5,"gold_loss":0},{"damage_healed":0,"gold_gain":0,"player_choice":"Searched \u00271\u0027 times","damage_taken":0,"relics_obtained":["Ice Cream"],"max_hp_gain":0,"max_hp_loss":0,"event_name":"Dead Adventurer","floor":7,"gold_loss":0},{"damage_healed":0,"gold_gain":0,"player_choice":"Trade","damage_taken":0,"relics_obtained":["SsserpentHead"],"max_hp_gain":0,"max_hp_loss":0,"event_name":"FaceTrader","floor":20,"gold_loss":0}],"is_beta":false,"boss_relics":[{"not_picked":["HoveringKite","Runic Dome"],"picked":"Calling Bell"}],"items_purged_floors":[],"is_endless":false,"potions_floor_spawned":[3,8,10,13,21,22],"killed_by":"Cultist and Chosen","ascension_level":3}}