{"host":"Berg","time":1610456275,"event":{"mods":["AchievementEnabler","BaseMod","Colored Map","Highlight Path","Marisa????????","Minty Spire (QoL Compilation)","Relic Stats","StSLib","The Blue Laboratory","The Jungle"],"gold_per_floor":[117,192,192,207,227,227,253,253,253,313,313,357,387,431,431,557,557,595,595,595,611,711,711,752,781,781,781,800,858,66,79,79,206,206,222,285,147,217,301,376,7,7,79,79,96,159,159,5,5,21],"floor_reached":51,"playtime":56661,"items_purged":[],"score":988,"play_id":"9e5837d9-ab3f-444e-987a-b680fc589bc9","local_time":"20210112075755","is_ascension_mode":true,"campfire_choices":[{"data":"DC","floor":6,"key":"SMITH"},{"data":"WitchOfGreed","floor":8,"key":"SMITH"},{"floor":11,"key":"REST"},{"floor":15,"key":"REST"},{"data":"OrrerysSun","floor":23,"key":"SMITH"},{"floor":27,"key":"REST"},{"data":"EnergyFlow","floor":32,"key":"SMITH"},{"floor":44,"key":"REST"},{"floor":47,"key":"REST"},{"data":"OrrerysSun","floor":49,"key":"SMITH"}],"circlet_count":0,"master_deck":["MasterSpark","UpSweep","DC+1","GrandCross","DeepEcoloBomb","WitchOfGreed+1","DoubleSpark","DarkSpark","GalacticHalo","JA","MaximisePower","PropBag","EnergyFlow+1","BinaryStars","MachineGunSpark","DragonMeteor","GasGiant","JA","OrrerysSun+1","MachineGunSpark+1","Robbery","CasketOfStar","Dark Shackles","MilkyWay","DarkSpark","ManaRampage","StarDustReverie","EnergyRecoil+1","OrrerysSun+1","Flash of Steel","OrrerysSun+1","AsteroidBelt+1"],"relics":["MiniHakkero","NeowsBlessing","Singing Bowl","Vajra","Regal Pillow","Pen Nib","Pandora\u0027s Box","Smiling Mask","Sundial","TungstenRod","Anchor","Centennial Puzzle","Lee\u0027s Waffle","SlaversCollar","Ginger","CatCart","Oddly Smooth Stone","Thread and Needle","Toxic Egg 2","Juzu Bracelet","ClockworkSouvenir"],"acts_visited":["Exordium","Exordium","TheBeyond"],"potions_floor_usage":[10,16,16,29,29],"damage_taken":[{"damage":0,"enemies":"Jaw Worm","floor":1,"turns":1},{"damage":0,"enemies":"Small Slimes","floor":4,"turns":1},{"damage":0,"enemies":"Cultist","floor":5,"turns":1},{"damage":30,"enemies":"3 Sentries","floor":7,"turns":6},{"damage":30,"enemies":"Lagavulin","floor":10,"turns":6},{"damage":6,"enemies":"Blue Slaver","floor":12,"turns":3},{"damage":15,"enemies":"3 Sentries","floor":13,"turns":4},{"damage":7,"enemies":"Red Slaver","floor":14,"turns":4},{"damage":29,"enemies":"Slime Boss","floor":16,"turns":10},{"damage":14,"enemies":"Shell Parasite","floor":18,"turns":5},{"damage":9,"enemies":"theJungle:5_Spyders","floor":21,"turns":3},{"damage":45,"enemies":"theJungle:2_Flameangoes","floor":24,"turns":5},{"damage":0,"enemies":"theJungle:Cassacara","floor":25,"turns":3},{"damage":0,"enemies":"theJungle:SlimyTreeVines","floor":28,"turns":2},{"damage":14,"enemies":"theJungle:MamaSnecko","floor":29,"turns":5},{"damage":6,"enemies":"theJungle:Snecko_Cultist_And_Trap","floor":31,"turns":3},{"damage":29,"enemies":"theJungle:FunGuy","floor":33,"turns":7},{"damage":9,"enemies":"3 Darklings","floor":35,"turns":2},{"damage":9,"enemies":"3 Shapes","floor":36,"turns":6},{"damage":40,"enemies":"2 Orb Walkers","floor":38,"turns":5},{"damage":15,"enemies":"Orin","floor":39,"turns":8},{"damage":2,"enemies":"Giant Head","floor":40,"turns":5},{"damage":17,"enemies":"Jaw Worm Horde","floor":45,"turns":3},{"damage":34,"enemies":"Reptomancer","floor":46,"turns":5},{"damage":74,"enemies":"Time Eater","floor":50,"turns":11}],"seed_played":"8044879598553603242","potions_obtained":[{"floor":4,"key":"Fruit Juice"},{"floor":5,"key":"blueLaboratory:HorrorPotion"},{"floor":7,"key":"SteroidPotion"},{"floor":10,"key":"Energy Potion"},{"floor":14,"key":"Block Potion"},{"floor":16,"key":"Weak Potion"},{"floor":18,"key":"LiquidMemories"},{"floor":29,"key":"blueLaboratory:EmptyBottle"},{"floor":31,"key":"ColorlessPotion"},{"floor":33,"key":"blueLaboratory:PolymorphPotion"},{"floor":35,"key":"blueLaboratory:LouseDecoction"},{"floor":36,"key":"EntropicBrew"},{"floor":38,"key":"blueLaboratory:BottleOfVodka"}],"is_trial":false,"path_per_floor":["M","?","?","M","M","R","E","R","T","E","R","M","E","M","R","B",null,"M","?","?","M","?","R","M","E","T","R","M","E","$","M","R","B",null,"M","M","$","?","?","E","$","?","T","R","M","E","R","$","R","B",null],"character_chosen":"MARISA","items_purchased":["Anchor","Centennial Puzzle","Lee\u0027s Waffle","CasketOfStar","Dark Shackles","MilkyWay","DarkSpark","StarDustReverie","Thread and Needle","Flash of Steel","ClockworkSouvenir"],"campfire_rested":5,"item_purchase_floors":[30,30,30,30,30,30,30,37,41,41,48],"current_hp_per_floor":[75,64,69,69,69,69,39,39,39,14,54,48,33,28,69,40,87,75,75,75,66,66,66,21,23,23,65,65,53,100,96,96,67,102,95,88,88,50,47,45,45,45,45,92,75,43,91,91,91,17],"gold":21,"neow_bonus":"THREE_ENEMY_KILL","is_daily":false,"chose_seed":false,"campfire_upgraded":5,"win_rate":0.0,"timestamp":1610456275,"path_taken":["M","?","?","M","?","R","E","R","T","E","R","M","E","M","R","BOSS","M","?","?","?","?","R","M","E","T","R","?","E","?","M","R","BOSS","M","M","$","?","?","E","?","?","T","R","M","E","R","$","R","BOSS"],"items_purchased_type":["Relic","Relic","Relic","Card","Card","Card","Card","Card","Relic","Card","Relic"],"build_version":"2020-12-18","purchased_purges":0,"victory":true,"max_hp_per_floor":[75,75,80,80,80,80,80,80,80,85,85,85,85,87,87,87,87,89,89,89,89,89,89,89,91,91,91,91,93,100,102,102,102,102,104,106,106,108,108,108,108,108,108,108,108,110,110,110,110,110],"relic_stats":{"Regal Pillow":75,"Lee\u0027s Waffle":47,"Singing Bowl":18,"counters":[25,114],"Pen Nib":[22],"Juzu Bracelet":0,"Ginger":[6],"Smiling Mask":0,"Centennial Puzzle":[30],"Sundial":[8],"Pandora\u0027s Box":["MaximisePower","PropBag","EnergyFlow","BinaryStars","MachineGunSpark","DragonMeteor","GasGiant","JA"],"obtain_stats":[{"AmplifyWand":36,"Regal Pillow":10,"Singing Bowl":7,"Vajra":9,"Juzu Bracelet":46,"Ginger":38,"Smiling Mask":25,"ClockworkSouvenir":48,"Centennial Puzzle":30,"Sundial":26,"Mummified Hand":46,"Kunai":18,"Toxic Egg 2":43,"Lee\u0027s Waffle":30,"NeowsBlessing":0,"Oddly Smooth Stone":40,"Thread and Needle":41,"Pen Nib":13,"Letter Opener":21,"Mercury Hourglass":25,"SlaversCollar":34,"Anchor":30,"Shuriken":33,"Pandora\u0027s Box":17,"MiniHakkero":0,"CatCart":39,"TungstenRod":29,"Meat on the Bone":39},{"AmplifyWand":19,"Regal Pillow":5,"Singing Bowl":4,"Vajra":4,"Juzu Bracelet":24,"Ginger":20,"Smiling Mask":13,"ClockworkSouvenir":24,"Centennial Puzzle":15,"Sundial":13,"Mummified Hand":24,"Kunai":10,"Toxic Egg 2":22,"Lee\u0027s Waffle":15,"NeowsBlessing":0,"Oddly Smooth Stone":22,"Thread and Needle":22,"Pen Nib":7,"Letter Opener":11,"Mercury Hourglass":13,"SlaversCollar":17,"Anchor":15,"Shuriken":17,"Pandora\u0027s Box":9,"MiniHakkero":0,"CatCart":21,"TungstenRod":15,"Meat on the Bone":21},{"AmplifyWand":73,"Regal Pillow":15,"Singing Bowl":9,"Vajra":9,"Juzu Bracelet":103,"Ginger":82,"Smiling Mask":52,"ClockworkSouvenir":103,"Centennial Puzzle":59,"Sundial":52,"Mummified Hand":102,"Kunai":39,"Toxic Egg 2":95,"Lee\u0027s Waffle":59,"NeowsBlessing":0,"Oddly Smooth Stone":95,"Thread and Needle":95,"Pen Nib":22,"Letter Opener":44,"Mercury Hourglass":52,"SlaversCollar":69,"Anchor":59,"Shuriken":66,"Pandora\u0027s Box":36,"MiniHakkero":0,"CatCart":90,"TungstenRod":59,"Meat on the Bone":83}],"TungstenRod":28},"card_choices":[{"not_picked":["MilkyWay","PulseMagic"],"picked":"DC","floor":1},{"not_picked":["StarlightTyphoon","MagicAbsorber"],"picked":"GrandCross","floor":4},{"not_picked":["OneTimeOff","GrandCross"],"picked":"DeepEcoloBomb","floor":5},{"not_picked":["EarthLightRay","NonDirectionalLaser"],"picked":"WitchOfGreed","floor":7},{"not_picked":["ChargingUp","AbsoluteMagnitude"],"picked":"DoubleSpark","floor":10},{"not_picked":["PowerUp","WitchLeyline"],"picked":"DarkSpark","floor":12},{"not_picked":["GasGiant","ShootingEcho"],"picked":"GalacticHalo","floor":13},{"not_picked":["SuperPerseids","WitchOfGreed","PowerUp"],"picked":"Singing Bowl","floor":14},{"not_picked":["EscapeVelocity","SatelliteIllusion"],"picked":"JA","floor":16},{"not_picked":["WitchLeyline","PropBag","DoubleSpark"],"picked":"Singing Bowl","floor":18},{"not_picked":["ShootTheMoon","PropBag"],"picked":"OrrerysSun","floor":21},{"not_picked":["GasGiant","ShootingEcho+1"],"picked":"MachineGunSpark+1","floor":24},{"not_picked":["SatelliteIllusion","RefractionSpark","OpenUniverse"],"picked":"Singing Bowl","floor":25},{"not_picked":["PropBag","Singularity"],"picked":"Robbery","floor":28},{"not_picked":["GrandCross+1","SporeBomb","MysteriousBeam"],"picked":"Singing Bowl","floor":29},{"not_picked":["MeteoricShower","EarthLightRay+1","SporeBomb"],"picked":"Singing Bowl","floor":31},{"not_picked":["FinalSpark","CollectingQuirk"],"picked":"ManaRampage","floor":33},{"not_picked":["EarthLightRay","DoubleSpark+1","DragonMeteor+1"],"picked":"Singing Bowl","floor":35},{"not_picked":["WitchLeyline","MysteriousBeam","LuminesStrike+1"],"picked":"Singing Bowl","floor":36},{"not_picked":["GalacticHalo","ShootTheMoon","WitchOfGreed+1"],"picked":"Singing Bowl","floor":38},{"not_picked":["GravityBeat+1","MysteriousBeam"],"picked":"EnergyRecoil+1","floor":39},{"not_picked":["6A","DarkSpark"],"picked":"OrrerysSun","floor":40},{"not_picked":["WitchOfGreed+1","BinaryStars+1"],"picked":"AsteroidBelt+1","floor":45},{"not_picked":["MeteoricShower+1","AlicesGift+1","DoubleSpark"],"picked":"Singing Bowl","floor":46}],"player_experience":1365578,"relics_obtained":[{"floor":7,"key":"Singing Bowl"},{"floor":9,"key":"Vajra"},{"floor":10,"key":"Regal Pillow"},{"floor":13,"key":"Pen Nib"},{"floor":25,"key":"Smiling Mask"},{"floor":26,"key":"Sundial"},{"floor":29,"key":"TungstenRod"},{"floor":38,"key":"Ginger"},{"floor":39,"key":"CatCart"},{"floor":40,"key":"Oddly Smooth Stone"},{"floor":43,"key":"Toxic Egg 2"},{"floor":46,"key":"Juzu Bracelet"}],"event_choices":[{"damage_healed":0,"gold_gain":75,"player_choice":"Gather Gold","damage_taken":11,"max_hp_gain":0,"max_hp_loss":0,"event_name":"World of Goop","floor":2,"gold_loss":0},{"damage_healed":0,"gold_gain":0,"player_choice":"Donut","damage_taken":0,"max_hp_gain":5,"max_hp_loss":0,"event_name":"Big Fish","floor":3,"gold_loss":0},{"damage_healed":0,"gold_gain":0,"player_choice":"Bought 0 Potions","damage_taken":0,"max_hp_gain":0,"max_hp_loss":0,"event_name":"The Woman in Blue","floor":20,"gold_loss":0},{"damage_healed":0,"gold_gain":100,"player_choice":"Pray","damage_taken":0,"max_hp_gain":0,"max_hp_loss":0,"event_name":"Golden Shrine","floor":22,"gold_loss":0},{"damage_healed":0,"gold_gain":0,"player_choice":"Fight","damage_taken":0,"max_hp_gain":0,"max_hp_loss":0,"event_name":"Mysterious Sphere","floor":38,"gold_loss":0},{"damage_healed":0,"gold_gain":0,"player_choice":"Fight","damage_taken":0,"max_hp_gain":0,"max_hp_loss":0,"event_name":"OrinTheCat","floor":39,"gold_loss":0},{"damage_healed":0,"gold_gain":0,"player_choice":"Copied","damage_taken":0,"max_hp_gain":0,"max_hp_loss":0,"event_name":"Duplicator","floor":42,"gold_loss":0,"cards_obtained":["OrrerysSun"]}],"is_beta":true,"boss_relics":[{"not_picked":["Coffee Dripper","Velvet Choker"],"picked":"Pandora\u0027s Box"},{"not_picked":["Tiny House","Busted Crown"],"picked":"SlaversCollar"}],"items_purged_floors":[],"is_endless":false,"potions_floor_spawned":[4,5,7,13,14,18,24,31,35,38],"ascension_level":4}}