{"host":"4328iixd8pca51w5","time":1610463904,"event":{"mods":["2.2 Compatiblity","AchievementEnabler","BaseMod","CapriCore","Colored Map","KOR Keyword Fix","Minty Spire (QoL Compilation)","StSLib","WarShipGirlsR/??á´Ò³R mod"],"gold_per_floor":[111,125,137,137,63,89,14,14,14,14,14,33,33,47,47,151,151,167,179,205,105,124,124,156,173,196,295,312,312,312,312,312,415,415,428,439,93,143,143,143,168,168,221,221,221],"floor_reached":44,"playtime":3135,"items_purged":["rmod:defend","rmod:strick","Writhe"],"score":624,"play_id":"2ae05bf0-0aff-48b7-b7c0-0de6068c2789","local_time":"20210113000504","is_ascension_mode":true,"campfire_choices":[{"data":"rmod:salvage","floor":8.0,"key":"SMITH"},{"data":"rmod:openingtorpedo","floor":13.0,"key":"SMITH"},{"data":"rmod:fletcher","floor":15.0,"key":"SMITH"},{"data":"rmod:openingtorpedo","floor":23.0,"key":"SMITH"},{"data":"rmod:basicallowance","floor":30,"key":"SMITH"},{"floor":32,"key":"REST"},{"floor":40,"key":"REST"}],"circlet_count":0,"master_deck":["rmod:strick","rmod:strick","rmod:defend","rmod:defend","rmod:basicallowance+1","rmod:maingunfire","rmod:lastglory","rmod:wolves+1","rmod:salvage+1","rmod:fletcherpendant","rmod:fletcherpendant+1","rmod:openingtorpedo+1","rmod:fletcher+1","rmod:openingtorpedo+1","rmod:fletcherpendant","rmod:lastglory","rmod:fletcherpendant","rmod:luckystar+1","rmod:mineteam","rmod:wolves+1","rmod:firesupport","Finesse"],"relics":["Torii","FossilizedHelix","Busted Crown","Anchor","Strawberry","MealTicket","Nilry\u0027s Codex","rmod:mogul","Bag of Preparation","StoneCalendar","Blood Vial","Oddly Smooth Stone"],"acts_visited":["Exordium","TheCity","TheBeyond"],"potions_floor_usage":[33,38,38],"damage_taken":[{"damage":0.0,"enemies":"Cultist","floor":1.0,"turns":3.0},{"damage":4.0,"enemies":"Jaw Worm","floor":2.0,"turns":4.0},{"damage":0.0,"enemies":"Small Slimes","floor":3.0,"turns":2.0},{"damage":56.0,"enemies":"3 Sentries","floor":6.0,"turns":11.0},{"damage":0.0,"enemies":"Looter","floor":12.0,"turns":2.0},{"damage":0.0,"enemies":"Red Slaver","floor":14.0,"turns":2.0},{"damage":9.0,"enemies":"Hexaghost","floor":16.0,"turns":9.0},{"damage":0.0,"enemies":"Shell Parasite","floor":18.0,"turns":1.0},{"damage":0.0,"enemies":"Spheric Guardian","floor":19.0,"turns":3.0},{"damage":0.0,"enemies":"Centurion and Healer","floor":22.0,"turns":2.0},{"damage":0.0,"enemies":"Slavers","floor":24.0,"turns":1.0},{"damage":0.0,"enemies":"Cultist and Chosen","floor":25.0,"turns":4.0},{"damage":32,"enemies":"Snake Plant","floor":28,"turns":4},{"damage":25,"enemies":"Champ","floor":33,"turns":7},{"damage":34,"enemies":"3 Shapes","floor":35,"turns":2},{"damage":12,"enemies":"3 Darklings","floor":36,"turns":3},{"damage":15,"enemies":"Mind Bloom Boss Battle","floor":38,"turns":4},{"damage":40,"enemies":"Giant Head","floor":41,"turns":7},{"damage":15,"enemies":"Spire Growth","floor":44,"turns":2}],"seed_played":"1804074915825341106","potions_obtained":[{"floor":3.0,"key":"Dexterity Potion"},{"floor":12.0,"key":"PowerPotion"},{"floor":14.0,"key":"Fruit Juice"},{"floor":16.0,"key":"EntropicBrew"},{"floor":22.0,"key":"BlessingOfTheForge"},{"floor":25.0,"key":"PowerPotion"},{"floor":28,"key":"GamblersBrew"},{"floor":36,"key":"LiquidMemories"}],"is_trial":false,"path_per_floor":["M","M","M","?","$","E","$","R","T","$","?","M","R","M","R","B",null,"M","M","T","$","M","R","E","M","T","?","M","?","R","?","R","B",null,"M","M","$","?","?","R","E","?","T","M"],"character_chosen":"PRAEFECT","items_purchased":["rmod:salvage","Bag of Preparation","rmod:mineteam"],"campfire_rested":2,"item_purchase_floors":[5,37,37],"current_hp_per_floor":[75,71,71,71,71,15,15,15,15,15,15,15,15,20,20,11,63,63,63,63,63,63,63,70,70,70,70,38,38,38,22,48,23,71,37,25,40,25,25,51,11,11,11,0,0],"gold":221,"neow_bonus":"TRANSFORM_CARD","is_daily":false,"chose_seed":false,"campfire_upgraded":5,"win_rate":0.0,"timestamp":1610463904,"path_taken":["M","M","?","?","$","E","$","R","T","$","?","M","R","M","R","BOSS","M","M","?","$","?","R","E","?","T","?","M","?","R","?","R","BOSS","M","M","$","?","?","R","E","?","T","M"],"items_purchased_type":["Card","Relic","Card"],"build_version":"2020-12-22","purchased_purges":3,"victory":false,"max_hp_per_floor":[75,75,75,75,75,75,75,75,75,75,75,75,75,80,80,80,80,80,80,80,80,80,80,87,87,87,87,87,87,87,87,87,87,87,87,87,87,87,87,87,87,87,87,87,87],"card_choices":[{"not_picked":["rmod:ammunitionsupply","rmod:steelsupply","rmod:intelligenceanalysis"],"picked":"SKIP","floor":1.0},{"not_picked":["rmod:supportescort","rmod:garrisonisland"],"picked":"rmod:wolves","floor":2.0},{"not_picked":["rmod:tearstotiara","rmod:diamondstrike","rmod:overbreakdown"],"picked":"SKIP","floor":3.0},{"not_picked":["rmod:garrisonisland","rmod:ammunitionsupply","rmod:unsinkable"],"picked":"SKIP","floor":6.0},{"not_picked":["rmod:firesupport","rmod:steelsupply"],"picked":"rmod:openingtorpedo","floor":12.0},{"not_picked":["rmod:ammunitionsupply","rmod:heivgo"],"picked":"rmod:openingtorpedo","floor":14.0},{"not_picked":["rmod:ridicule","rmod:timeschanged"],"picked":"rmod:lastglory","floor":16.0},{"not_picked":["rmod:spoils+1"],"picked":"SKIP","floor":18.0},{"not_picked":["rmod:fuelsupply"],"picked":"SKIP","floor":19.0},{"not_picked":["rmod:ammunitionsupply+1"],"picked":"SKIP","floor":22.0},{"not_picked":["rmod:garrisonisland"],"picked":"SKIP","floor":24.0},{"not_picked":["rmod:robin+1"],"picked":"SKIP","floor":25.0},{"not_picked":["rmod:victimresponsibility"],"picked":"SKIP","floor":28},{"not_picked":["rmod:bulid"],"picked":"SKIP","floor":35},{"not_picked":[],"picked":"rmod:luckystar+1","floor":36},{"not_picked":[],"picked":"rmod:wolves+1","floor":38},{"not_picked":[],"picked":"rmod:firesupport","floor":41},{"not_picked":[],"picked":"Finesse","floor":42}],"player_experience":174055,"relics_obtained":[{"floor":6.0,"key":"Torii"},{"floor":9.0,"key":"FossilizedHelix"},{"floor":20.0,"key":"Anchor"},{"floor":24.0,"key":"Strawberry"},{"floor":31,"key":"Nilry\u0027s Codex"},{"floor":38,"key":"StoneCalendar"},{"floor":41,"key":"Blood Vial"},{"floor":43,"key":"Oddly Smooth Stone"}],"event_choices":[{"damage_healed":0.0,"max_hp_gain":0.0,"max_hp_loss":0.0,"gold_gain":0.0,"event_name":"Upgrade Shrine","player_choice":"Upgraded","floor":11.0,"gold_loss":0.0,"damage_taken":0.0,"cards_upgraded":["rmod:wolves"]},{"damage_healed":0.0,"max_hp_gain":0.0,"max_hp_loss":0.0,"gold_gain":99.0,"event_name":"Nest","player_choice":"Stole From Cult","floor":27.0,"gold_loss":0.0,"damage_taken":0.0},{"damage_healed":0,"gold_gain":0,"player_choice":"Opened","damage_taken":0,"relics_obtained":["MealTicket"],"max_hp_gain":0,"max_hp_loss":0,"event_name":"The Mausoleum","floor":29,"gold_loss":0,"cards_obtained":["Writhe"]},{"damage_healed":0,"gold_gain":0,"player_choice":"Obtained Book","damage_taken":16,"max_hp_gain":0,"max_hp_loss":0,"event_name":"Cursed Tome","floor":31,"gold_loss":0},{"damage_healed":0,"gold_gain":0,"player_choice":"Fight","damage_taken":0,"max_hp_gain":0,"max_hp_loss":0,"event_name":"MindBloom","floor":38,"gold_loss":0},{"cards_removed":["rmod:defend"],"damage_healed":0,"gold_gain":0,"player_choice":"Removed Skill","damage_taken":0,"max_hp_gain":0,"max_hp_loss":0,"event_name":"Falling","floor":39,"gold_loss":0},{"damage_healed":0,"gold_gain":0,"player_choice":"Memory 1","damage_taken":0,"max_hp_gain":0,"max_hp_loss":0,"event_name":"SensoryStone","floor":42,"gold_loss":0}],"is_beta":false,"boss_relics":[{"not_picked":["Sozu","SacredBark"],"picked":"Busted Crown"},{"not_picked":["Empty Cage","Pandora\u0027s Box"],"picked":"rmod:mogul"}],"items_purged_floors":[7,21,37],"is_endless":false,"potions_floor_spawned":[3,12,14,16,22,25,28,36],"killed_by":"Spire Growth","ascension_level":5}}