{"host":"hzae5erqwbuuc0p5","time":1610468128,"event":{"mods":["AchievementEnabler","BaseMod","Card Forge","Colored Powertips","Custom Start","Friendly Minions","Minty Spire (QoL Compilation)","Quick Restart","StSLib","UnlockEverythingMod","Waifu the Spire","WarShipGirlsR/’ΩΩ¢…Ÿ≈ÆR mod"],"gold_per_floor":[112,131,143,218,237,237,254,265,289,300,300,300,168,168,168,267,267,278,294,22,34,34,63,63,77,155,185,42,59,59,59,59,162,162,176,226,226,226,28,28,28,28,52,72,84,94,109,126,126,126,126],"floor_reached":50,"playtime":2298,"items_purged":[],"score":576,"play_id":"e67d907a-a16b-4fed-8dc5-0702e2fbb872","local_time":"20210113001528","is_ascension_mode":false,"campfire_choices":[{"floor":6,"key":"REST"},{"floor":11,"key":"RECALL"},{"data":"rmod:expedition+1","floor":15,"key":"SMITH"}],"circlet_count":0,"master_deck":["rmod:basicallowance+1","rmod:generalist+1","rmod:intelligenceanalysis+1","rmod:selfconfidence+1","rmod:fuelsupply+1","rmod:highspeedmaneuver+1","rmod:expedition+3","Dramatic Entrance+1","rmod:secretscript+1","rmod:rockthrower+1","rmod:lonelyqueen+1","rmod:overbreakdown+1","rmod:mineteam+1","rmod:steelsupply+1","rmod:abidefaith+1","rmod:combined+1","rmod:ammunitionsupply+1","rmod:fuelsupply+1","RitualDagger+1","rmod:acesubmarine+1","rmod:lastglory+1","rmod:wife+1","rmod:guardianhero+1","Chrysalis+1","Madness+1","Metamorphosis+1","rmod:combined+1","rmod:intelligenceanalysis+1","rmod:aluminumsupply+1","rmod:combined+1","rmod:aluminumsupply+1","rmod:diaomin+1","rmod:intelligenceanalysis+1","rmod:ammunitionsupply+1","rmod:garrisonisland+1"],"relics":["rmod:firstchargereward","Hammer of Thor","Seething Fire","Anvil of the Gods","NeowsBlessing","Anchor","Coffee Dripper","Toolbox","Omamori","War Paint","Potion Belt","Cursed Key","Prayer Wheel","Medical Kit","Centennial Puzzle"],"acts_visited":["Exordium","TheCity","TheBeyond"],"potions_floor_usage":[33,33,47,48,50,50],"damage_taken":[{"damage":0,"enemies":"Small Slimes","floor":1,"turns":1},{"damage":0,"enemies":"Jaw Worm","floor":2,"turns":1},{"damage":0,"enemies":"2 Louse","floor":3,"turns":1},{"damage":1,"enemies":"Blue Slaver","floor":5,"turns":5},{"damage":0,"enemies":"2 Fungi Beasts","floor":7,"turns":2},{"damage":0,"enemies":"Lots of Slimes","floor":8,"turns":2},{"damage":0,"enemies":"Gremlin Gang","floor":10,"turns":2},{"damage":4,"enemies":"Hexaghost","floor":16,"turns":10},{"damage":0,"enemies":"Chosen","floor":18,"turns":3},{"damage":0,"enemies":"3 Byrds","floor":19,"turns":3},{"damage":0,"enemies":"Centurion and Healer","floor":21,"turns":5},{"damage":0,"enemies":"Book of Stabbing","floor":23,"turns":5},{"damage":0,"enemies":"Cultist and Chosen","floor":25,"turns":5},{"damage":0,"enemies":"Gremlin Leader","floor":27,"turns":6},{"damage":0,"enemies":"3 Cultists","floor":29,"turns":4},{"damage":7,"enemies":"Collector","floor":33,"turns":8},{"damage":1,"enemies":"Orb Walker","floor":35,"turns":3},{"damage":13,"enemies":"Mind Bloom Boss Battle","floor":36,"turns":6},{"damage":0,"enemies":"3 Darklings","floor":44,"turns":4},{"damage":29,"enemies":"Transient","floor":45,"turns":6},{"damage":7,"enemies":"Sphere and 2 Shapes","floor":46,"turns":4},{"damage":14,"enemies":"Jaw Worm Horde","floor":47,"turns":3},{"damage":15,"enemies":"Transient","floor":48,"turns":6},{"damage":45,"enemies":"Awakened One","floor":50,"turns":4}],"seed_played":"-3348759393592078919","potions_obtained":[{"floor":2,"key":"AttackPotion"},{"floor":5,"key":"SkillPotion"},{"floor":10,"key":"Energy Potion"},{"floor":18,"key":"DistilledChaos"},{"floor":23,"key":"Ancient Potion"},{"floor":27,"key":"SpeedPotion"},{"floor":29,"key":"BlessingOfTheForge"},{"floor":45,"key":"SneckoOil"},{"floor":46,"key":"Explosive Potion"},{"floor":47,"key":"BlessingOfTheForge"}],"is_trial":false,"path_per_floor":["M","M","M","?","M","R","M","M","T","M","R","?","$","?","R","B",null,"M","M","$","M","?","E","R","M","T","E","$","M","?","?","R","B",null,"M","?","?","?","$","R","?","R","T","M","M","M","M","M","R","B"],"character_chosen":"PRAEFECT","items_purchased":["rmod:expedition","Dramatic Entrance","rmod:overbreakdown","rmod:mineteam","Toolbox","rmod:saltedfish","Medical Kit","SteroidPotion"],"campfire_rested":1,"item_purchase_floors":[13,13,20,20,20,28,39,39],"current_hp_per_floor":[75,75,75,64,63,75,75,75,75,75,75,75,75,75,75,71,75,75,75,75,75,75,75,75,75,75,75,75,75,69,69,69,62,75,74,61,61,51,51,51,85,85,85,85,56,49,35,20,20,0,0],"gold":126,"neow_bonus":"THREE_ENEMY_KILL","is_daily":false,"chose_seed":false,"campfire_upgraded":1,"win_rate":0.0,"timestamp":1610468128,"path_taken":["M","M","M","?","M","R","M","M","T","M","R","?","?","?","R","BOSS","M","M","$","M","?","E","R","M","T","E","$","M","?","?","R","BOSS","M","?","?","?","?","R","?","R","T","M","?","?","M","M","R","BOSS"],"items_purchased_type":["Card","Card","Card","Card","Relic","Card","Relic","Potion"],"build_version":"2020-12-22","purchased_purges":0,"victory":false,"max_hp_per_floor":[75,75,75,75,75,75,75,75,75,75,75,75,75,75,75,75,75,75,75,75,75,75,75,75,75,75,75,75,75,75,75,75,75,75,75,75,75,75,75,75,85,85,85,85,85,85,85,85,85,85,85],"card_choices":[{"not_picked":["rmod:circuitoustactics","rmod:luckystar"],"picked":"rmod:generalist","floor":1},{"not_picked":["rmod:diamondstrike","rmod:sl","rmod:unsinkable"],"picked":"SKIP","floor":2},{"not_picked":["rmod:luckystar","rmod:combined"],"picked":"rmod:intelligenceanalysis","floor":3},{"not_picked":["rmod:circuitoustactics","rmod:diamondstrike"],"picked":"rmod:selfconfidence","floor":5},{"not_picked":["rmod:fletcherpendant","rmod:luckystar"],"picked":"rmod:fuelsupply","floor":7},{"not_picked":["rmod:circuitoustactics","rmod:diamondstrike"],"picked":"rmod:highspeedmaneuver","floor":8},{"not_picked":["rmod:rockthrower","rmod:combined","rmod:spoils"],"picked":"SKIP","floor":10},{"not_picked":["rmod:u235","rmod:highspeedmaneuver"],"picked":"rmod:secretscript","floor":16},{"not_picked":["rmod:unsinkable","rmod:sl"],"picked":"rmod:rockthrower","floor":18},{"not_picked":["rmod:aviationdawn","rmod:intelligenceanalysis"],"picked":"rmod:lonelyqueen","floor":19},{"not_picked":["rmod:supportescort","rmod:openingtorpedo"],"picked":"rmod:steelsupply+1","floor":21},{"not_picked":["rmod:generalist","rmod:heivgo+1"],"picked":"rmod:abidefaith","floor":23},{"not_picked":["rmod:steelsupply","rmod:smokecover"],"picked":"rmod:combined","floor":25},{"not_picked":["rmod:unsinkable","rmod:capitalist"],"picked":"rmod:ammunitionsupply","floor":27},{"not_picked":["rmod:victimresponsibility+1","rmod:firesupport"],"picked":"rmod:fuelsupply+1","floor":29},{"not_picked":["rmod:u235","rmod:timeschanged"],"picked":"rmod:lastglory","floor":33},{"not_picked":["rmod:chargemoney+1","rmod:launchingtorpedo+1"],"picked":"rmod:wife","floor":35},{"not_picked":["rmod:ring+1","rmod:victimresponsibility"],"picked":"rmod:guardianhero","floor":36},{"not_picked":["Deep Breath","Mind Blast"],"picked":"Chrysalis","floor":38},{"not_picked":["Forethought","PanicButton"],"picked":"Madness","floor":38},{"not_picked":["Dark Shackles","Trip"],"picked":"Metamorphosis","floor":38},{"not_picked":["rmod:smokecover","rmod:circuitoustactics+1"],"picked":"rmod:combined","floor":44},{"not_picked":["rmod:diamondstrike+1","rmod:fletcherpendant"],"picked":"rmod:intelligenceanalysis","floor":44},{"not_picked":["rmod:combined+1","rmod:fletcherpendant+1"],"picked":"rmod:aluminumsupply","floor":45},{"not_picked":["rmod:diamondstrike+1","rmod:firesupport+1","rmod:overbreakdown"],"picked":"SKIP","floor":45},{"not_picked":["rmod:fletcherpendant","rmod:aviationdawn+1"],"picked":"rmod:combined","floor":46},{"not_picked":["rmod:diamondstrike","rmod:launchingtorpedo"],"picked":"rmod:aluminumsupply+1","floor":46},{"not_picked":["rmod:goodsister+1","rmod:aggressivemary"],"picked":"rmod:diaomin","floor":47},{"not_picked":["rmod:sl+1","rmod:unsinkable"],"picked":"rmod:intelligenceanalysis+1","floor":47},{"not_picked":["rmod:victimresponsibility+1","rmod:aggressivemary"],"picked":"rmod:ammunitionsupply","floor":48},{"not_picked":["rmod:supportescort+1","rmod:luckystar"],"picked":"rmod:garrisonisland+1","floor":48}],"player_experience":12077,"relics_obtained":[{"floor":9,"key":"Anchor"},{"floor":23,"key":"War Paint"},{"floor":27,"key":"Potion Belt"},{"floor":36,"key":"Prayer Wheel"},{"floor":43,"key":"Centennial Puzzle"}],"event_choices":[{"damage_healed":0,"gold_gain":75,"player_choice":"Gather Gold","damage_taken":11,"max_hp_gain":0,"max_hp_loss":0,"event_name":"World of Goop","floor":4,"gold_loss":0},{"damage_healed":0,"gold_gain":0,"player_choice":"Ignored","damage_taken":0,"max_hp_gain":0,"max_hp_loss":0,"event_name":"Shining Light","floor":12,"gold_loss":0},{"damage_healed":0,"gold_gain":0,"player_choice":"Opened","damage_taken":0,"relics_obtained":["Omamori"],"max_hp_gain":0,"max_hp_loss":0,"event_name":"The Mausoleum","floor":22,"gold_loss":0,"cards_obtained":["Writhe"]},{"damage_healed":0,"gold_gain":0,"player_choice":"Joined the Cult","damage_taken":6,"max_hp_gain":0,"max_hp_loss":0,"event_name":"Nest","floor":30,"gold_loss":0,"cards_obtained":["RitualDagger"]},{"damage_healed":0,"gold_gain":0,"player_choice":"Read","damage_taken":0,"max_hp_gain":0,"max_hp_loss":0,"event_name":"The Library","floor":31,"gold_loss":0,"cards_obtained":["rmod:acesubmarine"]},{"damage_healed":0,"gold_gain":0,"player_choice":"Fight","damage_taken":0,"max_hp_gain":0,"max_hp_loss":0,"event_name":"MindBloom","floor":36,"gold_loss":0},{"cards_removed":["rmod:defend"],"damage_healed":0,"gold_gain":0,"player_choice":"Removed Skill","damage_taken":0,"max_hp_gain":0,"max_hp_loss":0,"event_name":"Falling","floor":37,"gold_loss":0},{"damage_healed":0,"gold_gain":0,"player_choice":"Memory 3","damage_taken":10,"max_hp_gain":0,"max_hp_loss":0,"event_name":"SensoryStone","floor":38,"gold_loss":0},{"cards_removed":["rmod:saltedfish"],"damage_healed":24,"gold_gain":0,"player_choice":"Offered Rare","damage_taken":0,"max_hp_gain":10,"max_hp_loss":0,"event_name":"Bonfire Elementals","floor":41,"gold_loss":0}],"is_beta":false,"boss_relics":[{"not_picked":["Snecko Eye","Astrolabe"],"picked":"Coffee Dripper"},{"not_picked":["SacredBark","Pandora\u0027s Box"],"picked":"Cursed Key"}],"items_purged_floors":[],"is_endless":false,"potions_floor_spawned":[2,5,10,16,18,23,27,29,45,46,47],"killed_by":"Awakened One","ascension_level":0}}