{"host":"nz4ify0kovvkis85","time":1610455617,"event":{"mods":["BaseMod","Better Match","Better Third Choice","Downfall","GifTheSpireLib","Minty Spire (QoL Compilation)","StSLib"],"gold_per_floor":[99,99,99,99,2,2,2,2,177,189,11,11,11,26,45,45,45,45],"floor_reached":16,"playtime":728,"items_purged":[],"score":86,"play_id":"3a1cec2f-699b-4e09-96d9-cf1a5691f846","local_time":"20210112194657","is_ascension_mode":false,"campfire_choices":[{"data":"Slimebound:Tackle","floor":1,"key":"SMITH"},{"data":"Slimebound:LeechEnergy","floor":6,"key":"SMITH"},{"floor":8,"key":"RECALL"},{"data":"Slimebound:SlimeSlap","floor":12,"key":"SMITH"}],"circlet_count":0,"master_deck":["Slimebound:Strike_Slimebound","Slimebound:Strike_Slimebound","Slimebound:Strike_Slimebound","Slimebound:Tackle+1","Slimebound:Defend_Slimebound","Slimebound:Defend_Slimebound","Slimebound:Defend_Slimebound","Slimebound:Defend_Slimebound","Slimebound:Split","Slimebound:CorrosiveSpit","Slimebound:LeechingTouch","Slimebound:ItLooksTasty","Slimebound:Overexert+1","Slimebound:LeechEnergy+1","Slimebound:SamplingLick","Slimebound:SplitAcid","Slimebound:SplitLeeching","Slimebound:SlimeSlap+1","Slimebound:SplitMire","Slimebound:RollThrough"],"relics":["Slimebound:AbsorbEndCombat","downfall:HeartsMalice","Omamori"],"acts_visited":["Exordium"],"potions_floor_usage":[],"damage_taken":[{"damage":0,"enemies":"Cultist","floor":2,"turns":1},{"damage":0,"enemies":"Small Slimes","floor":3,"turns":1},{"damage":0,"enemies":"downfall:FleeingMerchant","floor":5,"turns":1},{"damage":9,"enemies":"Jaw Worm","floor":10,"turns":3},{"damage":10,"enemies":"downfall:FleeingMerchant","floor":11,"turns":4},{"damage":7,"enemies":"3 Louse","floor":14,"turns":2},{"damage":18,"enemies":"Large Slime","floor":15,"turns":2},{"damage":50,"enemies":"downfall:Defect","floor":16,"turns":4}],"seed_played":"239215321777176208","potions_obtained":[{"floor":10,"key":"GamblersBrew"},{"floor":14,"key":"champ:CounterPotion"}],"is_trial":false,"path_per_floor":["R","M","M","?","$","R","T","R","?","M","$","R","?","M","M","B"],"character_chosen":"SLIMEBOUND","items_purchased":["Slimebound:LeechEnergy","Slimebound:SamplingLick","Slimebound:SlimeSlap"],"campfire_rested":0,"item_purchase_floors":[5,5,11],"current_hp_per_floor":[60,60,60,35,35,35,35,35,35,28,30,30,30,31,25,0,0,0],"gold":45,"neow_bonus":"THREE_ENEMY_KILL","is_daily":false,"chose_seed":false,"campfire_upgraded":3,"win_rate":0.0,"timestamp":1610455617,"path_taken":["R","M","?","?","?","R","T","R","?","M","$","R","?","M","M","BOSS"],"items_purchased_type":["Card","Card","Card"],"build_version":"2020-12-22","purchased_purges":0,"victory":false,"max_hp_per_floor":[60,60,60,60,60,60,60,60,60,60,60,60,60,60,60,60,60,60],"card_choices":[{"not_picked":["Slimebound:ViciousTackle","Slimebound:FormOfPuddle"],"picked":"Slimebound:LeechingTouch","floor":2},{"not_picked":["Slimebound:SplitAcid","Slimebound:SamplingLick"],"picked":"Slimebound:ItLooksTasty","floor":3},{"not_picked":["Slimebound:LeechEnergy","Slimebound:LeechingTouch"],"picked":"Slimebound:Overexert","floor":5},{"not_picked":["Slimebound:Schlurp","Slimebound:SamplingLick"],"picked":"Slimebound:SplitAcid","floor":10},{"not_picked":["Slimebound:Schlurp","Slimebound:SplitAcid"],"picked":"Slimebound:SplitLeeching","floor":11},{"not_picked":["Slimebound:Schlurp","Slimebound:LeechEnergy"],"picked":"Slimebound:SplitMire","floor":14},{"not_picked":["Slimebound:SplitAcid","Slimebound:LeadByExample"],"picked":"Slimebound:RollThrough","floor":15}],"player_experience":217239,"relics_obtained":[],"event_choices":[{"damage_healed":0,"gold_gain":0,"player_choice":"Success","damage_taken":25,"relics_obtained":["Omamori"],"max_hp_gain":0,"max_hp_loss":0,"event_name":"Scrap Ooze","floor":4,"gold_loss":0},{"damage_healed":0,"gold_gain":0,"player_choice":"Grow","damage_taken":0,"max_hp_gain":0,"max_hp_loss":0,"event_name":"Living Wall","floor":13,"gold_loss":0,"cards_upgraded":["Slimebound:Overexert"]}],"is_beta":false,"boss_relics":[],"items_purged_floors":[],"is_endless":false,"potions_floor_spawned":[10,14],"killed_by":"downfall:Defect","ascension_level":0}}