{"host":"3x36qx7z3zqcvkt0","time":1610457706,"event":{"mods":["Act Like it!","Arknights The Spire","BaseMod","Colored Map","Colored Powertips","Downfall","Friendly Minions","Gensokyo","Koishi","LagranYue(拉格朗・月)","Marisa（F雨　魔理沙）","Minty Spire (QoL Compilation)","Prisma Mod","Replay The Spire","Shop Mod","StSLib","The Cursed","The Servant 0.9.4","Yuyuko","【功能Mod】聪明的最终Boss"],"gold_per_floor":[99,99,99,99,99,99,99,5,32,82,119,178,65,108,142,263,275,162,200,243,278,290,302,361,387,387,387],"floor_reached":25,"playtime":3284,"items_purged":[],"score":247,"play_id":"ae533c63-39d2-434a-a7c2-7d5a2598d028","local_time":"20210112212146","is_ascension_mode":true,"campfire_choices":[{"floor":1,"key":"DIG"},{"data":"Normality","floor":13,"key":"PURGE"},{"data":"Decay","floor":18,"key":"PURGE"}],"circlet_count":0,"master_deck":["Slimebound:Strike_Slimebound+1","Slimebound:Strike_Slimebound+1","Slimebound:Strike_Slimebound+1","Slimebound:Tackle","Slimebound:Defend_Slimebound+1","Slimebound:Defend_Slimebound+1","Slimebound:Defend_Slimebound+1","Slimebound:Defend_Slimebound+1","Slimebound:Split+1","Slimebound:CorrosiveSpit","Slimebound:SamplingLick","Slimebound:SplitMire","Slimebound:SlimeTap","Slimebound:DisruptingSlam","Slimebound:Gluttony","Slimebound:Replication","Decay","Slimebound:LeechingTouch","Slimebound:SamplingLick","Slimebound:SpikyOuterGoop","Slimebound:Replication","Slimebound:RallyTheTroops","Slimebound:SamplingLick","Decay","Slimebound:Overexert","Slimebound:SlimeBarrage","Necronomicurse","Spreading Infection"],"relics":["Slimebound:AbsorbEndCombat","LagranYue:RandomDrawCardRelic","downfall:HeartsMalice","Snack Pack","Slimebound:GreedOozeRelic","Peace Pipe","Ring of Greed","Ring of Misfortune","MawBank","Replay:Bandana","FossilizedHelix","downfall:HeartBlessingGreen","Ginger","ChewingGum","downfall:HeartBlessingBlue","Necronomicon","Replay:Mystery Machine"],"acts_visited":["Exordium","TheCity"],"potions_floor_usage":[16,16],"damage_taken":[{"damage":0,"enemies":"Small Slimes","floor":2,"turns":1},{"damage":0,"enemies":"2 Louse","floor":5,"turns":1},{"damage":0,"enemies":"Cultist","floor":6,"turns":1},{"damage":8,"enemies":"downfall:FleeingMerchant","floor":8,"turns":4},{"damage":47,"enemies":"Lagavulin","floor":9,"turns":6},{"damage":16,"enemies":"3 Louse","floor":11,"turns":3},{"damage":41,"enemies":"3 Sentries","floor":12,"turns":5},{"damage":32,"enemies":"Lagavulin","floor":14,"turns":5},{"damage":9,"enemies":"Blue Slaver","floor":15,"turns":3},{"damage":29,"enemies":"downfall:Silent","floor":16,"turns":9},{"damage":31,"enemies":"Chosen","floor":19,"turns":6},{"damage":16,"enemies":"3 Cultists","floor":20,"turns":5},{"damage":25,"enemies":"Centurion and Healer","floor":21,"turns":7},{"damage":63,"enemies":"Slavers","floor":25,"turns":3}],"seed_played":"6706686699138865768","potions_obtained":[{"floor":12,"key":"Weak Potion"},{"floor":15,"key":"Fire Potion"},{"floor":16,"key":"BlessingOfTheForge"},{"floor":21,"key":"hexamod:EctoCoolerPotion"}],"is_trial":false,"path_per_floor":["R_BF","M","?","?","M","M","T","$","E","?","M","E","R","E","M","B",null,"R","M","M","M","?","?","T","E"],"character_chosen":"SLIMEBOUND","items_purchased":["Slimebound:Gluttony"],"campfire_rested":0,"item_purchase_floors":[8],"current_hp_per_floor":[60,60,60,60,60,60,60,60,51,51,57,48,48,56,60,60,60,70,58,70,53,53,37,37,0,0,0],"gold":387,"neow_bonus":"THREE_ENEMY_KILL","is_daily":false,"chose_seed":false,"campfire_upgraded":0,"win_rate":0.0,"timestamp":1610457706,"path_taken":["R_BF","M","?","?","M","?","T","$","E","?","M","E","R","E","M","BOSS","R","M","M","M","?","?","T","E"],"items_purchased_type":["Card"],"build_version":"2020-12-22","purchased_purges":0,"victory":false,"max_hp_per_floor":[60,60,60,60,60,60,60,60,60,60,60,60,60,60,60,60,60,70,70,70,70,70,70,70,70,70,70],"card_choices":[{"not_picked":["Slimebound:FormOfPuddle","Slimebound:FinishingTackle"],"picked":"Slimebound:SamplingLick","floor":2},{"not_picked":["Slimebound:RollThrough","Slimebound:FlameTackle"],"picked":"Slimebound:SplitMire","floor":5},{"not_picked":["Slimebound:LivingWall","Slimebound:LeechEnergy"],"picked":"Slimebound:SlimeTap","floor":6},{"not_picked":["Slimebound:SlimeSpikes","Slimebound:SplitMire"],"picked":"Slimebound:DisruptingSlam","floor":8},{"not_picked":["Slimebound:CheckThePlaybook","Slimebound:FinishingTackle"],"picked":"Slimebound:Replication","floor":9},{"not_picked":["Slimebound:PressTheAttack","Slimebound:ComboTackle"],"picked":"Slimebound:LeechingTouch","floor":11},{"not_picked":["Slimebound:PressTheAttack","Slimebound:ComboTackle"],"picked":"Slimebound:SamplingLick","floor":12},{"not_picked":["Slimebound:HauntingLick","Slimebound:GoopSpray"],"picked":"Slimebound:SpikyOuterGoop","floor":14},{"not_picked":["Slimebound:ViciousTackle","Slimebound:BestDefense"],"picked":"Slimebound:Replication","floor":15},{"not_picked":["Slimebound:WasteNot","Slimebound:TagTeam"],"picked":"Slimebound:RallyTheTroops","floor":16},{"not_picked":["Slimebound:SlimeSpikes","Slimebound:ComboTackle"],"picked":"Slimebound:SamplingLick","floor":19},{"not_picked":["Slimebound:Schlurp","Slimebound:SplitLeeching"],"picked":"Slimebound:Overexert","floor":20},{"not_picked":["Slimebound:SplitAcid","Slimebound:RollThrough"],"picked":"Slimebound:SlimeBarrage","floor":21}],"player_experience":240596,"relics_obtained":[{"floor":1,"key":"Snack Pack"},{"floor":9,"key":"Peace Pipe"},{"floor":10,"key":"Ring of Greed"},{"floor":10,"key":"Ring of Misfortune"},{"floor":10,"key":"MawBank"},{"floor":10,"key":"Replay:Bandana"},{"floor":12,"key":"FossilizedHelix"},{"floor":14,"key":"Ginger"},{"floor":23,"key":"Necronomicon"},{"floor":24,"key":"Replay:Mystery Machine"}],"event_choices":[{"damage_healed":0,"gold_gain":0,"player_choice":"Upgraded","damage_taken":0,"max_hp_gain":0,"max_hp_loss":0,"event_name":"Upgrade Shrine","floor":4,"gold_loss":0,"cards_upgraded":["Slimebound:Split"]},{"damage_healed":0,"gold_gain":0,"player_choice":"Simplicity","damage_taken":0,"max_hp_gain":0,"max_hp_loss":0,"event_name":"Back to Basics","floor":22,"gold_loss":0,"cards_upgraded":["Slimebound:Strike_Slimebound","Slimebound:Strike_Slimebound","Slimebound:Strike_Slimebound","Slimebound:Defend_Slimebound","Slimebound:Defend_Slimebound","Slimebound:Defend_Slimebound","Slimebound:Defend_Slimebound"]}],"is_beta":false,"boss_relics":[{"not_picked":["Painkiller Herb","Velvet Choker"],"picked":"ChewingGum"}],"items_purged_floors":[],"is_endless":false,"potions_floor_spawned":[12,15,16,21],"killed_by":"Slavers","ascension_level":3}}