{"host":"p9t7qd83igtcp2bh","time":1610412070,"event":{"mods":["2.2 Compatiblity","AchievementEnabler","BaseMod","Colored Map","Colored Powertips","Custom Start","DeckTracker","Keyboard Shortcuts","Minty Spire (QoL Compilation)","Permanent Neow","StSLib","SuperFastMode","everything is the same but u backflip on backflip"],"gold_per_floor":[150,95,131,179,239,320,320,410,410,497,497,575,575,761,761,983,983,1043,933,987,1026,681,681,777,777,777,882,921,170,170,212,212,440,440,497,497,566,79,121,232,232,310,310,310,412,27,27,84,84,84,84,84,84,34,133,133],"floor_reached":57,"playtime":2108,"items_purged":["Strike_G","Strike_G","Prepared","Defend_G"],"score":3612,"play_id":"bbfe2c70-53aa-41ce-8318-a6ad8641e7a7","local_time":"20210112094110","daily_mods":["Heirloom","Elite Swarm","Midas"],"is_ascension_mode":true,"campfire_choices":[{"floor":7.0,"key":"REST"},{"floor":11.0,"key":"REST"},{"floor":13.0,"key":"REST"},{"floor":15.0,"key":"REST"},{"floor":23.0,"key":"REST"},{"data":"Neutralize","floor":32.0,"key":"PURGE"},{"data":"Dagger Throw","floor":44.0,"key":"PURGE"},{"floor":49.0,"key":"RECALL"},{"data":"Defend_G","floor":53.0,"key":"PURGE"}],"circlet_count":0,"master_deck":["Survivor+1","Defend_G","Acrobatics","Adrenaline","Adrenaline","Burst","Grand Finale","Reflex","Adrenaline","Backflip","Prepared+1","Escape Plan+1","After Image","Calculated Gamble+1"],"relics":["Ring of the Snake","Tingsha","Nuclear Battery","Fusion Hammer","Omamori","Mercury Hourglass","Sundial","Darkstone Periapt","Meat on the Bone","HornCleat","Runic Dome","Singing Bowl","Shovel","Tough Bandages","Peace Pipe","CeramicFish","Toy Ornithopter","Empty Cage","WarpedTongs","Thread and Needle","ClockworkSouvenir","Smiling Mask","White Beast Statue","Kunai","Pantograph","Bronze Scales","Medical Kit","Incense Burner"],"acts_visited":["Exordium","TheCity","TheBeyond","TheEnding"],"potions_floor_usage":[56,56],"damage_taken":[{"damage":0.0,"enemies":"Cultist","floor":1.0,"turns":3.0},{"damage":4.0,"enemies":"Small Slimes","floor":3.0,"turns":2.0},{"damage":0.0,"enemies":"2 Louse","floor":4.0,"turns":3.0},{"damage":0.0,"enemies":"Red Slaver","floor":5.0,"turns":3.0},{"damage":15.0,"enemies":"Lagavulin","floor":6.0,"turns":4.0},{"damage":33.0,"enemies":"Gremlin Nob","floor":8.0,"turns":4.0},{"damage":7.0,"enemies":"Lagavulin","floor":10.0,"turns":4.0},{"damage":15.0,"enemies":"Gremlin Nob","floor":12.0,"turns":3.0},{"damage":0.0,"enemies":"Gremlin Nob","floor":14.0,"turns":2.0},{"damage":20.0,"enemies":"Hexaghost","floor":16.0,"turns":6.0},{"damage":0.0,"enemies":"3 Byrds","floor":18.0,"turns":3.0},{"damage":0.0,"enemies":"2 Thieves","floor":20.0,"turns":3.0},{"damage":0.0,"enemies":"Snecko","floor":21.0,"turns":2.0},{"damage":0.0,"enemies":"Gremlin Leader","floor":24.0,"turns":4.0},{"damage":3.0,"enemies":"Book of Stabbing","floor":27.0,"turns":4.0},{"damage":0.0,"enemies":"Shelled Parasite and Fungi","floor":28.0,"turns":3.0},{"damage":0.0,"enemies":"Centurion and Healer","floor":31.0,"turns":1.0},{"damage":0.0,"enemies":"Champ","floor":33.0,"turns":3.0},{"damage":0.0,"enemies":"Orb Walker","floor":35.0,"turns":1.0},{"damage":0.0,"enemies":"3 Darklings","floor":37.0,"turns":1.0},{"damage":0.0,"enemies":"Spire Growth","floor":39.0,"turns":1.0},{"damage":0.0,"enemies":"Giant Head","floor":40.0,"turns":1.0},{"damage":0.0,"enemies":"Nemesis","floor":42.0,"turns":1.0},{"damage":0.0,"enemies":"Giant Head","floor":45.0,"turns":1.0},{"damage":0.0,"enemies":"Maw","floor":48.0,"turns":1.0},{"damage":0.0,"enemies":"Donu and Deca","floor":50.0,"turns":1.0},{"damage":0.0,"enemies":"Time Eater","floor":51.0,"turns":6.0},{"damage":0.0,"enemies":"Shield and Spear","floor":55.0,"turns":1.0},{"damage":27,"enemies":"The Heart","floor":56,"turns":5}],"seed_played":"4647132658667478753","potions_obtained":[{"floor":1.0,"key":"LiquidBronze"},{"floor":10.0,"key":"Ancient Potion"},{"floor":12.0,"key":"Ancient Potion"},{"floor":18.0,"key":"Weak Potion"},{"floor":28.0,"key":"DuplicationPotion"}],"is_trial":true,"path_per_floor":["M","$","M","M","M","E","R","E","T","E","R","E","R","?","R","B",null,"M","?","M","M","$","R","E","?","T","E","M","$","?","M","R","B",null,"M","?","M","$","M","E","?","E","T","R","E","$","?","M","R","B","B",null,"R","$","E","B",null],"character_chosen":"THE_SILENT","items_purchased":["Acrobatics","Singing Bowl","Peace Pipe","Backflip","CeramicFish","CultistPotion","Thread and Needle","ClockworkSouvenir","Bronze Scales","Medical Kit"],"campfire_rested":5,"item_purchase_floors":[2,22,29,29,29,29,38,38,46,46],"current_hp_per_floor":[59,59,55,55,55,40,59,26,26,19,38,23,42,42,61,41,60,60,60,60,60,60,66,68,68,68,65,67,67,67,67,67,69,71,73,73,73,73,75,75,75,77,77,77,79,79,79,79,79,80,80,80,80,80,82,55],"gold":133,"neow_bonus":"","is_daily":false,"chose_seed":false,"campfire_upgraded":0,"win_rate":0.0,"timestamp":1610412070,"path_taken":["M","?","?","M","M","E","R","E","T","E","R","E","R","?","R","BOSS","M","?","M","?","$","R","E","?","T","E","?","$","?","M","R","BOSS","M","?","M","$","?","E","?","E","T","R","E","$","?","M","R","BOSS","BOSS","R","$","E","BOSS"],"items_purchased_type":["Card","Relic","Relic","Card","Relic","Potion","Relic","Relic","Relic","Relic"],"build_version":"2020-12-22","purchased_purges":4,"victory":true,"max_hp_per_floor":[66,66,66,66,66,66,66,66,66,66,66,66,66,66,66,66,66,66,66,66,66,66,66,68,68,68,68,70,70,70,70,70,72,72,74,74,74,74,76,76,76,78,78,78,80,80,80,80,80,80,80,80,80,80,82,82],"card_choices":[{"not_picked":["Eviscerate","Dagger Throw"],"picked":"Bouncing Flask","floor":1.0},{"not_picked":["Setup","Blade Dance","Riddle With Holes"],"picked":"SKIP","floor":3.0},{"not_picked":["Bane","Dagger Spray","Poisoned Stab"],"picked":"SKIP","floor":4.0},{"not_picked":["Riddle With Holes","Corpse Explosion"],"picked":"Dagger Throw","floor":5.0},{"not_picked":["A Thousand Cuts","Doppelganger","After Image"],"picked":"SKIP","floor":6.0},{"not_picked":["A Thousand Cuts","Tools of the Trade"],"picked":"Adrenaline","floor":8.0},{"not_picked":["Phantasmal Killer","Glass Knife"],"picked":"Adrenaline","floor":10.0},{"not_picked":["Storm of Steel","Venomology"],"picked":"Adrenaline","floor":12.0},{"not_picked":["Dodge and Roll","Underhanded Strike"],"picked":"Prepared","floor":14.0},{"not_picked":["Venomology","Corpse Explosion"],"picked":"Burst","floor":16.0},{"not_picked":["Dagger Spray","Blade Dance","Accuracy+1"],"picked":"SKIP","floor":18.0},{"not_picked":["Expertise","PiercingWail","Predator+1"],"picked":"SKIP","floor":20.0},{"not_picked":["Well Laid Plans","Dagger Spray"],"picked":"Grand Finale","floor":21.0},{"not_picked":["Burst","Tools of the Trade","Phantasmal Killer"],"picked":"Singing Bowl","floor":24.0},{"not_picked":["Tools of the Trade","Malaise"],"picked":"Adrenaline","floor":27.0},{"not_picked":["Setup","All Out Attack","Deadly Poison"],"picked":"Singing Bowl","floor":28.0},{"not_picked":["Backflip","Noxious Fumes"],"picked":"Prepared+1","floor":31.0},{"not_picked":["A Thousand Cuts","Adrenaline","Corpse Explosion"],"picked":"Singing Bowl","floor":33.0},{"not_picked":["Accuracy","Dagger Throw+1","Deflect"],"picked":"Singing Bowl","floor":35.0},{"not_picked":["Bouncing Flask+1","Deflect"],"picked":"Escape Plan+1","floor":37.0},{"not_picked":["Flechettes","Catalyst","Skewer"],"picked":"Singing Bowl","floor":39.0},{"not_picked":["Glass Knife","Unload"],"picked":"After Image","floor":40.0},{"not_picked":["Wraith Form v2","Venomology","Malaise"],"picked":"Singing Bowl","floor":42.0},{"not_picked":["Burst","Bullet Time","Glass Knife"],"picked":"Singing Bowl","floor":45.0},{"not_picked":["Dagger Spray","Backflip+1"],"picked":"Calculated Gamble+1","floor":48.0},{"not_picked":["Grand Finale","Venomology","Wraith Form v2"],"picked":"Singing Bowl","floor":55.0}],"player_experience":621972,"relics_obtained":[{"floor":6.0,"key":"Omamori"},{"floor":8.0,"key":"Mercury Hourglass"},{"floor":9.0,"key":"Sundial"},{"floor":10.0,"key":"Darkstone Periapt"},{"floor":12.0,"key":"Meat on the Bone"},{"floor":14.0,"key":"HornCleat"},{"floor":24.0,"key":"Shovel"},{"floor":27.0,"key":"Tough Bandages"},{"floor":40.0,"key":"Smiling Mask"},{"floor":42.0,"key":"White Beast Statue"},{"floor":43.0,"key":"Kunai"},{"floor":45.0,"key":"Pantograph"},{"floor":55.0,"key":"Incense Burner"}],"event_choices":[{"damage_healed":0.0,"max_hp_gain":0.0,"max_hp_loss":0.0,"gold_gain":0.0,"event_name":"Dead Adventurer","player_choice":"Searched \u00271\u0027 times","floor":14.0,"gold_loss":0.0,"damage_taken":0.0},{"cards_removed":["Strike_G"],"damage_healed":0.0,"max_hp_gain":0.0,"max_hp_loss":0.0,"gold_gain":0.0,"event_name":"Designer","player_choice":"Upgrade and Remove","floor":19.0,"gold_loss":110.0,"damage_taken":0.0,"cards_upgraded":["Survivor"]},{"damage_healed":0.0,"max_hp_gain":0.0,"max_hp_loss":0.0,"gold_gain":0.0,"cards_transformed":["Strike_G"],"event_name":"Transmorgrifier","player_choice":"Transformed","floor":25.0,"gold_loss":0.0,"damage_taken":0.0,"cards_obtained":["Reflex"]},{"damage_healed":0.0,"max_hp_gain":0.0,"max_hp_loss":0.0,"gold_gain":0.0,"event_name":"The Mausoleum","player_choice":"Opened","floor":30.0,"gold_loss":0.0,"damage_taken":0.0,"relics_obtained":["Toy Ornithopter"],"cards_obtained":["Writhe"]},{"damage_healed":0.0,"max_hp_gain":0.0,"max_hp_loss":0.0,"gold_gain":0.0,"event_name":"Accursed Blacksmith","player_choice":"Rummage","floor":36.0,"gold_loss":0.0,"damage_taken":0.0,"relics_obtained":["WarpedTongs"],"cards_obtained":["Pain"]},{"damage_healed":0.0,"max_hp_gain":0.0,"max_hp_loss":0.0,"gold_gain":0.0,"event_name":"Tomb of Lord Red Mask","player_choice":"Ignored","floor":41.0,"gold_loss":0.0,"damage_taken":0.0},{"cards_removed":["Adrenaline"],"damage_healed":0.0,"max_hp_gain":0.0,"max_hp_loss":0.0,"gold_gain":0.0,"event_name":"Falling","player_choice":"Removed Skill","floor":47.0,"gold_loss":0.0,"damage_taken":0.0}],"is_beta":false,"boss_relics":[{"not_picked":["Velvet Choker","Busted Crown"],"picked":"Runic Dome"},{"not_picked":["SacredBark","Sozu"],"picked":"Empty Cage"}],"items_purged_floors":[22,29,46,54],"is_endless":false,"potions_floor_spawned":[1,10,12,14,18,28,31,37,39,40,45,48,55],"ascension_level":20}}