{"host":"fkig9nrckec4xsh0","time":1610427451,"event":{"mods":["BaseMod","Colored Map","Minty Spire (QoL Compilation)","Quick Restart","Replay The Spire","StSLib"],"gold_per_floor":[109,122,10,10,85,115,128,163,163,163,196,196,216,216,216],"floor_reached":14,"playtime":678,"items_purged":["Strike_G"],"score":153,"play_id":"a294a3c8-2b15-4988-99f4-823236c8c565","local_time":"20210111235731","is_ascension_mode":true,"campfire_choices":[{"floor":10,"key":"REST"}],"circlet_count":0,"master_deck":["Strike_G+1","Strike_G","Strike_G","Strike_G","Defend_G","Defend_G+1","Survivor","Neutralize","Deadly Poison","All Out Attack","Dodge and Roll","Storm of Steel","Blur","Underhanded Strike"],"relics":["Ring of the Snake","Centennial Puzzle","Blue Candle","Boot","Letter Opener"],"acts_visited":["Exordium"],"potions_floor_usage":[6,8,11,14],"damage_taken":[{"damage":0,"enemies":"2 Louse","floor":1,"turns":4},{"damage":7,"enemies":"Jaw Worm","floor":2,"turns":4},{"damage":32,"enemies":"Lagavulin","floor":6,"turns":7},{"damage":4,"enemies":"Cultist","floor":7,"turns":3},{"damage":0,"enemies":"Gremlin Nob","floor":8,"turns":1},{"damage":17,"enemies":"3 Sentries","floor":11,"turns":5},{"damage":0,"enemies":"Looter","floor":13,"turns":2},{"damage":18,"enemies":"Gremlin Nob","floor":14,"turns":2}],"seed_played":"-8181965361310315121","potions_obtained":[{"floor":2,"key":"Fruit Juice"},{"floor":7,"key":"AttackPotion"},{"floor":8,"key":"Strength Potion"},{"floor":13,"key":"GamblersBrew"}],"is_trial":false,"path_per_floor":["M","M","$","?","?","E","M","E","T","R","E","?","M","E"],"character_chosen":"THE_SILENT","items_purchased":["All Out Attack"],"campfire_rested":1,"item_purchase_floors":[3],"current_hp_per_floor":[63,56,56,43,32,5,1,1,1,21,4,4,4,0,0],"gold":216,"neow_bonus":"REMOVE_TWO","is_daily":false,"chose_seed":false,"campfire_upgraded":0,"win_rate":0.0,"timestamp":1610427451,"path_taken":["M","M","$","?","?","E","M","E","T","R","E","?","M","E"],"items_purchased_type":["Card"],"build_version":"2020-12-22","purchased_purges":1,"victory":false,"max_hp_per_floor":[63,63,63,63,63,68,68,68,68,68,68,68,68,68,68],"card_choices":[{"not_picked":["Quick Slash","Deflect"],"picked":"Deadly Poison","floor":1},{"not_picked":["Underhanded Strike","Expertise","Accuracy"],"picked":"SKIP","floor":2},{"not_picked":["Finisher","Concentrate"],"picked":"Dodge and Roll","floor":6},{"not_picked":["Endless Agony","Noxious Fumes"],"picked":"Storm of Steel","floor":7},{"not_picked":["Leg Sweep","Flying Knee"],"picked":"Blur","floor":8},{"not_picked":["Well Laid Plans","Deflect","Fluid Movement"],"picked":"SKIP","floor":11},{"not_picked":["Bane","Sucker Punch","Expertise"],"picked":"SKIP","floor":13}],"player_experience":288589,"relics_obtained":[{"floor":6,"key":"Centennial Puzzle"},{"floor":8,"key":"Blue Candle"},{"floor":9,"key":"Boot"},{"floor":11,"key":"Letter Opener"}],"event_choices":[{"damage_healed":0,"gold_gain":0,"player_choice":"Entered Light","damage_taken":13,"max_hp_gain":0,"max_hp_loss":0,"event_name":"Shining Light","floor":4,"gold_loss":0,"cards_upgraded":["Strike_G","Defend_G"]},{"damage_healed":0,"gold_gain":75,"player_choice":"Gather Gold","damage_taken":11,"max_hp_gain":0,"max_hp_loss":0,"event_name":"World of Goop","floor":5,"gold_loss":0},{"damage_healed":0,"gold_gain":0,"cards_transformed":["Defend_G"],"player_choice":"Transformed","damage_taken":0,"max_hp_gain":0,"max_hp_loss":0,"event_name":"Transmorgrifier","floor":12,"gold_loss":0,"cards_obtained":["Underhanded Strike"]}],"is_beta":false,"boss_relics":[],"items_purged_floors":[3],"is_endless":false,"potions_floor_spawned":[2,7,8,13],"killed_by":"Gremlin Nob","ascension_level":3}}