{"host":"7gewg82ormp6yt4e","time":1610458750,"event":{"mods":["BaseMod","Block Reminder","Colored Map","Colored Powertips","DeckTracker","Highlight Path","Minty Spire (QoL Compilation)","Relic Stats","StSLib","ojb\u0027s Info Mod"],"gold_per_floor":[116,133,153,165,190,190,231,255,255,255,98,127,200,242,242,325,325,337,74,124,124,27,27,27,27,27,27,70,88,88,97,97,182,182,204,231,231,240,240,282,294,306,318,167,205,229,229,249,249,249,249,249,249,5,40,40,40],"floor_reached":56,"playtime":4048,"items_purged":["Self Repair+1"],"score":2233,"play_id":"bbfd105c-5a89-454a-8a78-0806bca2240f","local_time":"20210112223910","is_ascension_mode":true,"campfire_choices":[{"data":"Doom and Gloom","floor":6.0,"key":"SMITH"},{"floor":10.0,"key":"REST"},{"data":"Defragment","floor":15.0,"key":"SMITH"},{"data":"Biased Cognition","floor":23.0,"key":"SMITH"},{"floor":27.0,"key":"REST"},{"data":"Buffer","floor":30.0,"key":"SMITH"},{"data":"Turbo","floor":32.0,"key":"SMITH"},{"floor":42.0,"key":"RECALL"},{"floor":47.0,"key":"REST"},{"floor":49.0,"key":"REST"},{"floor":53.0,"key":"REST"}],"circlet_count":0,"master_deck":["AscendersBane","Strike_B+1","Strike_B+1","Strike_B+1","Strike_B+1","Defend_B+1","Defend_B+1","Defend_B+1","Defend_B+1","Zap+1","Dualcast+1","Turbo+1","Ball Lightning+1","Doom and Gloom+1","Defragment+1","Undo+1","Undo+1","Finesse+1","Scrape+1","Glacier+1","Buffer+1","Biased Cognition+1","Good Instincts+1","Scrape+1","Biased Cognition+1","Echo Form+1","Hologram+1","Hologram+1","Deep Breath","Reinforced Body","Biased Cognition+1","BootSequence+1","Static Discharge+1","Blind","All For One+1"],"relics":["Cracked Core","NeowsBlessing","Bag of Preparation","CeramicFish","Juzu Bracelet","Calipers","Anchor","Runic Dome","Mummified Hand","Toy Ornithopter","Nilry\u0027s Codex","Pantograph","StrikeDummy","Fusion Hammer","Mark of the Bloom","MawBank","DollysMirror","Molten Egg 2","Mercury Hourglass"],"acts_visited":["Exordium","TheCity","TheBeyond","TheEnding"],"potions_floor_usage":[56,56],"damage_taken":[{"damage":0.0,"enemies":"Cultist","floor":1.0,"turns":1.0},{"damage":0.0,"enemies":"Small Slimes","floor":2.0,"turns":1.0},{"damage":0.0,"enemies":"2 Louse","floor":3.0,"turns":1.0},{"damage":11.0,"enemies":"Blue Slaver","floor":4.0,"turns":3.0},{"damage":30.0,"enemies":"3 Sentries","floor":7.0,"turns":5.0},{"damage":0.0,"enemies":"2 Fungi Beasts","floor":8.0,"turns":2.0},{"damage":8.0,"enemies":"3 Louse","floor":12.0,"turns":4.0},{"damage":4.0,"enemies":"3 Sentries","floor":13.0,"turns":5.0},{"damage":0.0,"enemies":"Gremlin Nob","floor":14.0,"turns":2.0},{"damage":18.0,"enemies":"The Guardian","floor":16.0,"turns":11.0},{"damage":11.0,"enemies":"3 Byrds","floor":18.0,"turns":4.0},{"damage":0.0,"enemies":"Gremlin Leader","floor":28.0,"turns":5.0},{"damage":0.0,"enemies":"Chosen","floor":29.0,"turns":5.0},{"damage":68.0,"enemies":"Automaton","floor":33.0,"turns":10.0},{"damage":0.0,"enemies":"Orb Walker","floor":35.0,"turns":3.0},{"damage":7.0,"enemies":"3 Darklings","floor":36.0,"turns":8.0},{"damage":0.0,"enemies":"Giant Head","floor":40.0,"turns":9.0},{"damage":0.0,"enemies":"Reptomancer","floor":45.0,"turns":9.0},{"damage":14.0,"enemies":"Writhing Mass","floor":46.0,"turns":7.0},{"damage":0.0,"enemies":"Transient","floor":48.0,"turns":6.0},{"damage":0.0,"enemies":"Time Eater","floor":50.0,"turns":22.0},{"damage":0.0,"enemies":"Donu and Deca","floor":51.0,"turns":14.0},{"damage":42,"enemies":"Shield and Spear","floor":55,"turns":5},{"damage":13,"enemies":"The Heart","floor":56,"turns":2}],"seed_played":"1516290032845879303","potions_obtained":[{"floor":1.0,"key":"GamblersBrew"},{"floor":2.0,"key":"SneckoOil"},{"floor":7.0,"key":"FearPotion"},{"floor":12.0,"key":"Energy Potion"},{"floor":18.0,"key":"BlessingOfTheForge"},{"floor":29.0,"key":"BlessingOfTheForge"},{"floor":33.0,"key":"Explosive Potion"},{"floor":35.0,"key":"LiquidBronze"},{"floor":45.0,"key":"Energy Potion"}],"is_trial":false,"path_per_floor":["M","M","M","M","T","R","E","M","T","R","$","M","?","E","R","B",null,"M","$","?","?","$","R","T","?","T","R","E","M","R","?","R","B",null,"M","M","?","?","?","E","?","R","T","$","E","M","R","M","R","B","B",null,"R","$","E","B"],"character_chosen":"DEFECT","items_purchased":["Finesse","Scrape","Mummified Hand","Good Instincts","DollysMirror","Blind","PotionOfCapacity"],"campfire_rested":5,"item_purchase_floors":[11,11,19,22,44,54,54],"current_hp_per_floor":[64,64,64,53,53,53,23,23,23,44,44,36,32,32,32,21,59,55,55,55,35,35,35,35,14,14,36,51,58,58,58,58,20,62,69,69,69,69,69,69,69,69,69,69,69,55,55,55,55,55,55,55,55,55,13,0,0],"gold":40,"neow_bonus":"THREE_ENEMY_KILL","is_daily":false,"chose_seed":false,"campfire_upgraded":5,"win_rate":0.0,"timestamp":1610458750,"path_taken":["M","M","?","?","?","R","E","?","T","R","$","M","?","E","R","BOSS","M","$","?","?","$","R","?","?","T","R","E","M","R","?","R","BOSS","M","M","?","?","?","E","?","R","T","$","E","M","R","M","R","BOSS","BOSS","R","$","E","BOSS"],"items_purchased_type":["Card","Card","Relic","Card","Relic","Card","Potion"],"build_version":"2020-12-22","purchased_purges":1,"victory":false,"max_hp_per_floor":[71,71,71,71,71,71,71,71,71,71,71,71,71,71,71,71,71,71,71,71,76,76,76,76,76,76,76,76,76,76,76,76,76,76,76,76,76,76,76,76,72,72,72,72,72,72,72,72,72,72,72,72,72,72,72,72,72],"relic_stats":{"Mark of the Bloom":226,"counters":[24,144],"Mummified Hand":[137],"CeramicFish":189,"Pantograph":18,"Bag of Preparation":[40],"Juzu Bracelet":1,"MawBank":48,"obtain_stats":[{"Mark of the Bloom":37,"Calipers":13,"NeowsBlessing":0,"Nilry\u0027s Codex":25,"CeramicFish":7,"Bag of Preparation":5,"Juzu Bracelet":9,"MawBank":40,"Mercury Hourglass":55,"Runic Dome":17,"Anchor":14,"Mummified Hand":19,"DollysMirror":44,"Pantograph":26,"Molten Egg 2":45,"Fusion Hammer":34,"Cracked Core":0,"StrikeDummy":28,"Toy Ornithopter":24},{"Mark of the Bloom":16,"Calipers":8,"NeowsBlessing":0,"Nilry\u0027s Codex":11,"CeramicFish":5,"Bag of Preparation":4,"Juzu Bracelet":6,"MawBank":17,"Mercury Hourglass":23,"Runic Dome":10,"Anchor":9,"Mummified Hand":11,"DollysMirror":17,"Pantograph":11,"Molten Egg 2":18,"Fusion Hammer":14,"Cracked Core":0,"StrikeDummy":12,"Toy Ornithopter":11},{"Mark of the Bloom":70,"Calipers":22,"NeowsBlessing":0,"Nilry\u0027s Codex":39,"CeramicFish":11,"Bag of Preparation":6,"Juzu Bracelet":13,"MawBank":79,"Mercury Hourglass":142,"Runic Dome":35,"Anchor":24,"Mummified Hand":39,"DollysMirror":79,"Pantograph":39,"Molten Egg 2":88,"Fusion Hammer":59,"Cracked Core":0,"StrikeDummy":44,"Toy Ornithopter":39}],"Toy Ornithopter":10,"Mercury Hourglass":[6]},"card_choices":[{"not_picked":["Hello World","Skim"],"picked":"Turbo","floor":1.0},{"not_picked":["Scrape","Chill"],"picked":"Ball Lightning","floor":2.0},{"not_picked":["Steam Power","Tempest"],"picked":"Doom and Gloom","floor":3.0},{"not_picked":["Hello World","Sweeping Beam"],"picked":"Defragment","floor":4.0},{"not_picked":["Force Field","Sweeping Beam"],"picked":"Undo","floor":7.0},{"not_picked":["Compile Driver","Gash"],"picked":"Undo","floor":8.0},{"not_picked":["Heatsinks","Buffer"],"picked":"Glacier","floor":12.0},{"not_picked":["Leap","Darkness"],"picked":"Self Repair","floor":13.0},{"not_picked":["Barrage","Chill"],"picked":"Buffer","floor":14.0},{"not_picked":["Fission","Echo Form"],"picked":"Biased Cognition","floor":16.0},{"not_picked":["Rebound","Darkness","Compile Driver"],"picked":"SKIP","floor":18.0},{"not_picked":["Rebound","Lockon"],"picked":"Scrape","floor":28.0},{"not_picked":["Storm","Auto Shields","Genetic Algorithm"],"picked":"SKIP","floor":29.0},{"not_picked":["Hyperbeam","Seek"],"picked":"Echo Form","floor":33.0},{"not_picked":["Aggregate","Compile Driver+1"],"picked":"Hologram","floor":35.0},{"not_picked":["Static Discharge","Aggregate"],"picked":"Hologram","floor":36.0},{"not_picked":["Transmutation","Mind Blast"],"picked":"Deep Breath","floor":38.0},{"not_picked":["Beam Cell","Darkness"],"picked":"Reinforced Body","floor":40.0},{"not_picked":["Redo","Double Energy+1"],"picked":"BootSequence+1","floor":45.0},{"not_picked":["White Noise","Compile Driver+1"],"picked":"Static Discharge+1","floor":46.0},{"not_picked":["Sunder+1","Steam","Streamline+1"],"picked":"SKIP","floor":48.0},{"not_picked":["Conserve Battery+1","Go for the Eyes+1"],"picked":"All For One+1","floor":55}],"player_experience":2554687,"relics_obtained":[{"floor":5.0,"key":"Bag of Preparation"},{"floor":7.0,"key":"CeramicFish"},{"floor":9.0,"key":"Juzu Bracelet"},{"floor":13.0,"key":"Calipers"},{"floor":14.0,"key":"Anchor"},{"floor":24.0,"key":"Toy Ornithopter"},{"floor":25.0,"key":"Nilry\u0027s Codex"},{"floor":26.0,"key":"Pantograph"},{"floor":28.0,"key":"StrikeDummy"},{"floor":40.0,"key":"MawBank"},{"floor":45.0,"key":"Molten Egg 2"},{"floor":55,"key":"Mercury Hourglass"}],"event_choices":[{"damage_healed":0.0,"max_hp_gain":0.0,"max_hp_loss":0.0,"gold_gain":0.0,"event_name":"Dead Adventurer","player_choice":"Searched \u00272\u0027 times","floor":13.0,"gold_loss":0.0,"damage_taken":0.0},{"damage_healed":0.0,"max_hp_gain":0.0,"max_hp_loss":0.0,"gold_gain":50.0,"event_name":"Nest","player_choice":"Stole From Cult","floor":20.0,"gold_loss":0.0,"damage_taken":0.0},{"damage_healed":0.0,"max_hp_gain":5.0,"max_hp_loss":0.0,"gold_gain":0.0,"event_name":"Forgotten Altar","player_choice":"Shed Blood","floor":21.0,"gold_loss":0.0,"damage_taken":25.0},{"damage_healed":0.0,"max_hp_gain":0.0,"max_hp_loss":0.0,"gold_gain":0.0,"event_name":"Cursed Tome","player_choice":"Obtained Book","floor":25.0,"gold_loss":0.0,"damage_taken":21.0},{"damage_healed":0.0,"max_hp_gain":0.0,"max_hp_loss":0.0,"gold_gain":0.0,"event_name":"Duplicator","player_choice":"Copied","floor":31.0,"gold_loss":0.0,"damage_taken":0.0,"cards_obtained":["Biased Cognition"]},{"damage_healed":0.0,"max_hp_gain":0.0,"max_hp_loss":0.0,"gold_gain":0.0,"event_name":"MindBloom","player_choice":"Upgrade","floor":37.0,"gold_loss":0.0,"damage_taken":0.0,"cards_upgraded":["Strike_B","Strike_B","Strike_B","Strike_B","Defend_B","Defend_B","Defend_B","Defend_B","Zap","Dualcast","Ball Lightning","Undo","Undo","Finesse","Scrape","Glacier","Self Repair","Good Instincts","Scrape","Echo Form","Hologram","Hologram"],"relics_obtained":["Mark of the Bloom"]},{"damage_healed":0.0,"max_hp_gain":0.0,"max_hp_loss":0.0,"gold_gain":0.0,"event_name":"SensoryStone","player_choice":"Memory 1","floor":38.0,"gold_loss":0.0,"damage_taken":0.0},{"damage_healed":0.0,"max_hp_gain":0.0,"max_hp_loss":0.0,"gold_gain":0.0,"event_name":"Tomb of Lord Red Mask","player_choice":"Ignored","floor":39.0,"gold_loss":0.0,"damage_taken":0.0},{"damage_healed":0.0,"max_hp_gain":0.0,"max_hp_loss":4.0,"gold_gain":0.0,"event_name":"Winding Halls","player_choice":"Max HP","floor":41.0,"gold_loss":0.0,"damage_taken":0.0}],"is_beta":false,"boss_relics":[{"not_picked":["Philosopher\u0027s Stone","Busted Crown"],"picked":"Runic Dome"},{"not_picked":["Cursed Key","Black Star"],"picked":"Fusion Hammer"}],"items_purged_floors":[54],"is_endless":false,"potions_floor_spawned":[1,2,7,12,13,18,29,33,35,45,48,55],"killed_by":"The Heart","ascension_level":20}}