{"host":"lqlef2ke9my6e02m","time":1610469239,"event":{"mods":["100% Spire Juice","Act Like it!","BaseMod","Downfall","Elementarium","Minty Spire (QoL Compilation)","Robot Space Explorer","StSLib","The Disciple","The Runesmith"],"gold_per_floor":[112,112,123,143,143,175,195,195,245,262,276,276,292,292,292,421,421,77,77,102,117,140,140,140,140,163,163,177,177,102,102,102,222,102,117,117,131,131,11,11,32,32,32],"floor_reached":42,"playtime":2552,"items_purged":["Guardian:Aged"],"score":400,"play_id":"d78bbe99-52d2-48a5-ba42-10c0c917fba0","local_time":"20210112173359","is_ascension_mode":false,"campfire_choices":[{"floor":15,"key":"REST"},{"data":"Moonworks:IntelligenceOfficer","floor":23,"key":"SMITH"},{"data":"Moonworks:MiracleWalker","floor":25,"key":"SMITH"},{"data":"Moonworks:EvilSpyWorkPreparation","floor":29,"key":"SMITH"},{"data":"Moonworks:GoAway","floor":32,"key":"SMITH"},{"data":"Moonworks:EvilSpyWorkPreparation","floor":40,"key":"SMITH"}],"circlet_count":0,"master_deck":["Moonworks:Strike+1","Moonworks:Strike+1","Moonworks:Strike+1","Moonworks:Defend+1","Moonworks:Defend+1","Moonworks:Defend+1","Moonworks:Defend+1","Moonworks:Ambush","Moonworks:LongDistanceShot","Moonworks:WindyEnchantment","Moonworks:SakisCookie","Moonworks:LulusLuckyEgg+1","Moonworks:IntelligenceOfficer+1","Moonworks:JonathanRush","Moonworks:CookingTime","Moonworks:CompletionReward","Moonworks:GoAway+1","Moonworks:FullSpeedAlicianrone+1","Moonworks:EvilSpyWorkPreparation+1","Moonworks:MiracleWalker+1","Moonworks:EvilSpyWorkPreparation+1","Moonworks:StarBlastingFuse","Moonworks:EvilSpyWorkPreparation+1"],"relics":["Moonworks:BrokenBomb","Moonworks:Homemark","Gremlin Horn","Regal Pillow","War Paint","Golden Idol","Cursed Key","Oddly Smooth Stone","Busted Crown"],"acts_visited":["Exordium","TheCity","TheBeyond"],"potions_floor_usage":[6,6,11,16,16,33,35,37,42],"damage_taken":[{"damage":0,"enemies":"2 Louse","floor":1,"turns":3},{"damage":0,"enemies":"Small Slimes","floor":3,"turns":3},{"damage":3,"enemies":"Jaw Worm","floor":4,"turns":2},{"damage":28,"enemies":"Gremlin Nob","floor":6,"turns":4},{"damage":1,"enemies":"2 Fungi Beasts","floor":7,"turns":4},{"damage":2,"enemies":"Red Slaver","floor":10,"turns":4},{"damage":6,"enemies":"Large Slime","floor":11,"turns":5},{"damage":0,"enemies":"2 Fungi Beasts","floor":13,"turns":4},{"damage":67,"enemies":"The Guardian","floor":16,"turns":14},{"damage":0,"enemies":"3 Byrds","floor":18,"turns":5},{"damage":3,"enemies":"Spheric Guardian","floor":20,"turns":4},{"damage":20,"enemies":"Snecko","floor":21,"turns":6},{"damage":0,"enemies":"Cultist and Chosen","floor":22,"turns":4},{"damage":0,"enemies":"Snake Plant","floor":28,"turns":4},{"damage":49,"enemies":"Collector","floor":33,"turns":8},{"damage":0,"enemies":"Orb Walker","floor":35,"turns":4},{"damage":14,"enemies":"3 Darklings","floor":37,"turns":3},{"damage":3,"enemies":"Sphere and 2 Shapes","floor":41,"turns":3},{"damage":49,"enemies":"4 Shapes","floor":42,"turns":2}],"seed_played":"-6976879034868832303","potions_obtained":[{"floor":1,"key":"EntropicBrew"},{"floor":10,"key":"Weak Potion"},{"floor":11,"key":"Fire Potion"},{"floor":13,"key":"SteroidPotion"},{"floor":22,"key":"GamblersBrew"},{"floor":28,"key":"champ:CounterPotion"},{"floor":35,"key":"DistilledChaos"},{"floor":41,"key":"PowerPotion"}],"is_trial":false,"path_per_floor":["M","?","M","M","?","E","M","$","T","M","M","?","M","?","R","B",null,"M","?","M","M","M","R","?","R","T","?","M","R","$","?","R","B",null,"M","?","M","?","?","R","M","M"],"character_chosen":"THE_STARBREAKER","items_purchased":[],"campfire_rested":1,"item_purchase_floors":[],"current_hp_per_floor":[66,66,66,63,63,35,34,34,34,32,28,28,33,17,51,6,66,66,66,63,46,54,54,54,54,54,54,54,54,54,54,54,5,66,66,63,49,49,49,49,48,0,0],"gold":32,"neow_bonus":"TEN_PERCENT_HP_BONUS","is_daily":false,"chose_seed":false,"campfire_upgraded":5,"win_rate":0.0,"timestamp":1610469239,"path_taken":["M","?","M","M","?","E","M","?","T","M","M","?","?","?","R","BOSS","M","?","M","M","M","R","?","R","T","?","?","R","$","?","R","BOSS","M","?","M","?","?","R","M","M"],"items_purchased_type":[],"build_version":"2020-12-22","purchased_purges":1,"victory":false,"max_hp_per_floor":[66,66,66,66,66,66,66,66,66,66,66,66,66,66,66,66,66,66,66,66,66,66,66,66,66,66,66,66,66,66,66,66,66,66,66,63,63,63,63,63,63,63,63],"card_choices":[{"not_picked":["Moonworks:Assault","Moonworks:CloudOfSeagulls"],"picked":"Moonworks:WindyEnchantment","floor":1},{"not_picked":["Moonworks:ImOnFire","Moonworks:BigMagnum"],"picked":"Moonworks:SakisCookie","floor":3},{"not_picked":["Moonworks:Poppoformation","Moonworks:UnpaidWork"],"picked":"Moonworks:LulusLuckyEgg","floor":4},{"not_picked":["Moonworks:BindingChains","Moonworks:FinalSurgery"],"picked":"Moonworks:IntelligenceOfficer","floor":6},{"not_picked":["Moonworks:SakisCookie","Moonworks:SelfDestruct"],"picked":"Moonworks:JonathanRush","floor":7},{"not_picked":["Moonworks:ImOnFire","Moonworks:NicePresent","Moonworks:UnpaidWork"],"picked":"SKIP","floor":10},{"not_picked":["Moonworks:AngelHand","Moonworks:ImOnFire"],"picked":"Moonworks:CookingTime","floor":11},{"not_picked":["Moonworks:CloudOfSeagulls","Moonworks:SweetBattle"],"picked":"Moonworks:CompletionReward","floor":13},{"not_picked":["Moonworks:LeapThroughSpace","Moonworks:SubspaceTunnel"],"picked":"Moonworks:GoAway","floor":16},{"not_picked":["Moonworks:EvilSpyWorkPreparation+1","Moonworks:BigMagnum"],"picked":"Moonworks:FullSpeedAlicianrone+1","floor":18},{"not_picked":["Moonworks:ImmovableObject","Moonworks:CloudOfSeagulls"],"picked":"Moonworks:EvilSpyWorkPreparation","floor":20},{"not_picked":["Moonworks:DeployBits","Moonworks:IndiscriminateFireSupport+1"],"picked":"Moonworks:MiracleWalker","floor":21},{"not_picked":["Moonworks:DevilHand","Moonworks:SealedMemories+1","Moonworks:CloudOfSeagulls"],"picked":"SKIP","floor":22},{"not_picked":["Moonworks:DeployBits","Moonworks:LulusLuckyEgg"],"picked":"Moonworks:EvilSpyWorkPreparation","floor":28},{"not_picked":["Moonworks:OutOfAmmo","Moonworks:MetallicMonocoque"],"picked":"Moonworks:StarBlastingFuse","floor":33},{"not_picked":[],"picked":"Moonworks:EvilSpyWorkPreparation+1","floor":35},{"not_picked":["Moonworks:TreasureThief"],"picked":"SKIP","floor":37},{"not_picked":["Moonworks:ScrambledEve+1"],"picked":"SKIP","floor":41}],"player_experience":342070,"relics_obtained":[{"floor":6,"key":"Gremlin Horn"},{"floor":9,"key":"Regal Pillow"},{"floor":26,"key":"Oddly Smooth Stone"}],"event_choices":[{"damage_healed":0,"gold_gain":0,"player_choice":"Ignored","damage_taken":0,"max_hp_gain":0,"max_hp_loss":0,"event_name":"Golden Wing","floor":2,"gold_loss":0},{"damage_healed":0,"gold_gain":0,"player_choice":"Leave","damage_taken":0,"max_hp_gain":0,"max_hp_loss":0,"event_name":"The Cleric","floor":5,"gold_loss":0},{"damage_healed":0,"gold_gain":0,"player_choice":"Gave Potion","damage_taken":0,"relics_obtained":["War Paint"],"max_hp_gain":0,"max_hp_loss":0,"event_name":"WeMeetAgain","floor":12,"gold_loss":0},{"damage_healed":0,"gold_gain":0,"player_choice":"Take Damage","damage_taken":16,"relics_obtained":["Golden Idol"],"max_hp_gain":0,"max_hp_loss":0,"event_name":"Golden Idol","floor":14,"gold_loss":0},{"damage_healed":0,"gold_gain":0,"player_choice":"Ignored","damage_taken":0,"max_hp_gain":0,"max_hp_loss":0,"event_name":"The Mausoleum","floor":19,"gold_loss":0},{"damage_healed":0,"gold_gain":0,"player_choice":"Ignored","damage_taken":0,"max_hp_gain":0,"max_hp_loss":0,"event_name":"Cursed Tome","floor":24,"gold_loss":0},{"damage_healed":0,"gold_gain":0,"player_choice":"Simplicity","damage_taken":0,"max_hp_gain":0,"max_hp_loss":0,"event_name":"Back to Basics","floor":27,"gold_loss":0,"cards_upgraded":["Moonworks:Strike","Moonworks:Strike","Moonworks:Strike","Moonworks:Strike","Moonworks:Defend","Moonworks:Defend","Moonworks:Defend"]},{"damage_healed":0,"gold_gain":0,"player_choice":"Max HP","damage_taken":0,"max_hp_gain":0,"max_hp_loss":3,"event_name":"Winding Halls","floor":36,"gold_loss":0},{"cards_removed":["Moonworks:Strike"],"damage_healed":0,"gold_gain":0,"player_choice":"Removed Attack","damage_taken":0,"max_hp_gain":0,"max_hp_loss":0,"event_name":"Falling","floor":38,"gold_loss":0},{"damage_healed":0,"gold_gain":0,"player_choice":"Ignored","damage_taken":0,"max_hp_gain":0,"max_hp_loss":0,"event_name":"Tomb of Lord Red Mask","floor":39,"gold_loss":0}],"is_beta":false,"boss_relics":[{"not_picked":["Coffee Dripper","Pandora\u0027s Box"],"picked":"Cursed Key"},{"not_picked":["Calling Bell","Runic Pyramid"],"picked":"Busted Crown"}],"items_purged_floors":[30],"is_endless":false,"potions_floor_spawned":[1,10,11,13,22,28,35,41],"killed_by":"4 Shapes","ascension_level":0}}