{"host":"pzq1vc4uuxkm5fg8","time":1610484785,"event":{"mods":["BaseMod","BetterRewards","Downfall","Hermit","Marisa????????","Minty Spire (QoL Compilation)","Shop Mod","StSLib","The Cursed"],"gold_per_floor":[112,122,132,152,117,147,147,157,157,157,183,196,196,230,230,335,335,354,371,382,52,52,52],"floor_reached":22,"language":"ENG","playtime":5002,"items_purged":[],"score":208,"play_id":"368449dc-12f2-4100-b2f8-1614ee353f7b","local_time":"20210112155305","is_ascension_mode":false,"campfire_choices":[{"data":"hermit:Deadeye","floor":7,"key":"SMITH"},{"data":"hermit:PistolWhip","floor":10,"key":"SMITH"},{"floor":15,"key":"REST"}],"circlet_count":0,"master_deck":["hermit:Strike_Hermit","hermit:Strike_Hermit","hermit:Strike_Hermit","hermit:Strike_Hermit","hermit:Defend_Hermit","hermit:Defend_Hermit","hermit:Defend_Hermit","hermit:Defend_Hermit","hermit:Snapshot","hermit:Covet","hermit:Manifest","hermit:LuckOfTheDraw","hermit:Headshot","hermit:Deadeye+1","hermit:BigShot","hermit:PistolWhip+1","hermit:Spite","hermit:Reprieve","hermit:Gambit","hermit:Glare+1","hermit:Feint","hermit:LowProfile+1","hermit:Enervate"],"relics":["hermit:Momento","Darkstone Periapt","Pocketwatch","Ice Cream","TungstenRod","Black Star","Ancient Tea Set"],"acts_visited":["Exordium","TheCity"],"potions_floor_usage":[20,22,22],"damage_taken":[{"damage":5.0,"enemies":"Small Slimes","floor":1.0,"turns":3.0},{"damage":1.0,"enemies":"Jaw Worm","floor":2.0,"turns":3.0},{"damage":10.0,"enemies":"Cultist","floor":3.0,"turns":7.0},{"damage":3.0,"enemies":"Red Slaver","floor":4.0,"turns":4.0},{"damage":17,"enemies":"Gremlin Nob","floor":6,"turns":4},{"damage":2,"enemies":"3 Louse","floor":8,"turns":4},{"damage":17,"enemies":"3 Sentries","floor":11,"turns":10},{"damage":5,"enemies":"Looter","floor":12,"turns":2},{"damage":6,"enemies":"Gremlin Nob","floor":14,"turns":3},{"damage":15,"enemies":"Slime Boss","floor":16,"turns":9},{"damage":35,"enemies":"2 Thieves","floor":18,"turns":5},{"damage":18,"enemies":"Spheric Guardian","floor":19,"turns":5},{"damage":17,"enemies":"Chosen and Byrds","floor":20,"turns":6},{"damage":21,"enemies":"Centurion and Healer","floor":22,"turns":5}],"seed_played":"-7499260865440641817","potions_obtained":[{"floor":3.0,"key":"AttackPotion"},{"floor":4,"key":"BlessingOfTheForge"},{"floor":8,"key":"SpeedPotion"},{"floor":11,"key":"LiquidMemories"},{"floor":20,"key":"Dexterity Potion"}],"is_trial":false,"path_per_floor":["M","M","M","M","?","E","R","M","T","R","E","M","?","E","R","B",null,"M","M","M","$","M"],"character_chosen":"HERMIT","items_purchased":["Fruit Juice","Ancient Tea Set","hermit:Enervate"],"campfire_rested":1,"item_purchase_floors":[21,21,21],"current_hp_per_floor":[77,76,66,63,82,65,65,63,63,63,46,41,41,35,59,44,82,47,29,12,12,0,0],"gold":52,"neow_bonus":"TEN_PERCENT_HP_BONUS","is_daily":false,"chose_seed":false,"campfire_upgraded":2,"win_rate":0.0,"timestamp":1610484785,"path_taken":["M","M","M","M","?","E","R","M","T","R","E","M","?","E","R","BOSS","M","M","M","$","M"],"items_purchased_type":["Potion","Relic","Card"],"build_version":"2020-12-22","purchased_purges":0,"victory":false,"max_hp_per_floor":[82,82,82,82,82,82,82,82,82,82,82,82,82,82,82,82,82,82,82,82,82,87,87],"card_choices":[{"not_picked":["hermit:Desperado","hermit:Quickdraw"],"picked":"hermit:Manifest","floor":1.0},{"not_picked":["hermit:Quickdraw","hermit:Misfire"],"picked":"hermit:LuckOfTheDraw","floor":2.0},{"not_picked":["hermit:Vantage","hermit:CalledShot"],"picked":"hermit:Headshot","floor":3.0},{"not_picked":["hermit:PistolWhip","hermit:Vantage"],"picked":"hermit:Deadeye","floor":4},{"not_picked":["hermit:Roulette","hermit:Maintenance"],"picked":"hermit:BigShot","floor":6},{"not_picked":["hermit:Quickdraw","hermit:Headshot"],"picked":"hermit:PistolWhip","floor":8},{"not_picked":["hermit:Scavenge","hermit:HoleUp"],"picked":"hermit:Gestalt","floor":11},{"not_picked":["hermit:FullyLoaded","hermit:LuckOfTheDraw"],"picked":"hermit:Spite","floor":12},{"not_picked":["hermit:EyeOfTheStorm","hermit:HoleUp"],"picked":"hermit:Reprieve","floor":14},{"not_picked":["hermit:Purgatory","hermit:HighNoon"],"picked":"hermit:Gambit","floor":16},{"not_picked":["hermit:FullyLoaded","hermit:TrackingShot+1"],"picked":"hermit:Glare+1","floor":18},{"not_picked":["hermit:ItchyTrigger","hermit:SprayPray"],"picked":"hermit:Feint","floor":19},{"not_picked":["hermit:TakeAim","hermit:CalledShot"],"picked":"hermit:LowProfile+1","floor":20}],"player_experience":309034,"relics_obtained":[{"floor":6,"key":"Darkstone Periapt"},{"floor":9,"key":"Pocketwatch"},{"floor":11,"key":"Ice Cream"},{"floor":14,"key":"TungstenRod"}],"event_choices":[{"damage_healed":20,"gold_gain":0,"player_choice":"Healed","damage_taken":0,"max_hp_gain":0,"max_hp_loss":0,"event_name":"The Cleric","floor":5,"gold_loss":35},{"cards_removed":["hermit:Gestalt"],"damage_healed":0,"gold_gain":0,"player_choice":"Purged","damage_taken":0,"max_hp_gain":0,"max_hp_loss":0,"event_name":"Purifier","floor":13,"gold_loss":0}],"is_beta":false,"boss_relics":[{"not_picked":["Astrolabe","Coffee Dripper"],"picked":"Black Star"}],"items_purged_floors":[],"is_endless":false,"potions_floor_spawned":[3,4,8,11,14,18,20],"killed_by":"Centurion and Healer","ascension_level":0}}