{"host":"8xa5iuanyysuug62","time":1610412963,"event":{"mods":["Arknights The Spire","BaseMod","Minty Spire (QoL Compilation)","StSLib"],"gold_per_floor":[110,130,305,305,354,403,403,432,432,382,434,467,494,523,523,523,523],"floor_reached":16,"playtime":1049,"items_purged":[],"score":137,"play_id":"bcea39ee-abaa-4f60-8e8c-553b61816c9d","local_time":"20210111165603","is_ascension_mode":false,"campfire_choices":[{"data":"ats:Explosion Area Strengthen","floor":7,"key":"SMITH"},{"floor":15,"key":"REST"}],"circlet_count":0,"master_deck":["ats:Strike C","ats:Strike G","ats:Strike S","ats:Strike V","ats:Armor Crushing Shot","ats:Defend","ats:Defend","ats:Defend","ats:Defend","ats:Emotion Absorption","ats:Leaping Hammer","ats:Explosion Area Strengthen+1","ats:Poison Spread","ats:Assault Order","ats:Revitalization","ats:Very Hot Blade","ats:Charging Defense","ats:Calcification"],"relics":["ats:Sanity","NeowsBlessing","Golden Idol","CeramicFish","ats:Originium","Thread and Needle","Gremlin Horn","Ice Cream"],"acts_visited":["Exordium"],"potions_floor_usage":[14,16,16],"damage_taken":[{"damage":0,"enemies":"Small Slimes","floor":1,"turns":1},{"damage":0,"enemies":"Jaw Worm","floor":2,"turns":1},{"damage":0,"enemies":"3 Sentries","floor":6,"turns":1},{"damage":0,"enemies":"Cultist","floor":8,"turns":3},{"damage":31,"enemies":"Gremlin Nob","floor":11,"turns":5},{"damage":0,"enemies":"Large Slime","floor":12,"turns":6},{"damage":9,"enemies":"Lots of Slimes","floor":13,"turns":3},{"damage":0,"enemies":"Looter","floor":14,"turns":2},{"damage":58,"enemies":"Hexaghost","floor":16,"turns":14}],"seed_played":"-646928183286102848","potions_obtained":[{"floor":2,"key":"Energy Potion"},{"floor":12,"key":"DistilledChaos"},{"floor":13,"key":"Explosive Potion"},{"floor":14,"key":"BlessingOfTheForge"}],"is_trial":false,"path_per_floor":["M","M","?","?","T","E","R","M","T","?","E","M","M","M","R","B"],"character_chosen":"DOCTOR_CLASS","items_purchased":[],"campfire_rested":1,"item_purchase_floors":[],"current_hp_per_floor":[72,72,72,54,54,54,54,54,54,54,23,28,19,19,40,0,0],"gold":523,"neow_bonus":"THREE_ENEMY_KILL","is_daily":false,"chose_seed":false,"campfire_upgraded":1,"win_rate":0.0,"timestamp":1610412963,"path_taken":["M","M","?","?","?","E","R","M","T","?","E","M","?","M","R","BOSS"],"items_purchased_type":[],"build_version":"2020-12-22","purchased_purges":0,"victory":false,"max_hp_per_floor":[72,72,72,72,72,72,72,72,72,72,72,72,72,72,72,72,72],"card_choices":[{"not_picked":["ats:Powerful Strike","ats:Childhood Dance"],"picked":"ats:Leaping Hammer","floor":1},{"not_picked":["ats:Flexible Camouflage","ats:Childhood Dance"],"picked":"ats:Explosion Area Strengthen","floor":2},{"not_picked":["ats:Flexible Camouflage","ats:Blood Oath"],"picked":"ats:Poison Spread","floor":6},{"not_picked":["ats:Consecutive Shot Auto","ats:Leaping Hammer"],"picked":"ats:Assault Order","floor":8},{"not_picked":["ats:Rapid Magazine","ats:Flexible Camouflage"],"picked":"ats:Revitalization","floor":11},{"not_picked":["ats:Curse Doll","ats:Flexible Camouflage"],"picked":"ats:Very Hot Blade","floor":12},{"not_picked":["ats:Childhood Dance","ats:Explosion Area Strengthen"],"picked":"ats:Charging Defense","floor":13},{"not_picked":["ats:Revitalization","ats:Healing Strengthening"],"picked":"ats:Calcification","floor":14}],"player_experience":27534,"relics_obtained":[{"floor":5,"key":"CeramicFish"},{"floor":6,"key":"ats:Originium"},{"floor":6,"key":"Thread and Needle"},{"floor":9,"key":"Gremlin Horn"},{"floor":11,"key":"ats:Originium"},{"floor":11,"key":"Ice Cream"}],"event_choices":[{"damage_healed":0,"gold_gain":175,"player_choice":"AGREE","damage_taken":0,"max_hp_gain":0,"max_hp_loss":0,"event_name":"Liars Game","floor":3,"gold_loss":0,"cards_obtained":["Doubt"]},{"damage_healed":0,"gold_gain":0,"player_choice":"Take Damage","damage_taken":18,"relics_obtained":["Golden Idol"],"max_hp_gain":0,"max_hp_loss":0,"event_name":"Golden Idol","floor":4,"gold_loss":0},{"cards_removed":["Doubt"],"damage_healed":0,"gold_gain":0,"player_choice":"Card Removal","damage_taken":0,"max_hp_gain":0,"max_hp_loss":0,"event_name":"The Cleric","floor":10,"gold_loss":50}],"is_beta":false,"boss_relics":[],"items_purged_floors":[],"is_endless":false,"potions_floor_spawned":[2,12,13,14],"killed_by":"Hexaghost","ascension_level":0}}