{"host":"f0gpob8hq9vgebej","time":1610425508,"event":{"mods":["AchievementEnabler","BaseMod","Minty Spire (QoL Compilation)","Quick Restart","SuperFastMode"],"gold_per_floor":[118,131,149,149,164,164,227,227,307,325,58,68,81,112,112,216,216,228,278,102,113,125,125,125],"floor_reached":23,"playtime":499,"items_purged":["Strike_B","Strike_B"],"score":215,"play_id":"5a93fca1-1f39-40d3-bd52-90a190f22f11","local_time":"20210112132508","is_ascension_mode":true,"campfire_choices":[{"data":"Zap","floor":6,"key":"SMITH"},{"data":"Defragment","floor":8,"key":"SMITH"},{"data":"Apotheosis","floor":15,"key":"SMITH"}],"circlet_count":0,"master_deck":["Defend_B","Defend_B","Defend_B","Zap+1","Dualcast","Purity","Genetic Algorithm","Ball Lightning","Capacitor","Defragment+1","Apotheosis+1","Conserve Battery","Amplify","Self Repair"],"relics":["Cracked Core","Pen Nib","StrikeDummy","Darkstone Periapt","Empty Cage"],"acts_visited":["Exordium","TheCity"],"potions_floor_usage":[7,16,23,23,23],"damage_taken":[{"damage":2,"enemies":"Jaw Worm","floor":1,"turns":4},{"damage":0,"enemies":"Small Slimes","floor":2,"turns":3},{"damage":3,"enemies":"Cultist","floor":3,"turns":3},{"damage":1,"enemies":"2 Fungi Beasts","floor":5,"turns":4},{"damage":23,"enemies":"Gremlin Nob","floor":7,"turns":4},{"damage":0,"enemies":"Blue Slaver","floor":10,"turns":3},{"damage":2,"enemies":"3 Louse","floor":12,"turns":4},{"damage":0,"enemies":"2 Fungi Beasts","floor":13,"turns":4},{"damage":12,"enemies":"3 Sentries","floor":14,"turns":6},{"damage":6,"enemies":"Slime Boss","floor":16,"turns":8},{"damage":17,"enemies":"2 Thieves","floor":18,"turns":4},{"damage":16,"enemies":"3 Byrds","floor":21,"turns":5},{"damage":19,"enemies":"Snake Plant","floor":22,"turns":4},{"damage":54,"enemies":"Gremlin Leader","floor":23,"turns":6}],"seed_played":"-3992454583348747007","potions_obtained":[{"floor":2,"key":"LiquidMemories"},{"floor":5,"key":"EssenceOfDarkness"},{"floor":10,"key":"Swift Potion"},{"floor":12,"key":"SteroidPotion"},{"floor":13,"key":"Fire Potion"},{"floor":21,"key":"FearPotion"},{"floor":22,"key":"PowerPotion"}],"is_trial":false,"path_per_floor":["M","M","M","?","M","R","?","R","T","M","$","M","M","E","R","B",null,"M","?","$","M","M","E"],"character_chosen":"DEFECT","items_purchased":["Apotheosis","Self Repair"],"campfire_rested":0,"item_purchase_floors":[11,20],"current_hp_per_floor":[73,73,70,70,69,69,46,46,46,46,46,44,44,32,32,26,75,58,58,58,52,43,0,0],"gold":125,"neow_bonus":"RANDOM_COLORLESS","is_daily":false,"chose_seed":false,"campfire_upgraded":3,"win_rate":0.0,"timestamp":1610425508,"path_taken":["M","M","M","?","M","R","?","R","T","M","$","M","M","E","R","BOSS","M","?","$","M","?","E"],"items_purchased_type":["Card","Card"],"build_version":"2020-12-22","purchased_purges":2,"victory":false,"max_hp_per_floor":[75,75,75,75,75,75,75,75,75,75,75,75,75,75,75,75,75,75,75,75,75,75,75,75],"card_choices":[{"not_picked":["Panacea","Forethought"],"picked":"Purity","floor":0},{"not_picked":["Stack","Self Repair"],"picked":"Genetic Algorithm","floor":1},{"not_picked":["Streamline","Hologram","Go for the Eyes"],"picked":"SKIP","floor":2},{"not_picked":["Rainbow","Cold Snap"],"picked":"Ball Lightning","floor":3},{"not_picked":["Lockon","Hello World"],"picked":"Capacitor","floor":5},{"not_picked":["Genetic Algorithm","Recycle"],"picked":"Defragment","floor":7},{"not_picked":["Blizzard","Beam Cell","Barrage"],"picked":"SKIP","floor":10},{"not_picked":["Turbo","Auto Shields"],"picked":"Conserve Battery","floor":12},{"not_picked":["Auto Shields","Cold Snap","Capacitor"],"picked":"SKIP","floor":13},{"not_picked":["Darkness","Beam Cell","Coolheaded"],"picked":"SKIP","floor":14},{"not_picked":["Thunder Strike","All For One"],"picked":"Amplify","floor":16},{"not_picked":["Recycle","Reinforced Body","Rebound"],"picked":"SKIP","floor":18},{"not_picked":["Streamline","Steam+1","Reinforced Body+1"],"picked":"SKIP","floor":21},{"not_picked":["Streamline","Hologram","Go for the Eyes"],"picked":"SKIP","floor":22}],"player_experience":138108,"relics_obtained":[{"floor":7,"key":"Pen Nib"},{"floor":9,"key":"StrikeDummy"},{"floor":14,"key":"Darkstone Periapt"}],"event_choices":[{"cards_removed":["Strike_B"],"damage_healed":0,"gold_gain":0,"player_choice":"Forget","damage_taken":0,"max_hp_gain":0,"max_hp_loss":0,"event_name":"Living Wall","floor":4,"gold_loss":0},{"damage_healed":0,"gold_gain":0,"player_choice":"Searched \u00272\u0027 times","damage_taken":0,"max_hp_gain":0,"max_hp_loss":0,"event_name":"Dead Adventurer","floor":7,"gold_loss":0},{"damage_healed":0,"gold_gain":100,"player_choice":"Bet on Murderer","damage_taken":0,"max_hp_gain":0,"max_hp_loss":0,"event_name":"The Joust","floor":19,"gold_loss":50}],"is_beta":false,"boss_relics":[{"not_picked":["Runic Dome","Cursed Key"],"picked":"Empty Cage"}],"items_purged_floors":[11,20],"is_endless":false,"potions_floor_spawned":[2,5,10,12,13,21,22],"killed_by":"Gremlin Leader","ascension_level":2}}