{"host":"z9811rt50ti81n54","time":1610460954,"event":{"mods":["BaseMod","Better Match","Better Sensory Stone","Better Skull","Better Third Choice","Minty Spire (QoL Compilation)","Permanent Neow","StSLib","SuperFastMode"],"gold_per_floor":[118,135,18,18,37,37,37,1,1,13,87,52,72,90,90,189,189,203,203,214,21,21,40,1,27,52,127,146,181,198,217,217,322,322,341,360,55,73,73,73,173,199,224,244,257,257,267,489,489,489,489],"floor_reached":50,"playtime":2597,"items_purged":["Strike_B"],"score":586,"play_id":"57c2a567-6985-471f-a56b-f1b64155cac3","local_time":"20210112231554","is_ascension_mode":false,"campfire_choices":[{"data":"Sunder","floor":6,"key":"SMITH"},{"data":"Buffer","floor":15,"key":"SMITH"},{"data":"Coolheaded","floor":32,"key":"SMITH"},{"data":"Heatsinks","floor":40,"key":"SMITH"},{"data":"Defragment","floor":46,"key":"SMITH"},{"data":"Skim","floor":49,"key":"SMITH"}],"circlet_count":0,"master_deck":["Defend_B","Defend_B","Defend_B","Defend_B","Zap","Dualcast","Sweeping Beam","Coolheaded+1","Sunder+1","Self Repair","Auto Shields","Fusion","Turbo","Defragment+1","Buffer+1","Self Repair","Meteor Strike+1","Compile Driver+1","RitualDagger+1","White Noise","Hyperbeam+1","White Noise","Mayhem","Mayhem","Steam Power","Heatsinks+1","Glacier+1","Compile Driver+1","Compile Driver+1","Biased Cognition","Echo Form","Tempest+1","Echo Form","Skim+1","Chaos+1"],"relics":["Coffee Dripper","Darkstone Periapt","Molten Egg 2","Runic Dome","Blood Vial","Happy Flower","Bottled Flame","Red Mask","Empty Cage","DollysMirror","Unceasing Top","PreservedInsect"],"acts_visited":["Exordium","TheCity","TheBeyond"],"potions_floor_usage":[16,25,50,50,50],"damage_taken":[{"damage":0,"enemies":"Small Slimes","floor":1,"turns":4},{"damage":0,"enemies":"Cultist","floor":2,"turns":2},{"damage":0,"enemies":"2 Louse","floor":5,"turns":2},{"damage":3,"enemies":"Exordium Thugs","floor":10,"turns":4},{"damage":5,"enemies":"Blue Slaver","floor":13,"turns":3},{"damage":3,"enemies":"Red Slaver","floor":14,"turns":3},{"damage":0,"enemies":"Slime Boss","floor":16,"turns":9},{"damage":19,"enemies":"Shell Parasite","floor":18,"turns":6},{"damage":27,"enemies":"3 Byrds","floor":20,"turns":6},{"damage":0,"enemies":"Snecko","floor":23,"turns":4},{"damage":20,"enemies":"Slavers","floor":25,"turns":4},{"damage":0,"enemies":"Sentry and Sphere","floor":28,"turns":3},{"damage":3,"enemies":"Masked Bandits","floor":29,"turns":3},{"damage":15,"enemies":"Snake Plant","floor":30,"turns":2},{"damage":13,"enemies":"Centurion and Healer","floor":31,"turns":5},{"damage":33,"enemies":"Collector","floor":33,"turns":8},{"damage":19,"enemies":"3 Shapes","floor":35,"turns":5},{"damage":6,"enemies":"Orb Walker","floor":36,"turns":2},{"damage":5,"enemies":"Sphere and 2 Shapes","floor":38,"turns":6},{"damage":48,"enemies":"Nemesis","floor":42,"turns":6},{"damage":0,"enemies":"Maw","floor":44,"turns":6},{"damage":37,"enemies":"Jaw Worm Horde","floor":45,"turns":4},{"damage":5,"enemies":"4 Shapes","floor":47,"turns":2},{"damage":32,"enemies":"Time Eater","floor":50,"turns":9}],"seed_played":"1312937838072433274","potions_obtained":[{"floor":10,"key":"PowerPotion"},{"floor":13,"key":"EssenceOfSteel"},{"floor":16,"key":"SpeedPotion"},{"floor":18,"key":"Energy Potion"},{"floor":31,"key":"GamblersBrew"},{"floor":36,"key":"PotionOfCapacity"},{"floor":38,"key":"DuplicationPotion"}],"is_trial":false,"path_per_floor":["M","M","$","?","M","R","?","$","T","M","T","$","M","M","R","B",null,"M","?","M","$","?","M","$","E","T","T","M","?","M","M","R","B",null,"M","M","$","M","$","R","?","E","T","M","M","R","M","?","R","B"],"character_chosen":"DEFECT","items_purchased":["Sunder","Self Repair","Fusion","Defragment","Hyperbeam+1","White Noise","Heatsinks","DollysMirror","Skim"],"campfire_rested":0,"item_purchase_floors":[3,3,8,12,21,21,24,37,37],"current_hp_per_floor":[75,75,75,75,75,75,75,75,75,75,75,75,75,72,72,75,75,70,64,51,51,51,72,72,52,52,52,54,67,54,57,57,40,75,70,73,73,75,75,75,75,27,27,57,29,29,26,26,26,0,0],"gold":489,"neow_bonus":"BOSS_RELIC","is_daily":false,"chose_seed":false,"campfire_upgraded":6,"win_rate":0.0,"timestamp":1610460954,"path_taken":["M","M","$","?","?","R","?","?","T","M","?","$","?","M","R","BOSS","M","?","M","$","?","M","$","E","T","?","M","?","?","M","R","BOSS","M","M","$","M","$","R","?","E","T","?","M","R","M","?","R","BOSS"],"items_purchased_type":["Card","Card","Card","Card","Card","Card","Card","Relic","Card"],"build_version":"2020-12-22","purchased_purges":1,"victory":false,"max_hp_per_floor":[75,75,75,75,75,75,75,75,75,75,75,75,75,75,75,75,75,75,75,75,75,75,75,75,75,75,75,75,75,75,75,75,75,75,75,75,75,75,75,75,75,75,75,75,75,75,75,75,75,75,75],"card_choices":[{"not_picked":["Compile Driver","Reprogram"],"picked":"Sweeping Beam","floor":1},{"not_picked":["Leap","Compile Driver"],"picked":"Coolheaded","floor":2},{"not_picked":["Gash","Redo"],"picked":"Auto Shields","floor":5},{"not_picked":["Stack","Rebound"],"picked":"Turbo","floor":10},{"not_picked":["Barrage+1","Lockon+1"],"picked":"Buffer","floor":13},{"not_picked":["Leap","Gash+1"],"picked":"Self Repair","floor":14},{"not_picked":["Multi-Cast","Amplify"],"picked":"Meteor Strike+1","floor":16},{"not_picked":["Rebound+1","Barrage+1"],"picked":"Compile Driver+1","floor":18},{"not_picked":["Gash+1","Streamline+1"],"picked":"White Noise","floor":20},{"not_picked":["Violence","Jack Of All Trades"],"picked":"Mayhem","floor":22},{"not_picked":["Blind","Good Instincts"],"picked":"Mayhem","floor":22},{"not_picked":["Stack+1","Self Repair"],"picked":"Steam Power","floor":23},{"not_picked":["Hologram","Heatsinks"],"picked":"Glacier+1","floor":25},{"not_picked":["Ball Lightning+1","Steam"],"picked":"Compile Driver+1","floor":28},{"not_picked":["Streamline+1","BootSequence"],"picked":"Compile Driver+1","floor":29},{"not_picked":["Lockon+1","Hologram"],"picked":"Biased Cognition","floor":30},{"not_picked":["FTL+1","Steam","Conserve Battery"],"picked":"SKIP","floor":31},{"not_picked":["Amplify","All For One+1"],"picked":"Echo Form","floor":33},{"not_picked":["Redo","Streamline+1","BootSequence"],"picked":"SKIP","floor":35},{"not_picked":["Scrape+1","Stack"],"picked":"Tempest+1","floor":36},{"not_picked":["Streamline+1","Ball Lightning+1","Melter+1"],"picked":"SKIP","floor":38},{"not_picked":["Sweeping Beam+1","Cold Snap+1"],"picked":"Chaos+1","floor":42},{"not_picked":["Streamline+1","Ball Lightning+1","Compile Driver+1"],"picked":"SKIP","floor":44},{"not_picked":["Beam Cell+1","Redo+1","Cold Snap+1"],"picked":"SKIP","floor":45},{"not_picked":["Defragment","Redo","Gash+1"],"picked":"SKIP","floor":47}],"player_experience":373715,"relics_obtained":[{"floor":9,"key":"Darkstone Periapt"},{"floor":11,"key":"Molten Egg 2"},{"floor":25,"key":"Blood Vial"},{"floor":26,"key":"Happy Flower"},{"floor":27,"key":"Bottled Flame"},{"floor":29,"key":"Red Mask"},{"floor":42,"key":"Unceasing Top"},{"floor":43,"key":"PreservedInsect"}],"event_choices":[{"cards_removed":["Strike_B"],"damage_healed":0,"gold_gain":0,"player_choice":"Purged","damage_taken":0,"max_hp_gain":0,"max_hp_loss":0,"event_name":"Purifier","floor":4,"gold_loss":0},{"damage_healed":0,"gold_gain":0,"player_choice":"Ignored","damage_taken":0,"max_hp_gain":0,"max_hp_loss":0,"event_name":"WeMeetAgain","floor":7,"gold_loss":0},{"damage_healed":0,"gold_gain":0,"player_choice":"Dagger","damage_taken":6,"max_hp_gain":0,"max_hp_loss":0,"event_name":"betterThird:BetterNest","floor":19,"gold_loss":0,"cards_obtained":["RitualDagger"]},{"damage_healed":0,"gold_gain":2,"player_choice":"1","damage_taken":0,"max_hp_gain":0,"max_hp_loss":0,"event_name":"betterStone:BetterStone","floor":22,"gold_loss":0},{"damage_healed":0,"gold_gain":0,"player_choice":"Fought Bandits","damage_taken":0,"max_hp_gain":0,"max_hp_loss":0,"event_name":"Masked Bandits","floor":29,"gold_loss":0},{"damage_healed":0,"gold_gain":100,"player_choice":"Pray","damage_taken":0,"max_hp_gain":0,"max_hp_loss":0,"event_name":"Golden Shrine","floor":41,"gold_loss":0},{"damage_healed":0,"gold_gain":222,"player_choice":"Wore Mask","damage_taken":0,"max_hp_gain":0,"max_hp_loss":0,"event_name":"Tomb of Lord Red Mask","floor":48,"gold_loss":0}],"is_beta":false,"boss_relics":[{"not_picked":["Velvet Choker","Inserter"],"picked":"Runic Dome"},{"not_picked":["Black Star","Sozu"],"picked":"Empty Cage"}],"items_purged_floors":[37],"is_endless":false,"potions_floor_spawned":[10,13,16,18,23,31,36,38,47],"killed_by":"Time Eater","ascension_level":0}}