{"host":"tmzq6unyecs2p367","time":1610439732,"event":{"mods":["BaseMod","Koishi","Minty Spire (QoL Compilation)","StSLib","The Bug Knight","The Dragon Tamer","The Juggle","The Senshi"],"gold_per_floor":[115,115,129,147,167,167,201,201,201,234,264,264,22,39,39,134,134,154,154,169,19,33,63,75,107,132,159,159,159,159,78,78,173,173,190,242,242,261,274,306,88,117,142,167,217,235,279,303,303,303],"floor_reached":51,"playtime":2333,"items_purged":["Pain"],"score":1174,"play_id":"47888d9d-c058-467b-adbd-27ad700f9dce","local_time":"20210112092212","is_ascension_mode":true,"metric_token":531,"campfire_choices":[{"data":"DTMod:SwitchingTactic","floor":6.0,"key":"SMITH"},{"data":"DTMod:Training","floor":8.0,"key":"SMITH"},{"data":"DTMod:SneakAttack","floor":12.0,"key":"SMITH"},{"data":"DTMod:DarkBreath","floor":15.0,"key":"SMITH"},{"data":"DTMod:CleansingStrike","floor":30,"key":"SMITH"},{"data":"DTMod:BurningForce","floor":32,"key":"SMITH"},{"data":"Metamorphosis","floor":49,"key":"SMITH"}],"dtmod_dragon_data":[40,56,0,1,8,10],"circlet_count":0,"master_deck":["DTMod:Strike","DTMod:Strike","DTMod:Strike","DTMod:Strike+1","DTMod:DoubleHit","DTMod:TargetDefense","DTMod:TargetDefense+1","DTMod:TargetDefense+1","DTMod:TargetDefense","DTMod:SwitchingTactic+1","DTMod:SneakAttack+1","DTMod:Training+1","DTMod:BurningForce+1","DTMod:BreakAttack+1","DTMod:CleansingStrike+1","DTMod:DarkBreath+1","DTMod:TauntingStrike","DTMod:Multitask+1","DTMod:ComboAttack","DTMod:BurningEnergy+1","DTMod:Dissolve+1","DTMod:Dissolve+1","DTMod:HeatWave+1","DTMod:CalculatedDefense+1","DTMod:LightShield","DTMod:PurifyingFlame","DTMod:Dissolve+1","DTMod:CrossStep+1","Discovery","Metamorphosis+1","DTMod:Astonish+1","DTMod:ForkedFire+1"],"relics":["DTMod:PactStone","WarpedTongs","Whetstone","InkBottle","Blue Candle","Odd Mushroom","Frozen Egg 2","Coffee Dripper","Bird Faced Urn","War Paint","Tiny Chest","Bag of Preparation","Black Star","Lizard Tail","Bottled Tornado","Regal Pillow","Potion Belt","Strawberry","Nunchaku","CeramicFish","Ancient Tea Set","Bronze Scales","Peace Pipe","DTMod:AncientBone","Lantern"],"acts_visited":["Exordium","TheCity","TheBeyond"],"potions_floor_usage":[23,25,25,25,29,39,44,47,47,47,50],"damage_taken":[{"damage":0.0,"enemies":"Jaw Worm","floor":1.0,"turns":4.0},{"damage":0.0,"enemies":"Cultist","floor":3.0,"turns":3.0},{"damage":0.0,"enemies":"2 Louse","floor":4.0,"turns":2.0},{"damage":0.0,"enemies":"Looter","floor":5.0,"turns":3.0},{"damage":0.0,"enemies":"HollowMod:MossKnight","floor":7.0,"turns":5.0},{"damage":5.0,"enemies":"3 Sentries","floor":10.0,"turns":5.0},{"damage":0.0,"enemies":"The Mushroom Lair","floor":11.0,"turns":3.0},{"damage":0.0,"enemies":"Red Slaver","floor":14.0,"turns":2.0},{"damage":0.0,"enemies":"The Guardian","floor":16.0,"turns":8.0},{"damage":0.0,"enemies":"Spheric Guardian","floor":18.0,"turns":3.0},{"damage":0.0,"enemies":"3 Byrds","floor":20.0,"turns":4.0},{"damage":2.0,"enemies":"Snecko","floor":22.0,"turns":4.0},{"damage":3,"enemies":"Book of Stabbing","floor":23,"turns":4},{"damage":0,"enemies":"Sentry and Sphere","floor":24,"turns":5},{"damage":4,"enemies":"Slavers","floor":25,"turns":5},{"damage":26,"enemies":"Book of Stabbing","floor":27,"turns":5},{"damage":0,"enemies":"Gremlin Leader","floor":29,"turns":4},{"damage":7,"enemies":"Collector","floor":33,"turns":7},{"damage":0,"enemies":"Orb Walker","floor":35,"turns":2},{"damage":0,"enemies":"2 Orb Walkers","floor":36,"turns":3},{"damage":0,"enemies":"3 Shapes","floor":38,"turns":3},{"damage":0,"enemies":"Jaw Worm Horde","floor":39,"turns":4},{"damage":0,"enemies":"Nemesis","floor":40,"turns":3},{"damage":0,"enemies":"Giant Head","floor":42,"turns":5},{"damage":3,"enemies":"HollowMod:StalkingDevout","floor":44,"turns":2},{"damage":9,"enemies":"Mind Bloom Boss Battle","floor":45,"turns":5},{"damage":0,"enemies":"Reptomancer","floor":47,"turns":4},{"damage":0,"enemies":"Writhing Mass","floor":48,"turns":4},{"damage":77,"enemies":"Time Eater","floor":50,"turns":13}],"seed_played":"6006776338759877027","potions_obtained":[{"floor":1.0,"key":"LiquidBronze"},{"floor":5.0,"key":"SpeedPotion"},{"floor":7.0,"key":"AttackPotion"},{"floor":20.0,"key":"Block Potion"},{"floor":22.0,"key":"SmokeBomb"},{"floor":24,"key":"EntropicBrew"},{"floor":36,"key":"Strength Potion"},{"floor":40,"key":"SkillPotion"},{"floor":45,"key":"Weak Potion"},{"floor":48,"key":"Swift Potion"}],"is_trial":false,"path_per_floor":["M","?","M","M","M","R","E","R","T","E","?","R","$","M","R","B",null,"M","?","M","$","M","E","M","E","T","E","?","E","R","$","R","B",null,"M","?","T","M","M","E","$","E","T","E","?","?","E","M","R","B",null],"character_chosen":"THE_DT","items_purchased":["Frozen Egg 2","DTMod:Dissolve+1","DTMod:CalculatedDefense+1","DTMod:CrossStep+1","DistilledChaos","LiquidMemories"],"campfire_rested":0,"item_purchase_floors":[13,21,31,41,41,41],"current_hp_per_floor":[49,49,49,49,49,49,49,49,49,44,44,44,44,44,44,44,49,49,49,49,49,47,44,48,47,47,27,27,33,33,33,33,34,49,49,49,49,49,49,49,49,56,56,55,47,42,56,56,56,15],"gold":303,"neow_bonus":"TEN_PERCENT_HP_BONUS","is_daily":false,"chose_seed":false,"campfire_upgraded":7,"win_rate":0.0,"timestamp":1610439732,"path_taken":["M","?","?","?","M","R","E","R","T","E","?","R","$","M","R","BOSS","M","?","M","?","?","E","M","E","T","E","?","E","R","?","R","BOSS","M","?","?","M","?","E","$","E","T","E","?","?","E","M","R","BOSS"],"items_purchased_type":["Relic","Card","Card","Card","Potion","Potion"],"build_version":"2020-12-22","purchased_purges":1,"victory":true,"max_hp_per_floor":[49,49,49,49,49,49,49,49,49,49,49,49,49,49,49,49,49,49,49,49,49,49,49,49,49,49,49,49,49,49,49,49,49,49,49,49,49,49,49,49,49,56,56,56,56,56,56,56,56,56],"card_choices":[{"not_picked":["DTMod:BurningEnergy","DTMod:Observe"],"picked":"DTMod:SneakAttack","floor":1.0},{"not_picked":["DTMod:LastStand","DTMod:Punisher"],"picked":"DTMod:Training","floor":3.0},{"not_picked":["DTMod:Feint","DTMod:Weaken"],"picked":"DTMod:BurningForce","floor":4.0},{"not_picked":["DTMod:BlazingStrike","DTMod:Shift"],"picked":"DTMod:BreakAttack","floor":5.0},{"not_picked":["DTMod:Training","DTMod:Cover"],"picked":"DTMod:CleansingStrike","floor":7.0},{"not_picked":["DTMod:Inferno","DTMod:Hide"],"picked":"DTMod:DarkBreath","floor":10.0},{"not_picked":["DTMod:FlameSlash","DTMod:BuildUp"],"picked":"DTMod:TauntingStrike","floor":11.0},{"not_picked":["DTMod:TagTeam","DTMod:Weaken","DTMod:LowKick"],"picked":"SKIP","floor":14.0},{"not_picked":["DTMod:StunTrap","DTMod:SealedStrike"],"picked":"DTMod:Multitask+1","floor":16.0},{"not_picked":["DTMod:Cover+1","DTMod:Hide"],"picked":"DTMod:ComboAttack","floor":18.0},{"not_picked":["DTMod:MagiciansMark","DTMod:Cover"],"picked":"DTMod:BurningEnergy+1","floor":20.0},{"not_picked":["DTMod:Hide","DTMod:MagicField","DTMod:Cover+1"],"picked":"SKIP","floor":22.0},{"not_picked":["DTMod:Feint","DTMod:RecklessFlurry+1","DTMod:Outburst"],"picked":"SKIP","floor":23},{"not_picked":["DTMod:BlueScale+1","DTMod:BurningForce+1","DTMod:BlazingStrike"],"picked":"SKIP","floor":24},{"not_picked":["DTMod:FlameSlash+1","DTMod:Training"],"picked":"DTMod:Dissolve+1","floor":25},{"not_picked":["DTMod:TauntingStrike","DTMod:MagicField+1"],"picked":"DTMod:HeatWave+1","floor":27},{"not_picked":["DTMod:FierySynthesis","DTMod:SealedStrike"],"picked":"DTMod:LightShield","floor":33},{"not_picked":["DTMod:Hide+1","DTMod:BuildUp+1"],"picked":"DTMod:PurifyingFlame","floor":35},{"not_picked":["DTMod:Threaten","DTMod:BuildUp"],"picked":"DTMod:Dissolve+1","floor":36},{"not_picked":["DTMod:Weaken","DTMod:MasterPlan","DTMod:Cover"],"picked":"SKIP","floor":38},{"not_picked":["DTMod:ShieldDrain","DTMod:SealedStrike","DTMod:BurningEnergy"],"picked":"SKIP","floor":39},{"not_picked":["DTMod:TauntingStrike+1","DTMod:BuildUp+1","DTMod:Training"],"picked":"SKIP","floor":40},{"not_picked":["DTMod:FlameSlash+1","DTMod:Coolant","DTMod:TauntingStrike+1"],"picked":"SKIP","floor":42},{"not_picked":["DTMod:BizarreTactic+1","DTMod:Weaken+1","DTMod:Haste+1"],"picked":"SKIP","floor":44},{"not_picked":["Thinking Ahead","Purity"],"picked":"Discovery","floor":46},{"not_picked":["Enlightenment","Good Instincts"],"picked":"Metamorphosis","floor":46},{"not_picked":["DTMod:MagicField+1","DTMod:ComboAttack"],"picked":"DTMod:Astonish+1","floor":47},{"not_picked":["DTMod:Overwhelm","DTMod:Coolant"],"picked":"DTMod:ForkedFire+1","floor":48}],"player_experience":1831575,"relics_obtained":[{"floor":7.0,"key":"Whetstone"},{"floor":9.0,"key":"InkBottle"},{"floor":10.0,"key":"Blue Candle"},{"floor":11.0,"key":"Odd Mushroom"},{"floor":23,"key":"Bird Faced Urn"},{"floor":25,"key":"War Paint"},{"floor":26,"key":"Tiny Chest"},{"floor":27,"key":"Bag of Preparation"},{"floor":36,"key":"Lizard Tail"},{"floor":37,"key":"Bottled Tornado"},{"floor":40,"key":"Regal Pillow"},{"floor":40,"key":"Potion Belt"},{"floor":42,"key":"Strawberry"},{"floor":42,"key":"Nunchaku"},{"floor":43,"key":"CeramicFish"},{"floor":44,"key":"Ancient Tea Set"},{"floor":44,"key":"Bronze Scales"},{"floor":45,"key":"Peace Pipe"},{"floor":47,"key":"DTMod:AncientBone"},{"floor":47,"key":"Lantern"}],"event_choices":[{"damage_healed":0.0,"max_hp_gain":0.0,"max_hp_loss":0.0,"gold_gain":0.0,"event_name":"Accursed Blacksmith","player_choice":"Rummage","floor":2.0,"gold_loss":0.0,"damage_taken":0.0,"relics_obtained":["WarpedTongs"],"cards_obtained":["Pain"]},{"damage_healed":0.0,"max_hp_gain":0.0,"max_hp_loss":0.0,"gold_gain":0.0,"event_name":"Mushrooms","player_choice":"Fought Mushrooms","floor":11.0,"gold_loss":0.0,"damage_taken":0.0},{"damage_healed":0.0,"max_hp_gain":0.0,"max_hp_loss":0.0,"gold_gain":0.0,"event_name":"Ghosts","player_choice":"Ignored","floor":19.0,"gold_loss":0.0,"damage_taken":0.0},{"damage_healed":0,"gold_gain":0,"player_choice":"Ignored","damage_taken":0,"max_hp_gain":0,"max_hp_loss":0,"event_name":"N\u0027loth","floor":28,"gold_loss":0},{"damage_healed":0,"gold_gain":0,"player_choice":"Fight","damage_taken":0,"max_hp_gain":0,"max_hp_loss":0,"event_name":"Mysterious Sphere","floor":36,"gold_loss":0},{"damage_healed":0,"gold_gain":0,"player_choice":"Fight","damage_taken":0,"max_hp_gain":0,"max_hp_loss":0,"event_name":"MindBloom","floor":45,"gold_loss":0},{"damage_healed":0,"gold_gain":0,"player_choice":"Memory 2","damage_taken":5,"max_hp_gain":0,"max_hp_loss":0,"event_name":"SensoryStone","floor":46,"gold_loss":0}],"is_beta":false,"boss_relics":[{"not_picked":["Runic Dome","SacredBark"],"picked":"Coffee Dripper"},{"not_picked":["Empty Cage","Velvet Choker"],"picked":"Black Star"}],"items_purged_floors":[21],"is_endless":false,"potions_floor_spawned":[1,5,7,20,22,24,29,36,40,45,48],"ascension_level":2}}