{"host":"t4ahr8360jjehcuv","time":1610444655,"event":{"mods":["BaseMod","Colored Map","DeckTracker","Highlight Path","Keyboard Shortcuts","Minty Spire (QoL Compilation)","Permanent Neow","Quick Restart","SuperFastMode","everything is the same but u backflip on backflip"],"gold_per_floor":[115,125,141,141,158,158,185,185,211,242,23,49,84,97,97,194,194,210,210,228,228,73,73,73,73,96,96,128,142,142,167,167,269,319,331,13,13,13,13,13],"floor_reached":39,"playtime":2571,"items_purged":["Strike_G+1"],"score":534,"play_id":"6864ab68-4fa1-4a61-bee3-2dcce1eb67e3","local_time":"20210112184415","is_ascension_mode":true,"campfire_choices":[{"data":"Neutralize","floor":6.0,"key":"SMITH"},{"floor":8.0,"key":"REST"},{"data":"Finisher","floor":15.0,"key":"SMITH"},{"data":"Infinite Blades","floor":23.0,"key":"SMITH"},{"data":"Infinite Blades","floor":25.0,"key":"SMITH"},{"data":"Wraith Form v2","floor":27.0,"key":"SMITH"},{"floor":30.0,"key":"REST"},{"data":"Burst","floor":32.0,"key":"SMITH"}],"circlet_count":0,"master_deck":["Strike_G+1","Defend_G+1","Defend_G+1","Defend_G+1","Defend_G+1","Defend_G+1","Survivor","Neutralize+1","Deflect","Wraith Form v2+1","Dagger Throw","Infinite Blades+1","PiercingWail","Choke+1","Terror","Dash+1","Finisher+1","Blade Dance","Backstab+1","Burst+1","Infinite Blades+1","Calculated Gamble","Backflip","Adrenaline","Footwork+1","Finisher+1","Well Laid Plans","Violence"],"relics":["Ring of the Snake","Dream Catcher","Orichalcum","Whetstone","Lee\u0027s Waffle","Odd Mushroom","Unceasing Top","WristBlade","Nilry\u0027s Codex","Pen Nib","InkBottle","Lantern","Tiny House","Bottled Lightning"],"acts_visited":["Exordium","TheCity","TheBeyond"],"potions_floor_usage":[39,39,39],"damage_taken":[{"damage":1.0,"enemies":"Cultist","floor":1.0,"turns":5.0},{"damage":1.0,"enemies":"Jaw Worm","floor":2.0,"turns":6.0},{"damage":2.0,"enemies":"Small Slimes","floor":3.0,"turns":4.0},{"damage":12.0,"enemies":"Exordium Wildlife","floor":5.0,"turns":7.0},{"damage":13.0,"enemies":"Gremlin Nob","floor":7.0,"turns":4.0},{"damage":10.0,"enemies":"3 Sentries","floor":10.0,"turns":8.0},{"damage":9.0,"enemies":"The Mushroom Lair","floor":12.0,"turns":4.0},{"damage":0.0,"enemies":"Lagavulin","floor":13.0,"turns":5.0},{"damage":0.0,"enemies":"Blue Slaver","floor":14.0,"turns":3.0},{"damage":23.0,"enemies":"Hexaghost","floor":16.0,"turns":6.0},{"damage":0.0,"enemies":"Spheric Guardian","floor":18.0,"turns":2.0},{"damage":5.0,"enemies":"2 Thieves","floor":20.0,"turns":3.0},{"damage":13.0,"enemies":"Sentry and Sphere","floor":24.0,"turns":5.0},{"damage":0.0,"enemies":"Gremlin Leader","floor":28.0,"turns":7.0},{"damage":6.0,"enemies":"Centurion and Healer","floor":29.0,"turns":3.0},{"damage":4.0,"enemies":"Book of Stabbing","floor":31.0,"turns":3.0},{"damage":13.0,"enemies":"Collector","floor":33.0,"turns":8.0},{"damage":24.0,"enemies":"3 Shapes","floor":35.0,"turns":4.0},{"damage":76,"enemies":"Awakened One","floor":39,"turns":10}],"seed_played":"-8618498245964114780","potions_obtained":[{"floor":7.0,"key":"Poison Potion"},{"floor":13.0,"key":"FearPotion"},{"floor":18.0,"key":"SmokeBomb"},{"floor":31.0,"key":"DistilledChaos"},{"floor":33.0,"key":"Regen Potion"},{"floor":34.0,"key":"LiquidBronze"}],"is_trial":false,"path_per_floor":["M","M","M","?","M","R","E","R","T","E","$","?","E","M","R","B",null,"M","?","M","?","$","R","M","R","T","R","E","M","R","E","R","B",null,"M","$","?","?","B"],"character_chosen":"THE_SILENT","items_purchased":["Finisher","Lee\u0027s Waffle","Infinite Blades","Well Laid Plans","Bottled Lightning"],"campfire_rested":2,"item_purchase_floors":[11,11,22,36,36],"current_hp_per_floor":[48,47,45,38,26,26,13,34,34,24,77,68,68,68,68,45,77,77,77,72,56,56,56,43,43,43,43,43,37,60,56,56,43,82,58,58,58,58,0,0],"gold":13,"neow_bonus":"TRANSFORM_TWO_CARDS","is_daily":false,"chose_seed":false,"campfire_upgraded":6,"win_rate":0.0,"timestamp":1610444655,"path_taken":["M","M","M","?","M","R","E","R","T","E","$","?","E","M","R","BOSS","M","?","M","?","$","R","M","R","T","R","E","M","R","E","R","BOSS","M","$","?","?","BOSS"],"items_purchased_type":["Card","Relic","Card","Card","Relic"],"build_version":"2020-12-22","purchased_purges":1,"victory":false,"max_hp_per_floor":[70,70,70,70,70,70,70,70,70,70,77,77,77,77,77,77,77,77,77,77,77,77,77,77,77,77,77,77,77,77,77,77,77,82,82,82,82,82,82,82],"card_choices":[{"not_picked":["Sucker Punch","Slice"],"picked":"Dagger Throw","floor":1.0},{"not_picked":["Cloak And Dagger","Leg Sweep"],"picked":"Infinite Blades","floor":2.0},{"not_picked":["Prepared","Cloak And Dagger"],"picked":"PiercingWail","floor":3.0},{"not_picked":["Crippling Poison","Sucker Punch"],"picked":"Choke","floor":5.0},{"not_picked":["Dagger Throw","Poisoned Stab"],"picked":"Terror","floor":7.0},{"not_picked":["Catalyst","Skewer"],"picked":"Dash","floor":8.0},{"not_picked":["Slice","Quick Slash","Dagger Throw"],"picked":"SKIP","floor":10.0},{"not_picked":["Distraction","Escape Plan"],"picked":"Blade Dance","floor":12.0},{"not_picked":["Tools of the Trade","PiercingWail"],"picked":"Backstab","floor":13.0},{"not_picked":["Flying Knee","Cloak And Dagger","Deadly Poison"],"picked":"SKIP","floor":14.0},{"not_picked":["Glass Knife","Storm of Steel"],"picked":"Burst","floor":16.0},{"not_picked":["Underhanded Strike","Bane","PiercingWail+1"],"picked":"SKIP","floor":18.0},{"not_picked":["Blade Dance","Sucker Punch","Poisoned Stab"],"picked":"SKIP","floor":20.0},{"not_picked":["Terror","Reflex"],"picked":"Calculated Gamble","floor":28.0},{"not_picked":["Predator","Quick Slash","Deadly Poison"],"picked":"SKIP","floor":29.0},{"not_picked":["Caltrops","Poisoned Stab"],"picked":"Backflip","floor":31.0},{"not_picked":["Burst","Wraith Form v2"],"picked":"Adrenaline","floor":33.0},{"not_picked":["PiercingWail","Choke"],"picked":"Footwork+1","floor":34.0},{"not_picked":["Escape Plan","Dagger Spray"],"picked":"Finisher+1","floor":35.0},{"not_picked":["Sadistic Nature","Impatience"],"picked":"Violence","floor":37.0}],"player_experience":49177,"relics_obtained":[{"floor":7.0,"key":"Dream Catcher"},{"floor":9.0,"key":"Orichalcum"},{"floor":10.0,"key":"Whetstone"},{"floor":12.0,"key":"Odd Mushroom"},{"floor":13.0,"key":"Unceasing Top"},{"floor":21.0,"key":"Nilry\u0027s Codex"},{"floor":26.0,"key":"Pen Nib"},{"floor":28.0,"key":"InkBottle"},{"floor":31.0,"key":"Lantern"}],"event_choices":[{"cards_removed":["Strike_G"],"damage_healed":0.0,"max_hp_gain":0.0,"max_hp_loss":0.0,"gold_gain":0.0,"event_name":"Golden Wing","player_choice":"Card Removal","floor":4.0,"gold_loss":0.0,"damage_taken":7.0},{"damage_healed":0.0,"max_hp_gain":0.0,"max_hp_loss":0.0,"gold_gain":0.0,"event_name":"Mushrooms","player_choice":"Fought Mushrooms","floor":12.0,"gold_loss":0.0,"damage_taken":0.0},{"damage_healed":0.0,"max_hp_gain":0.0,"max_hp_loss":0.0,"gold_gain":0.0,"event_name":"Back to Basics","player_choice":"Simplicity","floor":19.0,"gold_loss":0.0,"damage_taken":0.0,"cards_upgraded":["Strike_G","Strike_G","Defend_G","Defend_G","Defend_G","Defend_G","Defend_G"]},{"damage_healed":0.0,"max_hp_gain":0.0,"max_hp_loss":0.0,"gold_gain":0.0,"event_name":"Cursed Tome","player_choice":"Obtained Book","floor":21.0,"gold_loss":0.0,"damage_taken":16.0},{"damage_healed":0.0,"max_hp_gain":0.0,"max_hp_loss":0.0,"gold_gain":0.0,"event_name":"SensoryStone","player_choice":"Memory 1","floor":37.0,"gold_loss":0.0,"damage_taken":0.0},{"damage_healed":0.0,"max_hp_gain":0.0,"max_hp_loss":0.0,"gold_gain":0.0,"event_name":"SecretPortal","player_choice":"Took Portal","floor":38.0,"gold_loss":0.0,"damage_taken":0.0}],"is_beta":false,"boss_relics":[{"not_picked":["Astrolabe","Snecko Eye"],"picked":"WristBlade"},{"not_picked":["Ring of the Serpent","Coffee Dripper"],"picked":"Tiny House"}],"items_purged_floors":[22],"is_endless":false,"potions_floor_spawned":[7,13,18,31,33],"killed_by":"Awakened One","ascension_level":2}}