{"host":"9jj9tzo2iym4bpat","time":1610488757,"event":{"mods":["Act Like it!","BaseMod","CapriCore","Gensokyo","Luminous","Marisa????????","Minty Spire (QoL Compilation)","Permanent Neow","StSLib","Td1madao Mod","The Animator","The Immortal","The Marked","The Servant 0.9.4"],"gold_per_floor":[118,128,128,128,147,188,218,48,116,116,22,74,24,65,65,205,205,240,266,12,41,1,1,20,20,74,86,137,165,23,36,36,36,36],"floor_reached":33,"language":"ENG","playtime":1781,"items_purged":[],"score":307,"play_id":"4b880c72-0773-41f3-9410-9a5175ecf20b","local_time":"20210112155917","is_ascension_mode":false,"campfire_choices":[{"floor":10,"key":"REST"},{"floor":15,"key":"REST"},{"floor":23,"key":"REST"},{"data":"BinaryStars","floor":25,"key":"SMITH"},{"data":"LuminesStrike","floor":27,"key":"SMITH"},{"floor":32,"key":"REST"}],"circlet_count":0,"master_deck":["Strike_MRS","Strike_MRS","Strike_MRS","Strike_MRS","Defend_MRS+1","Defend_MRS","Defend_MRS","Defend_MRS","MasterSpark","UpSweep","6A","DoubleSpark","Parasite","Parasite","WitchOfGreed","MagicChant","SporeBomb","Robbery","AsteroidBelt+1","PowerUp","GalacticHalo","JA","BinaryStars+1","GalacticHalo","ShootingEcho+1","LuminesStrike+1","RefractionSpark","NonDirectionalLaser","MysteriousBeam","BlazingStar","GasGiant+1"],"relics":["BewitchedHakkero","ShroomBag","Bag of Preparation","Anchor","Regal Pillow","Pear","War Paint","Pantograph","MawBank"],"acts_visited":["Exordium","TheCity"],"potions_floor_usage":[16,16,16,21,29,31],"damage_taken":[{"damage":7,"enemies":"2 Louse","floor":1,"turns":2},{"damage":5,"enemies":"Jaw Worm","floor":2,"turns":4},{"damage":4,"enemies":"Small Slimes","floor":5,"turns":4},{"damage":22,"enemies":"Lagavulin","floor":6,"turns":10},{"damage":52,"enemies":"3 Sentries","floor":12,"turns":12},{"damage":16,"enemies":"Exordium Thugs","floor":14,"turns":6},{"damage":76,"enemies":"Hexaghost","floor":16,"turns":11},{"damage":2,"enemies":"Chosen","floor":18,"turns":4},{"damage":14,"enemies":"Shell Parasite","floor":19,"turns":5},{"damage":37,"enemies":"Sentry and Sphere","floor":21,"turns":6},{"damage":6,"enemies":"Snecko","floor":24,"turns":4},{"damage":36,"enemies":"Snake Plant","floor":28,"turns":5},{"damage":24,"enemies":"Centurion and Healer","floor":29,"turns":4},{"damage":36,"enemies":"Cultist and Chosen","floor":31,"turns":5},{"damage":83,"enemies":"Automaton","floor":33,"turns":6}],"seed_played":"7372390553854794401","potions_obtained":[{"floor":1,"key":"Dexterity Potion"},{"floor":5,"key":"SkillPotion"},{"floor":6,"key":"SpeedPotion"},{"floor":6,"key":"Regen Potion"},{"floor":16,"key":"EntropicBrew"},{"floor":16,"key":"Block Potion"},{"floor":18,"key":"Strength Potion"},{"floor":21,"key":"Fire Potion"}],"is_trial":false,"path_per_floor":["M","M","?","?","M","E","?","$","T","R","$","E","$","M","R","B",null,"M","M","$","M","$","R","M","R","T","R","M","M","$","M","R","B"],"character_chosen":"MARISA","items_purchased":["Regal Pillow","SporeBomb","Robbery","AsteroidBelt","GalacticHalo","Pantograph","RefractionSpark","BlazingStar"],"campfire_rested":4,"item_purchase_floors":[8,8,11,11,13,20,22,30],"current_hp_per_floor":[75,70,58,58,58,40,40,40,50,92,92,42,42,30,72,15,92,90,80,80,47,47,89,87,87,87,87,55,35,35,3,45,0,0],"gold":36,"neow_bonus":"TEN_PERCENT_HP_BONUS","is_daily":false,"chose_seed":false,"campfire_upgraded":2,"win_rate":0.0,"timestamp":1610488757,"path_taken":["M","M","?","?","?","E","?","$","T","R","$","E","?","?","R","BOSS","M","?","$","M","?","R","?","R","T","R","M","M","$","M","R","BOSS"],"items_purchased_type":["Relic","Card","Card","Card","Card","Relic","Card","Card"],"build_version":"2020-12-22","purchased_purges":0,"victory":false,"max_hp_per_floor":[82,82,82,82,82,82,82,82,92,92,92,92,92,92,92,92,92,92,92,92,92,92,92,92,92,92,92,92,92,92,92,92,92,92],"card_choices":[{"not_picked":["GasGiant","UnstableBomb"],"picked":"6A","floor":1},{"not_picked":["SporeBomb","MilkyWay"],"picked":"DoubleSpark","floor":2},{"not_picked":["Acceleration","ChargeUpSpray"],"picked":"WitchOfGreed","floor":5},{"not_picked":["GravityBeat","ShootingEcho"],"picked":"MagicChant","floor":6},{"not_picked":["ShootingEcho","LuminesStrike"],"picked":"PowerUp","floor":12},{"not_picked":["SporeBomb","ShootTheMoon"],"picked":"JA","floor":14},{"not_picked":["FinalSpark","SuperNova"],"picked":"BinaryStars","floor":16},{"not_picked":["GasGiant","AsteroidBelt"],"picked":"GalacticHalo","floor":18},{"not_picked":["StarBarrage+1","MachineGunSpark"],"picked":"ShootingEcho+1","floor":19},{"not_picked":["IllusionStar","RefractionSpark"],"picked":"LuminesStrike","floor":21},{"not_picked":["Orbital+1","MilkyWay+1"],"picked":"NonDirectionalLaser","floor":24},{"not_picked":["UnstableBomb","Occultation"],"picked":"MysteriousBeam","floor":28},{"not_picked":["MeteoricShower","Acceleration","EventHorizon+1"],"picked":"SKIP","floor":29},{"not_picked":["StarBarrage","ShootingEcho"],"picked":"GasGiant+1","floor":31}],"player_experience":225711,"relics_obtained":[{"floor":6,"key":"Bag of Preparation"},{"floor":9,"key":"Pear"},{"floor":12,"key":"War Paint"},{"floor":26,"key":"MawBank"}],"event_choices":[{"damage_healed":0,"gold_gain":0,"player_choice":"Success","damage_taken":12,"relics_obtained":["ShroomBag"],"max_hp_gain":0,"max_hp_loss":0,"event_name":"Scrap Ooze","floor":3,"gold_loss":0},{"damage_healed":0,"gold_gain":0,"player_choice":"Leave","damage_taken":0,"max_hp_gain":0,"max_hp_loss":0,"event_name":"The Cleric","floor":4,"gold_loss":0},{"damage_healed":0,"gold_gain":30,"player_choice":"Searched \u00273\u0027 times","damage_taken":0,"relics_obtained":["Anchor"],"max_hp_gain":0,"max_hp_loss":0,"event_name":"Dead Adventurer","floor":7,"gold_loss":0}],"is_beta":false,"boss_relics":[{"not_picked":["Runic Dome","Coffee Dripper"],"picked":"BewitchedHakkero"}],"items_purged_floors":[],"is_endless":false,"potions_floor_spawned":[1,5,6,16,18,21,31],"killed_by":"Automaton","ascension_level":0}}