{"host":"s6mlqkqtr3ey2mm2","time":1610487244,"event":{"mods":["2.2 Compatiblity","AchievementEnabler","Aspiration","BaseMod","Beaked The Cultist","Better Note","Better Vampires","BetterRewards","Challenge The Spire","Colored Map","Colored Powertips","Conspire","Curses Come First","Downfall","Emptier Cage","Energized Spire","GifTheSpireLib","GungeonMod","Halation","Hermit","Hubris","Infinite Spire","Ironclad Rager","Magitek Elite","Marked Mod","Minty Spire (QoL Compilation)","Poor People Problems","Quick Restart","RatMod","Replay The Spire","Retaliation","Robot Space Explorer","Shade Mod","Somnambulant","Spicy Shops","StSLib","Stuff the Spire","The Blue Laboratory","The Construct","The Druid","The Hayseed","The Hierophant","The IronCluck","The Necromancer","The Poker Player","The Runesmith","The Servant 0.9.4","The Valiant","vexMod"],"gold_per_floor":[109,27,39,52,52,78,78,97,169,198,198,214,233,198,198,293,293,205,205,205,218,218],"floor_reached":21,"language":"ENG","playtime":1603,"items_purged":[],"score":216,"play_id":"d34f2d65-8a5f-4914-b437-ba935f9fce8e","local_time":"20210112163404","is_ascension_mode":false,"campfire_choices":[{"data":"Redo","floor":7,"key":"SMITH"},{"data":"hubris:PowerSurge","floor":11,"key":"SMITH"},{"floor":15,"key":"DIG"}],"circlet_count":0,"master_deck":["Strike_B","Defend_B","Defend_B","Zap+1","Dualcast+1","StuffTheSpire:Plugnplay","hubris:PowerSurge+1","Redo+1","Lockon","Go for the Eyes","Beam Cell","Sunder","hubris:PowerSurge","Capacitor","Conserve Battery","Mirror Shield","Consume","ReplayTheSpireMod:Calculation Training"],"relics":["Cracked Core","infinitespire:Freezer","Darkstone Periapt","DemoMod:GlassGuonStoneRelic","War Paint","Tiny Chest","Replay:Grab Bag","energizedSpire:NeverEndingSparkler","halation:ForbiddenBikini","Kintsugi"],"acts_visited":["Exordium","TheCity"],"potions_floor_usage":[16,16],"damage_taken":[{"damage":6,"enemies":"Jaw Worm","floor":1,"turns":4},{"damage":0,"enemies":"conspire:RoseBush","floor":3,"turns":2},{"damage":0,"enemies":"Small Slimes","floor":4,"turns":3},{"damage":25,"enemies":"Lagavulin","floor":6,"turns":4},{"damage":3,"enemies":"3 Louse","floor":8,"turns":3},{"damage":1,"enemies":"Gremlin Nob","floor":10,"turns":3},{"damage":0,"enemies":"Exordium Thugs","floor":12,"turns":3},{"damage":6,"enemies":"conspire:2 RoseBushes","floor":13,"turns":2},{"damage":12,"enemies":"The Guardian","floor":16,"turns":6},{"damage":0,"enemies":"conspire:FuzzyDice","floor":18,"turns":6},{"damage":0,"enemies":"Spheric Guardian","floor":21,"turns":3}],"seed_played":"7176752490369820100","potions_obtained":[{"floor":1,"key":"FocusPotion"},{"floor":3,"key":"blueLaboratory:AbyssPotion"},{"floor":6,"key":"blueLaboratory:LouseDecoction"},{"floor":18,"key":"Reflective Coating"},{"floor":21,"key":"blueLaboratory:BubblePotion"}],"is_trial":false,"path_per_floor":["M","$","M","M","?","E","R","M","T","E","R","M","M","?","R_BF","B",null,"M","?","$","M"],"character_chosen":"DEFECT","items_purchased":["hubris:PowerSurge","Redo"],"campfire_rested":0,"item_purchase_floors":[2,2],"current_hp_per_floor":[76,76,76,76,81,56,56,53,53,52,52,52,46,67,67,55,99,99,99,99,99,99],"gold":218,"neow_bonus":"TEN_PERCENT_HP_BONUS","is_daily":false,"chose_seed":false,"campfire_upgraded":2,"win_rate":0.0,"timestamp":1610487244,"path_taken":["M","$","M","M","?","E","R","M","T","E","R","M","M","?","R_BF","BOSS","M","?","?","?"],"items_purchased_type":["Card","Card"],"build_version":"2020-12-22","purchased_purges":0,"victory":false,"max_hp_per_floor":[82,82,82,82,87,87,87,87,87,87,87,87,87,87,87,87,99,99,99,99,99,99],"card_choices":[{"not_picked":["ReplaySolidLightProjector","Panic Button"],"picked":"StuffTheSpire:Plugnplay","floor":1},{"not_picked":["Ball Lightning","Sweeping Beam"],"picked":"Lockon","floor":3},{"not_picked":["BasicCrystalCard","Sweeping Beam"],"picked":"Go for the Eyes","floor":4},{"not_picked":["Leap","Sweeping Beam"],"picked":"Beam Cell","floor":6},{"not_picked":["Panic Button","Ball Lightning"],"picked":"Sunder","floor":8},{"not_picked":["Melter","Reboot"],"picked":"hubris:PowerSurge","floor":10},{"not_picked":["Stack","Go for the Eyes"],"picked":"Capacitor","floor":12},{"not_picked":["Beam Cell","Hologram"],"picked":"Conserve Battery","floor":13},{"not_picked":["hubris:SpecializedCircuitry","ReplayTheSpireMod:Omega Cannon"],"picked":"Mirror Shield","floor":16},{"not_picked":["Barrage","StuffTheSpire:Plugnplay"],"picked":"Consume","floor":18},{"not_picked":["Cold Snap","Sweeping Beam"],"picked":"ReplayTheSpireMod:Calculation Training","floor":21}],"player_experience":85707,"relics_obtained":[{"floor":6,"key":"infinitespire:Freezer"},{"floor":9,"key":"Darkstone Periapt"},{"floor":10,"key":"War Paint"},{"floor":15,"key":"Tiny Chest"}],"event_choices":[{"damage_healed":0,"gold_gain":0,"player_choice":"Donut","damage_taken":0,"max_hp_gain":5,"max_hp_loss":0,"event_name":"Big Fish","floor":5,"gold_loss":0},{"damage_healed":21,"gold_gain":0,"player_choice":"Healed","damage_taken":0,"max_hp_gain":0,"max_hp_loss":0,"event_name":"The Cleric","floor":14,"gold_loss":35},{"cards_removed":["Forgetful"],"damage_healed":0,"gold_gain":0,"player_choice":"Removed Curses","damage_taken":0,"max_hp_gain":0,"max_hp_loss":0,"event_name":"Fountain of Cleansing","floor":19,"gold_loss":0}],"is_beta":false,"boss_relics":[{"not_picked":["Ring of Chaos","energizedSpire:DeadBattery"],"picked":"Replay:Grab Bag"},{"not_picked":["hubris:RunicObelisk","Fusion Hammer"],"picked":"energizedSpire:NeverEndingSparkler"},{"not_picked":["Replay:Bronze Core","Coffee Dripper"],"picked":"halation:ForbiddenBikini"},{"not_picked":["ReplayTheSpireMod:SealedPack","halation:HeavySnake"],"picked":"Kintsugi"}],"items_purged_floors":[],"is_endless":false,"potions_floor_spawned":[1,3,6,10,13,18,21],"killed_by":"Spheric Guardian","ascension_level":0}}