{"host":"1c52r9kaxdyo25eq","time":1610449882,"event":{"mods":["AchievementEnabler","BaseMod","Minty Spire (QoL Compilation)","Rare Cards Sparkle","SuperFastMode","everything is the same but u backflip on backflip"],"gold_per_floor":[113,130,144,157,170,170,170,170,219,219,100,100,25,45,45,117,117,130,130,130,147,147,147],"floor_reached":22,"playtime":440,"items_purged":["Defend_P"],"score":348,"play_id":"313d615e-0883-4cbe-816f-7c47620a9551","local_time":"20210112201122","is_ascension_mode":true,"campfire_choices":[{"data":"Prostrate","floor":6,"key":"SMITH"},{"data":"FearNoEvil","floor":8,"key":"SMITH"},{"data":"WindmillStrike","floor":12,"key":"SMITH"},{"floor":15,"key":"REST"}],"circlet_count":0,"master_deck":["AscendersBane","Strike_P","Strike_P","Strike_P","Strike_P","Defend_P","Eruption+1","Vigilance","EmptyFist","FearNoEvil+1","Prostrate+1","WindmillStrike+1","Prostrate","ConjureBlade"],"relics":["PureWater","Potion Belt","Odd Mushroom","Cursed Key"],"acts_visited":["Exordium","TheCity"],"potions_floor_usage":[16,21],"damage_taken":[{"damage":0,"enemies":"Small Slimes","floor":1,"turns":2},{"damage":4,"enemies":"2 Louse","floor":2,"turns":3},{"damage":7,"enemies":"Jaw Worm","floor":3,"turns":3},{"damage":0,"enemies":"2 Fungi Beasts","floor":4,"turns":2},{"damage":8,"enemies":"Large Slime","floor":5,"turns":6},{"damage":12,"enemies":"The Mushroom Lair","floor":14,"turns":3},{"damage":46,"enemies":"Hexaghost","floor":16,"turns":8},{"damage":32,"enemies":"2 Thieves","floor":18,"turns":3},{"damage":13,"enemies":"3 Byrds","floor":21,"turns":3},{"damage":5,"enemies":"3 Cultists","floor":22,"turns":3}],"seed_played":"-118483757867058345","potions_obtained":[{"floor":1,"key":"Regen Potion"},{"floor":2,"key":"LiquidBronze"}],"is_trial":false,"path_per_floor":["M","M","M","M","M","R","?","R","T","?","$","R","?","?","R","B",null,"M","?","?","M","M"],"character_chosen":"WATCHER","items_purchased":["WindmillStrike"],"campfire_rested":1,"item_purchase_floors":[11],"current_hp_per_floor":[61,57,50,50,42,42,35,35,35,35,35,35,35,23,43,2,52,20,20,20,7,2,2],"gold":147,"neow_bonus":"UPGRADE_CARD","is_daily":false,"chose_seed":false,"campfire_upgraded":3,"win_rate":0.0,"timestamp":1610449882,"path_taken":["M","M","M","M","M","R","?","R","T","?","?","R","?","?","R","BOSS","M","?","?","M","M"],"items_purchased_type":["Card"],"build_version":"2020-12-22","purchased_purges":1,"victory":false,"max_hp_per_floor":[68,68,68,68,68,68,68,68,68,68,68,68,68,68,68,68,68,68,68,68,68,68,68],"card_choices":[{"not_picked":["Crescendo","Study"],"picked":"EmptyFist","floor":1},{"not_picked":["EmptyFist","WheelKick"],"picked":"FearNoEvil","floor":2},{"not_picked":["ForeignInfluence","CutThroughFate"],"picked":"Prostrate","floor":3},{"not_picked":["Evaluate","ClearTheMind","DeceiveReality"],"picked":"SKIP","floor":4},{"not_picked":["CrushJoints","BattleHymn","BowlingBash"],"picked":"SKIP","floor":5},{"not_picked":["Fasting2","CutThroughFate"],"picked":"Prostrate","floor":14},{"not_picked":["Scrawl","LessonLearned"],"picked":"ConjureBlade","floor":16},{"not_picked":["CrushJoints","Crescendo","JustLucky"],"picked":"SKIP","floor":18},{"not_picked":["ClearTheMind","BowlingBash","Collect"],"picked":"SKIP","floor":21}],"player_experience":580568,"relics_obtained":[{"floor":9,"key":"Potion Belt"},{"floor":14,"key":"Odd Mushroom"}],"event_choices":[{"cards_removed":["Defend_P"],"damage_healed":0,"gold_gain":0,"player_choice":"Card Removal","damage_taken":7,"max_hp_gain":0,"max_hp_loss":0,"event_name":"Golden Wing","floor":7,"gold_loss":0},{"damage_healed":0,"gold_gain":0,"player_choice":"Ignored","damage_taken":0,"max_hp_gain":0,"max_hp_loss":0,"event_name":"Liars Game","floor":10,"gold_loss":0},{"cards_removed":["Defend_P"],"damage_healed":0,"gold_gain":0,"player_choice":"Card Removal","damage_taken":0,"max_hp_gain":0,"max_hp_loss":0,"event_name":"The Cleric","floor":13,"gold_loss":75},{"damage_healed":0,"gold_gain":0,"player_choice":"Fought Mushrooms","damage_taken":0,"max_hp_gain":0,"max_hp_loss":0,"event_name":"Mushrooms","floor":14,"gold_loss":0},{"damage_healed":0,"gold_gain":0,"player_choice":"Ignored","damage_taken":0,"max_hp_gain":0,"max_hp_loss":0,"event_name":"Ghosts","floor":19,"gold_loss":0},{"damage_healed":0,"gold_gain":0,"player_choice":"Ignored","damage_taken":0,"max_hp_gain":0,"max_hp_loss":0,"event_name":"Cursed Tome","floor":20,"gold_loss":0}],"is_beta":false,"boss_relics":[{"not_picked":["Black Star","Philosopher\u0027s Stone"],"picked":"Cursed Key"}],"items_purged_floors":[11],"is_endless":false,"potions_floor_spawned":[1,2,4,5],"killed_by":"3 Cultists","ascension_level":20}}