{"host":"330wbiqvo1u76l3j","time":1610455998,"event":{"mods":["AchievementEnabler","BaseMod","Bestiary","Better Altar","Better Match","Better Note","Better Sensory Stone","Better Skull","Better Third Choice","Block Reminder","Colored Map","Colored Powertips","Displayed Cursed Tome","Highlight Path","Minty Spire (QoL Compilation)","Relic Stats","StSLib"],"gold_per_floor":[112,112,37,112,112,138,149,180,180,180,191,191,211,223,223,320,320,332,232,249,249,263,289,388,388,464,475,487,487,503,521,521,617,617,628,643,662,712,1064,1091,1091,1091,1117,1128,1146,1146,1163,1163,1163,1163,1163,1163,442,469,469,469],"floor_reached":55,"playtime":8940,"items_purged":["Burn","Defend_R","Strike_R"],"score":790,"play_id":"c86129fa-b880-4817-95f7-9e2735f7c983","local_time":"20210112065318","is_ascension_mode":true,"campfire_choices":[{"floor":10,"key":"REST"},{"data":"Feed","floor":12,"key":"SMITH"},{"data":"Armaments","floor":15,"key":"SMITH"},{"floor":25,"key":"REST"},{"floor":32,"key":"REST"},{"floor":42,"key":"RECALL"},{"data":"Barricade","floor":46,"key":"SMITH"},{"data":"Battle Trance","floor":49,"key":"SMITH"},{"data":"Rage","floor":52,"key":"SMITH"}],"circlet_count":0,"master_deck":["Strike_R","Strike_R","Defend_R","Defend_R","Defend_R","Bash","True Grit","Heavy Blade","Feed+1","Ghostly Armor","Juggernaut","Dropkick","Armaments+1","Reaper","Rage+1","Sword Boomerang+1","Barricade+1","Whirlwind","Shrug It Off+1","Blind","Trip","Battle Trance+1","Flame Barrier+1","Iron Wave+1","Battle Trance+1","Rage+1","Spot Weakness+1","Shockwave+1","Body Slam","Double Tap"],"relics":["Burning Blood","Question Card","Ice Cream","Sozu","Paper Frog","Pear","Coffee Dripper","Magic Flower","Old Coin","Vajra","Oddly Smooth Stone","Blood Vial","Thread and Needle","Strange Spoon","FossilizedHelix"],"acts_visited":["Exordium","TheCity","TheBeyond","TheEnding"],"potions_floor_usage":[8,8,8,16,16,23],"damage_taken":[{"damage":0,"enemies":"Jaw Worm","floor":1,"turns":5},{"damage":36,"enemies":"Gremlin Nob","floor":6,"turns":5},{"damage":3,"enemies":"Small Slimes","floor":7,"turns":3},{"damage":38,"enemies":"Lagavulin","floor":8,"turns":12},{"damage":0,"enemies":"Cultist","floor":11,"turns":5},{"damage":1,"enemies":"Red Slaver","floor":13,"turns":3},{"damage":1,"enemies":"Exordium Wildlife","floor":14,"turns":3},{"damage":19,"enemies":"Slime Boss","floor":16,"turns":12},{"damage":9,"enemies":"Chosen","floor":18,"turns":6},{"damage":30,"enemies":"3 Byrds","floor":20,"turns":7},{"damage":6,"enemies":"Snecko","floor":22,"turns":7},{"damage":94,"enemies":"Gremlin Leader","floor":23,"turns":12},{"damage":41,"enemies":"Centurion and Healer","floor":27,"turns":10},{"damage":3,"enemies":"Chosen and Byrds","floor":28,"turns":6},{"damage":22,"enemies":"Shelled Parasite and Fungi","floor":30,"turns":4},{"damage":12,"enemies":"Snecko","floor":31,"turns":8},{"damage":50,"enemies":"Automaton","floor":33,"turns":13},{"damage":57,"enemies":"3 Darklings","floor":35,"turns":5},{"damage":2,"enemies":"3 Shapes","floor":36,"turns":9},{"damage":3,"enemies":"Maw","floor":37,"turns":8},{"damage":6,"enemies":"Mind Bloom Boss Battle","floor":38,"turns":10},{"damage":129,"enemies":"2 Orb Walkers","floor":39,"turns":7},{"damage":6,"enemies":"Giant Head","floor":40,"turns":12},{"damage":18,"enemies":"4 Shapes","floor":44,"turns":10},{"damage":12,"enemies":"3 Darklings","floor":45,"turns":4},{"damage":22,"enemies":"Writhing Mass","floor":47,"turns":4},{"damage":85,"enemies":"Donu and Deca","floor":50,"turns":10},{"damage":68,"enemies":"Shield and Spear","floor":54,"turns":7},{"damage":105,"enemies":"The Heart","floor":55,"turns":9}],"seed_played":"-5332369359286699960","potions_obtained":[{"floor":1,"key":"ElixirPotion"},{"floor":7,"key":"EntropicBrew"},{"floor":11,"key":"ColorlessPotion"},{"floor":16,"key":"SpeedPotion"}],"is_trial":false,"path_per_floor":["M","?","$","?","?","E","M","E","T","R","M","R","M","M","R","B",null,"M","$","M","?","M","E","?","R","T","M","M","?","M","M","R","B",null,"M","M","M","?","?","E","?","R","T","M","M","R","M","?","R","B",null,"R","$","E","B"],"character_chosen":"IRONCLAD","items_purchased":["Blood Vial","Thread and Needle","Strange Spoon"],"campfire_rested":3,"item_purchase_floors":[53,53,53],"current_hp_per_floor":[80,80,80,69,69,39,45,13,13,37,43,43,52,61,61,52,95,96,96,79,79,89,11,11,43,53,29,38,38,29,30,65,29,121,85,101,112,121,18,35,35,35,35,65,89,89,93,93,93,32,137,137,137,78,0,0],"gold":469,"neow_bonus":"TRANSFORM_CARD","is_daily":false,"chose_seed":false,"campfire_upgraded":5,"win_rate":0.0,"timestamp":1610455998,"path_taken":["M","?","$","?","?","E","M","E","T","R","M","R","M","?","R","BOSS","M","$","M","?","M","E","?","R","T","M","M","?","M","M","R","BOSS","M","M","M","?","?","E","?","R","T","M","M","R","M","?","R","BOSS","R","$","E","BOSS"],"items_purchased_type":["Relic","Relic","Relic"],"build_version":"2020-12-22","purchased_purges":3,"victory":false,"max_hp_per_floor":[80,80,80,80,80,80,83,83,83,83,83,83,87,91,91,95,95,99,99,103,103,107,107,107,107,117,117,117,117,117,117,117,121,121,121,125,129,133,133,133,133,133,133,137,137,137,137,137,137,137,137,137,137,137,137,137],"relic_stats":{"Sozu":9,"Blood Vial":3,"Strange Spoon":[3],"counters":[29,216],"Magic Flower":[74],"Question Card":27,"obtain_stats":[{"Ice Cream":8,"Pear":26,"Magic Flower":38,"Vajra":40,"Oddly Smooth Stone":43,"Thread and Needle":53,"Question Card":6,"Burning Blood":0,"Old Coin":39,"Sozu":17,"Blood Vial":53,"Strange Spoon":53,"Coffee Dripper":34,"FossilizedHelix":54,"Paper Frog":23},{"Ice Cream":4,"Pear":12,"Magic Flower":21,"Vajra":23,"Oddly Smooth Stone":23,"Thread and Needle":27,"Question Card":2,"Burning Blood":0,"Old Coin":22,"Sozu":8,"Blood Vial":27,"Strange Spoon":27,"Coffee Dripper":17,"FossilizedHelix":28,"Paper Frog":12},{"Ice Cream":25,"Pear":80,"Magic Flower":153,"Vajra":172,"Oddly Smooth Stone":172,"Thread and Needle":200,"Question Card":10,"Burning Blood":0,"Old Coin":160,"Sozu":48,"Blood Vial":200,"Strange Spoon":200,"Coffee Dripper":121,"FossilizedHelix":207,"Paper Frog":80}],"Burning Blood":183},"card_choices":[{"not_picked":["Power Through","Warcry"],"picked":"Heavy Blade","floor":1},{"not_picked":["Iron Wave","Headbutt"],"picked":"Feed","floor":6},{"not_picked":["Inflame","Armaments","Twin Strike"],"picked":"Ghostly Armor","floor":7},{"not_picked":["Intimidate","Iron Wave","Reckless Charge"],"picked":"Juggernaut","floor":8},{"not_picked":["Cleave","Uppercut","Twin Strike"],"picked":"Dropkick","floor":11},{"not_picked":["Iron Wave","Body Slam","Blood for Blood"],"picked":"Armaments","floor":13},{"not_picked":["Armaments","Seeing Red","Clash","Inflame"],"picked":"SKIP","floor":14},{"not_picked":["Immolate","Berserk","Corruption"],"picked":"Reaper","floor":16},{"not_picked":["Iron Wave+1","Clash+1","Body Slam"],"picked":"Rage","floor":18},{"not_picked":["Sword Boomerang","Headbutt","Flex","Shockwave"],"picked":"SKIP","floor":20},{"not_picked":["Carnage","Evolve+1","Pummel"],"picked":"Sword Boomerang+1","floor":22},{"not_picked":["Intimidate","Metallicize","Cleave"],"picked":"Barricade","floor":23},{"not_picked":["Perfected Strike","Twin Strike","Blood for Blood"],"picked":"Whirlwind","floor":27},{"not_picked":["Anger","Combust","Second Wind"],"picked":"Shrug It Off+1","floor":28},{"not_picked":["Mayhem","Finesse","Sadistic Nature"],"picked":"Blind","floor":29},{"not_picked":["Panacea","Mayhem","Secret Technique"],"picked":"Trip","floor":29},{"not_picked":["Rupture+1","Evolve","Armaments","Twin Strike"],"picked":"SKIP","floor":30},{"not_picked":["Whirlwind","Fire Breathing","Seeing Red"],"picked":"Battle Trance","floor":31},{"not_picked":["Corruption","Offering","Bludgeon"],"picked":"Juggernaut","floor":33},{"not_picked":["Dropkick+1","Armaments","Perfected Strike+1"],"picked":"Flame Barrier+1","floor":35},{"not_picked":["Perfected Strike","Wild Strike","Fiend Fire"],"picked":"Iron Wave+1","floor":36},{"not_picked":["Perfected Strike","Wild Strike+1","Shrug It Off","Heavy Blade"],"picked":"SKIP","floor":37},{"not_picked":["Clash+1","Sword Boomerang","Clothesline+1"],"picked":"Battle Trance+1","floor":38},{"not_picked":["Bludgeon","Pommel Strike","Iron Wave"],"picked":"Rage+1","floor":39},{"not_picked":["Bludgeon","Rampage+1","Twin Strike+1","Cleave+1"],"picked":"SKIP","floor":40},{"not_picked":["Searing Blow","Pommel Strike","Heavy Blade+1"],"picked":"Spot Weakness+1","floor":44},{"not_picked":["Sword Boomerang","Heavy Blade","Headbutt"],"picked":"Shockwave+1","floor":45},{"not_picked":["Iron Wave","Wild Strike","Sever Soul"],"picked":"Body Slam","floor":47},{"not_picked":["Wild Strike","Reckless Charge","Dual Wield"],"picked":"Double Tap","floor":54}],"player_experience":81714,"relics_obtained":[{"floor":6,"key":"Question Card"},{"floor":8,"key":"Ice Cream"},{"floor":23,"key":"Paper Frog"},{"floor":26,"key":"Pear"},{"floor":38,"key":"Magic Flower"},{"floor":39,"key":"Old Coin"},{"floor":40,"key":"Vajra"},{"floor":43,"key":"Oddly Smooth Stone"},{"floor":54,"key":"FossilizedHelix"}],"event_choices":[{"damage_healed":80,"gold_gain":0,"player_choice":"Embrace Burn","damage_taken":0,"max_hp_gain":0,"max_hp_loss":80,"event_name":"betterThird:BetterShining","floor":2,"gold_loss":0},{"damage_healed":0,"gold_gain":75,"player_choice":"Gold","damage_taken":11,"max_hp_gain":0,"max_hp_loss":0,"event_name":"betterThird:BetterGoop","floor":4,"gold_loss":0},{"cards_removed":["Strike_R"],"damage_healed":0,"gold_gain":0,"player_choice":"Offered Basic","damage_taken":0,"max_hp_gain":0,"max_hp_loss":0,"event_name":"Bonfire Elementals","floor":5,"gold_loss":0},{"damage_healed":0,"gold_gain":0,"player_choice":"Ignored","damage_taken":0,"max_hp_gain":0,"max_hp_loss":0,"event_name":"betterNote:BetterNote","floor":21,"gold_loss":0,"cards_obtained":["After Image"]},{"damage_healed":0,"gold_gain":99,"player_choice":"Steal","damage_taken":0,"max_hp_gain":0,"max_hp_loss":0,"event_name":"betterThird:BetterNest","floor":24,"gold_loss":0},{"damage_healed":0,"gold_gain":2,"player_choice":"1","damage_taken":0,"max_hp_gain":0,"max_hp_loss":0,"event_name":"betterStone:BetterStone","floor":29,"gold_loss":0},{"damage_healed":0,"gold_gain":0,"player_choice":"Fight","damage_taken":0,"max_hp_gain":0,"max_hp_loss":0,"event_name":"MindBloom","floor":38,"gold_loss":0},{"damage_healed":0,"gold_gain":0,"player_choice":"Fight","damage_taken":0,"max_hp_gain":0,"max_hp_loss":0,"event_name":"Mysterious Sphere","floor":39,"gold_loss":0},{"cards_removed":["Juggernaut"],"damage_healed":0,"gold_gain":0,"player_choice":"Removed Power","damage_taken":0,"max_hp_gain":0,"max_hp_loss":0,"event_name":"Falling","floor":41,"gold_loss":0},{"damage_healed":0,"gold_gain":0,"player_choice":"Ignored","damage_taken":0,"max_hp_gain":0,"max_hp_loss":0,"event_name":"Tomb of Lord Red Mask","floor":48,"gold_loss":0}],"is_beta":false,"boss_relics":[{"not_picked":["Ectoplasm","Runic Dome"],"picked":"Sozu"},{"not_picked":["Black Star","Busted Crown"],"picked":"Coffee Dripper"}],"items_purged_floors":[3,19,53],"is_endless":false,"potions_floor_spawned":[1,7,11,16,20,27,31,33,36,38,39,47,54],"killed_by":"The Heart","ascension_level":1}}