{"host":"rgyusf9batiqntnt","time":1610443678,"event":{"mods":["BaseMod","Colored Powertips","Downfall","Minty Spire (QoL Compilation)","Quick Restart","StSLib"],"gold_per_floor":[99,99,99,99,99,111,111,211,229,67,67,67,67,78,97,198,198,123,133,146,157,157,182,182,282,282,282,282,282],"floor_reached":27,"playtime":2029,"items_purged":[],"score":244,"play_id":"029a41b2-2585-440c-babd-d1f220b0110c","local_time":"20210112195758","is_ascension_mode":false,"campfire_choices":[{"data":"Slimebound:Split","floor":1,"key":"SMITH"},{"data":"Slimebound:AcidTongue","floor":11,"key":"SMITH"},{"data":"Slimebound:RainOfGoop","floor":13,"key":"SMITH"},{"floor":18,"key":"RECALL"}],"circlet_count":0,"master_deck":["Slimebound:Strike_Slimebound","Slimebound:Strike_Slimebound","Slimebound:Strike_Slimebound","Slimebound:Defend_Slimebound","Slimebound:Defend_Slimebound","Slimebound:Defend_Slimebound","Slimebound:Defend_Slimebound","Slimebound:Split+1","Slimebound:CorrosiveSpit","Slimebound:DisruptingSlam","Slimebound:FinishingTackle","Slimebound:GoopSpray","Slimebound:AcidTongue+1","Slimebound:SplitAcid","Slimebound:SpikyOuterGoop","Slimebound:RainOfGoop+1","Slimebound:LeechingTouch","Slimebound:SplitAcid","Slimebound:WasteNot","Slimebound:PressTheAttack","Slimebound:SamplingLick","Slimebound:LeechEnergy","Slimebound:PrepareCrush","Slimebound:Nibble","Slimebound:Nibble","Slimebound:SplitMire","Slimebound:SplitAcid","Slimebound:RejuvenatingLick"],"relics":["Slimebound:AbsorbEndCombat","downfall:HeartsMalice","Orrery","Philosopher\u0027s Stone","downfall:HeartBlessingBlue","Potion Belt","Pantograph","Prayer Wheel","Bottled Tornado","Gremlin Horn"],"acts_visited":["Exordium","TheCity"],"potions_floor_usage":[16,19,19,23,25],"damage_taken":[{"damage":0,"enemies":"Small Slimes","floor":2,"turns":1},{"damage":0,"enemies":"Cultist","floor":4,"turns":1},{"damage":0,"enemies":"2 Louse","floor":5,"turns":1},{"damage":8,"enemies":"Lots of Slimes","floor":6,"turns":3},{"damage":19,"enemies":"Large Slime","floor":9,"turns":6},{"damage":18,"enemies":"downfall:FleeingMerchant","floor":10,"turns":4},{"damage":33,"enemies":"Blue Slaver","floor":14,"turns":4},{"damage":20,"enemies":"Lots of Slimes","floor":15,"turns":3},{"damage":32,"enemies":"downfall:Watcher","floor":16,"turns":8},{"damage":46,"enemies":"3 Byrds","floor":19,"turns":4},{"damage":31,"enemies":"Cultist and Chosen","floor":20,"turns":5},{"damage":13,"enemies":"Centurion and Healer","floor":21,"turns":5},{"damage":37,"enemies":"Book of Stabbing","floor":23,"turns":5},{"damage":57,"enemies":"downfall:Defect","floor":25,"turns":5},{"damage":22,"enemies":"Gremlin Leader","floor":27,"turns":3}],"seed_played":"926700798807504785","potions_obtained":[{"floor":3,"key":"LiquidBronze"},{"floor":3,"key":"EssenceOfSteel"},{"floor":3,"key":"Slimebound:SpawnSlimePotion"},{"floor":16,"key":"LiquidBronze"},{"floor":23,"key":"BlessingOfTheForge"},{"floor":25,"key":"SkillPotion"}],"is_trial":false,"path_per_floor":["R","M","?","M","M","M","T","?","M","$","R","?","R","M","M","B",null,"R","M","M","M","?","E","T","?","T","E"],"character_chosen":"SLIMEBOUND","items_purchased":["Orrery"],"campfire_rested":0,"item_purchase_floors":[10],"current_hp_per_floor":[60,60,60,60,60,56,56,56,51,51,51,56,56,43,31,25,65,75,37,34,39,39,36,36,18,18,0,0,0],"gold":282,"neow_bonus":"THREE_ENEMY_KILL","is_daily":false,"chose_seed":false,"campfire_upgraded":3,"win_rate":0.0,"timestamp":1610443678,"path_taken":["R","M","?","?","M","M","T","?","?","$","R","?","R","M","M","BOSS","R","M","M","M","?","E","T","?","?","E"],"items_purchased_type":["Relic"],"build_version":"2020-12-22","purchased_purges":0,"victory":false,"max_hp_per_floor":[60,60,60,60,60,60,60,60,60,60,60,65,65,65,65,65,65,75,75,75,75,75,75,75,75,75,75,75,75],"card_choices":[{"not_picked":["Slimebound:SamplingLick","Slimebound:RollThrough"],"picked":"Slimebound:DisruptingSlam","floor":2},{"not_picked":["Slimebound:FirmFortitude","Slimebound:ComboTackle"],"picked":"Slimebound:FinishingTackle","floor":4},{"not_picked":["Slimebound:SplitMire","Slimebound:SlimeBrawl"],"picked":"Slimebound:GoopSpray","floor":5},{"not_picked":["Slimebound:RollThrough","Slimebound:SlimeBarrage"],"picked":"Slimebound:AcidTongue","floor":6},{"not_picked":["Slimebound:FinishingTackle","Slimebound:FirmFortitude"],"picked":"Slimebound:SplitAcid","floor":9},{"not_picked":["Slimebound:ForwardTackle","Slimebound:FormOfPuddle"],"picked":"Slimebound:SpikyOuterGoop","floor":10},{"not_picked":["Slimebound:BestDefense","Slimebound:RollThrough"],"picked":"Slimebound:RainOfGoop","floor":10},{"not_picked":["Slimebound:RollThrough","Slimebound:ViciousTackle"],"picked":"Slimebound:LeechingTouch","floor":10},{"not_picked":["Slimebound:ViciousTackle","Slimebound:Schlurp"],"picked":"Slimebound:SplitAcid","floor":10},{"not_picked":["Slimebound:OneTwoCombo","Slimebound:SamplingLick"],"picked":"Slimebound:WasteNot","floor":10},{"not_picked":["Slimebound:GoopTackle","Slimebound:RollThrough"],"picked":"Slimebound:PressTheAttack","floor":10},{"not_picked":["Slimebound:FlameTackle","Slimebound:SlimeSpikes"],"picked":"Slimebound:SamplingLick","floor":14},{"not_picked":["Slimebound:GoopSpray","Slimebound:PressTheAttack"],"picked":"Slimebound:LeechEnergy","floor":15},{"not_picked":["Slimebound:MinionMaster","Slimebound:DouseInSlime"],"picked":"Slimebound:PrepareCrush","floor":16},{"not_picked":["Slimebound:RollThrough","Slimebound:GrowthPunch"],"picked":"Slimebound:Nibble","floor":19},{"not_picked":["Slimebound:GrowthPunch+1","Slimebound:ComboTackle+1"],"picked":"Slimebound:Nibble","floor":20},{"not_picked":["Slimebound:SamplingLick","Slimebound:ComboTackle"],"picked":"Slimebound:SplitMire","floor":21},{"not_picked":["Slimebound:FinishingTackle","Slimebound:Grow"],"picked":"Slimebound:SplitAcid","floor":23},{"not_picked":["Slimebound:PressTheAttack","Slimebound:RollThrough+1"],"picked":"Slimebound:RejuvenatingLick","floor":25}],"player_experience":62919,"relics_obtained":[{"floor":23,"key":"Potion Belt"},{"floor":24,"key":"Pantograph"},{"floor":25,"key":"Prayer Wheel"},{"floor":25,"key":"Bottled Tornado"},{"floor":26,"key":"Gremlin Horn"}],"event_choices":[{"damage_healed":0,"gold_gain":0,"player_choice":"Got Potions","damage_taken":0,"max_hp_gain":0,"max_hp_loss":0,"event_name":"Lab","floor":3,"gold_loss":0},{"damage_healed":0,"gold_gain":0,"player_choice":"Donut","damage_taken":0,"max_hp_gain":5,"max_hp_loss":0,"event_name":"Big Fish","floor":12,"gold_loss":0}],"is_beta":false,"boss_relics":[{"not_picked":["Runic Dome","Slimebound:TarBlob"],"picked":"Philosopher\u0027s Stone"}],"items_purged_floors":[],"is_endless":false,"potions_floor_spawned":[6,14,16,23,25],"killed_by":"Gremlin Leader","ascension_level":0}}