{"host":"l60rmjjsfi0fipmi","time":1610414904,"event":{"mods":["BaseMod","Colored Map","DeckTracker","Highlight Path","Minty Spire (QoL Compilation)"],"gold_per_floor":[212,33,43,7,20,20,20,20,68,68,96,171,190,190,190,190,190],"floor_reached":16,"playtime":583,"items_purged":[],"score":113,"play_id":"5786bd87-aa46-4185-b285-b5a4d697a845","local_time":"20210111202824","is_ascension_mode":true,"campfire_choices":[{"data":"Eruption","floor":6,"key":"SMITH"},{"data":"Vigilance","floor":8,"key":"SMITH"},{"data":"Adaptation","floor":10,"key":"SMITH"},{"floor":15,"key":"REST"}],"circlet_count":0,"master_deck":["Strike_P","Strike_P","Strike_P","Strike_P","Defend_P","Defend_P","Defend_P","Defend_P","Eruption+1","Vigilance+1","Crescendo","ClearTheMind","Adaptation+1","EmptyFist","Conclude","Prostrate","WaveOfTheHand"],"relics":["PureWater","Pantograph","Anchor","Unceasing Top","Oddly Smooth Stone"],"acts_visited":["Exordium"],"potions_floor_usage":[13],"damage_taken":[{"damage":0,"enemies":"Cultist","floor":1,"turns":2},{"damage":7,"enemies":"Jaw Worm","floor":3,"turns":3},{"damage":6,"enemies":"2 Louse","floor":5,"turns":2},{"damage":34,"enemies":"Gremlin Nob","floor":11,"turns":4},{"damage":0,"enemies":"2 Fungi Beasts","floor":13,"turns":2},{"damage":67,"enemies":"Hexaghost","floor":16,"turns":13}],"seed_played":"-716022557575906365","potions_obtained":[{"floor":11,"key":"Explosive Potion"}],"is_trial":false,"path_per_floor":["M","$","M","?","M","R","?","R","T","R","E","?","M","?","R","B"],"character_chosen":"WATCHER","items_purchased":["ClearTheMind","Adaptation","EmptyFist"],"campfire_rested":1,"item_purchase_floors":[2,2,2],"current_hp_per_floor":[72,72,65,65,59,59,52,52,52,52,18,18,18,18,39,0,0],"gold":190,"neow_bonus":"HUNDRED_GOLD","is_daily":false,"chose_seed":false,"campfire_upgraded":3,"win_rate":0.0,"timestamp":1610414904,"path_taken":["M","$","M","?","M","R","?","R","T","R","E","?","M","?","R","BOSS"],"items_purchased_type":["Card","Card","Card"],"build_version":"2020-12-22","purchased_purges":0,"victory":false,"max_hp_per_floor":[72,72,72,72,72,72,72,72,72,72,72,72,72,72,72,72,72],"card_choices":[{"not_picked":["Prostrate","WreathOfFlame"],"picked":"Crescendo","floor":1},{"not_picked":["Prostrate","ThirdEye"],"picked":"Conclude","floor":3},{"not_picked":["Nirvana","Crescendo"],"picked":"Prostrate","floor":5},{"not_picked":["EmptyFist","EmptyBody"],"picked":"WaveOfTheHand","floor":11},{"not_picked":["WreathOfFlame","ClearTheMind","WindmillStrike"],"picked":"SKIP","floor":13}],"player_experience":347384,"relics_obtained":[{"floor":9,"key":"Anchor"},{"floor":11,"key":"Unceasing Top"}],"event_choices":[{"damage_healed":0,"gold_gain":0,"player_choice":"Left Gold","damage_taken":0,"max_hp_gain":0,"max_hp_loss":0,"event_name":"World of Goop","floor":4,"gold_loss":36},{"damage_healed":0,"gold_gain":0,"player_choice":"Success","damage_taken":7,"relics_obtained":["Pantograph"],"max_hp_gain":0,"max_hp_loss":0,"event_name":"Scrap Ooze","floor":7,"gold_loss":0},{"damage_healed":0,"gold_gain":75,"player_choice":"Gained Gold","damage_taken":0,"max_hp_gain":0,"max_hp_loss":0,"event_name":"Golden Wing","floor":12,"gold_loss":0},{"damage_healed":0,"gold_gain":0,"player_choice":"Searched \u00271\u0027 times","damage_taken":0,"relics_obtained":["Oddly Smooth Stone"],"max_hp_gain":0,"max_hp_loss":0,"event_name":"Dead Adventurer","floor":14,"gold_loss":0}],"is_beta":false,"boss_relics":[],"items_purged_floors":[],"is_endless":false,"potions_floor_spawned":[11],"killed_by":"Hexaghost","ascension_level":3}}