{"host":"sf9jac3ppl7h88gj","time":1610472684,"event":{"mods":["AchievementEnabler","Ascension Unlocker","BaseMod","Colored Map","Custom Start","Force Act Four","Minty Spire (QoL Compilation)","StSLib"],"gold_per_floor":[110,128,147,147,147,178,198,209,209,209,209],"floor_reached":10,"playtime":827,"items_purged":[],"score":140,"play_id":"a8d7169c-ac05-425d-bacb-a77ec4be8430","local_time":"20210112123124","is_ascension_mode":true,"campfire_choices":[],"circlet_count":0,"master_deck":["AscendersBane","Strike_R","Strike_R","Strike_R","Strike_R","Strike_R","Defend_R","Defend_R","Defend_R","Bash","Anger","Perfected Strike","Power Through","Evolve","Rage","Flex","Shrug It Off"],"relics":["Burning Blood","NeowsBlessing","Meat on the Bone","White Beast Statue"],"acts_visited":["Exordium"],"potions_floor_usage":[10],"damage_taken":[{"damage":0,"enemies":"2 Louse","floor":1,"turns":1},{"damage":0,"enemies":"Small Slimes","floor":2,"turns":1},{"damage":0,"enemies":"Cultist","floor":3,"turns":1},{"damage":35,"enemies":"3 Sentries","floor":6,"turns":9},{"damage":8,"enemies":"3 Louse","floor":7,"turns":4},{"damage":14,"enemies":"Looter","floor":8,"turns":3},{"damage":61,"enemies":"Lagavulin","floor":10,"turns":12}],"seed_played":"4211159469326039314","potions_obtained":[{"floor":1,"key":"SpeedPotion"},{"floor":6,"key":"CultistPotion"}],"is_trial":false,"path_per_floor":["M","M","M","?","?","E","M","M","T","E"],"character_chosen":"IRONCLAD","items_purchased":[],"campfire_rested":0,"item_purchase_floors":[],"current_hp_per_floor":[74,75,75,75,75,46,44,48,48,0,0],"gold":209,"neow_bonus":"THREE_ENEMY_KILL","is_daily":false,"chose_seed":false,"campfire_upgraded":0,"win_rate":0.0,"timestamp":1610472684,"path_taken":["M","M","M","?","?","E","M","M","T","E"],"items_purchased_type":[],"build_version":"2020-12-22","purchased_purges":0,"victory":false,"max_hp_per_floor":[75,75,75,75,75,75,75,75,75,75,75],"card_choices":[{"not_picked":["Reckless Charge","Searing Blow"],"picked":"Anger","floor":1},{"not_picked":["True Grit","Clash"],"picked":"Perfected Strike","floor":2},{"not_picked":["Clash","Iron Wave"],"picked":"Power Through","floor":3},{"not_picked":["Pommel Strike","Sentinel"],"picked":"Rage","floor":6},{"not_picked":["Inflame","Havoc"],"picked":"Flex","floor":7},{"not_picked":["Clothesline","Carnage"],"picked":"Shrug It Off","floor":8}],"player_experience":1103371,"relics_obtained":[{"floor":6,"key":"Meat on the Bone"},{"floor":9,"key":"White Beast Statue"}],"event_choices":[{"damage_healed":0,"gold_gain":0,"player_choice":"Ignored","damage_taken":0,"max_hp_gain":0,"max_hp_loss":0,"event_name":"Liars Game","floor":4,"gold_loss":0},{"damage_healed":0,"gold_gain":0,"cards_transformed":["Defend_R"],"player_choice":"Transformed","damage_taken":0,"max_hp_gain":0,"max_hp_loss":0,"event_name":"Transmorgrifier","floor":5,"gold_loss":0,"cards_obtained":["Evolve"]}],"is_beta":false,"boss_relics":[],"items_purged_floors":[],"is_endless":false,"potions_floor_spawned":[1,6],"killed_by":"Lagavulin","ascension_level":20}}