{"host":"9vk21r6l9dtkpvh9","time":1610468500,"event":{"mods":["100% Spire Juice","2.2 Compatiblity","AchievementEnabler","Act Like it!","Astrologer","Bartender","BaseMod","Better Altar","Better Match","Better Note","Better Sensory Stone","Better Skull","Better Third Choice","BetterRewards","CapriCore","CatGirl Mod","Colored Map","Colored Powertips","Conspire","DeckTracker","Downfall","Energized Spire","Gensokyo","GifTheSpireLib","Hermit","Hubris","Infinite Spire","Jorbs\u0027s Wanderer Trilogy","Koishi","LagranYue(???·?)","Luminous","Mad Scientist","Marisa????????","Mimic Mod","Minty Spire (QoL Compilation)","Potionbrewer","Rare Cards Sparkle","Relic Stats","Replay The Spire","SOS???????","Shade Mod","Spicy Shops","StSLib","SuperFastMode","Td1madao Mod","The Animator","The Forsaken","The Gatherer","The Hierophant","The Immortal","The Jungle","The Marked","The Mystic","The Necromancer","The Runesmith","The Senshi","The Servant 0.9.4","The Valiant","The Wild Card","TheBandit","TheSwordswoman","TheWitcher","WarShipGirlsR/????R mod","vexMod","???Mod??????Boss"],"gold_per_floor":[110,210,228,248,141,141,172,192,217,33,33,45,78,104,116,231,243,271,383,411,434,446,458,458],"floor_reached":23,"playtime":2064,"items_purged":["Decay","Spreading Infection"],"score":203,"play_id":"8abb0b25-2833-48b5-baa6-95b5870d0358","local_time":"20210112112140","is_ascension_mode":false,"campfire_choices":[{"data":"expansioncontent:DashGenerateEvil","floor":6,"key":"SMITH"},{"data":"astrologer:SpaceDust","floor":6,"key":"SMITH"},{"floor":15,"key":"REST"}],"circlet_count":0,"master_deck":["astrologer:Strike+1","astrologer:Strike","astrologer:Strike","astrologer:Strike","astrologer:Defend","astrologer:Defend","astrologer:Defend+1","astrologer:Defend","astrologer:NorthStar","astrologer:TheFool","astrologer:CosmicExpanse+1","astrologer:Stardust","astrologer:Cataclysm","astrologer:SpaceDust+1","expansioncontent:DashGenerateEvil+1","astrologer:TheStar","astrologer:Opposition","conspire:Banana","astrologer:StarOfMisfortune","astrologer:Trine","astrologer:Trine","astrologer:SpaceDust+1","astrologer:Conjunction"],"relics":["astrologer:SkyMirror","LagranYue:RandomDrawCardRelic","Medical Kit","Replay:Arrowhead","Guide Book","ReplayTheSpireMod:CursedCoin","hubris:TenFootPole","Regal Pillow","MawBank","energizedSpire:DeadBattery"],"acts_visited":["Exordium","TheCity"],"potions_floor_usage":[13,14,16,21,23],"damage_taken":[{"damage":3,"enemies":"2 Louse","floor":1,"turns":3},{"damage":1,"enemies":"Cultist","floor":3,"turns":4},{"damage":10,"enemies":"Small Slimes","floor":4,"turns":3},{"damage":19,"enemies":"3 Sentries","floor":7,"turns":9},{"damage":0,"enemies":"2 Fungi Beasts","floor":8,"turns":4},{"damage":0,"enemies":"Blue Slaver","floor":12,"turns":2},{"damage":4,"enemies":"Lagavulin","floor":13,"turns":5},{"damage":0,"enemies":"Exordium Thugs","floor":14,"turns":5},{"damage":34,"enemies":"Fading Forest","floor":16,"turns":11},{"damage":0,"enemies":"Shell Parasite","floor":18,"turns":6},{"damage":4,"enemies":"3 Byrds","floor":20,"turns":9},{"damage":2,"enemies":"Sentry and Sphere","floor":21,"turns":3},{"damage":81,"enemies":"Gremlin Leader","floor":23,"turns":8}],"seed_played":"5044223900919284747","potions_obtained":[{"floor":4,"key":"Weak Potion"},{"floor":8,"key":"potionbrewer:EndurancePotion"},{"floor":12,"key":"Explosive Potion"},{"floor":16,"key":"Strength Potion"},{"floor":18,"key":"LiquidMemories"}],"is_trial":false,"path_per_floor":["M","?","M","M","$","R","E","M","T","$","?","M","E","M","R","B",null,"M","?","M","M","?","E"],"character_chosen":"ASTROLOGER","items_purchased":["astrologer:CosmicExpanse","Medical Kit","Replay:Arrowhead","Guide Book","expansioncontent:DashGenerateEvil","ReplayTheSpireMod:CursedCoin","conspire:Banana"],"campfire_rested":1,"item_purchase_floors":[0,0,0,0,5,5,10],"current_hp_per_floor":[60,60,59,49,49,49,30,30,30,30,30,30,27,28,64,35,73,74,74,71,70,70,0,0],"gold":458,"neow_bonus":"","is_daily":false,"chose_seed":false,"campfire_upgraded":2,"win_rate":0.0,"timestamp":1610468500,"path_taken":["M","?","M","?","$","R","E","M","T","?","?","M","E","M","R","BOSS","M","?","M","M","?","E"],"items_purchased_type":["Card","Relic","Relic","Relic","Card","Relic","Card"],"build_version":"2020-12-22","purchased_purges":2,"victory":false,"max_hp_per_floor":[70,70,70,70,70,70,70,70,70,70,70,70,71,72,72,73,73,74,74,75,76,76,78,78],"relic_stats":{"Regal Pillow":15,"counters":[13,72],"Medical Kit":[6],"MawBank":120,"obtain_stats":[{"Regal Pillow":9,"LagranYue:RandomDrawCardRelic":0,"infinitespire:Lychee Nut":0,"ReplayTheSpireMod:CursedCoin":5,"Guide Book":0,"astrologer:SkyMirror":0,"hubris:TenFootPole":7,"Medical Kit":0,"MawBank":13,"energizedSpire:DeadBattery":17,"Replay:Arrowhead":0},{"Regal Pillow":5,"LagranYue:RandomDrawCardRelic":0,"infinitespire:Lychee Nut":0,"ReplayTheSpireMod:CursedCoin":3,"Guide Book":0,"astrologer:SkyMirror":0,"hubris:TenFootPole":4,"Medical Kit":0,"MawBank":7,"energizedSpire:DeadBattery":9,"Replay:Arrowhead":0},{"Regal Pillow":23,"LagranYue:RandomDrawCardRelic":0,"infinitespire:Lychee Nut":0,"ReplayTheSpireMod:CursedCoin":10,"Guide Book":0,"astrologer:SkyMirror":0,"hubris:TenFootPole":19,"Medical Kit":0,"MawBank":30,"energizedSpire:DeadBattery":46,"Replay:Arrowhead":0}]},"card_choices":[{"not_picked":["astrologer:Justice","astrologer:Shine"],"picked":"astrologer:Stardust","floor":1},{"not_picked":["astrologer:Opposition","astrologer:SolarFlare"],"picked":"astrologer:Cataclysm","floor":3},{"not_picked":["astrologer:FrozenStar","astrologer:TheEmperor"],"picked":"astrologer:SpaceDust","floor":4},{"not_picked":["astrologer:StarOfRegret","astrologer:FrozenStar"],"picked":"astrologer:TheStar","floor":7},{"not_picked":["astrologer:Shine","astrologer:SolarFlare"],"picked":"astrologer:Opposition","floor":8},{"not_picked":["astrologer:Eclipse","astrologer:Fireball"],"picked":"astrologer:StarOfMisfortune","floor":12},{"not_picked":["astrologer:Still","astrologer:Retelling","astrologer:Opposition"],"picked":"SKIP","floor":13},{"not_picked":["astrologer:CometStrike","astrologer:Still"],"picked":"astrologer:Trine","floor":14},{"not_picked":["astrologer:WheelofFortune","astrologer:Fate"],"picked":"astrologer:Trine","floor":16},{"not_picked":["astrologer:StarOfCourage","astrologer:Still+1"],"picked":"astrologer:SpaceDust+1","floor":18},{"not_picked":["astrologer:CometStrike","astrologer:Still"],"picked":"astrologer:Conjunction","floor":20},{"not_picked":["astrologer:Still","astrologer:SolarFlare","astrologer:Shine"],"picked":"SKIP","floor":21}],"player_experience":654341,"relics_obtained":[{"floor":7,"key":"hubris:TenFootPole"},{"floor":9,"key":"Regal Pillow"},{"floor":13,"key":"MawBank"}],"event_choices":[{"damage_healed":0,"gold_gain":100,"player_choice":"Pray","damage_taken":0,"max_hp_gain":0,"max_hp_loss":0,"event_name":"Golden Shrine","floor":2,"gold_loss":0},{"damage_healed":0,"gold_gain":100,"player_choice":"Pray","damage_taken":0,"max_hp_gain":0,"max_hp_loss":0,"event_name":"Golden Shrine","floor":19,"gold_loss":0},{"damage_healed":0,"gold_gain":0,"player_choice":"Ignored","damage_taken":0,"max_hp_gain":0,"max_hp_loss":0,"event_name":"betterNote:BetterNote","floor":22,"gold_loss":0,"cards_obtained":["Moonworks:WeAreWaruda"]}],"is_beta":false,"boss_relics":[{"not_picked":["hubris:GrandSneckoEye","vexMod:StarEater"],"picked":"energizedSpire:DeadBattery"}],"items_purged_floors":[5,10],"is_endless":false,"potions_floor_spawned":[4,8,12,16,18],"killed_by":"Gremlin Leader","ascension_level":0}}