{"host":"7icsapbuzx467fpx","time":1610415730,"event":{"mods":["BaseMod","Colored Map","Friendly Minions","Kiyohime????","Minty Spire (QoL Compilation)","Prisma Mod","Replay The Spire","StSLib","The Alterego","Waifu the Spire"],"gold_per_floor":[118,128,143,157,173,202,202,221,221,239,301,349,393,409,409,523,523,559,595,543,575,608,608,640,678,678,715,766,766,809,609,609,734,734,779,298,316,316],"floor_reached":37,"playtime":2636,"items_purged":["Hallucinations","KiyohimeMod:Defend","KiyohimeMod:HotSpringOfTheMoon"],"score":684,"play_id":"3eaed9ad-e066-4a63-9aac-534d7ff8a2dc","local_time":"20210112024210","is_ascension_mode":false,"campfire_choices":[{"floor":23,"key":"REST"},{"floor":29,"key":"REST"},{"floor":32,"key":"REST"}],"circlet_count":0,"master_deck":["KiyohimeMod:Strike","KiyohimeMod:Strike","KiyohimeMod:Strike","KiyohimeMod:Defend","KiyohimeMod:Defend","KiyohimeMod:Defend","KiyohimeMod:Track","KiyohimeMod:Shapeshift","KiyohimeMod:BlueBlackKey","KiyohimeMod:BlueBlackKey","KiyohimeMod:AndSoTheShipConquers","KiyohimeMod:GreenBlackKey","KiyohimeMod:FiringTheFirstArrow","KiyohimeMod:DragonVein","KiyohimeMod:CelestialInvertedMoon","KiyohimeMod:Berserker","KiyohimeMod:BlueBlackKey","KiyohimeMod:Servant_TamamoNoMae","KiyohimeMod:DivineConstruct+1","KiyohimeMod:CommandCard_Arts+1","KiyohimeMod:BlueBlackKey+1","KiyohimeMod:GreenBlackKey","KiyohimeMod:DivineConstruct","KiyohimeMod:GreenBlackKey","Bandage Up","KiyohimeMod:RedBlackKey+1","KiyohimeMod:HotSpringOfTheMoon+1","KiyohimeMod:BlueBlackKey+1","KiyohimeMod:RealityMarble","KiyohimeMod:Preemptive+1","KiyohimeMod:BeElegant+1","KiyohimeMod:CommandCard_Arts+1","KiyohimeMod:BlueBlackKey","KiyohimeMod:Barrier","KiyohimeMod:RedBlackKey","KiyohimeMod:BlueBlackKey"],"relics":["KiyohimeMod:FireDragon","NeowsBlessing","Pear","Matryoshka","Replay:Baseball","Ginger","Replay:Bandana","Pet Ghost","Centennial Puzzle","Astrolabe","ReplayTheSpireMod:CursedCoin","Darkstone Periapt","Snack Pack","SlaversCollar","Juzu Bracelet","Membership Card"],"acts_visited":["Exordium","TheCity","TheBeyond"],"potions_floor_usage":[13,13,14,16,16,21,22,25,28,28,28,28,28],"damage_taken":[{"damage":0,"enemies":"Cultist","floor":1,"turns":1},{"damage":0,"enemies":"Jaw Worm","floor":2,"turns":1},{"damage":0,"enemies":"Small Slimes","floor":3,"turns":1},{"damage":0,"enemies":"3 Louse","floor":4,"turns":3},{"damage":10,"enemies":"Exordium Thugs","floor":5,"turns":6},{"damage":28,"enemies":"Lagavulin","floor":6,"turns":6},{"damage":5,"enemies":"Red Slaver","floor":8,"turns":2},{"damage":5,"enemies":"2 Fungi Beasts","floor":10,"turns":3},{"damage":0,"enemies":"Gremlin Nob","floor":13,"turns":2},{"damage":0,"enemies":"Blue Slaver","floor":14,"turns":4},{"damage":21,"enemies":"Slime Boss","floor":16,"turns":11},{"damage":12,"enemies":"Shell Parasite","floor":18,"turns":3},{"damage":10,"enemies":"Spheric Guardian","floor":19,"turns":3},{"damage":39,"enemies":"Centurion and Healer","floor":21,"turns":4},{"damage":0,"enemies":"Snake Plant","floor":22,"turns":3},{"damage":17,"enemies":"Snecko","floor":24,"turns":7},{"damage":9,"enemies":"Centurion and Healer","floor":25,"turns":5},{"damage":7,"enemies":"Snake Plant","floor":27,"turns":3},{"damage":13,"enemies":"Gremlin Leader","floor":28,"turns":4},{"damage":15,"enemies":"Chosen and Byrds","floor":30,"turns":4},{"damage":28,"enemies":"Pondfish","floor":33,"turns":9},{"damage":21,"enemies":"3 Darklings","floor":35,"turns":4},{"damage":85,"enemies":"2 Orb Walkers","floor":37,"turns":6}],"seed_played":"6950896151058670733","potions_obtained":[{"floor":1,"key":"CultistPotion"},{"floor":2,"key":"Energy Potion"},{"floor":5,"key":"SteroidPotion"},{"floor":14,"key":"Fruit Juice"},{"floor":15,"key":"Ancient Potion"},{"floor":16,"key":"Dexterity Potion"},{"floor":18,"key":"Reflective Coating"},{"floor":21,"key":"Explosive Potion"},{"floor":22,"key":"SteroidPotion"},{"floor":24,"key":"Cursed Concoction"},{"floor":27,"key":"EntropicBrew"}],"is_trial":false,"path_per_floor":["M","M","M","M","M","E","?","M","T","M","?","T","E","M","R_BF","B",null,"M","M","$","M","M","R","M","M","T","M","E","R","M","$","R","B",null,"M","$","?"],"character_chosen":"Kiyohime","items_purchased":["ReplayTheSpireMod:CursedCoin","KiyohimeMod:GreenBlackKey","Bandage Up","KiyohimeMod:CommandCard_Arts+1","KiyohimeMod:BlueBlackKey","KiyohimeMod:BlueBlackKey","Juzu Bracelet","Membership Card"],"campfire_rested":3,"item_purchase_floors":[20,20,20,31,31,36,36,36],"current_hp_per_floor":[60,60,60,60,50,32,32,27,27,22,22,22,22,27,27,6,75,63,53,53,18,22,44,27,22,22,15,6,28,23,23,45,39,75,62,62,0,0],"gold":316,"neow_bonus":"THREE_ENEMY_KILL","is_daily":false,"chose_seed":false,"campfire_upgraded":0,"win_rate":0.0,"timestamp":1610415730,"path_taken":["M","M","?","M","M","E","?","M","T","?","?","?","E","M","R_BF","BOSS","M","M","$","?","M","R","M","M","T","?","E","R","?","?","R","BOSS","M","$","?"],"items_purchased_type":["Relic","Card","Card","Card","Card","Card","Relic","Relic"],"build_version":"2020-12-22","purchased_purges":3,"victory":false,"max_hp_per_floor":[60,60,60,60,60,70,70,70,70,70,70,70,70,75,75,75,75,75,75,75,75,75,75,75,75,75,75,75,75,75,75,75,75,75,75,75,75,75],"card_choices":[{"not_picked":["KiyohimeMod:EatSoul","KiyohimeMod:SteelTraining"],"picked":"KiyohimeMod:BlueBlackKey","floor":1},{"not_picked":["KiyohimeMod:ImaginaryAround","KiyohimeMod:Fragarach"],"picked":"KiyohimeMod:BlueBlackKey","floor":2},{"not_picked":["KiyohimeMod:BlueBlackKey","KiyohimeMod:Preemptive"],"picked":"KiyohimeMod:AndSoTheShipConquers","floor":3},{"not_picked":["KiyohimeMod:BeElegant","KiyohimeMod:FirstPremonition"],"picked":"KiyohimeMod:WaterTurn","floor":4},{"not_picked":["KiyohimeMod:Berserker","KiyohimeMod:AgainstMagic"],"picked":"KiyohimeMod:GreenBlackKey","floor":5},{"not_picked":["KiyohimeMod:Berserker","KiyohimeMod:BlueBlackKey"],"picked":"KiyohimeMod:FiringTheFirstArrow","floor":6},{"not_picked":["KiyohimeMod:AndSoTheShipConquers","KiyohimeMod:AgainstMagic"],"picked":"KiyohimeMod:DragonVein","floor":8},{"not_picked":["KiyohimeMod:Grimoire","KiyohimeMod:GreenBlackKey"],"picked":"KiyohimeMod:CelestialInvertedMoon","floor":10},{"not_picked":["KiyohimeMod:BeastOfBillows","KiyohimeMod:Preemptive"],"picked":"KiyohimeMod:Berserker","floor":13},{"not_picked":["KiyohimeMod:Berserker","KiyohimeMod:CelestialInvertedMoon"],"picked":"KiyohimeMod:BlueBlackKey","floor":14},{"not_picked":["KiyohimeMod:CastleOfTheSun","KiyohimeMod:Destruction"],"picked":"KiyohimeMod:Servant_TamamoNoMae","floor":16},{"not_picked":["KiyohimeMod:BlueBlackKey","KiyohimeMod:WaterTurn"],"picked":"KiyohimeMod:GreenBlackKey","floor":18},{"not_picked":["KiyohimeMod:EatSoul+1","KiyohimeMod:Berserker"],"picked":"KiyohimeMod:DivineConstruct","floor":19},{"not_picked":["KiyohimeMod:Preemptive","KiyohimeMod:BeastOfBillows"],"picked":"KiyohimeMod:HotSpringOfTheMoon","floor":21},{"not_picked":["KiyohimeMod:EatSoul","KiyohimeMod:FacelessMoon"],"picked":"KiyohimeMod:RedBlackKey+1","floor":22},{"not_picked":["KiyohimeMod:SteelTraining","KiyohimeMod:Preemptive"],"picked":"KiyohimeMod:HotSpringOfTheMoon+1","floor":24},{"not_picked":["KiyohimeMod:AndSoTheShipConquers+1","KiyohimeMod:Berserker"],"picked":"KiyohimeMod:BlueBlackKey+1","floor":25},{"not_picked":["KiyohimeMod:Tenacious","KiyohimeMod:FormalCraft"],"picked":"KiyohimeMod:RealityMarble","floor":27},{"not_picked":["KiyohimeMod:EatSoul","KiyohimeMod:WaterTurn"],"picked":"KiyohimeMod:Preemptive+1","floor":28},{"not_picked":["KiyohimeMod:Berserker","KiyohimeMod:CommandCard_Quick"],"picked":"KiyohimeMod:BeElegant+1","floor":30},{"not_picked":["KiyohimeMod:CastleOfTheSun","KiyohimeMod:FiringTheFirstArrow"],"picked":"KiyohimeMod:Barrier","floor":33},{"not_picked":["KiyohimeMod:BlueBlackKey","KiyohimeMod:FormalCraft+1"],"picked":"KiyohimeMod:RedBlackKey","floor":35}],"player_experience":46642,"relics_obtained":[{"floor":6,"key":"Pear"},{"floor":7,"key":"Matryoshka"},{"floor":9,"key":"Replay:Baseball"},{"floor":9,"key":"Ginger"},{"floor":12,"key":"Replay:Bandana"},{"floor":12,"key":"Pet Ghost"},{"floor":13,"key":"Centennial Puzzle"},{"floor":26,"key":"Darkstone Periapt"},{"floor":28,"key":"Snack Pack"}],"event_choices":[{"damage_healed":0,"gold_gain":0,"player_choice":"Relic","damage_taken":0,"max_hp_gain":0,"max_hp_loss":0,"event_name":"Wheel of Change","floor":7,"gold_loss":0},{"damage_healed":0,"gold_gain":62,"player_choice":"Gained Gold","damage_taken":0,"max_hp_gain":0,"max_hp_loss":0,"event_name":"Golden Wing","floor":11,"gold_loss":0},{"damage_healed":0,"gold_gain":0,"player_choice":"Fight","damage_taken":0,"max_hp_gain":0,"max_hp_loss":0,"event_name":"Mysterious Sphere","floor":37,"gold_loss":0}],"is_beta":false,"boss_relics":[{"not_picked":["ReplayTheSpireMod:DimensionalGlitch","Replay:Grab Bag"],"picked":"Astrolabe"},{"not_picked":["Painkiller Herb","Replay:Bronze Core"],"picked":"SlaversCollar"}],"items_purged_floors":[20,31,36],"is_endless":false,"potions_floor_spawned":[1,2,5,14,16,18,21,22,24,27],"killed_by":"2 Orb Walkers","ascension_level":0}}