{"host":"Ruben","time":1610473528,"event":{"mods":["AchievementEnabler","Aspiration","BaseMod","Better Altar","Better Match","Better Note","Better Sensory Stone","Better Skull","Better Third Choice","BetterRewards","Colored Map","Conspire","Downfall","GifTheSpireLib","Highlight Path","Hubris","Mimic Mod","Minty Spire (QoL Compilation)","Permanent Neow","Replay The Spire","Shop Mod","Spicy Shops","StSLib","Stuff the Spire","everything is the same but u backflip on backflip","slay the spire mod where everything is the same but ironclad has a cowboy hat"],"gold_per_floor":[118,118,18,48,48,48,117,181,208,208,271,283,362,362,362,504,504,557,557,608,696,725,756,756],"floor_reached":23,"playtime":1514,"items_purged":[],"score":209,"play_id":"e035c65f-2722-4ef6-8d4b-8710a47fc37f","local_time":"20210112184528","is_ascension_mode":false,"campfire_choices":[{"data":"Dualcast","floor":6,"key":"SMITH"},{"floor":10,"key":"REST"},{"floor":15,"key":"REST"}],"circlet_count":0,"master_deck":["Strike_B","Strike_B","Strike_B","Strike_B","Defend_B","Defend_B","Defend_B","Defend_B","Zap+1","Dualcast+1","Injury","conspire:SpireCoStock+1","conspire:SpireCoStock+1","Leap+1","Gash","Defragment","Leap+1","StuffTheSpire:Plugnplay+1","Reboot+1","Burn","Rainbow+1","Chaos+1","Pain","ReplayTheSpireMod:Dual Polarity+1","aspiration:Polymerization+1","ReplayTheSpireMod:GoodbyeWorld+1"],"relics":["Cracked Core","Toxic Egg 2","Tiny Chest","Ancient Tea Set","aspiration:EnhancedActuators","Quantum Egg","StuffTheSpire:RunicHypercube","WarpedTongs"],"acts_visited":["Exordium","TheCity"],"potions_floor_usage":[11,11,13],"damage_taken":[{"damage":1,"enemies":"Cultist","floor":1,"turns":3},{"damage":8,"enemies":"Small Slimes","floor":4,"turns":4},{"damage":33,"enemies":"Lagavulin","floor":7,"turns":9},{"damage":10,"enemies":"Jaw Worm","floor":8,"turns":4},{"damage":16,"enemies":"Gremlin Nob","floor":11,"turns":4},{"damage":3,"enemies":"Red Slaver","floor":12,"turns":4},{"damage":16,"enemies":"3 Sentries","floor":13,"turns":7},{"damage":31,"enemies":"The Guardian","floor":16,"turns":12},{"damage":0,"enemies":"Spheric Guardian","floor":18,"turns":3},{"damage":12,"enemies":"2 Thieves","floor":20,"turns":3},{"damage":6,"enemies":"Snecko","floor":21,"turns":4},{"damage":25,"enemies":"Snecko","floor":22,"turns":5},{"damage":35,"enemies":"Gremlin Leader","floor":23,"turns":3}],"seed_played":"5844064250926165715","potions_obtained":[{"floor":7,"key":"champ:CounterPotion"},{"floor":8,"key":"DistilledChaos"},{"floor":11,"key":"Elixir"},{"floor":18,"key":"Strength Potion"}],"is_trial":false,"path_per_floor":["M","?","?","M","$","R","E","M","T","R","E","M","E","?","R","B",null,"M","?","M","MIM","M","E"],"character_chosen":"DEFECT","items_purchased":[],"campfire_rested":2,"item_purchase_floors":[],"current_hp_per_floor":[74,74,74,66,66,66,33,23,23,45,29,26,10,10,32,1,75,75,75,63,57,32,0,0],"gold":756,"neow_bonus":"UPGRADE_CARD","is_daily":false,"chose_seed":false,"campfire_upgraded":1,"win_rate":0.0,"timestamp":1610473528,"path_taken":["M","?","?","M","?","R","E","M","T","R","E","?","E","?","R","BOSS","M","?","M","?","M","E"],"items_purchased_type":[],"build_version":"2020-12-18","purchased_purges":0,"victory":false,"max_hp_per_floor":[75,75,75,75,75,75,75,75,75,75,75,75,75,75,75,75,75,75,75,75,75,75,75,75],"card_choices":[{"not_picked":["BasicCrystalCard","Doom and Gloom","conspire:SharedLibrary"],"picked":"SKIP","floor":1},{"not_picked":["ReplayTheSpireMod:System Scan+1","ReplaySolidLightProjector+1"],"picked":"Leap+1","floor":4},{"not_picked":["Cold Snap","Hyperbeam"],"picked":"Gash","floor":7},{"not_picked":["Cold Snap","StuffTheSpire:GlassShard"],"picked":"Defragment","floor":8},{"not_picked":["Ball Lightning","conspire:SharedLibrary"],"picked":"Leap+1","floor":11},{"not_picked":["Streamline","Lockon"],"picked":"StuffTheSpire:Plugnplay+1","floor":12},{"not_picked":["Cold Snap","Recycle+1"],"picked":"Reboot+1","floor":13},{"not_picked":["Amplify+1","hubris:Prefetch+1"],"picked":"Rainbow+1","floor":16},{"not_picked":["Steam+1","Streamline"],"picked":"Chaos+1","floor":18},{"not_picked":["Leap+1","Stack+1"],"picked":"ReplayTheSpireMod:Dual Polarity+1","floor":20},{"not_picked":["Melter","Steam+1"],"picked":"aspiration:Polymerization+1","floor":21},{"not_picked":["Panic Button+1","Sweeping Beam"],"picked":"ReplayTheSpireMod:GoodbyeWorld+1","floor":22}],"player_experience":239247,"relics_obtained":[{"floor":7,"key":"Tiny Chest"},{"floor":9,"key":"Ancient Tea Set"},{"floor":11,"key":"aspiration:EnhancedActuators"},{"floor":13,"key":"Quantum Egg"}],"event_choices":[{"damage_healed":0,"gold_gain":0,"player_choice":"Invest 2","damage_taken":0,"max_hp_gain":0,"max_hp_loss":0,"event_name":"conspire:Investor","floor":3,"gold_loss":0},{"damage_healed":10,"gold_gain":0,"player_choice":"Embrace Burn","damage_taken":0,"max_hp_gain":0,"max_hp_loss":75,"event_name":"betterThird:BetterShining","floor":14,"gold_loss":0},{"damage_healed":0,"gold_gain":0,"player_choice":"Rummage","damage_taken":0,"relics_obtained":["WarpedTongs"],"max_hp_gain":0,"max_hp_loss":0,"event_name":"Accursed Blacksmith","floor":19,"gold_loss":0,"cards_obtained":["Pain"]}],"is_beta":true,"boss_relics":[{"not_picked":["Tiny House","hubris:HollowSoul"],"picked":"StuffTheSpire:RunicHypercube"}],"items_purged_floors":[],"is_endless":false,"potions_floor_spawned":[7,8,11,18],"killed_by":"Gremlin Leader","ascension_level":0}}