{"host":"5icjlaq41ghjcr7h","time":1610450803,"event":{"mods":["AchievementEnabler","BaseMod","Colored Map","Minty Spire (QoL Compilation)","SuperFastMode","everything is the same but u backflip on backflip"],"gold_per_floor":[111,126,126,143,162,189,189,189,235,245,245,245],"floor_reached":11,"playtime":233,"items_purged":[],"score":83,"play_id":"c1727d2b-e09d-4120-b063-e822bfef2ed2","local_time":"20210112202643","is_ascension_mode":true,"campfire_choices":[{"floor":8,"key":"RECALL"}],"circlet_count":0,"master_deck":["Strike_R","Strike_R","Strike_R","Strike_R","Strike_R","Defend_R","Defend_R","Defend_R","Defend_R","Bash","Body Slam+1","Pain","Offering","Second Wind"],"relics":["Burning Blood","NeowsBlessing","WarpedTongs","Darkstone Periapt","Tiny Chest"],"acts_visited":["Exordium"],"potions_floor_usage":[6,10,11],"damage_taken":[{"damage":0,"enemies":"2 Louse","floor":1,"turns":1},{"damage":0,"enemies":"Cultist","floor":2,"turns":1},{"damage":0,"enemies":"Small Slimes","floor":4,"turns":1},{"damage":21,"enemies":"3 Louse","floor":5,"turns":4},{"damage":36,"enemies":"3 Sentries","floor":6,"turns":9},{"damage":16,"enemies":"Exordium Thugs","floor":10,"turns":2},{"damage":49,"enemies":"Lagavulin","floor":11,"turns":6}],"seed_played":"-2512833962301093165","potions_obtained":[{"floor":1,"key":"LiquidBronze"},{"floor":6,"key":"AttackPotion"},{"floor":10,"key":"Regen Potion"}],"is_trial":false,"path_per_floor":["M","M","?","M","M","E","?","R","T","M","E"],"character_chosen":"IRONCLAD","items_purchased":[],"campfire_rested":0,"item_purchase_floors":[],"current_hp_per_floor":[80,80,80,80,65,35,35,35,35,25,0,0],"gold":245,"neow_bonus":"THREE_ENEMY_KILL","is_daily":false,"chose_seed":false,"campfire_upgraded":0,"win_rate":0.0,"timestamp":1610450803,"path_taken":["M","M","?","M","?","E","?","R","T","?","E"],"items_purchased_type":[],"build_version":"2020-12-22","purchased_purges":0,"victory":false,"max_hp_per_floor":[80,80,80,80,80,80,80,80,80,80,80,80],"card_choices":[{"not_picked":["Dual Wield","Cleave","Headbutt"],"picked":"SKIP","floor":1},{"not_picked":["Headbutt","Cleave"],"picked":"Body Slam","floor":2},{"not_picked":["Sword Boomerang","Uppercut","Anger"],"picked":"SKIP","floor":4},{"not_picked":["Havoc","Disarm","Heavy Blade"],"picked":"SKIP","floor":5},{"not_picked":["Reckless Charge","Sword Boomerang"],"picked":"Offering","floor":6},{"not_picked":["Dual Wield","Perfected Strike"],"picked":"Second Wind","floor":10}],"player_experience":121036,"relics_obtained":[{"floor":6,"key":"Darkstone Periapt"},{"floor":9,"key":"Tiny Chest"}],"event_choices":[{"damage_healed":0,"gold_gain":0,"player_choice":"Rummage","damage_taken":0,"relics_obtained":["WarpedTongs"],"max_hp_gain":0,"max_hp_loss":0,"event_name":"Accursed Blacksmith","floor":3,"gold_loss":0,"cards_obtained":["Pain"]},{"damage_healed":0,"gold_gain":0,"player_choice":"Upgraded","damage_taken":0,"max_hp_gain":0,"max_hp_loss":0,"event_name":"Upgrade Shrine","floor":7,"gold_loss":0,"cards_upgraded":["Body Slam"]}],"is_beta":false,"boss_relics":[],"items_purged_floors":[],"is_endless":false,"potions_floor_spawned":[1,6,10],"killed_by":"Lagavulin","ascension_level":2}}