{"host":"y4sghvfd0ewtcchd","time":1610471357,"event":{"mods":["Aspiration","BaseMod","Better Debug","Better Note","Better Third Choice","BetterRewards","Block Reminder","Colored Map","Colored Powertips","Downfall","Highlight Path","Hubris","Infinite Spire","Minty Spire (QoL Compilation)","Relic Sorter","Relic Stats","Replay The Spire","Shop Mod","StSLib","The Jungle","The Saiyan"],"gold_per_floor":[110,121,141,16,34,62,62,62,87,87,87,99,99,110,110,210,210,230,241,91,110,130,130,156,156,209,243,68,68,83,109,109,211,211,230,275,289,331,127,127,155,155,155,155,155,155,10,25,25,25,25,25,325,350,350],"floor_reached":56,"playtime":3667,"items_purged":["Strike_R","Strike_R","CommonCold","Defend_R","Defend_R","Armaments+1"],"score":1700,"play_id":"0340bcb7-7d17-45ad-bc16-f0925fc44380","local_time":"20210112200917","is_ascension_mode":true,"campfire_choices":[{"data":"expansioncontent:Hexaburn","floor":7,"key":"SMITH"},{"data":"Fiend Fire","floor":11,"key":"SMITH"},{"data":"Feed","floor":13,"key":"SMITH"},{"data":"Thinking Ahead","floor":15,"key":"SMITH"},{"floor":23,"key":"RECALL"},{"data":"Armaments","floor":25,"key":"SMITH"},{"data":"Defend_R","floor":32,"key":"PURGE"},{"floor":40,"key":"REST"},{"data":"Hemogenesis","floor":44,"key":"SMITH"},{"data":"infinitespire:SevenWalls","floor":49,"key":"SMITH"},{"data":"Bash","floor":52,"key":"SMITH"}],"circlet_count":0,"master_deck":["Strike_R","Strike_R","Strike_R","Bash+1","Metallicize","hubris:ReadiedAction","Fiend Fire+1","Clash","expansioncontent:Hexaburn+1","Thinking Ahead+1","Metallicize","Feed+1","Immolate+1","Metallicize","True Grit+1","Clash","Pummel+1","Feed+1","Battle Trance","Clash","Corruption","hubris:CleavingFinish+1","Bloodletting","Headbutt","Pommel Strike+1","Hemogenesis+1","Clothesline","Clothesline","Metallicize+1","infinitespire:SevenWalls+1","Carnage","Carnage","Metallicize"],"relics":["Burning Blood","hubris:Reverence","BargainBundle","Lantern","Guide Book","aspiration:FrozenJewel","ReplayTheSpireMod:CursedCoin","Bag of Preparation","hubris:ToyBattleship","Replay:Rubber Ducky","aspiration:PoetsPen_weak","infinitespire:WardingShard","Bronze Scales","MutagenicStrength","Peace Pipe","ReplayTheSpireMod:DimensionalGlitch","aspiration:AnachronicSnailShell","Chameleon Ring","infinitespire:Lucky Rock","ReplayTheSpireMod:Ninjato","hubris:Icosahedron","infinitespire:Bottled Soul","ReplayTheSpireMod:Shallot","hubris:Backtick","hubris:MedicalManual","ClockworkSouvenir","hubris:NiceRug","Whetstone","White Beast Statue","HandDrill","Centennial Puzzle"],"acts_visited":["Exordium","TheCity","TheBeyond","TheEnding"],"potions_floor_usage":[18,21,36,55,55,55,55,55],"damage_taken":[{"damage":6,"enemies":"infinitespire:Voidling","floor":1,"turns":2},{"damage":0,"enemies":"Small Slimes","floor":2,"turns":3},{"damage":0,"enemies":"2 Louse","floor":3,"turns":3},{"damage":0,"enemies":"Lots of Slimes","floor":5,"turns":1},{"damage":0,"enemies":"3 Sentries","floor":6,"turns":4},{"damage":0,"enemies":"2 Fungi Beasts","floor":12,"turns":2},{"damage":0,"enemies":"Looter","floor":14,"turns":3},{"damage":7,"enemies":"The Guardian","floor":16,"turns":6},{"damage":5,"enemies":"2 Thieves","floor":18,"turns":2},{"damage":14,"enemies":"Spheric Guardian","floor":19,"turns":4},{"damage":0,"enemies":"Centurion and Healer","floor":21,"turns":3},{"damage":0,"enemies":"Snake Plant","floor":22,"turns":2},{"damage":0,"enemies":"Book of Stabbing","floor":24,"turns":4},{"damage":3,"enemies":"Slavers","floor":27,"turns":4},{"damage":0,"enemies":"Snecko","floor":30,"turns":2},{"damage":0,"enemies":"Gremlin Leader","floor":31,"turns":2},{"damage":24,"enemies":"hubris:MusketHawk","floor":33,"turns":5},{"damage":0,"enemies":"3 Darklings","floor":35,"turns":2},{"damage":23,"enemies":"2 Orb Walkers","floor":36,"turns":3},{"damage":30,"enemies":"3 Shapes","floor":37,"turns":2},{"damage":1,"enemies":"Nemesis","floor":41,"turns":5},{"damage":0,"enemies":"Spire Growth","floor":48,"turns":1},{"damage":5,"enemies":"Replay:Hell Engine","floor":50,"turns":5},{"damage":0,"enemies":"hubris:Merchant","floor":53,"turns":5},{"damage":0,"enemies":"Shield and Spear","floor":54,"turns":3},{"damage":117,"enemies":"The Heart","floor":55,"turns":6}],"seed_played":"-4469854420495140976","potions_obtained":[{"floor":3,"key":"EssenceOfSteel"},{"floor":5,"key":"Fire Potion"},{"floor":18,"key":"ElixirPotion"},{"floor":30,"key":"Fire Potion"},{"floor":41,"key":"SkillPotion"},{"floor":48,"key":"Milkshake"},{"floor":53,"key":"FairyPotion"},{"floor":53,"key":"DistilledChaos"},{"floor":54,"key":"EntropicBrew"}],"is_trial":false,"path_per_floor":["M","M","M","$","M","E","R","?","T","?","R","M","R","M","R","B",null,"M","M","$","M","M","R","E","R","T","E","$","?","M","E","R","B",null,"M","?","M","?","$","R","E","?","T","R","T","AVR","$","M","R","B",null,"R","$","E","B",null],"character_chosen":"IRONCLAD","items_purchased":["BargainBundle","Metallicize","hubris:ReadiedAction","Fiend Fire","Lantern","Clash","Armaments","expansioncontent:Hexaburn","SpeedPotion","SteroidPotion","AttackPotion","Thinking Ahead","Metallicize","Feed","Immolate","Guide Book","aspiration:FrozenJewel","Metallicize","True Grit+1","ReplayTheSpireMod:CursedCoin","Bag of Preparation","infinitespire:Lucky Rock","Metallicize+1","ClockworkSouvenir"],"campfire_rested":1,"item_purchase_floors":[0,0,0,0,0,0,0,0,0,0,0,0,0,0,0,0,0,0,0,4,4,39,39,47],"current_hp_per_floor":[32,42,52,52,58,68,68,73,73,73,73,82,82,92,92,91,104,108,104,104,110,112,112,112,112,112,116,116,116,116,116,116,98,116,120,102,79,46,46,85,91,91,91,91,91,91,91,94,94,98,136,136,136,136,22],"gold":350,"neow_bonus":"","is_daily":false,"chose_seed":false,"campfire_upgraded":8,"win_rate":0.0,"timestamp":1610471357,"path_taken":["M","?","M","$","M","E","R","?","T","?","R","?","R","M","R","BOSS","M","M","$","M","M","R","E","R","T","E","$","?","M","E","R","BOSS","M","?","M","?","$","R","E","?","T","R","?","AVR","?","M","R","BOSS","R","$","E","BOSS"],"items_purchased_type":["Relic","Card","Card","Card","Relic","Card","Card","Card","Potion","Potion","Potion","Card","Card","Card","Card","Relic","Relic","Card","Card","Relic","Relic","Relic","Card","Relic"],"build_version":"2020-12-22","purchased_purges":6,"victory":true,"max_hp_per_floor":[80,84,88,88,88,92,92,97,97,97,97,100,100,104,104,104,104,108,112,112,112,112,112,112,112,112,116,116,116,116,116,116,116,116,120,124,132,132,132,132,132,132,132,132,132,132,132,132,132,136,136,136,136,136,136],"relic_stats":{"Peace Pipe":1,"Centennial Puzzle":[24],"counters":[103,477],"Bronze Scales":[321],"Bag of Preparation":[46],"HandDrill":[4],"Whetstone":["hubris:CleavingFinish","Pummel"],"obtain_stats":[{"infinitespire:BottledMercury":26,"Tiny House":17,"Vajra":0,"infinitespire:Cubic Diamond":2,"aspiration:PoetsPen_weak":17,"Whetstone":53,"Centennial Puzzle":54,"Replay:Bronze Core":17,"hubris:DeckOfHolding":10,"Prayer Wheel":7,"HandDrill":53,"Happy Flower":0,"ReplayTheSpireMod:CursedCoin":4,"Blue Candle":7,"aspiration:FrozenJewel":46,"infinitespire:EvilPickle":33,"ReplayTheSpireMod:Shallot":45,"Bronze Scales":29,"MutagenicStrength":29,"aspiration:SilentSkillbook":34,"ReplayTheSpireMod:TigerMarble":29,"hubris:ToyBattleship":6,"Mirror":0,"ReplayTheSpireMod:DimensionalGlitch":34,"infinitespire:PuzzleCube":0,"Abe\u0027s Treasure":17,"hubris:Reverence":46,"Darkstone Periapt":13,"Regal Pillow":6,"aspiration:Lifesprig":0,"Lantern":0,"Magic Flower":47,"Bag of Preparation":9,"Juzu Bracelet":19,"Burning Blood":0,"Replay:Rubber Ducky":9,"ClockworkSouvenir":47,"Replay:Bandana":7,"hubris:Icosahedron":42,"Chameleon Ring":38,"hubris:Backtick":46,"Mummified Hand":0,"infinitespire:Bottled Soul":28,"aspiration:AnachronicSnailShell":36,"Tiny Chest":14,"hubris:FunFungus":11,"WingedGreaves":23,"Cracked Core":0,"Lee\u0027s Waffle":0,"BargainBundle":0,"ReplayTheSpireMod:Ninjato":41,"NeowsBlessing":0,"Guide Book":0,"The Courier":38,"hubris:MedicalManual":46,"infinitespire:Lucky Rock":25,"White Beast Statue":53,"Peace Pipe":31,"Strange Spoon":0,"infinitespire:WardingShard":9,"infinitespire:Satchel":4,"hubris:BundleOfHerbs":41,"Coffee Dripper":17,"hubris:GrandSneckoEye":17,"m_BurningSludge":2,"hubris:NiceRug":53},{"infinitespire:BottledMercury":66,"Tiny House":10,"Vajra":39,"infinitespire:Cubic Diamond":19,"aspiration:PoetsPen_weak":85,"Whetstone":101,"Centennial Puzzle":102,"Replay:Bronze Core":47,"hubris:DeckOfHolding":21,"Prayer Wheel":56,"HandDrill":101,"Happy Flower":39,"ReplayTheSpireMod:CursedCoin":80,"Blue Candle":42,"aspiration:FrozenJewel":72,"infinitespire:EvilPickle":68,"ReplayTheSpireMod:Shallot":98,"Bronze Scales":66,"MutagenicStrength":91,"aspiration:SilentSkillbook":68,"ReplayTheSpireMod:TigerMarble":66,"hubris:ToyBattleship":82,"Mirror":51,"ReplayTheSpireMod:DimensionalGlitch":94,"infinitespire:PuzzleCube":12,"Abe\u0027s Treasure":33,"hubris:Reverence":98,"Darkstone Periapt":8,"Regal Pillow":3,"aspiration:Lifesprig":39,"Lantern":77,"Magic Flower":73,"Bag of Preparation":5,"Juzu Bracelet":48,"Burning Blood":0,"Replay:Rubber Ducky":82,"ClockworkSouvenir":98,"Replay:Bandana":29,"hubris:Icosahedron":71,"Chameleon Ring":97,"hubris:Backtick":98,"Mummified Hand":26,"infinitespire:Bottled Soul":66,"aspiration:AnachronicSnailShell":96,"Tiny Chest":46,"hubris:FunFungus":57,"WingedGreaves":65,"Cracked Core":0,"Lee\u0027s Waffle":39,"BargainBundle":77,"ReplayTheSpireMod:Ninjato":98,"NeowsBlessing":0,"Guide Book":77,"The Courier":70,"hubris:MedicalManual":98,"infinitespire:Lucky Rock":66,"White Beast Statue":101,"Peace Pipe":93,"Strange Spoon":39,"infinitespire:WardingShard":14,"infinitespire:Satchel":2,"hubris:BundleOfHerbs":71,"Coffee Dripper":24,"hubris:GrandSneckoEye":59,"m_BurningSludge":19,"hubris:NiceRug":101},{"infinitespire:BottledMercury":326,"Tiny House":30,"Vajra":175,"infinitespire:Cubic Diamond":63,"aspiration:PoetsPen_weak":417,"Whetstone":468,"Centennial Puzzle":471,"Replay:Bronze Core":225,"hubris:DeckOfHolding":83,"Prayer Wheel":267,"HandDrill":468,"Happy Flower":175,"ReplayTheSpireMod:CursedCoin":401,"Blue Candle":196,"aspiration:FrozenJewel":357,"infinitespire:EvilPickle":338,"ReplayTheSpireMod:Shallot":457,"Bronze Scales":326,"MutagenicStrength":436,"aspiration:SilentSkillbook":338,"ReplayTheSpireMod:TigerMarble":326,"hubris:ToyBattleship":406,"Mirror":248,"ReplayTheSpireMod:DimensionalGlitch":445,"infinitespire:PuzzleCube":39,"Abe\u0027s Treasure":146,"hubris:Reverence":457,"Darkstone Periapt":22,"Regal Pillow":3,"aspiration:Lifesprig":175,"Lantern":393,"Magic Flower":364,"Bag of Preparation":11,"Juzu Bracelet":230,"Burning Blood":0,"Replay:Rubber Ducky":406,"ClockworkSouvenir":457,"Replay:Bandana":131,"hubris:Icosahedron":353,"Chameleon Ring":452,"hubris:Backtick":457,"Mummified Hand":119,"infinitespire:Bottled Soul":326,"aspiration:AnachronicSnailShell":450,"Tiny Chest":215,"hubris:FunFungus":272,"WingedGreaves":322,"Cracked Core":0,"Lee\u0027s Waffle":175,"BargainBundle":393,"ReplayTheSpireMod:Ninjato":457,"NeowsBlessing":0,"Guide Book":393,"The Courier":347,"hubris:MedicalManual":457,"infinitespire:Lucky Rock":326,"White Beast Statue":468,"Peace Pipe":440,"Strange Spoon":175,"infinitespire:WardingShard":45,"infinitespire:Satchel":2,"hubris:BundleOfHerbs":353,"Coffee Dripper":106,"hubris:GrandSneckoEye":290,"m_BurningSludge":63,"hubris:NiceRug":468}],"Burning Blood":282},"card_choices":[{"not_picked":["Body Slam","Sword Boomerang"],"picked":"Clash","floor":1},{"not_picked":["ReplayTheSpireMod:Strike From Hell","ReplayTheSpireMod:Corrosion Curse"],"picked":"Pummel","floor":2},{"not_picked":["Warcry","Heavy Blade","Body Slam"],"picked":"SKIP","floor":3},{"not_picked":["Perfected Strike","Havoc","Pommel Strike"],"picked":"SKIP","floor":5},{"not_picked":["hubris:SharpeningStone","Pummel"],"picked":"Feed","floor":6},{"not_picked":["Intimidate","Sword Boomerang"],"picked":"Battle Trance","floor":12},{"not_picked":["Clothesline","Flex"],"picked":"Clash","floor":14},{"not_picked":["Bludgeon","hubris:StunningStrike"],"picked":"Corruption","floor":16},{"not_picked":["Clothesline","Rampage"],"picked":"hubris:CleavingFinish","floor":18},{"not_picked":["Life Link","ReplayTheSpireMod:Corrosion Curse+1","Spot Weakness"],"picked":"SKIP","floor":19},{"not_picked":["Flame Barrier","Shrug It Off+1","Twin Strike"],"picked":"SKIP","floor":21},{"not_picked":["Cleave+1","Demonic Infusion","Havoc"],"picked":"SKIP","floor":22},{"not_picked":["Body Slam+1","Havoc"],"picked":"Bloodletting","floor":24},{"not_picked":["Pommel Strike","ReplayTheSpireMod:Corrosion Curse"],"picked":"Headbutt","floor":27},{"not_picked":["hubris:ReadiedAction+1","Cleave","Replay:Undeath\u0027s Touch"],"picked":"SKIP","floor":30},{"not_picked":["Power Through","Warcry"],"picked":"Pommel Strike+1","floor":31},{"not_picked":["Juggernaut","Offering"],"picked":"Hemogenesis","floor":33},{"not_picked":["Shrug It Off","Disarm+1","Havoc+1"],"picked":"SKIP","floor":35},{"not_picked":["True Grit+1","Run Through+1"],"picked":"Clothesline","floor":36},{"not_picked":["Corruption","Cleave"],"picked":"Clothesline","floor":37},{"not_picked":["Intimidate+1","Body Slam","Cleave+1"],"picked":"SKIP","floor":41},{"not_picked":["Iron Wave","Cleave"],"picked":"Carnage","floor":48},{"not_picked":[],"picked":"Carnage","floor":53},{"not_picked":[],"picked":"Metallicize","floor":53},{"not_picked":["Massacre"],"picked":"SKIP","floor":53},{"not_picked":["Dual Wield"],"picked":"SKIP","floor":53},{"not_picked":["Havoc"],"picked":"SKIP","floor":53},{"not_picked":["expansioncontent:DecasProtection"],"picked":"SKIP","floor":53},{"not_picked":["Chrysalis"],"picked":"SKIP","floor":53},{"not_picked":["Flex","Perfected Strike","Havoc"],"picked":"SKIP","floor":54}],"player_experience":543710,"relics_obtained":[{"floor":6,"key":"hubris:ToyBattleship"},{"floor":9,"key":"Replay:Rubber Ducky"},{"floor":24,"key":"infinitespire:WardingShard"},{"floor":27,"key":"Bronze Scales"},{"floor":31,"key":"Peace Pipe"},{"floor":36,"key":"aspiration:AnachronicSnailShell"},{"floor":38,"key":"Chameleon Ring"},{"floor":41,"key":"ReplayTheSpireMod:Ninjato"},{"floor":43,"key":"infinitespire:Bottled Soul"},{"floor":45,"key":"ReplayTheSpireMod:Shallot"},{"floor":53,"key":"Whetstone"},{"floor":53,"key":"White Beast Statue"},{"floor":53,"key":"HandDrill"},{"floor":54,"key":"Centennial Puzzle"}],"event_choices":[{"damage_healed":0,"gold_gain":0,"player_choice":"Donut","damage_taken":0,"max_hp_gain":5,"max_hp_loss":0,"event_name":"Big Fish","floor":8,"gold_loss":0},{"cards_removed":["Defend_R"],"damage_healed":0,"gold_gain":0,"player_choice":"Purged","damage_taken":0,"max_hp_gain":0,"max_hp_loss":0,"event_name":"Purifier","floor":10,"gold_loss":0},{"damage_healed":0,"gold_gain":0,"player_choice":"Inject Mutagens","damage_taken":0,"relics_obtained":["MutagenicStrength"],"max_hp_gain":0,"max_hp_loss":0,"event_name":"Drug Dealer","floor":29,"gold_loss":0},{"damage_healed":0,"gold_gain":0,"player_choice":"Fight","damage_taken":0,"max_hp_gain":0,"max_hp_loss":0,"event_name":"Mysterious Sphere","floor":36,"gold_loss":0}],"is_beta":false,"boss_relics":[{"not_picked":["Runic Dome","Fusion Hammer"],"picked":"aspiration:PoetsPen_weak"},{"not_picked":["hubris:HollowSoul","Ring of Chaos"],"picked":"ReplayTheSpireMod:DimensionalGlitch"}],"items_purged_floors":[0,0,4,20,28,46],"is_endless":false,"potions_floor_spawned":[3,5,6,16,18,30,31,33,41,48,54],"ascension_level":4}}