{"host":"rklpmvb4pm0hdggz","time":1610412978,"event":{"mods":["Ascension Reborn","Aspiration","BaseMod","Better Altar","Better Skull","Better Third Choice","BetterRewards","Colored Map","Conspire","DeckTracker","Energized Spire","Googly Eyes","Gremlin\u0027s Dice","Halation","Hermit","Hubris","Infinite Spire","Melee Mod","Minty Spire (QoL Compilation)","Replay The Spire","Shop Mod","Spikes Relics","StSLib","The Blackbeard","The Exalted","The Hierophant","The Kombatant"],"gold_per_floor":[115,115,162,53,53,53,53,78,78,91,91,123,123,143,154,172,172,275,275,295,295,307,307,267,267,300,300,300,335,335,345,345,362,362,463,463,479,258,270,283,297,327,327,26,100,100,100],"floor_reached":46,"playtime":2922,"items_purged":["hermit:Defend_Hermit","hermit:Strike_Hermit","hermit:Strike_Hermit"],"score":571,"play_id":"91b2f680-ec9a-4948-9579-b1b6288c8f5c","local_time":"20210111165618","is_ascension_mode":true,"campfire_choices":[{"data":"hermit:CursedWeapon","floor":9,"key":"SMITH"},{"floor":13,"key":"REST"},{"data":"hermit:Vantage","floor":17,"key":"SMITH"},{"floor":25,"key":"REST"},{"floor":30,"key":"REST"},{"floor":32,"key":"REST"},{"floor":34,"key":"REST"}],"circlet_count":0,"master_deck":["hermit:Strike_Hermit","hermit:Strike_Hermit+1","hermit:Defend_Hermit+1","hermit:Defend_Hermit","hermit:Snapshot","hermit:Covet","hermit:FlashPowder","hermit:LowProfile+1","Pain","hermit:CursedWeapon+1","hermit:Headshot+1","hermit:PistolWhip+1","hermit:Vantage+1","hermit:TakeAim","hermit:GhostlyPresence","hermit:Adapt","hermit:Quickdraw+1","hermit:Ricochet+1","Regret","hermit:Dive+1","hermit:Reprieve","Mayhem","Dark Shackles","Degenerate","hermit:Feint","hermit:Coalescence","hermit:Deadeye+1","hermit:TrackingShot+1","hermit:FromBeyond"],"relics":["hermit:Momento","NeowsBlessing","Nunchaku","WarpedTongs","Singing Bowl","halation:SelfBoilingWater","Replay:Towering Pillar of Hats","hubris:Stopwatch","betterThird:NestCultRelic","Ring of Hypnosis","Ring of Panic","CrustySpines","Garlic","Replay:Ringing Soul","Lantern","ChewingGum","ReplayTheSpireMod:ShopPack","Dream Catcher","Sling","infinitespire:ShieldingShard"],"acts_visited":["Exordium","TheCity","TheBeyond"],"potions_floor_usage":[18,18,20,33,39,42,42,42,46],"damage_taken":[{"damage":0,"enemies":"Small Slimes","floor":1,"turns":1},{"damage":0,"enemies":"3 Sentries","floor":8,"turns":1},{"damage":2,"enemies":"Jaw Worm","floor":10,"turns":1},{"damage":21,"enemies":"Replay:BlueRogue","floor":12,"turns":7},{"damage":0,"enemies":"Cultist","floor":14,"turns":2},{"damage":4,"enemies":"Exordium Wildlife","floor":15,"turns":3},{"damage":2,"enemies":"3 Louse","floor":16,"turns":2},{"damage":15,"enemies":"Fading Forest","floor":18,"turns":11},{"damage":2,"enemies":"Chosen","floor":20,"turns":5},{"damage":25,"enemies":"Shell Parasite","floor":22,"turns":5},{"damage":40,"enemies":"Gremlin Leader","floor":26,"turns":9},{"damage":29,"enemies":"conspire:SneckoGhost","floor":29,"turns":12},{"damage":13,"enemies":"Shelled Parasite and Fungi","floor":31,"turns":6},{"damage":2,"enemies":"Sentry and Sphere","floor":33,"turns":5},{"damage":49,"enemies":"Automaton","floor":35,"turns":12},{"damage":25,"enemies":"3 Shapes","floor":37,"turns":4},{"damage":18,"enemies":"3 Darklings","floor":39,"turns":5},{"damage":8,"enemies":"Writhing Mass","floor":40,"turns":6},{"damage":10,"enemies":"Sphere and 2 Shapes","floor":41,"turns":5},{"damage":15,"enemies":"R_Hoarder","floor":42,"turns":9},{"damage":66,"enemies":"Reptomancer","floor":46,"turns":2}],"seed_played":"6067554521670725663","potions_obtained":[{"floor":10,"key":"Block Potion"},{"floor":14,"key":"CultistPotion"},{"floor":15,"key":"PowerPotion"},{"floor":16,"key":"EntropicBrew"},{"floor":26,"key":"Ancient Potion"},{"floor":29,"key":"SkillPotion"},{"floor":35,"key":"ColorlessPotion"},{"floor":40,"key":"Reflective Coating"}],"is_trial":false,"path_per_floor":["M","?","T","$","?","PTL","PTL","E","R","M","T","E","R","M","M","M","R","B",null,"M","?","M","?","?","R","E","AVR","T","E","R","M","R","M","R","B",null,"M","$","M","M","M","E","?","$","T","E"],"character_chosen":"HERMIT","items_purchased":["hermit:LowProfile+1","ReplayTheSpireMod:ShopPack","Sling","hermit:FromBeyond"],"campfire_rested":5,"item_purchase_floors":[4,38,44,44],"current_hp_per_floor":[75,60,60,60,60,60,60,60,60,58,58,37,59,59,55,53,53,38,75,73,73,48,48,48,70,32,32,32,6,30,19,43,43,68,22,87,68,71,56,59,52,52,52,55,55,0,0],"gold":100,"neow_bonus":"THREE_ENEMY_KILL","is_daily":false,"chose_seed":false,"campfire_upgraded":2,"win_rate":0.0,"timestamp":1610412978,"path_taken":["M","?","?","$","?","PTL","PTL","E","R","M","T","E","R","M","?","M","R","BOSS","M","?","M","?","?","R","E","AVR","T","E","R","M","R","M","R","BOSS","M","$","?","M","M","E","?","$","T","E"],"items_purchased_type":["Card","Relic","Relic","Card"],"build_version":"2020-12-22","purchased_purges":3,"victory":false,"max_hp_per_floor":[75,75,75,75,75,75,75,75,75,75,75,75,75,75,75,75,75,75,75,75,75,75,75,75,75,77,77,77,80,80,82,82,84,84,87,87,89,92,95,98,101,104,104,107,107,107,107],"card_choices":[{"not_picked":["hermit:LowProfile","hermit:Combo"],"picked":"hermit:FlashPowder","floor":1},{"not_picked":["hermit:LoneWolf","hermit:Coalescence"],"picked":"hermit:CursedWeapon","floor":8},{"not_picked":["hermit:Manifest","hermit:Cheat"],"picked":"hermit:Headshot","floor":10},{"not_picked":["hermit:Desperado","hermit:SprayPray"],"picked":"hermit:PistolWhip","floor":12},{"not_picked":["hermit:LuckOfTheDraw","hermit:Roulette"],"picked":"hermit:Vantage","floor":14},{"not_picked":["hermit:Roulette","hermit:FinalCanter"],"picked":"hermit:TakeAim","floor":15},{"not_picked":["hermit:Glare","hermit:Horror"],"picked":"hermit:GhostlyPresence","floor":16},{"not_picked":["hermit:FromBeyond","hermit:RoundhouseKick"],"picked":"hermit:Adapt","floor":18},{"not_picked":["hermit:Vantage+1","hermit:HighCaliber"],"picked":"hermit:Quickdraw+1","floor":20},{"not_picked":["hermit:ItchyTrigger","hermit:LowProfile+1"],"picked":"hermit:Ricochet+1","floor":22},{"not_picked":["hermit:Roulette","hermit:FromBeyond","hermit:TakeCover"],"picked":"Singing Bowl","floor":26},{"not_picked":["hermit:SprayPray","hermit:Snipe"],"picked":"hermit:Dive+1","floor":29},{"not_picked":["hermit:Misfire+1","hermit:Horror","hermit:Snipe"],"picked":"Singing Bowl","floor":31},{"not_picked":["hermit:CalledShot","hermit:HighNoon","hermit:Glare"],"picked":"Singing Bowl","floor":33},{"not_picked":["hermit:Adapt","hermit:FinalCanter"],"picked":"hermit:Reprieve","floor":35},{"not_picked":["hermit:Scavenge+1","hermit:FlashPowder","hermit:Horror+1"],"picked":"Singing Bowl","floor":37},{"not_picked":["Secret Technique","Master of Strategy"],"picked":"Mayhem","floor":38},{"not_picked":["Panacea","HandOfGreed"],"picked":"Dark Shackles","floor":38},{"not_picked":["Panacea","Trip"],"picked":"Degenerate","floor":38},{"not_picked":["hermit:Midnight+1","hermit:ItchyTrigger"],"picked":"hermit:Feint","floor":39},{"not_picked":["hermit:Glare+1","hermit:Cheat"],"picked":"hermit:Coalescence","floor":40},{"not_picked":["hermit:TrackingShot","hermit:Virtue"],"picked":"hermit:Deadeye+1","floor":41},{"not_picked":["hermit:Brawl","hermit:LowProfile"],"picked":"hermit:TrackingShot+1","floor":42}],"player_experience":537673,"relics_obtained":[{"floor":3,"key":"Nunchaku"},{"floor":8,"key":"Singing Bowl"},{"floor":11,"key":"halation:SelfBoilingWater"},{"floor":12,"key":"Replay:Towering Pillar of Hats"},{"floor":23,"key":"Ring of Hypnosis"},{"floor":23,"key":"Ring of Panic"},{"floor":26,"key":"CrustySpines"},{"floor":28,"key":"Replay:Ringing Soul"},{"floor":29,"key":"Lantern"},{"floor":42,"key":"Dream Catcher"},{"floor":45,"key":"infinitespire:ShieldingShard"}],"event_choices":[{"damage_healed":75,"gold_gain":0,"player_choice":"Upgrade","damage_taken":15,"max_hp_gain":0,"max_hp_loss":75,"event_name":"betterThird:BetterShining","floor":2,"gold_loss":0,"cards_upgraded":["hermit:Defend_Hermit","hermit:Strike_Hermit"]},{"damage_healed":0,"gold_gain":0,"player_choice":"Rummage","damage_taken":0,"relics_obtained":["WarpedTongs"],"max_hp_gain":0,"max_hp_loss":0,"event_name":"Accursed Blacksmith","floor":5,"gold_loss":0,"cards_obtained":["Pain"]},{"damage_healed":0,"gold_gain":0,"player_choice":"Madness","damage_taken":0,"relics_obtained":["betterThird:NestCultRelic"],"max_hp_gain":0,"max_hp_loss":0,"event_name":"betterThird:BetterNest","floor":21,"gold_loss":0},{"damage_healed":0,"gold_gain":0,"player_choice":"Upgraded Two","damage_taken":0,"max_hp_gain":0,"max_hp_loss":0,"event_name":"Designer","floor":24,"gold_loss":40,"cards_upgraded":["hermit:PistolWhip","hermit:Headshot"]},{"cards_removed":["hermit:Defend_Hermit"],"damage_healed":0,"gold_gain":0,"player_choice":"Removed Skill","damage_taken":0,"max_hp_gain":0,"max_hp_loss":0,"event_name":"Falling","floor":43,"gold_loss":0}],"is_beta":false,"boss_relics":[{"not_picked":["hubris:BlackHole","aspiration:RitualDagger"],"picked":"hubris:Stopwatch"},{"not_picked":["energizedSpire:RedRose","Velvet Choker"],"picked":"ChewingGum"}],"items_purged_floors":[4,27,38],"is_endless":false,"potions_floor_spawned":[10,14,15,16,26,29,35,40,42],"killed_by":"Reptomancer","ascension_level":0}}