{"host":"mal0jdk4f6ubgyb8","time":1610475791,"event":{"mods":["Act Like it!","Aspiration","BaseMod","Gensokyo","Hallownest","Koishi","Luminous","Marisa£®ÏF”Í°°ƒß¿Ì…≥£©","Minty Spire (QoL Compilation)","Quick Restart","Reimu£®≤©¿ˆ¡È√Œ£©","Relic Stats","Remilia£®¿Ÿ√◊¿Ú—«£©","StSLib","The Bug Knight","WarShipGirlsR/’ΩΩ¢…Ÿ≈ÆR mod","Yakumo Yukari mod","Youmu£®ªÍ∆«—˝√Œ£©","Yuri Mod","Yuyuko"],"gold_per_floor":[111,126,126,126,6,37,58,58,58,58,72,85,101,134,134,255,255,271,271,271],"floor_reached":19,"playtime":1439,"items_purged":["Injury"],"score":188,"play_id":"0e422979-518e-404f-a0e2-9ea5ab4b2c14","local_time":"20210113022311","is_ascension_mode":true,"campfire_choices":[{"data":"Mini Ghostdom","floor":8.0,"key":"SMITH"},{"data":"Childlike","floor":10.0,"key":"SMITH"},{"data":"Steamed Phantom","floor":15.0,"key":"SMITH"}],"circlet_count":0,"master_deck":["Fantasy Butterflies","Fantasy Butterflies","Fantasy Butterflies","Fantasy Butterflies","Fantasy Butterflies","Dreamy Sakura","Dreamy Sakura","Dreamy Sakura","Dreamy Sakura","Dreamy Sakura","Deathly Ground","Faramita\u0027s Temptation","Childlike+1","Unstable Ward","Become Phantom+1","Become Phantom+1","Mini Ghostdom+1","Trap Lamp","City of Death","Steamed Phantom+1","Sakura Sakura","Bloom+1"],"relics":["Coronal","Yuyuko\u0027s fan","aspiration:Nostalgia","Ring of the Snake","Frozen Egg 2","Golden Idol","Bag of Marbles","Nunchaku","Blue Kimono (Phantom)"],"acts_visited":["Exordium","Exordium"],"potions_floor_usage":[19],"damage_taken":[{"damage":11.0,"enemies":"Small Slimes","floor":1.0,"turns":3.0},{"damage":14.0,"enemies":"Jaw Worm","floor":2.0,"turns":3.0},{"damage":37.0,"enemies":"Lagavulin","floor":6.0,"turns":5.0},{"damage":16.0,"enemies":"Cultist","floor":7.0,"turns":4.0},{"damage":15.0,"enemies":"Looter","floor":11.0,"turns":3.0},{"damage":35.0,"enemies":"Red Slaver","floor":12.0,"turns":5.0},{"damage":19.0,"enemies":"2 Fungi Beasts","floor":13.0,"turns":4.0},{"damage":42.0,"enemies":"Gremlin Nob","floor":14.0,"turns":5.0},{"damage":74.0,"enemies":"The Guardian","floor":16.0,"turns":9.0},{"damage":36.0,"enemies":"Gensokyo:2_Gloops","floor":18.0,"turns":5.0},{"damage":58,"enemies":"Gensokyo:AngelMirror","floor":19,"turns":4}],"seed_played":"6976565733223216772","potions_obtained":[{"floor":1.0,"key":"SneckoOil"},{"floor":2.0,"key":"Turbid Wine"},{"floor":6.0,"key":"Turbid Wine"},{"floor":11.0,"key":"Turbid Wine"},{"floor":11.0,"key":"CultistPotion"},{"floor":12.0,"key":"Turbid Wine"},{"floor":13.0,"key":"Turbid Wine"},{"floor":14.0,"key":"Turbid Wine"},{"floor":16.0,"key":"Turbid Wine"},{"floor":16.0,"key":"Turbid Wine"}],"is_trial":false,"path_per_floor":["M","M","?","?","$","E","M","R","T","R","M","M","M","E","R","B",null,"M","M"],"character_chosen":"YUYOKO","items_purchased":["Become Phantom+1"],"campfire_rested":0,"item_purchase_floors":[5],"current_hp_per_floor":[36,37,37,27,27,16,11,11,11,11,12,1,22,6,6,27,40,19,0,0],"gold":271,"neow_bonus":"NOSTALGIA","is_daily":false,"chose_seed":false,"campfire_upgraded":3,"win_rate":0.0,"timestamp":1610475791,"path_taken":["M","M","?","?","?","E","M","R","T","R","?","M","?","E","R","BOSS","M","M"],"items_purchased_type":["Card"],"build_version":"2020-12-22","purchased_purges":1,"victory":false,"max_hp_per_floor":[40,40,40,40,40,40,40,40,40,40,40,40,40,40,40,40,40,40,40,40],"relic_stats":{"Nunchaku":[1],"counters":[11,50],"Golden Idol":56,"obtain_stats":[{"Nunchaku":14,"Yuyuko\u0027s fan":0,"aspiration:Nostalgia":0,"Golden Idol":4,"Coronal":0,"Bag of Marbles":6,"Blue Kimono":17,"Frozen Egg 2":3,"Blue Kimono (Phantom)":17,"Ring of the Snake":0},{"Nunchaku":8,"Yuyuko\u0027s fan":0,"aspiration:Nostalgia":0,"Golden Idol":2,"Coronal":0,"Bag of Marbles":3,"Blue Kimono":9,"Frozen Egg 2":2,"Blue Kimono (Phantom)":9,"Ring of the Snake":0},{"Nunchaku":32,"Yuyuko\u0027s fan":0,"aspiration:Nostalgia":0,"Golden Idol":6,"Coronal":0,"Bag of Marbles":11,"Blue Kimono":41,"Frozen Egg 2":6,"Blue Kimono (Phantom)":41,"Ring of the Snake":0}],"Ring of the Snake":[22]},"card_choices":[{"not_picked":["Unborn Light","Sakura Ward"],"picked":"Childlike","floor":1.0},{"not_picked":["Butterflies Rainbow","Trap Lamp"],"picked":"Unstable Ward","floor":2.0},{"not_picked":["Monster Cherry Tree+1","Unborn Light"],"picked":"Become Phantom+1","floor":6.0},{"not_picked":["Infinite Sin","Showy Withering+1"],"picked":"Mini Ghostdom","floor":7.0},{"not_picked":["City of Death","Dancing Soul"],"picked":"Trap Lamp","floor":11.0},{"not_picked":["Supernatural Nether","Phantom Village","Stifle"],"picked":"SKIP","floor":12.0},{"not_picked":["Reverse The Screen","Final of Final"],"picked":"City of Death","floor":13.0},{"not_picked":["Reverse The Screen","Elegance"],"picked":"Steamed Phantom","floor":14.0},{"not_picked":["Reunion after Death+1","Ghastly Dream"],"picked":"Sakura Sakura","floor":16.0},{"not_picked":["Infinite Sin","Postpone Bloom+1"],"picked":"Bloom+1","floor":18.0}],"player_experience":297352,"relics_obtained":[{"floor":6.0,"key":"Bag of Marbles"},{"floor":14.0,"key":"Nunchaku"}],"event_choices":[{"damage_healed":0.0,"max_hp_gain":0.0,"max_hp_loss":0.0,"gold_gain":0.0,"event_name":"Golden Idol","player_choice":"Take Damage","floor":4.0,"gold_loss":0.0,"damage_taken":10.0,"relics_obtained":["Golden Idol"]}],"is_beta":false,"boss_relics":[{"not_picked":["Empty Cage","aspiration:IroncladSkillbook"],"picked":"Blue Kimono"}],"items_purged_floors":[5],"is_endless":false,"potions_floor_spawned":[1,2,11,16],"killed_by":"Gensokyo:AngelMirror","ascension_level":1}}