{"host":"7vidw0fny0glz923","time":1610466071,"event":{"mods":["ATMod(°¢èªMod)","Act Like it!","BaseMod","Challenge The Spire","Downfall","Friendly Minions","Gensokyo","HololiveMod","KinomotoSakuraMod(Ä¾Ö®±¾Ó£)","Kiyohime£¨Çå¼§£©","KomeijiMod","Lobotomy","LobotomyExtend","Marisa£¨ìFÓê¡¡Ä§ÀíÉ³£©","Minty Spire (QoL Compilation)","MostiFishMod","Pale of the Ancients","READ ME - Guardian Mod","Reimu£¨²©ÀöÁéÃÎ£©","Remilia£¨ÀÙÃ×ÀòÑÇ£©","Replay The Spire","RumiaBox-Â¶Ã×æ«µÄÉñÃØºÐ×Ó","Shop Mod","StSLib","TestMod","The Cursed","The Hierophant","The Jungle","The Poker Player","The Servant 0.9.4","Yakumo Yukari mod","Youmu£¨»êÆÇÑýÃÎ£©","[µØ¾«Ê×ÁìÅÀËþ]The Maniac","¡¾ÒÅÎï¿¨ÅÆ¡¿REMEMod"],"gold_per_floor":[111,12,12,12,12,12,-73,-61,-61,-61,-51,-51,-37,-37,-37,-37,-37],"floor_reached":16,"playtime":567,"items_purged":[],"score":163,"play_id":"93e46edb-b5fa-4714-8a45-d05fea117a62","local_time":"20210112154111","is_ascension_mode":true,"campfire_choices":[{"data":"AsuraSword","floor":6,"key":"SMITH"},{"data":"expansioncontent:GuardianWhirl","floor":12,"key":"SMITH"},{"floor":15,"key":"REST"}],"circlet_count":0,"master_deck":["Strike_R","Strike_R+1","Strike_R","Strike_R","Defend_R+1","Defend_R+1","Defend_R","Bash","AT_EssenceShift+1","AsuraSword+1","testmod-HandmadeProducts","expansioncontent:GuardianWhirl+1","Cleave","MostiFishMod:RacingGame","Wild Strike","AT_IchimonjiDouble"],"relics":["Burning Blood","testmod-TestBox","DaveBox","REME_ComplimentaryCards","AT_ATBox","DSteel32","SynthV:TestCard","AddBug","SecretRecord","Baka2","SecretRecord"],"acts_visited":["Exordium"],"potions_floor_usage":[8,14],"damage_taken":[{"damage":13,"enemies":"Gensokyo:Gryphon","floor":1,"turns":4},{"damage":45,"enemies":"Gensokyo:Mamizou","floor":7,"turns":13},{"damage":11,"enemies":"Gensokyo:Python","floor":8,"turns":4},{"damage":12,"enemies":"Gensokyo:2_Kodama","floor":11,"turns":2},{"damage":15,"enemies":"Gensokyo:Kitsune","floor":13,"turns":1},{"damage":4,"enemies":"Gensokyo:5_Fairies","floor":14,"turns":2},{"damage":7,"enemies":"Gensokyo:Yukari","floor":16,"turns":3}],"seed_played":"-1491436005697051304","potions_obtained":[{"floor":8,"key":"REME_GoldPotion"},{"floor":11,"key":"SmokeBomb"},{"floor":13,"key":"hexamod:EctoCoolerPotion"}],"is_trial":false,"path_per_floor":["M","COS","?","?","$","R","E","M","T","?","M","R","M","M","R","B"],"character_chosen":"IRONCLAD","items_purchased":[],"campfire_rested":1,"item_purchase_floors":[],"current_hp_per_floor":[61,61,68,82,82,82,43,46,46,46,40,40,43,39,63,56,56],"gold":-37,"neow_bonus":"RANDOM_COLORLESS","is_daily":false,"chose_seed":false,"campfire_upgraded":2,"win_rate":0.0,"timestamp":1610466071,"path_taken":["M","COS","?","?","$","R","E","M","T","?","M","R","M","?","R","BOSS"],"items_purchased_type":[],"build_version":"2020-12-22","purchased_purges":0,"victory":false,"max_hp_per_floor":[75,75,82,82,82,82,82,82,82,82,82,82,82,82,82,82,82],"card_choices":[{"not_picked":["Trip","expansioncontent:ManipulateTime"],"picked":"expansioncontent:GuardianWhirl","floor":0},{"not_picked":["Warcry","Twin Strike"],"picked":"Cleave","floor":1},{"not_picked":["AT_IchimonjiDouble","Ghostly Armor","Power Through","Cleave"],"picked":"MostiFishMod:RacingGame","floor":7},{"not_picked":["AT_BodySlamDance","Iron Wave","Replay:Undeath\u0027s Touch","Shockwave","ReplayTheSpireMod:Strike From Hell"],"picked":"SKIP","floor":8},{"not_picked":["Sword Boomerang","Bludgeon","Blood for Blood","Iron Wave"],"picked":"Wild Strike","floor":11},{"not_picked":["REME_Cut","Perfected Strike","Brutality","Burning Pact"],"picked":"AT_IchimonjiDouble","floor":13}],"player_experience":918308,"relics_obtained":[{"floor":1,"key":"SynthV:TestCard"},{"floor":1,"key":"Baka"},{"floor":1,"key":"AddBug"},{"floor":1,"key":"LetterFromLob"},{"floor":7,"key":"Baka2"},{"floor":7,"key":"AT_BellDemon"},{"floor":7,"key":"LetterFromLob"},{"floor":8,"key":"LetterFromLob"},{"floor":11,"key":"LetterFromLob"},{"floor":13,"key":"SecretRecord"},{"floor":13,"key":"LetterFromLob"}],"event_choices":[],"is_beta":false,"boss_relics":[],"items_purged_floors":[],"is_endless":false,"potions_floor_spawned":[8,11,13],"killed_by":"Gensokyo:Yukari","ascension_level":14}}