{"host":"0v07cr0k93jhgkpm","time":1610445903,"event":{"mods":["BaseMod","Colored Map","DeckTracker","Minty Spire (QoL Compilation)","Quick Restart","SuperFastMode"],"gold_per_floor":[214,228,228,238,238,254,254,279,303,323,323,3,16,36,36,107,107,120,120,120,195,54,54,71,71,96,96,115,57,57,71,71,71,71],"floor_reached":33,"playtime":955,"items_purged":["Strike_B","Strike_B"],"score":494,"play_id":"094af8f5-4bfa-488c-a82b-3d17c08c30ae","local_time":"20210112190503","is_ascension_mode":true,"campfire_choices":[{"data":"Zap","floor":7.0,"key":"SMITH"},{"data":"Consume","floor":11.0,"key":"SMITH"},{"data":"Capacitor","floor":15.0,"key":"SMITH"},{"floor":23.0,"key":"REST"},{"data":"Aggregate","floor":25,"key":"SMITH"},{"floor":27,"key":"REST"},{"floor":32,"key":"REST"}],"circlet_count":0,"master_deck":["AscendersBane","Strike_B","Strike_B","Defend_B","Defend_B","Defend_B","Zap+1","Dualcast","Capacitor+1","BootSequence","Coolheaded+1","Self Repair","Melter","Consume+1","Defragment","Turbo","Ball Lightning","Echo Form+1","Aggregate+1","Static Discharge","Sweeping Beam","Go for the Eyes+1"],"relics":["Cracked Core","Juzu Bracelet","Art of War","Busted Crown","Bottled Tornado","MealTicket"],"acts_visited":["TheCity"],"potions_floor_usage":[],"damage_taken":[{"damage":1.0,"enemies":"Cultist","floor":1.0,"turns":3.0},{"damage":5.0,"enemies":"Small Slimes","floor":2.0,"turns":3.0},{"damage":9.0,"enemies":"Jaw Worm","floor":4.0,"turns":4.0},{"damage":8.0,"enemies":"Exordium Thugs","floor":6.0,"turns":5.0},{"damage":1.0,"enemies":"Lagavulin","floor":8.0,"turns":8.0},{"damage":33.0,"enemies":"Gremlin Gang","floor":10.0,"turns":5.0},{"damage":2.0,"enemies":"Blue Slaver","floor":13.0,"turns":4.0},{"damage":11.0,"enemies":"Large Slime","floor":14.0,"turns":6.0},{"damage":16.0,"enemies":"Hexaghost","floor":16.0,"turns":8.0},{"damage":38.0,"enemies":"3 Byrds","floor":18.0,"turns":4.0},{"damage":35,"enemies":"2 Thieves","floor":24,"turns":4},{"damage":42,"enemies":"Shelled Parasite and Fungi","floor":28,"turns":4},{"damage":13,"enemies":"3 Cultists","floor":31,"turns":3},{"damage":37,"enemies":"Collector","floor":33,"turns":3}],"seed_played":"-4049866236363079544","potions_obtained":[{"floor":4.0,"key":"Block Potion"},{"floor":6.0,"key":"Block Potion"},{"floor":10.0,"key":"Regen Potion"},{"floor":13.0,"key":"Explosive Potion"},{"floor":16.0,"key":"Swift Potion"},{"floor":31,"key":"GamblersBrew"}],"is_trial":false,"path_per_floor":["M","M","?","M","?","M","R","E","T","M","R","$","M","M","R","B",null,"M","?","?","T","$","R","M","R","T","R","M","$","?","M","R","B"],"character_chosen":"DEFECT","items_purchased":["Art of War","Defragment","Aggregate","Sweeping Beam"],"campfire_rested":3,"item_purchase_floors":[12,12,22,29],"current_hp_per_floor":[63,58,63,54,47,39,39,45,45,19,19,19,29,25,25,16,61,30,30,30,30,30,52,24,24,24,46,11,26,26,13,35,0,0],"gold":71,"neow_bonus":"HUNDRED_GOLD","is_daily":false,"chose_seed":false,"campfire_upgraded":4,"win_rate":0.0,"timestamp":1610445903,"path_taken":["M","?","?","M","?","M","R","E","T","M","R","?","M","M","R","BOSS","M","?","?","?","$","R","M","R","T","R","M","?","?","M","R","BOSS"],"items_purchased_type":["Relic","Card","Card","Card"],"build_version":"2020-12-22","purchased_purges":2,"victory":false,"max_hp_per_floor":[71,71,76,76,76,76,76,76,76,76,76,76,76,76,76,76,76,76,76,76,76,76,76,76,76,76,76,76,76,76,76,76,76,76],"card_choices":[{"not_picked":["Beam Cell","Storm"],"picked":"Capacitor","floor":1.0},{"not_picked":["Steam","Genetic Algorithm"],"picked":"BootSequence","floor":2.0},{"not_picked":["Rebound","Hello World"],"picked":"Coolheaded","floor":4.0},{"not_picked":["Sweeping Beam","Rebound"],"picked":"Self Repair","floor":6.0},{"not_picked":["Meteor Strike","Doom and Gloom"],"picked":"Melter","floor":8.0},{"not_picked":["Coolheaded","Leap"],"picked":"Consume","floor":10.0},{"not_picked":["Redo","White Noise"],"picked":"Turbo","floor":13.0},{"not_picked":["Barrage","Melter"],"picked":"Ball Lightning","floor":14.0},{"not_picked":["Machine Learning","Reboot"],"picked":"Echo Form","floor":16.0},{"not_picked":["Force Field"],"picked":"SKIP","floor":18.0},{"not_picked":[],"picked":"Static Discharge","floor":24},{"not_picked":["Turbo"],"picked":"SKIP","floor":28},{"not_picked":[],"picked":"Go for the Eyes+1","floor":31}],"player_experience":2492553,"relics_obtained":[{"floor":8.0,"key":"Juzu Bracelet"},{"floor":21.0,"key":"Bottled Tornado"},{"floor":26,"key":"MealTicket"}],"event_choices":[{"damage_healed":0.0,"max_hp_gain":5.0,"max_hp_loss":0.0,"gold_gain":0.0,"event_name":"Big Fish","player_choice":"Donut","floor":3.0,"gold_loss":0.0,"damage_taken":0.0},{"cards_removed":["Defend_B"],"damage_healed":0.0,"max_hp_gain":0.0,"max_hp_loss":0.0,"gold_gain":0.0,"event_name":"Golden Wing","player_choice":"Card Removal","floor":5.0,"gold_loss":0.0,"damage_taken":7.0},{"damage_healed":0.0,"max_hp_gain":0.0,"max_hp_loss":0.0,"gold_gain":0.0,"event_name":"Upgrade Shrine","player_choice":"Upgraded","floor":19.0,"gold_loss":0.0,"damage_taken":0.0,"cards_upgraded":["Echo Form"]},{"damage_healed":0.0,"max_hp_gain":0.0,"max_hp_loss":0.0,"gold_gain":0.0,"event_name":"Accursed Blacksmith","player_choice":"Forge","floor":20.0,"gold_loss":0.0,"damage_taken":0.0,"cards_upgraded":["Coolheaded"]},{"damage_healed":0,"gold_gain":0,"player_choice":"Ignored","damage_taken":0,"max_hp_gain":0,"max_hp_loss":0,"event_name":"Vampires","floor":30,"gold_loss":0}],"is_beta":false,"boss_relics":[{"not_picked":["Coffee Dripper","Astrolabe"],"picked":"Busted Crown"}],"items_purged_floors":[12,22],"is_endless":false,"potions_floor_spawned":[4,6,10,13,16,31],"killed_by":"Collector","ascension_level":20}}