{"host":"6p0attdrtjqaih7v","time":1610478211,"event":{"mods":["2.2 Compatiblity","AchievementEnabler","Bard","BaseMod","Better Skull","Better Third Choice","Colored Powertips","Hermit","Highlight Path","Jorbs\u0027s Wanderer Trilogy","Key Reminder","Minty Spire (QoL Compilation)","Permanent Neow","Quick Restart","Random Character Button","Relic Stats","Replay The Spire","Robot Space Explorer","StSLib"],"gold_per_floor":[118,118,136,148,233,233,260,260,260,260,4,33,33,52,52,130,130,148,164,36,56,66,97,97,97,97,123,133,133,145,156,156,233,233,251,79,79,92,102,102,122,122,170,170,181,181,193,220,220,220,220],"floor_reached":52,"playtime":2964,"items_purged":["hermit:Strike_Hermit"],"score":1833,"play_id":"b654fb2d-d8c8-49b8-948f-03a2237d7b61","local_time":"20210112140331","is_ascension_mode":true,"campfire_choices":[{"data":"hermit:Snapshot","floor":6.0,"key":"SMITH"},{"floor":8.0,"key":"REST"},{"data":"hermit:FlashPowder","floor":13.0,"key":"SMITH"},{"data":"hermit:NoHoldsBarred","floor":15.0,"key":"SMITH"},{"data":"hermit:Quickdraw","floor":25,"key":"SMITH"},{"floor":32,"key":"REST"},{"data":"hermit:Magnum","floor":40,"key":"SMITH"},{"floor":42,"key":"REST"},{"data":"ReplayTheSpireMod:Faulty Equipment","floor":44,"key":"SMITH"},{"floor":49,"key":"REST"}],"circlet_count":0,"master_deck":["AscendersBane","hermit:Defend_Hermit+1","hermit:Defend_Hermit","hermit:Snapshot+1","hermit:CursedWeapon","hermit:Vantage","hermit:Gambit","hermit:Roulette","hermit:NoHoldsBarred+1","hermit:FlashPowder+1","hermit:NoHoldsBarred","hermit:Quickdraw+1","hermit:EternalForm+1","hermit:Roulette","hermit:Deadeye","hermit:Brawl+1","hermit:GhostlyPresence","hermit:Determination+1","ReplayTheSpireMod:Faulty Equipment","hermit:FlashPowder","hermit:Magnum+1","hermit:Glare+1","hermit:Roulette+1"],"relics":["Runic Pyramid","InkBottle","Bag of Preparation","Chemical X","Frozen Egg 2","Ring of Chaos","Shuriken","Pen Nib","ReplayTheSpireMod:Shallot","Kintsugi","Centennial Puzzle","Potion Belt","Orichalcum"],"acts_visited":["Exordium","TheCity","TheBeyond"],"potions_floor_usage":[50,50,50,50],"damage_taken":[{"damage":0.0,"enemies":"2 Louse","floor":1.0,"turns":4.0},{"damage":9.0,"enemies":"Small Slimes","floor":3.0,"turns":3.0},{"damage":2.0,"enemies":"Jaw Worm","floor":4.0,"turns":3.0},{"damage":9.0,"enemies":"Gremlin Nob","floor":7.0,"turns":3.0},{"damage":5.0,"enemies":"3 Sentries","floor":12.0,"turns":3.0},{"damage":2.0,"enemies":"2 Fungi Beasts","floor":14.0,"turns":2.0},{"damage":6.0,"enemies":"Hexaghost","floor":16.0,"turns":9.0},{"damage":2.0,"enemies":"Chosen","floor":18.0,"turns":2.0},{"damage":10.0,"enemies":"Shell Parasite","floor":19.0,"turns":2.0},{"damage":0,"enemies":"Snake Plant","floor":21,"turns":3},{"damage":2,"enemies":"Sentry and Sphere","floor":22,"turns":2},{"damage":6,"enemies":"Replay:Snechameleon","floor":23,"turns":3},{"damage":2,"enemies":"Book of Stabbing","floor":27,"turns":3},{"damage":4,"enemies":"Snecko","floor":28,"turns":4},{"damage":2,"enemies":"3 Cultists","floor":30,"turns":3},{"damage":2,"enemies":"Centurion and Healer","floor":31,"turns":3},{"damage":10,"enemies":"Collector","floor":33,"turns":6},{"damage":2,"enemies":"3 Darklings","floor":35,"turns":3},{"damage":2,"enemies":"Orb Walker","floor":38,"turns":2},{"damage":11,"enemies":"Sphere and 2 Shapes","floor":39,"turns":4},{"damage":37,"enemies":"Spire Growth","floor":41,"turns":4},{"damage":8,"enemies":"Maw","floor":45,"turns":4},{"damage":2,"enemies":"4 Shapes","floor":47,"turns":3},{"damage":17,"enemies":"Awakened One","floor":50,"turns":10},{"damage":12,"enemies":"Time Eater","floor":51,"turns":4}],"seed_played":"4258865080573675195","potions_obtained":[{"floor":1.0,"key":"Venom Potion"},{"floor":12.0,"key":"Languid Potion"},{"floor":19.0,"key":"Block Potion"},{"floor":39,"key":"Swift Potion"},{"floor":45,"key":"EssenceOfSteel"},{"floor":47,"key":"Toxic Potion"}],"is_trial":false,"path_per_floor":["M","?","M","M","?","R","E","R","T","?","$","E","R","M","R","B",null,"M","M","$","M","M","E","$","R","T","E","M","?","M","M","R","B",null,"M","$","?","M","M","R","M","R","T","R","M","?","M","T","R","B","B",null],"character_chosen":"HERMIT","items_purchased":["hermit:FlashPowder","Chemical X","hermit:Tonic","Centennial Puzzle"],"campfire_rested":4,"item_purchase_floors":[11,11,20,36],"current_hp_per_floor":[64,43,34,32,32,32,23,44,44,37,37,32,32,30,30,24,59,57,47,47,47,45,39,39,39,39,37,33,33,31,29,50,40,63,61,61,61,59,48,48,11,32,32,32,24,24,22,22,42,25,13],"gold":220,"neow_bonus":"BOSS_RELIC","is_daily":false,"chose_seed":false,"campfire_upgraded":6,"win_rate":0.0,"timestamp":1610478211,"path_taken":["M","?","M","M","?","R","E","R","T","?","$","E","R","M","R","BOSS","M","M","$","M","M","E","$","R","T","E","M","?","M","?","R","BOSS","M","?","?","?","M","R","M","R","T","R","M","?","M","?","R","BOSS","BOSS"],"items_purchased_type":["Card","Relic","Potion","Relic"],"build_version":"2020-12-22","purchased_purges":1,"victory":true,"max_hp_per_floor":[71,71,71,71,71,71,71,71,71,71,71,71,71,71,71,71,71,71,71,71,71,71,71,71,71,71,71,71,71,71,71,71,71,71,71,71,71,71,71,71,71,71,71,71,71,67,67,67,67,67,67],"relic_stats":{"Centennial Puzzle":[21],"counters":[25,92],"Shuriken":[20],"Pen Nib":[11],"Bag of Preparation":[42],"Chemical X":[1],"Orichalcum":[12],"obtain_stats":[{"Potion Belt":43,"Ring of Chaos":17,"Pen Nib":26,"Bag of Preparation":9,"Frozen Egg 2":12,"Orichalcum":48,"Centennial Puzzle":36,"ReplayTheSpireMod:Shallot":27,"Shuriken":23,"Chemical X":11,"Kintsugi":34,"hermit:Momento":0,"InkBottle":7,"Runic Pyramid":0},{"Potion Belt":21,"Ring of Chaos":7,"Pen Nib":12,"Bag of Preparation":4,"Frozen Egg 2":5,"Orichalcum":23,"Centennial Puzzle":18,"ReplayTheSpireMod:Shallot":13,"Shuriken":12,"Chemical X":4,"Kintsugi":17,"hermit:Momento":0,"InkBottle":4,"Runic Pyramid":0},{"Potion Belt":71,"Ring of Chaos":27,"Pen Nib":39,"Bag of Preparation":13,"Frozen Egg 2":16,"Orichalcum":78,"Centennial Puzzle":61,"ReplayTheSpireMod:Shallot":42,"Shuriken":39,"Chemical X":13,"Kintsugi":58,"hermit:Momento":0,"InkBottle":13,"Runic Pyramid":0}],"InkBottle":[31]},"card_choices":[{"not_picked":["hermit:Vantage","hermit:Maintenance"],"picked":"hermit:CursedWeapon","floor":1.0},{"not_picked":["hermit:WideOpen","hermit:TrackingShot","hermit:CursedWeapon"],"picked":"SKIP","floor":3.0},{"not_picked":["hermit:Virtue","hermit:Headshot"],"picked":"hermit:Vantage","floor":4.0},{"not_picked":["hermit:Snipe","hermit:Cheat"],"picked":"hermit:Gambit","floor":5.0},{"not_picked":["hermit:Dive","hermit:Headshot"],"picked":"hermit:Roulette","floor":5.0},{"not_picked":["hermit:GoldenBullet","hermit:Gambit"],"picked":"hermit:NoHoldsBarred","floor":7.0},{"not_picked":["hermit:WideOpen","hermit:Combo+1"],"picked":"hermit:NoHoldsBarred","floor":12.0},{"not_picked":["hermit:HoleUp","hermit:ShadowCloak+1"],"picked":"hermit:Quickdraw","floor":14.0},{"not_picked":["hermit:RoundhouseKick","hermit:HighNoon+1"],"picked":"hermit:EternalForm+1","floor":16.0},{"not_picked":["hermit:Malice","hermit:Feint"],"picked":"hermit:Roulette","floor":18.0},{"not_picked":["hermit:ItchyTrigger","hermit:Combo+1","hermit:Showdown+1"],"picked":"SKIP","floor":19.0},{"not_picked":["hermit:Desperado","hermit:Headshot"],"picked":"hermit:Deadeye","floor":21},{"not_picked":["hermit:Scavenge","hermit:Snipe","hermit:Malice"],"picked":"SKIP","floor":22},{"not_picked":["hermit:Roulette","hermit:Dive"],"picked":"hermit:Brawl+1","floor":23},{"not_picked":["hermit:Feint","hermit:Purgatory","hermit:Shortfuse"],"picked":"SKIP","floor":27},{"not_picked":["hermit:Gestalt+1","hermit:HoleUp","hermit:Feint"],"picked":"SKIP","floor":28},{"not_picked":["hermit:Gestalt+1","hermit:HoleUp","hermit:Feint"],"picked":"SKIP","floor":28},{"not_picked":["hermit:Roulette","hermit:HighCaliber"],"picked":"hermit:GhostlyPresence","floor":30},{"not_picked":["hermit:Snipe","hermit:WideOpen"],"picked":"hermit:Determination+1","floor":31},{"not_picked":["hermit:DeadMansHand","hermit:Desperado","hermit:GoldenBullet"],"picked":"SKIP","floor":35},{"not_picked":["hermit:Coalescence","hermit:Feint"],"picked":"hermit:FlashPowder","floor":38},{"not_picked":["hermit:BodyArmor","hermit:Quickdraw"],"picked":"hermit:Magnum","floor":39},{"not_picked":["hermit:Misfire","hermit:HoleUp","hermit:Feint"],"picked":"SKIP","floor":41},{"not_picked":["hermit:Virtue","hermit:LowProfile"],"picked":"hermit:Glare+1","floor":45},{"not_picked":["hermit:Feint","hermit:Cheat"],"picked":"hermit:Roulette+1","floor":47}],"player_experience":811161,"relics_obtained":[{"floor":7.0,"key":"InkBottle"},{"floor":9.0,"key":"Bag of Preparation"},{"floor":12.0,"key":"Frozen Egg 2"},{"floor":23,"key":"Shuriken"},{"floor":26,"key":"Pen Nib"},{"floor":27,"key":"ReplayTheSpireMod:Shallot"},{"floor":43,"key":"Potion Belt"},{"floor":48,"key":"Orichalcum"}],"event_choices":[{"damage_healed":0.0,"max_hp_gain":0.0,"max_hp_loss":0.0,"gold_gain":0.0,"event_name":"Shining Light","player_choice":"Entered Light","floor":2.0,"gold_loss":0.0,"damage_taken":21.0,"cards_upgraded":["hermit:Covet","hermit:Defend_Hermit"]},{"cards_removed":["hermit:Defend_Hermit"],"damage_healed":0.0,"max_hp_gain":0.0,"max_hp_loss":0.0,"gold_gain":0.0,"event_name":"Golden Wing","player_choice":"Card Removal","floor":10.0,"gold_loss":0.0,"damage_taken":7.0},{"damage_healed":0,"gold_gain":0,"player_choice":"Ignored","damage_taken":0,"max_hp_gain":0,"max_hp_loss":0,"event_name":"The Mausoleum","floor":29,"gold_loss":0},{"damage_healed":0,"gold_gain":0,"player_choice":"Got Potions","damage_taken":0,"max_hp_gain":0,"max_hp_loss":0,"event_name":"Lab","floor":37,"gold_loss":0},{"damage_healed":0,"gold_gain":0,"player_choice":"Max HP","damage_taken":0,"max_hp_gain":0,"max_hp_loss":4,"event_name":"Winding Halls","floor":46,"gold_loss":0}],"is_beta":false,"boss_relics":[{"not_picked":["Sozu","ChewingGum"],"picked":"Ring of Chaos"},{"not_picked":["Calling Bell","Replay:Bronze Core"],"picked":"Kintsugi"}],"items_purged_floors":[20],"is_endless":false,"potions_floor_spawned":[1,12,19,22,27,28,30,31,39,45,47],"ascension_level":20}}