{"host":"56ghxnzsglgdq727","time":1610470379,"event":{"mods":["AchievementEnabler","BaseMod","Downfall","Duelist Mod","Minty Spire (QoL Compilation)","Rare Cards Sparkle","StSLib","The Bug Knight","The Exalted","The Senshi","The Wild Card"],"gold_per_floor":[144,219,232,248,248,276,276,276,276,293,313,346,45,62,62,167,167,185,204,216,216,216,216,243,143,143,172,172,172],"floor_reached":28,"playtime":1980,"items_purged":["theDuelist:CastleWalls","theDuelist:DoomShaman"],"score":350,"play_id":"bbc39872-2ed7-4283-929e-192b1de5eda8","local_time":"20210112115259","is_ascension_mode":true,"campfire_choices":[{"data":"theDuelist:DarkSparks","floor":7.0,"key":"SMITH"},{"floor":15.0,"key":"REST"},{"floor":23,"key":"REST"}],"circlet_count":0,"master_deck":["theDuelist:MysticalElf+1","theDuelist:ExodiaRA+1","theDuelist:DarkMagician+1","theDuelist:DarkSparks+1","theDuelist:Sparks+1","theDuelist:NeoMagic+1","theDuelist:ExodiaLL+1","theWildCard:Scathach+1","theDuelist:GoblinSecret+1","theDuelist:MysticalElf+1","theDuelist:Raigeki+1","theDuelist:ExodiaHead+1","theDuelist:NeoMagic","theDuelist:ExodiaNecross","theDuelist:SangaEarth"],"relics":["theDuelist:MillenniumPuzzle","theDuelist:CardPoolRelic","theDuelist:CardPoolBasicRelic","theDuelist:BoosterPackPoolRelic","theDuelist:CardPoolAddRelic","theDuelist:CardPoolMinusRelic","theDuelist:CardPoolSaveRelic","theDuelist:CardPoolOptionsRelic","Du-Vu Doll","Pantograph","Pen Nib","Bromod:ArcaneConsequence","Medical Kit","Turnip","theDuelist:MillenniumKey","Incense Burner","Bromod:ArcaneAwakening","theSenshi:FeatherClipsRelic"],"acts_visited":["Exordium","TheCity"],"potions_floor_usage":[24,27],"damage_taken":[{"damage":0.0,"enemies":"2 Louse","floor":1.0,"turns":4.0},{"damage":0.0,"enemies":"Cultist","floor":3.0,"turns":4.0},{"damage":0.0,"enemies":"Jaw Worm","floor":4.0,"turns":3.0},{"damage":24.0,"enemies":"3 Sentries","floor":6.0,"turns":12.0},{"damage":5.0,"enemies":"Lots of Slimes","floor":10.0,"turns":5.0},{"damage":18.0,"enemies":"Gremlin Gang","floor":11.0,"turns":5.0},{"damage":0.0,"enemies":"Lagavulin","floor":12.0,"turns":7.0},{"damage":0.0,"enemies":"Exordium Wildlife","floor":14.0,"turns":1.0},{"damage":26.0,"enemies":"Slime Boss","floor":16.0,"turns":20.0},{"damage":30.0,"enemies":"3 Byrds","floor":18.0,"turns":8.0},{"damage":0.0,"enemies":"Spheric Guardian","floor":19.0,"turns":4.0},{"damage":6,"enemies":"Shelled Parasite and Fungi","floor":20,"turns":5},{"damage":0,"enemies":"Book of Stabbing","floor":24,"turns":6},{"damage":1,"enemies":"theDuelist:KaibaA2","floor":27,"turns":3},{"damage":62,"enemies":"theDuelist:KaibaA2","floor":28,"turns":11}],"seed_played":"4226927227354483342","potions_obtained":[{"floor":6.0,"key":"theDuelist:WaterBottle"},{"floor":10.0,"key":"theDuelist:DestructPotionPotB"},{"floor":12.0,"key":"BlessingOfTheForge"},{"floor":18.0,"key":"BlessingOfTheForge"},{"floor":24,"key":"AttackPotion"}],"is_trial":false,"path_per_floor":["M","?","M","M","?","E","R","?","T","M","M","E","$","M","R","B",null,"M","M","M","?","?","R","E","$","T","E","?"],"character_chosen":"THE_DUELIST","items_purchased":["theDuelist:GoblinSecret","Medical Kit"],"campfire_rested":2,"item_purchase_floors":[13,13],"current_hp_per_floor":[72,65,65,65,65,41,41,41,41,36,18,18,18,18,39,38,72,42,42,36,36,36,57,57,57,57,56,0,0],"gold":172,"neow_bonus":"ONE_RARE_RELIC","is_daily":false,"chose_seed":false,"campfire_upgraded":1,"win_rate":0.0,"timestamp":1610470379,"path_taken":["M","?","?","M","?","E","R","?","T","M","M","E","?","?","R","BOSS","M","M","?","?","?","R","E","$","T","E","?"],"items_purchased_type":["Card","Relic"],"build_version":"2020-12-22","purchased_purges":2,"victory":false,"max_hp_per_floor":[72,72,72,72,72,72,72,72,72,72,72,72,72,72,72,72,72,72,72,72,72,72,72,72,72,72,72,72,72],"card_choices":[{"not_picked":["theDuelist:ExodiaNecross","theDuelist:ContractExodia","theDuelist:ExodiaRL","theDuelist:ExodiaHead"],"picked":"theDuelist:ExodiaRA","floor":1.0},{"not_picked":["theDuelist:SkilledDarkMagician","theDuelist:GuardianAngel","theDuelist:BlueDragonSummoner","theDuelist:Relinquished","theDuelist:LordD"],"picked":"SKIP","floor":3.0},{"not_picked":["theDuelist:NeoMagic","theDuelist:DarkMagician","theDuelist:Mudballman","theDuelist:FogKing"],"picked":"theDuelist:ExodiaLL","floor":4.0},{"not_picked":["theDuelist:NeoMagic","theDuelist:CallAtlanteans","theDuelist:BlueDragonSummoner","theDuelist:SangaThunder","theDuelist:ApprenticeIllusionMagician"],"picked":"SKIP","floor":6.0},{"not_picked":["theDuelist:SkilledDarkMagician","theDuelist:RainbowMagician","theDuelist:BlizzardPrincess"],"picked":"SKIP","floor":10.0},{"not_picked":["theDuelist:WhiteHowling","theDuelist:MagiciansRod","theDuelist:StatueAnguishPattern","theDuelist:WonderWand","theDuelist:SwordsBurning"],"picked":"SKIP","floor":11.0},{"not_picked":["theDuelist:SpellShatteringArrow","theDuelist:GiantTrunade","theDuelist:GoblinSecret","theDuelist:WonderWand","theDuelist:SilentDoom"],"picked":"SKIP","floor":12.0},{"not_picked":["theDuelist:RainbowMagician","theDuelist:ThousandEyesRestrict","theDuelist:SwordsBurning","theDuelist:GateGuardian"],"picked":"theDuelist:ExodiaHead","floor":14.0},{"not_picked":["theDuelist:Wildfire","theDuelist:RainbowDarkDragon","theDuelist:IrisEarthMother","theDuelist:SangaWater"],"picked":"theDuelist:ExodiaNecross","floor":16.0},{"not_picked":["theDuelist:SpellShatteringArrow","theDuelist:ContractExodia","theDuelist:MagiciansRod","theDuelist:Yami","theDuelist:WonderWand"],"picked":"SKIP","floor":18.0},{"not_picked":["theDuelist:BlizzardWarrior","theDuelist:ExodiaLL","theDuelist:BlueDragonSummoner","theDuelist:OnslaughtFireKings","theDuelist:FrontierWiseman"],"picked":"SKIP","floor":19.0},{"not_picked":["theDuelist:GaiaMidNightSun","theDuelist:Mudora+1","theDuelist:SolemnStrike+1","theDuelist:WormKing+1"],"picked":"theDuelist:Raigeki","floor":20},{"not_picked":["theDuelist:DarkMagician","theDuelist:DoomShaman","theDuelist:LordD","theDuelist:DiffusionWaveMotion","theDuelist:BadReaction"],"picked":"SKIP","floor":24},{"not_picked":["theDuelist:LightningRodLord","theDuelist:BlueBloodedOni","theDuelist:WingedKuriboh+1","theDuelist:PotAvarice","theDuelist:Electrowhip"],"picked":"SKIP","floor":27}],"player_experience":234275,"relics_obtained":[{"floor":6.0,"key":"Pantograph"},{"floor":9.0,"key":"Pen Nib"},{"floor":12.0,"key":"Bromod:ArcaneConsequence"},{"floor":24,"key":"Incense Burner"},{"floor":26,"key":"Bromod:ArcaneAwakening"},{"floor":27,"key":"theSenshi:FeatherClipsRelic"}],"event_choices":[{"damage_healed":0.0,"max_hp_gain":0.0,"max_hp_loss":0.0,"gold_gain":75.0,"event_name":"FaceTrader","player_choice":"Touch","floor":2.0,"gold_loss":0.0,"damage_taken":7.0},{"damage_healed":0.0,"max_hp_gain":0.0,"max_hp_loss":0.0,"gold_gain":0.0,"event_name":"Egyptian Village","player_choice":"Leave","duelist":true,"floor":5.0,"gold_loss":0.0,"damage_taken":0.0},{"damage_healed":0,"gold_gain":0,"player_choice":"Leave","duelist":true,"damage_taken":0,"max_hp_gain":0,"max_hp_loss":0,"event_name":"Tomb of the Nameless","floor":21,"gold_loss":0},{"damage_healed":0,"gold_gain":0,"cards_transformed":["theDuelist:CastleWalls","theDuelist:Sparks"],"player_choice":"Became Test Subject","damage_taken":0,"max_hp_gain":0,"max_hp_loss":0,"event_name":"Drug Dealer","floor":22,"gold_loss":0,"cards_obtained":["theDuelist:SangaEarth","theDuelist:DoomShaman"]},{"damage_healed":0,"gold_gain":0,"player_choice":"Fight","duelist":true,"damage_taken":0,"max_hp_gain":0,"max_hp_loss":0,"event_name":"Battle City","floor":28,"gold_loss":0}],"is_beta":false,"boss_relics":[{"not_picked":["Runic Dome","Snecko Eye"],"picked":"theDuelist:MillenniumKey"}],"items_purged_floors":[13,25],"is_endless":false,"potions_floor_spawned":[6,10,12,18,24],"killed_by":"theDuelist:KaibaA2","ascension_level":2}}