{"host":"uonldg9uriwfhjjx","time":1610433250,"event":{"mods":["AchievementEnabler","BaseMod","Minty Spire (QoL Compilation)","Relic Stats"],"gold_per_floor":[118,118,193,212,212,240,50,50,50,76,88,108,108,133,133,237,237,247,11,27,27,27,60,60,74,97,97,97],"floor_reached":27,"playtime":805,"items_purged":[],"score":336,"play_id":"285d1fe5-228c-4d55-9a5e-e498fefcc4eb","local_time":"20210112013410","is_ascension_mode":true,"campfire_choices":[{"floor":8,"key":"REST"},{"data":"FlyingSleeves","floor":13,"key":"SMITH"},{"floor":15,"key":"REST"}],"circlet_count":0,"master_deck":["Strike_P","Strike_P","Defend_P","Defend_P","Defend_P","Eruption","Vigilance+1","FlyingSleeves+1","ClearTheMind","Crescendo","MentalFortress","Vengeance","FearNoEvil","EmptyBody","EmptyFist","ClearTheMind","MasterReality","FlyingSleeves+1","SignatureMove+1","Crescendo","MentalFortress","MentalFortress","ForeignInfluence+1","FlurryOfBlows","Establishment"],"relics":["PureWater","Akabeko","Orichalcum","StoneCalendar","Du-Vu Doll","Bronze Scales","Bottled Tornado","Astrolabe","DollysMirror","War Paint","CeramicFish"],"acts_visited":["Exordium","TheCity"],"potions_floor_usage":[14,14,27,27],"damage_taken":[{"damage":0,"enemies":"2 Louse","floor":1,"turns":2},{"damage":2,"enemies":"Small Slimes","floor":4,"turns":3},{"damage":24,"enemies":"Gremlin Nob","floor":6,"turns":4},{"damage":13,"enemies":"3 Sentries","floor":10,"turns":7},{"damage":0,"enemies":"Jaw Worm","floor":11,"turns":2},{"damage":0,"enemies":"Looter","floor":12,"turns":2},{"damage":14,"enemies":"Lagavulin","floor":14,"turns":5},{"damage":29,"enemies":"Slime Boss","floor":16,"turns":7},{"damage":0,"enemies":"3 Byrds","floor":18,"turns":4},{"damage":8,"enemies":"Chosen","floor":20,"turns":3},{"damage":24,"enemies":"Book of Stabbing","floor":23,"turns":4},{"damage":18,"enemies":"Centurion and Healer","floor":25,"turns":6},{"damage":24,"enemies":"Snake Plant","floor":27,"turns":2}],"seed_played":"8997936983909147800","potions_obtained":[{"floor":4,"key":"Weak Potion"},{"floor":12,"key":"DistilledChaos"},{"floor":16,"key":"Strength Potion"},{"floor":18,"key":"FearPotion"},{"floor":23,"key":"BottledMiracle"}],"is_trial":false,"path_per_floor":["M","$","?","M","?","E","$","R","T","E","M","M","R","E","R","B",null,"M","$","M","?","?","E","?","M","T","M"],"character_chosen":"WATCHER","items_purchased":["MentalFortress","Vengeance","FearNoEvil","MentalFortress","DollysMirror"],"campfire_rested":2,"item_purchase_floors":[7,7,7,19,19],"current_hp_per_floor":[65,65,54,52,40,16,16,37,37,24,24,24,24,10,31,2,55,55,55,47,34,59,35,40,22,22,0,0],"gold":97,"neow_bonus":"RANDOM_COMMON_RELIC","is_daily":false,"chose_seed":false,"campfire_upgraded":1,"win_rate":0.0,"timestamp":1610433250,"path_taken":["M","$","?","M","?","E","$","R","T","E","M","M","R","E","R","BOSS","M","$","M","?","?","E","?","M","T","?"],"items_purchased_type":["Card","Card","Card","Card","Relic"],"build_version":"2020-12-22","purchased_purges":0,"victory":false,"max_hp_per_floor":[72,72,72,72,72,72,72,72,72,72,72,72,72,72,72,72,72,72,72,72,77,77,77,77,77,77,77,77],"relic_stats":{"counters":[13,51],"Bronze Scales":[96],"Astrolabe":["CrushJoints","FlyingSleeves","SignatureMove"],"CeramicFish":0,"StoneCalendar":[63],"Orichalcum":[72],"War Paint":["Vigilance","ForeignInfluence"],"obtain_stats":[{"Du-Vu Doll":9,"DollysMirror":19,"Bronze Scales":10,"Astrolabe":17,"CeramicFish":26,"StoneCalendar":6,"PureWater":0,"Orichalcum":5,"Bottled Tornado":14,"War Paint":23,"Akabeko":0},{"Du-Vu Doll":3,"DollysMirror":9,"Bronze Scales":4,"Astrolabe":8,"CeramicFish":12,"StoneCalendar":3,"PureWater":0,"Orichalcum":2,"Bottled Tornado":7,"War Paint":11,"Akabeko":0},{"Du-Vu Doll":9,"DollysMirror":36,"Bronze Scales":16,"Astrolabe":32,"CeramicFish":49,"StoneCalendar":9,"PureWater":0,"Orichalcum":5,"Bottled Tornado":25,"War Paint":43,"Akabeko":0}]},"card_choices":[{"not_picked":["CrushJoints","Halt"],"picked":"FlyingSleeves","floor":1},{"not_picked":["Pray","Nirvana"],"picked":"ClearTheMind","floor":4},{"not_picked":["Evaluate","ThirdEye"],"picked":"Crescendo","floor":6},{"not_picked":["Consecrate","Nirvana"],"picked":"EmptyBody","floor":10},{"not_picked":["CrushJoints","Swivel","Brilliance"],"picked":"SKIP","floor":11},{"not_picked":["SandsOfTime","Indignation"],"picked":"EmptyFist","floor":12},{"not_picked":["CutThroughFate","Establishment"],"picked":"ClearTheMind","floor":14},{"not_picked":["Brilliance","ConjureBlade"],"picked":"MasterReality","floor":16},{"not_picked":["EmptyFist","Halt"],"picked":"Crescendo","floor":18},{"not_picked":["Swivel","PathToVictory"],"picked":"ForeignInfluence","floor":20},{"not_picked":["Halt","FlyingSleeves"],"picked":"FlurryOfBlows","floor":23},{"not_picked":["Pray","Consecrate+1"],"picked":"Establishment","floor":25}],"player_experience":767097,"relics_obtained":[{"floor":6,"key":"StoneCalendar"},{"floor":9,"key":"Du-Vu Doll"},{"floor":10,"key":"Bronze Scales"},{"floor":14,"key":"Bottled Tornado"},{"floor":23,"key":"War Paint"},{"floor":26,"key":"CeramicFish"}],"event_choices":[{"damage_healed":0,"gold_gain":75,"player_choice":"Gather Gold","damage_taken":11,"max_hp_gain":0,"max_hp_loss":0,"event_name":"World of Goop","floor":3,"gold_loss":0},{"damage_healed":0,"gold_gain":0,"player_choice":"Success","damage_taken":12,"relics_obtained":["Orichalcum"],"max_hp_gain":0,"max_hp_loss":0,"event_name":"Scrap Ooze","floor":5,"gold_loss":0},{"damage_healed":0,"gold_gain":0,"player_choice":"Shed Blood","damage_taken":18,"max_hp_gain":5,"max_hp_loss":0,"event_name":"Forgotten Altar","floor":21,"gold_loss":0},{"damage_healed":25,"gold_gain":0,"player_choice":"Heal","damage_taken":0,"max_hp_gain":0,"max_hp_loss":0,"event_name":"The Library","floor":22,"gold_loss":0},{"cards_removed":["CrushJoints"],"damage_healed":5,"gold_gain":0,"player_choice":"Offered Common","damage_taken":0,"max_hp_gain":0,"max_hp_loss":0,"event_name":"Bonfire Elementals","floor":24,"gold_loss":0},{"cards_removed":["CrushJoints"],"damage_healed":5,"gold_gain":0,"player_choice":"Offered Special","damage_taken":0,"max_hp_gain":0,"max_hp_loss":0,"event_name":"Bonfire Elementals","floor":24,"gold_loss":0}],"is_beta":false,"boss_relics":[{"not_picked":["VioletLotus","Tiny House"],"picked":"Astrolabe"}],"items_purged_floors":[],"is_endless":false,"potions_floor_spawned":[4,12,16,18,23,25],"killed_by":"Snake Plant","ascension_level":7}}