{"host":"yvncskwfyqnc3wqi","time":1610483977,"event":{"mods":["2.2 Compatiblity","AchievementEnabler","Act Like it!","Bartender","BaseMod","Friendly Minions","Gensokyo","KinomotoSakuraMod(????)","Kiyohime????","Marisa????????","Minty Spire (QoL Compilation)","Nova Terra(??·??)","Permanent Neow","Prisma Mod","Railgun Mod","Reimu??????","Remove Card Discount Mod","Shade Mod","Shop Mod","StSLib","Td1madao Mod","The Alterego","The Disciple","The Gatherer","The Marked","The Runesmith","The Servant 0.9.4","TheFirefly","TheSwordswoman","TheVelvet","Waifu the Spire","WarShipGirlsR/????R mod","Yakumo Yukari mod","Yohane!","Yuri Mod"],"gold_per_floor":[113,113,37,37,48,80,80,98,98,125,141,153,167,202,202,297,297,311,327,22,22,33,33,33],"floor_reached":23,"language":"ENG","playtime":1451,"items_purged":[],"score":238,"play_id":"8df11f16-0d3e-4682-9532-4dcb9c6fc7fc","local_time":"20210112203937","is_ascension_mode":false,"campfire_choices":[{"floor":7.0,"key":"RECALL"},{"floor":15.0,"key":"REST"}],"circlet_count":0,"master_deck":["Strike_C","Strike_C","Strike_C+1","Strike_C","Defend_C","Defend_C","Defend_C","Defend_C","Knight Kick+1","Chip","Dramatic Entrance","Preloading","Light Attack","Here Defend Chip","E MP","Black Warm Hole","Fixing","Black Contract","Floating Swing Kick","Provocative","Thunder Jump","Pod Fire","Black Contract","Fire Blade","Defend System","Black Dance","Perfect Defend","Normality","Oblique Hack+1"],"relics":["Apod","Lsj Skin","Power_Wrist","Calipers","Darkstone Periapt","Black Star","Cleaning_Rag"],"acts_visited":["Exordium","TheCity"],"potions_floor_usage":[],"damage_taken":[{"damage":0.0,"enemies":"2 Louse","floor":1.0,"turns":2.0},{"damage":0.0,"enemies":"Jaw Worm","floor":5.0,"turns":4.0},{"damage":10.0,"enemies":"Lagavulin","floor":6.0,"turns":5.0},{"damage":0.0,"enemies":"Cultist","floor":8.0,"turns":3.0},{"damage":0.0,"enemies":"Gremlin Nob","floor":10.0,"turns":3.0},{"damage":0.0,"enemies":"Large Slime","floor":11.0,"turns":2.0},{"damage":4.0,"enemies":"Exordium Thugs","floor":12.0,"turns":4.0},{"damage":0.0,"enemies":"2 Fungi Beasts","floor":13.0,"turns":2.0},{"damage":4.0,"enemies":"3 Sentries","floor":14.0,"turns":2.0},{"damage":5.0,"enemies":"The Guardian","floor":16.0,"turns":12.0},{"damage":4.0,"enemies":"Spheric Guardian","floor":18.0,"turns":3.0},{"damage":19,"enemies":"Shell Parasite","floor":19,"turns":4},{"damage":18,"enemies":"Snake Plant","floor":22,"turns":3},{"damage":42,"enemies":"Book of Stabbing","floor":23,"turns":5}],"seed_played":"71819003892086756","potions_obtained":[{"floor":1.0,"key":"AttackPotion"},{"floor":11.0,"key":"Fruit Juice"},{"floor":12.0,"key":"Ancient Potion"},{"floor":13.0,"key":"Fire Potion"},{"floor":14.0,"key":"Fire Potion"}],"is_trial":false,"path_per_floor":["M","?","$","?","M","E","R","M","T","E","M","M","M","E","R","B",null,"M","M","$","?","M","E"],"character_chosen":"TD1MADAO_CLASS","items_purchased":["Light Attack","Here Defend Chip","Cleaning_Rag","Black Dance","Perfect Defend"],"campfire_rested":1,"item_purchase_floors":[3,3,20,20,20],"current_hp_per_floor":[70,70,70,56,56,46,46,46,46,46,46,42,42,43,65,60,75,71,52,52,58,40,0,0],"gold":33,"neow_bonus":"RANDOM_COLORLESS","is_daily":false,"chose_seed":false,"campfire_upgraded":0,"win_rate":0.0,"timestamp":1610483977,"path_taken":["M","?","$","?","M","E","R","M","T","E","M","M","M","E","R","BOSS","M","M","$","?","M","E"],"items_purchased_type":["Card","Card","Relic","Card","Card"],"build_version":"2020-12-22","purchased_purges":0,"victory":false,"max_hp_per_floor":[70,70,70,70,70,70,70,70,70,70,70,70,70,75,75,75,75,75,75,75,81,81,81,81],"card_choices":[{"not_picked":["Impatience","Forethought"],"picked":"Dramatic Entrance","floor":0.0},{"not_picked":["Twin Teeth","Fixing"],"picked":"Preloading","floor":1.0},{"not_picked":["Here Defend Chip","Twin Teeth"],"picked":"E MP","floor":5.0},{"not_picked":["Coercion","Lunge"],"picked":"Black Warm Hole","floor":6.0},{"not_picked":["Reinforcement Parts","Coercion"],"picked":"Fixing","floor":8.0},{"not_picked":["Cooling Song","Black Execution"],"picked":"Black Contract","floor":10.0},{"not_picked":["Rupture","Black Shadow"],"picked":"Floating Swing Kick","floor":11.0},{"not_picked":["Twin Teeth","Black Hand"],"picked":"Provocative","floor":12.0},{"not_picked":["Sudden Beat","Weapon Shift"],"picked":"Thunder Jump","floor":13.0},{"not_picked":["Floating Even","Lore"],"picked":"Pod Fire","floor":14.0},{"not_picked":["Backup","Pod Laser"],"picked":"Black Contract","floor":16.0},{"not_picked":["Cursed Blade+1","Rupture"],"picked":"Fire Blade","floor":18},{"not_picked":["White Contract","Winding Magic"],"picked":"Defend System","floor":19},{"not_picked":["Money Cant Rescue","Sub Weapons+1"],"picked":"Oblique Hack+1","floor":22}],"player_experience":427133,"relics_obtained":[{"floor":6.0,"key":"Lsj Skin"},{"floor":9.0,"key":"Power_Wrist"},{"floor":10.0,"key":"Calipers"},{"floor":14.0,"key":"Darkstone Periapt"}],"event_choices":[{"damage_healed":0.0,"max_hp_gain":0.0,"max_hp_loss":0.0,"gold_gain":0.0,"event_name":"Golden Wing","player_choice":"Ignored","floor":2.0,"gold_loss":0.0,"damage_taken":0.0},{"damage_healed":0.0,"max_hp_gain":0.0,"max_hp_loss":0.0,"gold_gain":0.0,"event_name":"Shining Light","player_choice":"Entered Light","floor":4.0,"gold_loss":0.0,"damage_taken":14.0,"cards_upgraded":["Knight Kick","Strike_C"]},{"damage_healed":0,"gold_gain":0,"player_choice":"1 cards matched","damage_taken":0,"max_hp_gain":0,"max_hp_loss":0,"event_name":"Match and Keep!","floor":21,"gold_loss":0,"cards_obtained":["Normality"]}],"is_beta":false,"boss_relics":[{"not_picked":["Astrolabe","SacredBark"],"picked":"Black Star"}],"items_purged_floors":[],"is_endless":false,"potions_floor_spawned":[1,11,12,13,14],"killed_by":"Book of Stabbing","ascension_level":0}}