{"host":"sav7uxregyirlf69","time":1610420172,"event":{"mods":["AchievementEnabler","BaseMod","Colored Map","DeckTracker","Keyboard Shortcuts","Minty Spire (QoL Compilation)","READ ME - Guardian Mod","StSLib","SuperFastMode"],"gold_per_floor":[115,40,40,40,50,76,76,91,91,91,91,126,126,143,143,221,221,233,251,166,91,91,91,110,110,164,189,204,204,204,204,204,279,279,295,295,295,295],"floor_reached":37,"playtime":612,"items_purged":["Strike_G"],"score":871,"play_id":"2005a2a0-9e12-449f-935f-9df3f2714844","local_time":"20210112115612","is_ascension_mode":true,"campfire_choices":[{"data":"Crippling Poison","floor":7.0,"key":"SMITH"},{"data":"Leg Sweep","floor":10.0,"key":"SMITH"},{"data":"Tactician","floor":15.0,"key":"SMITH"},{"floor":23,"key":"REST"},{"data":"Corpse Explosion","floor":25,"key":"SMITH"},{"floor":32,"key":"REST"}],"circlet_count":0,"master_deck":["AscendersBane","Strike_G","Defend_G","Defend_G","Defend_G","Defend_G","Defend_G","Survivor","Neutralize","Crippling Poison+1","Poisoned Stab","Leg Sweep+1","Tactician+1","Corpse Explosion+1","Riddle With Holes+1","Noxious Fumes","Blur+1","Endless Agony+1","Terror","Acrobatics","Bullet Time","Acrobatics+1","HandOfGreed+1"],"relics":["Ring of the Snake","NeowsBlessing","White Beast Statue","Sundial","Vajra","Molten Egg 2","Snecko Eye","Orichalcum","Bag of Preparation","Red Mask","Fusion Hammer"],"acts_visited":["Exordium","TheCity","TheBeyond"],"potions_floor_usage":[24,27],"damage_taken":[{"damage":0.0,"enemies":"2 Louse","floor":1.0,"turns":1.0},{"damage":0.0,"enemies":"Jaw Worm","floor":5.0,"turns":1.0},{"damage":0.0,"enemies":"3 Sentries","floor":6.0,"turns":2.0},{"damage":4.0,"enemies":"Cultist","floor":8.0,"turns":3.0},{"damage":22.0,"enemies":"Gremlin Nob","floor":12.0,"turns":4.0},{"damage":4.0,"enemies":"Large Slime","floor":14.0,"turns":5.0},{"damage":8.0,"enemies":"The Guardian","floor":16.0,"turns":10.0},{"damage":21,"enemies":"2 Thieves","floor":18,"turns":4},{"damage":14,"enemies":"Spheric Guardian","floor":19,"turns":5},{"damage":17,"enemies":"Shelled Parasite and Fungi","floor":24,"turns":5},{"damage":0,"enemies":"Masked Bandits","floor":27,"turns":2},{"damage":4,"enemies":"Centurion and Healer","floor":28,"turns":6},{"damage":15,"enemies":"Champ","floor":33,"turns":13},{"damage":0,"enemies":"3 Darklings","floor":35,"turns":2},{"damage":0,"enemies":"2 Orb Walkers","floor":37,"turns":1}],"seed_played":"-6615626820535392210","potions_obtained":[{"floor":8.0,"key":"FearPotion"},{"floor":12.0,"key":"SkillPotion"},{"floor":13.0,"key":"Poison Potion"},{"floor":14.0,"key":"Poison Potion"},{"floor":16.0,"key":"SteroidPotion"},{"floor":18,"key":"PowerPotion"},{"floor":24,"key":"BlessingOfTheForge"},{"floor":27,"key":"Poison Potion"},{"floor":28,"key":"GhostInAJar"}],"is_trial":false,"path_per_floor":["M","?","?","$","M","E","R","M","T","R","?","E","?","M","R","B",null,"M","M","?","$","?","R","M","R","T","?","M","?","?","?","R","B",null,"M","?","?"],"character_chosen":"THE_SILENT","items_purchased":[],"campfire_rested":2,"item_purchase_floors":[],"current_hp_per_floor":[59,59,64,64,64,64,64,60,60,60,49,27,27,23,23,15,57,36,22,22,22,22,43,26,26,26,26,22,2,2,2,24,9,59,59,59,59,59],"gold":295,"neow_bonus":"THREE_ENEMY_KILL","is_daily":false,"chose_seed":false,"campfire_upgraded":4,"win_rate":0.0,"timestamp":1610420172,"path_taken":["M","?","?","?","?","E","R","M","T","R","?","E","?","M","R","BOSS","M","?","?","$","?","R","M","R","T","?","?","?","?","?","R","BOSS","M","?","?"],"items_purchased_type":[],"build_version":"2020-12-22","purchased_purges":1,"victory":false,"max_hp_per_floor":[66,66,71,71,71,71,71,71,71,71,71,71,71,71,71,71,71,71,71,71,71,71,71,71,71,71,71,71,76,76,76,76,76,76,76,76,76,76],"card_choices":[{"not_picked":["PiercingWail","Acrobatics","Dodge and Roll"],"picked":"SKIP","floor":1.0},{"not_picked":["Flechettes","Poisoned Stab"],"picked":"Crippling Poison","floor":5.0},{"not_picked":["Skewer","Quick Slash"],"picked":"Poisoned Stab","floor":6.0},{"not_picked":["Choke","Flechettes"],"picked":"Leg Sweep","floor":8.0},{"not_picked":["Blade Dance","Wraith Form v2"],"picked":"Tactician","floor":12.0},{"not_picked":["Dodge and Roll","Quick Slash+1","PiercingWail"],"picked":"SKIP","floor":14.0},{"not_picked":["Adrenaline","Burst"],"picked":"Corpse Explosion","floor":16.0},{"not_picked":["Endless Agony+1","Dagger Spray+1","Dodge and Roll"],"picked":"SKIP","floor":18},{"not_picked":["Bane+1","PiercingWail"],"picked":"Riddle With Holes+1","floor":19},{"not_picked":["Acrobatics","Deflect"],"picked":"Noxious Fumes","floor":24},{"not_picked":["Flying Knee+1","Acrobatics"],"picked":"Blur+1","floor":27},{"not_picked":["Dodge and Roll","Accuracy","Grand Finale+1"],"picked":"SKIP","floor":28},{"not_picked":["Grand Finale+1","Corpse Explosion"],"picked":"Bullet Time","floor":33},{"not_picked":["Underhanded Strike+1","Slice+1"],"picked":"Acrobatics+1","floor":35},{"not_picked":["Violence","Dramatic Entrance+1"],"picked":"HandOfGreed+1","floor":36}],"player_experience":1257596,"relics_obtained":[{"floor":6.0,"key":"White Beast Statue"},{"floor":9.0,"key":"Sundial"},{"floor":12.0,"key":"Molten Egg 2"},{"floor":26,"key":"Bag of Preparation"},{"floor":27,"key":"Red Mask"}],"event_choices":[{"cards_removed":["Strike_G"],"damage_healed":0.0,"max_hp_gain":0.0,"max_hp_loss":0.0,"gold_gain":0.0,"event_name":"The Cleric","player_choice":"Card Removal","floor":2.0,"gold_loss":75.0,"damage_taken":0.0},{"damage_healed":0.0,"max_hp_gain":5.0,"max_hp_loss":0.0,"gold_gain":0.0,"event_name":"Big Fish","player_choice":"Donut","floor":3.0,"gold_loss":0.0,"damage_taken":0.0},{"damage_healed":0.0,"max_hp_gain":0.0,"max_hp_loss":0.0,"gold_gain":0.0,"event_name":"Scrap Ooze","player_choice":"Success","floor":11.0,"gold_loss":0.0,"damage_taken":11.0,"relics_obtained":["Vajra"]},{"damage_healed":0.0,"max_hp_gain":0.0,"max_hp_loss":0.0,"gold_gain":0.0,"event_name":"Lab","player_choice":"Got Potions","floor":13.0,"gold_loss":0.0,"damage_taken":0.0},{"damage_healed":0,"gold_gain":0,"player_choice":"Obtained Relic","damage_taken":0,"relics_obtained":["Orichalcum"],"max_hp_gain":0,"max_hp_loss":0,"event_name":"Addict","floor":20,"gold_loss":85},{"damage_healed":0,"gold_gain":0,"player_choice":"Ignored","damage_taken":0,"max_hp_gain":0,"max_hp_loss":0,"event_name":"The Mausoleum","floor":22,"gold_loss":0},{"damage_healed":0,"gold_gain":0,"player_choice":"Fought Bandits","damage_taken":0,"max_hp_gain":0,"max_hp_loss":0,"event_name":"Masked Bandits","floor":27,"gold_loss":0},{"damage_healed":0,"gold_gain":0,"player_choice":"Shed Blood","damage_taken":25,"max_hp_gain":5,"max_hp_loss":0,"event_name":"Forgotten Altar","floor":29,"gold_loss":0},{"damage_healed":0,"gold_gain":0,"cards_transformed":["Strike_G","Strike_G"],"player_choice":"Became Test Subject","damage_taken":0,"max_hp_gain":0,"max_hp_loss":0,"event_name":"Drug Dealer","floor":30,"gold_loss":0,"cards_obtained":["Endless Agony","Terror"]},{"damage_healed":0,"gold_gain":0,"player_choice":"Read","damage_taken":0,"max_hp_gain":0,"max_hp_loss":0,"event_name":"The Library","floor":31,"gold_loss":0,"cards_obtained":["Acrobatics"]},{"damage_healed":0,"gold_gain":0,"player_choice":"Memory 1","damage_taken":0,"max_hp_gain":0,"max_hp_loss":0,"event_name":"SensoryStone","floor":36,"gold_loss":0},{"damage_healed":0,"gold_gain":0,"player_choice":"Fight","damage_taken":0,"max_hp_gain":0,"max_hp_loss":0,"event_name":"Mysterious Sphere","floor":37,"gold_loss":0}],"is_beta":false,"boss_relics":[{"not_picked":["Ectoplasm","Busted Crown"],"picked":"Snecko Eye"},{"not_picked":["Ring of the Serpent","Astrolabe"],"picked":"Fusion Hammer"}],"items_purged_floors":[21],"is_endless":false,"potions_floor_spawned":[8,12,14,16,18,19,24,27,28,33,35],"killed_by":"2 Orb Walkers","ascension_level":20}}