{"host":"cjhtzh7tp54jdfyv","time":1610425002,"event":{"mods":["AchievementEnabler","BaseMod","Colored Map","Colored Powertips","Curses Come First","DeckTracker","Filter the Spire","Minty Spire (QoL Compilation)","RNG Fix","Relic Sorter","Relic Stats","StSLib","UnlockEverythingMod","ojb\u0027s Better Paths Mod","ojb\u0027s Info Mod"],"gold_per_floor":[109,127,47,59,59,91,102,131,131,146,171,96,96,110,110,182,182,201,220,234,124,24,24,50,50,50,85,85,116,128,138,138,214,214,232,248,268,143,155,184,107,107,160,185,185,214,227,253,253,253,253,253,253,62,96,96],"floor_reached":57,"playtime":3643,"items_purged":["Decay","Defend_P","Defend_P","Defend_P"],"score":3304,"play_id":"904270c0-ce60-45f8-b75a-3cf82a1e8d48","local_time":"20210111231642","is_ascension_mode":true,"campfire_choices":[{"data":"Eruption","floor":13.0,"key":"SMITH"},{"data":"Ragnarok","floor":15.0,"key":"SMITH"},{"data":"CrushJoints","floor":23.0,"key":"SMITH"},{"data":"EmptyMind","floor":25.0,"key":"SMITH"},{"data":"InnerPeace","floor":28.0,"key":"SMITH"},{"data":"TalkToTheHand","floor":32.0,"key":"SMITH"},{"data":"Tantrum","floor":42.0,"key":"SMITH"},{"floor":49.0,"key":"RECALL"},{"data":"InnerPeace","floor":53,"key":"SMITH"}],"circlet_count":0,"master_deck":["AscendersBane","Strike_P","Strike_P","Strike_P+1","Strike_P","Eruption+1","Vigilance","BowlingBash","Tantrum+1","TalkToTheHand+1","InnerPeace+1","Ragnarok+1","EmptyMind+1","CrushJoints+1","EmptyFist+1","FlurryOfBlows","SashWhip+1","WheelKick","Vault","TalkToTheHand+1","Adaptation","InnerPeace+1","Impatience","Secret Weapon","Meditate+1","FearNoEvil","Omniscience"],"relics":["Coffee Dripper","Happy Flower","Bird Faced Urn","Bag of Marbles","Pantograph","Sozu","Anchor","Ice Cream","Torii","Mummified Hand","Philosopher\u0027s Stone","TeardropLocket","Lantern","Orichalcum","FossilizedHelix","Lizard Tail"],"acts_visited":["Exordium","TheCity","TheBeyond","TheEnding"],"potions_floor_usage":[],"damage_taken":[{"damage":0.0,"enemies":"Small Slimes","floor":1.0,"turns":4.0},{"damage":2.0,"enemies":"Jaw Worm","floor":2.0,"turns":4.0},{"damage":3.0,"enemies":"2 Louse","floor":4.0,"turns":2.0},{"damage":10.0,"enemies":"3 Sentries","floor":6.0,"turns":3.0},{"damage":8.0,"enemies":"Looter","floor":7.0,"turns":4.0},{"damage":6.0,"enemies":"Lagavulin","floor":8.0,"turns":7.0},{"damage":0.0,"enemies":"3 Louse","floor":10.0,"turns":2.0},{"damage":2.0,"enemies":"3 Sentries","floor":11.0,"turns":2.0},{"damage":0.0,"enemies":"2 Fungi Beasts","floor":14.0,"turns":1.0},{"damage":0.0,"enemies":"Slime Boss","floor":16.0,"turns":3.0},{"damage":0.0,"enemies":"Chosen","floor":18.0,"turns":3.0},{"damage":6.0,"enemies":"Spheric Guardian","floor":19.0,"turns":3.0},{"damage":0.0,"enemies":"Chosen and Byrds","floor":20.0,"turns":2.0},{"damage":14.0,"enemies":"Gremlin Leader","floor":24.0,"turns":3.0},{"damage":2.0,"enemies":"Slavers","floor":27.0,"turns":2.0},{"damage":0.0,"enemies":"Gremlin Leader","floor":29.0,"turns":3.0},{"damage":0.0,"enemies":"Snake Plant","floor":30.0,"turns":2.0},{"damage":0.0,"enemies":"3 Cultists","floor":31.0,"turns":2.0},{"damage":33.0,"enemies":"Collector","floor":33.0,"turns":6.0},{"damage":0.0,"enemies":"3 Darklings","floor":35.0,"turns":2.0},{"damage":7.0,"enemies":"Orb Walker","floor":36.0,"turns":3.0},{"damage":8.0,"enemies":"Jaw Worm Horde","floor":37.0,"turns":3.0},{"damage":0.0,"enemies":"Maw","floor":39.0,"turns":3.0},{"damage":0.0,"enemies":"Nemesis","floor":40.0,"turns":3.0},{"damage":0.0,"enemies":"Giant Head","floor":44.0,"turns":4.0},{"damage":0.0,"enemies":"Reptomancer","floor":46.0,"turns":3.0},{"damage":21.0,"enemies":"4 Shapes","floor":47.0,"turns":2.0},{"damage":0.0,"enemies":"Nemesis","floor":48.0,"turns":4.0},{"damage":23.0,"enemies":"Time Eater","floor":50.0,"turns":8.0},{"damage":0,"enemies":"Awakened One","floor":51,"turns":8},{"damage":14,"enemies":"Shield and Spear","floor":55,"turns":3},{"damage":2,"enemies":"The Heart","floor":56,"turns":6}],"seed_played":"5960254855244388894","potions_obtained":[{"floor":2.0,"key":"SpeedPotion"},{"floor":6.0,"key":"Ambrosia"},{"floor":7.0,"key":"BlessingOfTheForge"},{"floor":10.0,"key":"LiquidBronze"}],"is_trial":false,"path_per_floor":["M","M","$","M","?","E","M","E","T","M","E","$","R","M","R","B",null,"M","M","M","?","$","R","E","R","T","E","R","E","M","M","R","B",null,"M","M","M","$","M","E","$","R","T","E","?","E","M","E","R","B","B",null,"R","$","E","B",null],"character_chosen":"WATCHER","items_purchased":["TalkToTheHand","Adaptation","FearNoEvil"],"campfire_rested":0,"item_purchase_floors":[3,41,54],"current_hp_per_floor":[61,59,59,56,56,46,38,32,32,32,30,30,30,30,30,55,65,65,59,59,59,59,59,45,45,45,43,43,43,43,43,43,35,60,60,53,45,45,45,45,45,45,45,47,37,37,18,20,20,24,51,64,64,64,52,66],"gold":96,"neow_bonus":"BOSS_RELIC","is_daily":false,"chose_seed":false,"campfire_upgraded":8,"win_rate":0.0,"timestamp":1610425002,"path_taken":["M","M","$","M","?","E","M","E","T","?","E","?","R","M","R","BOSS","M","M","M","?","$","R","E","R","T","E","R","E","?","M","R","BOSS","M","M","M","$","M","E","$","R","T","E","?","E","M","E","R","BOSS","BOSS","R","$","E","BOSS"],"items_purchased_type":["Card","Card","Card"],"build_version":"2020-12-22","purchased_purges":4,"victory":true,"max_hp_per_floor":[68,68,68,68,68,68,68,68,68,68,68,68,68,68,68,68,68,68,68,68,68,68,68,68,68,68,68,68,68,68,68,68,68,68,68,68,68,68,68,68,68,68,68,68,68,68,68,68,68,68,68,68,68,68,68,68],"relic_stats":{"Sozu":9,"Lizard Tail":0,"Happy Flower":[12],"Torii":2,"counters":[32,110],"Mummified Hand":[11],"Bird Faced Urn":[12],"Pantograph":116,"Orichalcum":[18],"obtain_stats":[{"Ice Cream":26,"Lantern":44,"Torii":27,"Happy Flower":43,"TeardropLocket":40,"Orichalcum":46,"Sozu":17,"Anchor":24,"Lizard Tail":55,"Mummified Hand":29,"Bird Faced Urn":6,"Pantograph":11,"Philosopher\u0027s Stone":34,"Coffee Dripper":0,"Bag of Marbles":8,"PureWater":0,"FossilizedHelix":48},{"Ice Cream":14,"Lantern":25,"Torii":15,"Happy Flower":24,"TeardropLocket":24,"Orichalcum":26,"Sozu":10,"Anchor":14,"Lizard Tail":31,"Mummified Hand":16,"Bird Faced Urn":4,"Pantograph":8,"Philosopher\u0027s Stone":19,"Coffee Dripper":0,"Bag of Marbles":6,"PureWater":0,"FossilizedHelix":28},{"Ice Cream":43,"Lantern":76,"Torii":45,"Happy Flower":72,"TeardropLocket":72,"Orichalcum":79,"Sozu":32,"Anchor":43,"Lizard Tail":104,"Mummified Hand":48,"Bird Faced Urn":13,"Pantograph":28,"Philosopher\u0027s Stone":58,"Coffee Dripper":0,"Bag of Marbles":24,"PureWater":0,"FossilizedHelix":85}]},"card_choices":[{"not_picked":["FlyingSleeves","ThirdEye"],"picked":"BowlingBash","floor":1.0},{"not_picked":["Evaluate","FlurryOfBlows"],"picked":"Tantrum","floor":2.0},{"not_picked":["LikeWater","EmptyBody"],"picked":"InnerPeace","floor":4.0},{"not_picked":["Meditate","BowlingBash","SpiritShield"],"picked":"SKIP","floor":6.0},{"not_picked":["Worship","Conclude","ThirdEye"],"picked":"SKIP","floor":7.0},{"not_picked":["EmptyFist","LikeWater"],"picked":"Ragnarok","floor":8.0},{"not_picked":["Collect","MentalFortress","FollowUp"],"picked":"SKIP","floor":10.0},{"not_picked":["Evaluate","CutThroughFate"],"picked":"EmptyMind","floor":11.0},{"not_picked":["Protect","ThirdEye","JustLucky"],"picked":"SKIP","floor":14.0},{"not_picked":["EmptyBody","EmptyFist"],"picked":"CrushJoints","floor":18.0},{"not_picked":["Fasting2","Crescendo"],"picked":"EmptyFist+1","floor":19.0},{"not_picked":["EmptyFist","Wish","EmptyBody"],"picked":"SKIP","floor":20.0},{"not_picked":["Fasting2","BowlingBash"],"picked":"FlurryOfBlows","floor":24.0},{"not_picked":["Halt","EmptyBody","Perseverance"],"picked":"SKIP","floor":27.0},{"not_picked":["PathToVictory","FlurryOfBlows+1"],"picked":"SashWhip+1","floor":29.0},{"not_picked":["SandsOfTime","FlyingSleeves+1"],"picked":"WheelKick","floor":30.0},{"not_picked":["Study","Evaluate+1","Pray"],"picked":"SKIP","floor":31.0},{"not_picked":["ConjureBlade","Establishment"],"picked":"Vault","floor":33.0},{"not_picked":["DeceiveReality","CrushJoints","Indignation"],"picked":"SKIP","floor":35.0},{"not_picked":["Wallop","CarveReality","Halt"],"picked":"SKIP","floor":36.0},{"not_picked":["EmptyBody","Halt","Evaluate"],"picked":"SKIP","floor":37.0},{"not_picked":["ThirdEye","FollowUp","Indignation+1"],"picked":"SKIP","floor":39.0},{"not_picked":["Vengeance+1","MasterReality"],"picked":"TalkToTheHand+1","floor":40.0},{"not_picked":["PathToVictory","Nirvana"],"picked":"InnerPeace","floor":44.0},{"not_picked":["Dark Shackles","Mind Blast"],"picked":"Impatience","floor":45.0},{"not_picked":["Flash of Steel","Bandage Up"],"picked":"Secret Weapon","floor":45.0},{"not_picked":["SignatureMove","MasterReality","FollowUp"],"picked":"SKIP","floor":46.0},{"not_picked":["CarveReality","Protect","FlurryOfBlows"],"picked":"SKIP","floor":47.0},{"not_picked":["Prostrate","FearNoEvil"],"picked":"Meditate+1","floor":48.0},{"not_picked":["DeceiveReality","Swivel"],"picked":"Omniscience","floor":55}],"player_experience":4461829,"relics_obtained":[{"floor":6.0,"key":"Bird Faced Urn"},{"floor":8.0,"key":"Bag of Marbles"},{"floor":11.0,"key":"Pantograph"},{"floor":24.0,"key":"Anchor"},{"floor":26.0,"key":"Ice Cream"},{"floor":27.0,"key":"Torii"},{"floor":29.0,"key":"Mummified Hand"},{"floor":40.0,"key":"TeardropLocket"},{"floor":43.0,"key":"Happy Flower"},{"floor":44.0,"key":"Lantern"},{"floor":46.0,"key":"Orichalcum"},{"floor":48.0,"key":"FossilizedHelix"},{"floor":55,"key":"Lizard Tail"}],"event_choices":[{"damage_healed":0.0,"max_hp_gain":0.0,"max_hp_loss":0.0,"gold_gain":0.0,"event_name":"Wheel of Change","player_choice":"Cursed","floor":5.0,"gold_loss":0.0,"damage_taken":0.0,"cards_obtained":["Decay"]},{"cards_removed":["Defend_P"],"damage_healed":0.0,"max_hp_gain":0.0,"max_hp_loss":0.0,"gold_gain":0.0,"event_name":"Designer","player_choice":"Upgrade and Remove","floor":21.0,"gold_loss":110.0,"damage_taken":0.0,"cards_upgraded":["Strike_P"]},{"damage_healed":0.0,"max_hp_gain":0.0,"max_hp_loss":0.0,"gold_gain":0.0,"event_name":"SensoryStone","player_choice":"Memory 3","floor":45.0,"gold_loss":0.0,"damage_taken":10.0}],"is_beta":false,"boss_relics":[{"not_picked":["SacredBark","Ectoplasm"],"picked":"Sozu"},{"not_picked":["Tiny House","Pandora\u0027s Box"],"picked":"Philosopher\u0027s Stone"}],"items_purged_floors":[12,22,38,54],"is_endless":false,"potions_floor_spawned":[2,6,7,10,18,19,27,33,37,39,44,46,47],"ascension_level":20}}