{"host":"ohuqxemsk44kggmp","time":1610452971,"event":{"mods":["BaseMod","Better Third Choice","Colored Powertips","Conspire","Highlight Path","Marked Mod","Minty Spire (QoL Compilation)","Replay The Spire","StSLib","Waifu the Spire"],"gold_per_floor":[109,109,121,139,153,153,78,106,130,130,143,168,187,187,187,291,291,311,311,325,337,29,29,63,63,88,13,13,33,51,84,84,184,184,199,199,199,214,231,231,231,259,285,285,130,130,130,199,199,199,199,199,3,36,36,36],"floor_reached":55,"playtime":3049,"items_purged":["Strike_P"],"score":780,"play_id":"c4a7518f-048a-4de9-a392-b1328602bf0a","local_time":"20210112130251","is_ascension_mode":true,"campfire_choices":[{"data":"PathToVictory","floor":6.0,"key":"SMITH"},{"data":"PathToVictory","floor":10.0,"key":"SMITH"},{"floor":15.0,"key":"REST"},{"data":"MarkedMod:NorthStar","floor":23.0,"key":"SMITH"},{"floor":25.0,"key":"REST"},{"floor":32.0,"key":"REST"},{"floor":40.0,"key":"REST"},{"floor":44.0,"key":"RECALL"},{"data":"Bandage Up","floor":47.0,"key":"SMITH"},{"data":"Replay:LoomingThreat","floor":49.0,"key":"SMITH"},{"data":"Replay:LoomingThreat","floor":52.0,"key":"SMITH"}],"circlet_count":0,"master_deck":["Strike_P","Strike_P","Defend_P","Defend_P","Defend_P","Eruption","Vigilance","PathToVictory+1","PathToVictory+1","Wallop","BattleHymn","Study","MarkedMod:GentlePulse","Replay:Hum","FlyingSleeves","CommonCold","MarkedMod:NorthStar+1","FlurryOfBlows","JustLucky","Replay:DivineShield+1","Replay:LoomingThreat+1","Prostrate","Protect+1","Replay:LoomingThreat+1","Halt+1","ReplayTheSpireMod:Restless Dread","Bandage Up+1","Collect","Protect"],"relics":["PureWater","PreservedInsect","Replay:Rubber Ducky","Regal Pillow","Ring of Misfortune","Ring of Panic","ChewingGum","Ginger","conspire:Flyswatter","betterThird:NestCultRelic","FossilizedHelix","conspire:Dentures","Vajra","ReplayTheSpireMod:CursedCoin","Ice Cream","conspire:DeflatedDodgeball","Lee\u0027s Waffle","Replay:Mystery Machine"],"acts_visited":["Exordium","TheCity","TheBeyond","TheEnding"],"potions_floor_usage":[55,55,55],"damage_taken":[{"damage":0.0,"enemies":"Cultist","floor":1.0,"turns":2.0},{"damage":4.0,"enemies":"2 Louse","floor":3.0,"turns":2.0},{"damage":3.0,"enemies":"Jaw Worm","floor":4.0,"turns":3.0},{"damage":3.0,"enemies":"Blue Slaver","floor":5.0,"turns":3.0},{"damage":12.0,"enemies":"3 Sentries","floor":8.0,"turns":8.0},{"damage":0.0,"enemies":"Large Slime","floor":11.0,"turns":5.0},{"damage":0.0,"enemies":"Gremlin Nob","floor":12.0,"turns":2.0},{"damage":16.0,"enemies":"Gremlin Gang","floor":13.0,"turns":3.0},{"damage":10.0,"enemies":"The Guardian","floor":16.0,"turns":8.0},{"damage":14.0,"enemies":"Chosen","floor":18.0,"turns":5.0},{"damage":10.0,"enemies":"Spheric Guardian","floor":20.0,"turns":5.0},{"damage":1.0,"enemies":"Snecko","floor":21.0,"turns":4.0},{"damage":2.0,"enemies":"conspire:SneckoGhost","floor":24.0,"turns":2.0},{"damage":20.0,"enemies":"Centurion and Healer","floor":29.0,"turns":6.0},{"damage":7.0,"enemies":"conspire:HollyBat","floor":30.0,"turns":6.0},{"damage":31.0,"enemies":"Gremlin Leader","floor":31.0,"turns":3.0},{"damage":40.0,"enemies":"conspire:MysteriousRune","floor":33.0,"turns":11.0},{"damage":15.0,"enemies":"Orb Walker","floor":35.0,"turns":4.0},{"damage":0.0,"enemies":"3 Darklings","floor":38.0,"turns":2.0},{"damage":24.0,"enemies":"4 Shapes","floor":39.0,"turns":6.0},{"damage":0.0,"enemies":"Giant Head","floor":42.0,"turns":7.0},{"damage":65.0,"enemies":"Donu and Deca","floor":50.0,"turns":5.0},{"damage":53,"enemies":"Shield and Spear","floor":54,"turns":6},{"damage":49,"enemies":"The Heart","floor":55,"turns":5}],"seed_played":"5010014133918174787","potions_obtained":[{"floor":2.0,"key":"DistilledChaos"},{"floor":2.0,"key":"GamblersBrew"},{"floor":2.0,"key":"SkillPotion"},{"floor":4.0,"key":"SkillPotion"},{"floor":5.0,"key":"Ancient Potion"},{"floor":11.0,"key":"SteroidPotion"},{"floor":12.0,"key":"Cursed Concoction"},{"floor":39.0,"key":"Weak Potion"},{"floor":48.0,"key":"DuplicationPotion"}],"is_trial":false,"path_per_floor":["M","?","M","M","M","R","$","E","T","R","M","E","M","?","R","B",null,"M","?","M","M","$","R","E","R","T","?","?","M","M","E","R","B",null,"M","?","?","M","M","R","$","E","T","R","$","?","R","?","R","B",null,"R","$","E","B"],"character_chosen":"WATCHER","items_purchased":["Ginger","ReplayTheSpireMod:CursedCoin","Ice Cream","Lee\u0027s Waffle","Block Potion"],"campfire_rested":4,"item_purchase_floors":[22,45,45,53,53],"current_hp_per_floor":[79,79,75,72,69,69,69,57,57,57,57,57,41,41,79,69,79,65,65,55,54,54,54,52,79,79,79,79,59,52,21,59,19,79,64,64,64,64,40,78,78,78,78,78,78,78,78,78,78,19,79,79,86,39,0,0],"gold":36,"neow_bonus":"TEN_PERCENT_HP_BONUS","is_daily":false,"chose_seed":false,"campfire_upgraded":6,"win_rate":0.0,"timestamp":1610452971,"path_taken":["M","?","M","M","M","R","$","E","T","R","M","E","?","?","R","BOSS","M","?","M","M","$","R","E","R","T","?","?","M","M","E","R","BOSS","M","?","?","?","M","R","$","E","T","R","$","?","R","?","R","BOSS","R","$","E","BOSS"],"items_purchased_type":["Relic","Relic","Relic","Relic","Potion"],"build_version":"2020-12-22","purchased_purges":1,"victory":false,"max_hp_per_floor":[79,79,79,79,79,79,79,79,79,79,79,79,79,79,79,79,79,79,79,79,79,79,79,79,79,79,79,79,79,79,79,79,79,79,79,79,79,79,79,79,79,79,79,79,79,79,79,79,79,79,79,79,86,86,86,86],"card_choices":[{"not_picked":["FlyingSleeves","Prostrate"],"picked":"PathToVictory","floor":1.0},{"not_picked":["SashWhip","WreathOfFlame"],"picked":"PathToVictory","floor":3.0},{"not_picked":["Weave","Crescendo"],"picked":"Wallop","floor":4.0},{"not_picked":["Weave","WheelKick"],"picked":"BattleHymn","floor":5.0},{"not_picked":["Replay:Vibes","Halt"],"picked":"Study","floor":8.0},{"not_picked":["WheelKick","Replay:BluntJabs"],"picked":"MarkedMod:GentlePulse","floor":11.0},{"not_picked":["Halt","EmptyBody"],"picked":"Replay:Hum","floor":12.0},{"not_picked":["WheelKick","FollowUp"],"picked":"FlyingSleeves","floor":13.0},{"not_picked":["MasterReality","Wish"],"picked":"MarkedMod:NorthStar","floor":16.0},{"not_picked":["Replay:AtTheReady","Collect"],"picked":"FlurryOfBlows","floor":18.0},{"not_picked":["Weave+1","Replay:BluntJabs"],"picked":"JustLucky","floor":20.0},{"not_picked":["EmptyBody","Protect+1"],"picked":"Replay:DivineShield+1","floor":21.0},{"not_picked":["Replay:ManipulateFuture","EmptyBody"],"picked":"Replay:LoomingThreat","floor":24.0},{"not_picked":["Halt+1","Vengeance"],"picked":"Prostrate","floor":29.0},{"not_picked":["FollowUp","BowlingBash"],"picked":"Protect+1","floor":30.0},{"not_picked":["ConjureBlade","Replay:Anticipation","Wallop"],"picked":"SKIP","floor":31.0},{"not_picked":["Judgement","Brilliance"],"picked":"Replay:LoomingThreat","floor":33.0},{"not_picked":["Evaluate","Replay:BluntJabs+1"],"picked":"Halt+1","floor":35.0},{"not_picked":["WreathOfFlame","EmptyFist+1","Crescendo+1"],"picked":"SKIP","floor":38.0},{"not_picked":["Adaptation","FollowUp+1","CutThroughFate+1"],"picked":"SKIP","floor":39.0},{"not_picked":["Replay:Battleflow","Tantrum+1","FlyingSleeves+1"],"picked":"SKIP","floor":42.0},{"not_picked":["Purity","Chrysalis"],"picked":"Bandage Up","floor":46.0},{"not_picked":["EmptyBody+1","Study+1"],"picked":"Collect","floor":48.0},{"not_picked":["EmptyFist","FlyingSleeves+1"],"picked":"Protect","floor":54}],"player_experience":484284,"relics_obtained":[{"floor":8.0,"key":"PreservedInsect"},{"floor":9.0,"key":"Replay:Rubber Ducky"},{"floor":12.0,"key":"Regal Pillow"},{"floor":14.0,"key":"Ring of Misfortune"},{"floor":14.0,"key":"Ring of Panic"},{"floor":24.0,"key":"conspire:Flyswatter"},{"floor":31.0,"key":"FossilizedHelix"},{"floor":42.0,"key":"conspire:Dentures"},{"floor":43.0,"key":"Vajra"},{"floor":48.0,"key":"conspire:DeflatedDodgeball"},{"floor":54,"key":"Replay:Mystery Machine"}],"event_choices":[{"damage_healed":0.0,"max_hp_gain":0.0,"max_hp_loss":0.0,"gold_gain":0.0,"event_name":"Lab","player_choice":"Got Potions","floor":2.0,"gold_loss":0.0,"damage_taken":0.0},{"damage_healed":0.0,"max_hp_gain":0.0,"max_hp_loss":0.0,"gold_gain":0.0,"event_name":"Ghosts","player_choice":"Ignored","floor":19.0,"gold_loss":0.0,"damage_taken":0.0},{"cards_removed":["Defend_P"],"damage_healed":0.0,"max_hp_gain":0.0,"max_hp_loss":0.0,"gold_gain":0.0,"event_name":"Beggar","player_choice":"Gave Gold","floor":27.0,"gold_loss":75.0,"damage_taken":0.0},{"damage_healed":0.0,"max_hp_gain":0.0,"max_hp_loss":0.0,"gold_gain":0.0,"event_name":"betterThird:BetterNest","player_choice":"Madness","floor":28.0,"gold_loss":0.0,"damage_taken":0.0,"relics_obtained":["betterThird:NestCultRelic"]},{"cards_removed":["Strike_P"],"damage_healed":0.0,"max_hp_gain":0.0,"max_hp_loss":0.0,"gold_gain":0.0,"event_name":"Falling","player_choice":"Removed Attack","floor":36.0,"gold_loss":0.0,"damage_taken":0.0},{"damage_healed":0.0,"max_hp_gain":0.0,"max_hp_loss":0.0,"gold_gain":0.0,"event_name":"NoteForYourself","player_choice":"Ignored","floor":37.0,"gold_loss":0.0,"damage_taken":0.0},{"damage_healed":0.0,"max_hp_gain":0.0,"max_hp_loss":0.0,"gold_gain":0.0,"event_name":"SensoryStone","player_choice":"Memory 1","floor":46.0,"gold_loss":0.0,"damage_taken":0.0}],"is_beta":false,"boss_relics":[{"not_picked":["Replay:Grab Bag","Replay:Wanted Poster"],"picked":"ChewingGum"},{"not_picked":["ReplayTheSpireMod:DimensionalGlitch","conspire:SeveredTorchhead","Kintsugi"]}],"items_purged_floors":[7],"is_endless":false,"potions_floor_spawned":[4,5,11,12,18,24,33,39],"killed_by":"The Heart","ascension_level":1}}