{"host":"hve1dyh1ly81yl9f","time":1610465355,"event":{"mods":["BaseMod","Colored Map","DeckTracker","Highlight Path","Keyboard Shortcuts","Minty Spire (QoL Compilation)","Permanent Neow","Quick Restart","StSLib","SuperFastMode"],"gold_per_floor":[115,115,132,52,70,95,109,109,136,136,149,149,74,93,93,189,189,203,203,223,234,246,275,295,295,373,406,406,406,406,423,423,528,528,543,543,557,557,557,557],"floor_reached":39,"playtime":1149,"items_purged":["Strike_R"],"score":592,"play_id":"8fd5df26-f3ae-475d-8239-9961689ada2a","local_time":"20210113002915","is_ascension_mode":true,"campfire_choices":[{"floor":8.0,"key":"REST"},{"floor":12.0,"key":"REST"},{"data":"Rampage","floor":15.0,"key":"SMITH"},{"floor":25.0,"key":"REST"},{"floor":28.0,"key":"REST"},{"floor":30.0,"key":"REST"},{"floor":32.0,"key":"REST"}],"circlet_count":0,"master_deck":["Strike_R","Strike_R","Defend_R","Defend_R","Defend_R","Bash","Battle Trance","Double Tap","Pommel Strike","Rampage+1","Fiend Fire","CurseOfTheBell","Headbutt+1","Double Tap","Pommel Strike+1","Pommel Strike"],"relics":["Black Blood","Strawberry","Bag of Marbles","Happy Flower","Calling Bell","Vajra","Question Card","Turnip","Omamori","Matryoshka","InkBottle","Magic Flower"],"acts_visited":["Exordium","TheCity","TheBeyond"],"potions_floor_usage":[],"damage_taken":[{"damage":12.0,"enemies":"Small Slimes","floor":1.0,"turns":3.0},{"damage":6.0,"enemies":"Cultist","floor":3.0,"turns":3.0},{"damage":6.0,"enemies":"2 Louse","floor":5.0,"turns":2.0},{"damage":30.0,"enemies":"Gremlin Nob","floor":6.0,"turns":4.0},{"damage":21.0,"enemies":"2 Fungi Beasts","floor":7.0,"turns":3.0},{"damage":6.0,"enemies":"Exordium Thugs","floor":11.0,"turns":3.0},{"damage":17.0,"enemies":"3 Louse","floor":14.0,"turns":3.0},{"damage":36.0,"enemies":"Hexaghost","floor":16.0,"turns":4.0},{"damage":18.0,"enemies":"3 Byrds","floor":18.0,"turns":3.0},{"damage":22.0,"enemies":"2 Thieves","floor":20.0,"turns":3.0},{"damage":5.0,"enemies":"Snecko","floor":21.0,"turns":3.0},{"damage":12.0,"enemies":"Centurion and Healer","floor":22.0,"turns":3.0},{"damage":23.0,"enemies":"Gremlin Leader","floor":23.0,"turns":3.0},{"damage":6.0,"enemies":"3 Cultists","floor":24.0,"turns":3.0},{"damage":72.0,"enemies":"Book of Stabbing","floor":27.0,"turns":5.0},{"damage":12.0,"enemies":"Cultist and Chosen","floor":31.0,"turns":4.0},{"damage":54.0,"enemies":"Champ","floor":33.0,"turns":6.0},{"damage":11.0,"enemies":"Orb Walker","floor":35.0,"turns":2.0},{"damage":54,"enemies":"3 Shapes","floor":37,"turns":3},{"damage":0,"enemies":"Mind Bloom Boss Battle","floor":39,"turns":2}],"seed_played":"-7517289462422272576","potions_obtained":[{"floor":1.0,"key":"ColorlessPotion"},{"floor":5.0,"key":"FairyPotion"},{"floor":6.0,"key":"ColorlessPotion"},{"floor":7.0,"key":"EntropicBrew"},{"floor":20.0,"key":"Block Potion"},{"floor":21.0,"key":"Swift Potion"},{"floor":24.0,"key":"FearPotion"},{"floor":27.0,"key":"FearPotion"},{"floor":31.0,"key":"ElixirPotion"},{"floor":37,"key":"Energy Potion"}],"is_trial":false,"path_per_floor":["M","?","M","$","M","E","M","R","T","?","M","R","$","M","R","B",null,"M","?","M","M","M","E","M","R","T","E","R","?","R","M","R","B",null,"M","?","M","?","?"],"character_chosen":"IRONCLAD","items_purchased":["Rampage"],"campfire_rested":6,"item_purchase_floors":[4],"current_hp_per_floor":[45,45,45,45,45,28,13,39,39,32,32,58,58,47,47,17,70,58,58,42,43,37,20,20,46,46,11,37,37,63,60,86,41,76,83,83,47,47,47,47],"gold":557,"neow_bonus":"TRANSFORM_TWO_CARDS","is_daily":false,"chose_seed":false,"campfire_upgraded":1,"win_rate":0.0,"timestamp":1610465355,"path_taken":["M","?","M","$","M","E","M","R","T","?","M","R","$","M","R","BOSS","M","?","M","M","M","E","M","R","T","E","R","?","R","M","R","BOSS","M","?","M","?","?"],"items_purchased_type":["Card"],"build_version":"2020-12-22","purchased_purges":1,"victory":false,"max_hp_per_floor":[80,80,80,80,80,87,87,87,87,87,87,87,87,87,87,87,87,87,87,87,87,87,87,87,87,87,87,87,87,87,87,87,87,87,87,87,87,87,87,87],"card_choices":[{"not_picked":["Metallicize","Perfected Strike"],"picked":"Pommel Strike","floor":1.0},{"not_picked":["Clothesline","Hemokinesis"],"picked":"Pommel Strike","floor":3.0},{"not_picked":["Intimidate","Evolve","Flame Barrier"],"picked":"SKIP","floor":5.0},{"not_picked":["Thunderclap","Perfected Strike","Clash"],"picked":"SKIP","floor":6.0},{"not_picked":["Thunderclap","Feel No Pain","Power Through"],"picked":"SKIP","floor":7.0},{"not_picked":["Iron Wave","Wild Strike","Demon Form"],"picked":"SKIP","floor":11.0},{"not_picked":["Clash","Cleave","Flex"],"picked":"SKIP","floor":14.0},{"not_picked":["Berserk","Offering"],"picked":"Fiend Fire","floor":16.0},{"not_picked":["Reckless Charge","Shockwave+1","Iron Wave+1","Anger"],"picked":"SKIP","floor":18.0},{"not_picked":["Seeing Red","Perfected Strike+1","Heavy Blade","True Grit"],"picked":"SKIP","floor":20.0},{"not_picked":["Shrug It Off","Body Slam","Bloodletting+1","Flex"],"picked":"SKIP","floor":21.0},{"not_picked":["Evolve","Armaments","Sentinel"],"picked":"Headbutt+1","floor":22.0},{"not_picked":["Corruption","Feel No Pain","Pommel Strike","Thunderclap"],"picked":"SKIP","floor":23.0},{"not_picked":["Sword Boomerang","Whirlwind","Flame Barrier+1","Twin Strike"],"picked":"SKIP","floor":24.0},{"not_picked":["Power Through","Pummel","Clash","Rupture+1"],"picked":"SKIP","floor":27.0},{"not_picked":["Anger","Pummel","Bloodletting","Clothesline"],"picked":"SKIP","floor":31.0},{"not_picked":["Brutality","Berserk","Limit Break"],"picked":"Double Tap","floor":33.0},{"not_picked":["Searing Blow+1","Armaments","Clothesline+1"],"picked":"Pommel Strike+1","floor":35.0},{"not_picked":["Spot Weakness","Heavy Blade+1","Wild Strike+1"],"picked":"Pommel Strike","floor":37}],"player_experience":317838,"relics_obtained":[{"floor":6.0,"key":"Strawberry"},{"floor":9.0,"key":"Bag of Marbles"},{"floor":17.0,"key":"Vajra"},{"floor":17.0,"key":"Question Card"},{"floor":17.0,"key":"Turnip"},{"floor":23.0,"key":"Omamori"},{"floor":26.0,"key":"Matryoshka"},{"floor":27.0,"key":"InkBottle"}],"event_choices":[{"cards_removed":["Strike_R"],"damage_healed":0.0,"max_hp_gain":0.0,"max_hp_loss":0.0,"gold_gain":0.0,"event_name":"Living Wall","player_choice":"Forget","floor":2.0,"gold_loss":0.0,"damage_taken":0.0},{"damage_healed":0.0,"max_hp_gain":0.0,"max_hp_loss":0.0,"gold_gain":0.0,"event_name":"Scrap Ooze","player_choice":"Success","floor":10.0,"gold_loss":0.0,"damage_taken":7.0,"relics_obtained":["Happy Flower"]},{"damage_healed":0.0,"max_hp_gain":0.0,"max_hp_loss":0.0,"gold_gain":0.0,"event_name":"Ghosts","player_choice":"Ignored","floor":19.0,"gold_loss":0.0,"damage_taken":0.0},{"cards_removed":["Pommel Strike"],"damage_healed":0.0,"max_hp_gain":0.0,"max_hp_loss":0.0,"gold_gain":0.0,"event_name":"WeMeetAgain","player_choice":"Gave Card","floor":29.0,"gold_loss":0.0,"damage_taken":0.0,"relics_obtained":["Magic Flower"]},{"damage_healed":0,"gold_gain":0,"player_choice":"Ignored","damage_taken":0,"max_hp_gain":0,"max_hp_loss":0,"event_name":"Mysterious Sphere","floor":36,"gold_loss":0},{"damage_healed":0,"gold_gain":0,"player_choice":"Ignored","damage_taken":0,"max_hp_gain":0,"max_hp_loss":0,"event_name":"Tomb of Lord Red Mask","floor":38,"gold_loss":0},{"damage_healed":0,"gold_gain":0,"player_choice":"Fight","damage_taken":0,"max_hp_gain":0,"max_hp_loss":0,"event_name":"MindBloom","floor":39,"gold_loss":0}],"is_beta":false,"boss_relics":[{"not_picked":["Mark of Pain","Fusion Hammer"],"picked":"Calling Bell"},{"not_picked":["Busted Crown","Coffee Dripper"],"picked":"Black Blood"}],"items_purged_floors":[13],"is_endless":false,"potions_floor_spawned":[1,5,6,7,20,21,22,24,27,31,37],"killed_by":"Mind Bloom Boss Battle","ascension_level":8}}