{"host":"i7jfea87xc8lz16p","time":1610487432,"event":{"mods":["AchievementEnabler","BaseMod","Colored Powertips","Minty Spire (QoL Compilation)","Relic Stats"],"gold_per_floor":[115,135,153,153,153,153,195,195,263,291,312,31,44,55,55,142,142,157,166,12,12,39,39,39],"floor_reached":23,"language":"ENG","playtime":932,"items_purged":["Pain","Strike_R"],"score":398,"play_id":"0adb3d94-03c0-4076-a201-b41b7bb1ff15","local_time":"20210112223712","is_ascension_mode":true,"campfire_choices":[{"data":"Perfected Strike","floor":6,"key":"SMITH"},{"data":"Shockwave","floor":8,"key":"SMITH"},{"data":"Shrug It Off","floor":15,"key":"SMITH"}],"circlet_count":0,"master_deck":["AscendersBane","Strike_R","Defend_R","Defend_R","Defend_R","Defend_R","Bash","Perfected Strike+1","Uppercut+1","Twin Strike","Shockwave+1","Shrug It Off+1","Impervious","Spot Weakness","Headbutt"],"relics":["Burning Blood","CeramicFish","Darkstone Periapt","MawBank","WarpedTongs","Medical Kit","Empty Cage"],"acts_visited":["Exordium","TheCity"],"potions_floor_usage":[10,21,22,23],"damage_taken":[{"damage":1,"enemies":"Cultist","floor":1,"turns":3},{"damage":7,"enemies":"Jaw Worm","floor":2,"turns":3},{"damage":15,"enemies":"Small Slimes","floor":3,"turns":4},{"damage":8,"enemies":"Gremlin Nob","floor":7,"turns":3},{"damage":4,"enemies":"Lagavulin","floor":10,"turns":6},{"damage":1,"enemies":"Red Slaver","floor":13,"turns":3},{"damage":5,"enemies":"3 Louse","floor":14,"turns":4},{"damage":70,"enemies":"Slime Boss","floor":16,"turns":11},{"damage":51,"enemies":"3 Byrds","floor":18,"turns":10},{"damage":16,"enemies":"2 Thieves","floor":22,"turns":4},{"damage":36,"enemies":"Book of Stabbing","floor":23,"turns":4}],"seed_played":"7598346344912441781","potions_obtained":[{"floor":3,"key":"ColorlessPotion"},{"floor":13,"key":"Ancient Potion"},{"floor":16,"key":"Dexterity Potion"},{"floor":21,"key":"BloodPotion"},{"floor":21,"key":"SpeedPotion"}],"is_trial":false,"path_per_floor":["M","M","M","?","?","R","E","R","T","E","?","$","M","M","R","B",null,"M","?","$","?","M","E"],"character_chosen":"IRONCLAD","items_purchased":["Medical Kit","Shrug It Off","AttackPotion"],"campfire_rested":0,"item_purchase_floors":[12,12,20],"current_hp_per_floor":[80,79,70,70,63,63,61,61,61,63,69,69,74,75,75,11,69,24,24,24,41,31,0,0],"gold":39,"neow_bonus":"TEN_PERCENT_HP_BONUS","is_daily":false,"chose_seed":false,"campfire_upgraded":3,"win_rate":0.0,"timestamp":1610487432,"path_taken":["M","?","M","?","?","R","E","R","T","E","?","$","M","M","R","BOSS","M","?","$","?","M","E"],"items_purchased_type":["Relic","Card","Potion"],"build_version":"2020-12-22","purchased_purges":2,"victory":false,"max_hp_per_floor":[82,82,82,82,82,82,82,82,82,82,88,88,88,88,88,88,88,88,88,88,88,88,88,88],"relic_stats":{"Darkstone Periapt":6,"counters":[11,55],"CeramicFish":54,"MawBank":24,"Medical Kit":[0],"obtain_stats":[{"Darkstone Periapt":9,"CeramicFish":7,"MawBank":10,"Medical Kit":12,"Empty Cage":17,"Burning Blood":0,"WarpedTongs":11},{"Darkstone Periapt":4,"CeramicFish":4,"MawBank":5,"Medical Kit":5,"Empty Cage":8,"Burning Blood":0,"WarpedTongs":5},{"Darkstone Periapt":13,"CeramicFish":13,"MawBank":19,"Medical Kit":19,"Empty Cage":37,"Burning Blood":0,"WarpedTongs":19}],"Burning Blood":60,"WarpedTongs":[33]},"card_choices":[{"not_picked":["Warcry","Sever Soul"],"picked":"Perfected Strike","floor":1},{"not_picked":["Flex","Heavy Blade"],"picked":"Uppercut","floor":2},{"not_picked":["Hemokinesis","Rage"],"picked":"Twin Strike","floor":3},{"not_picked":["Pommel Strike","Brutality"],"picked":"Shockwave","floor":7},{"not_picked":["Clash","Corruption","Flex"],"picked":"SKIP","floor":10},{"not_picked":["Combust","Wild Strike","Dark Embrace"],"picked":"SKIP","floor":13},{"not_picked":["Twin Strike","Iron Wave","Dark Embrace"],"picked":"SKIP","floor":14},{"not_picked":["Exhume","Reaper"],"picked":"Impervious","floor":16},{"not_picked":["Clash","Heavy Blade","Hemokinesis"],"picked":"SKIP","floor":18},{"not_picked":["Iron Wave","Anger+1"],"picked":"Headbutt","floor":22}],"player_experience":1766227,"relics_obtained":[{"floor":7,"key":"CeramicFish"},{"floor":9,"key":"Darkstone Periapt"},{"floor":10,"key":"MawBank"}],"event_choices":[{"damage_healed":0,"gold_gain":0,"player_choice":"Grow","damage_taken":0,"max_hp_gain":0,"max_hp_loss":0,"event_name":"Living Wall","floor":4,"gold_loss":0,"cards_upgraded":["Uppercut"]},{"cards_removed":["Strike_R"],"damage_healed":0,"gold_gain":0,"player_choice":"Card Removal","damage_taken":7,"max_hp_gain":0,"max_hp_loss":0,"event_name":"Golden Wing","floor":5,"gold_loss":0},{"damage_healed":0,"gold_gain":0,"player_choice":"Rummage","damage_taken":0,"relics_obtained":["WarpedTongs"],"max_hp_gain":0,"max_hp_loss":0,"event_name":"Accursed Blacksmith","floor":11,"gold_loss":0,"cards_obtained":["Pain"]},{"damage_healed":0,"gold_gain":0,"player_choice":"Read","damage_taken":0,"max_hp_gain":0,"max_hp_loss":0,"event_name":"The Library","floor":19,"gold_loss":0,"cards_obtained":["Spot Weakness"]},{"damage_healed":0,"gold_gain":0,"player_choice":"Got Potions","damage_taken":0,"max_hp_gain":0,"max_hp_loss":0,"event_name":"Lab","floor":21,"gold_loss":0}],"is_beta":false,"boss_relics":[{"not_picked":["Tiny House","Calling Bell"],"picked":"Empty Cage"}],"items_purged_floors":[12,20],"is_endless":false,"potions_floor_spawned":[3,13,16,18],"killed_by":"Book of Stabbing","ascension_level":20}}