{"host":"uv231blk40vjdojr","time":1610466906,"event":{"mods":["AchievementEnabler","BaseMod","Bestiary","Minty Spire (QoL Compilation)","Relic Stats"],"gold_per_floor":[115,36,48,48,60,60,86,36,61,73,96,128,140,187,199,308,320,345,357,26,46,61,61,73,98,98,111,143,160,160,177,177,274,274,322,322,239,239,288,346,346,256,324,324,373,373,373,373,373],"floor_reached":48,"playtime":1897,"items_purged":["Strike_P"],"score":510,"play_id":"cc08acb2-32aa-4ef1-8f42-9e27562622fe","local_time":"20210112165506","is_ascension_mode":false,"campfire_choices":[{"data":"Eruption","floor":6,"key":"SMITH"},{"floor":10,"key":"REST"},{"data":"ConjureBlade","floor":13,"key":"SMITH"},{"data":"Wallop","floor":15,"key":"SMITH"},{"floor":23,"key":"REST"},{"floor":30,"key":"REST"},{"floor":32,"key":"REST"},{"data":"Vault","floor":44,"key":"SMITH"},{"data":"DevaForm","floor":46,"key":"SMITH"}],"circlet_count":0,"master_deck":["Strike_P+1","Strike_P","Defend_P","Defend_P","Defend_P","Defend_P","Eruption+1","Vigilance","Adaptation+1","Tantrum+1","EmptyBody","ConjureBlade+1","Wallop+1","Vault+1","FearNoEvil+1","LikeWater","TalkToTheHand+1","Protect+1","TalkToTheHand+1","DevaForm+1","Wish+1","Wallop+1","Panacea+1","Chrysalis+1","Normality"],"relics":["PureWater","NeowsBlessing","Damaru","MawBank","Pen Nib","Runic Pyramid","Membership Card","Toxic Egg 2","Ornamental Fan","Bag of Preparation","Mummified Hand","Cursed Key","Anchor","Meat on the Bone","Bottled Lightning"],"acts_visited":["Exordium","TheCity","TheBeyond"],"potions_floor_usage":[16,28],"damage_taken":[{"damage":0,"enemies":"Jaw Worm","floor":1,"turns":1},{"damage":0,"enemies":"2 Louse","floor":3,"turns":1},{"damage":0,"enemies":"Cultist","floor":5,"turns":1},{"damage":36,"enemies":"Lagavulin","floor":7,"turns":4},{"damage":2,"enemies":"3 Louse","floor":11,"turns":3},{"damage":0,"enemies":"Exordium Wildlife","floor":12,"turns":1},{"damage":20,"enemies":"3 Sentries","floor":14,"turns":5},{"damage":12,"enemies":"Hexaghost","floor":16,"turns":5},{"damage":4,"enemies":"Shell Parasite","floor":18,"turns":4},{"damage":0,"enemies":"3 Byrds","floor":21,"turns":4},{"damage":27,"enemies":"Snake Plant","floor":22,"turns":3},{"damage":3,"enemies":"Cultist and Chosen","floor":24,"turns":5},{"damage":25,"enemies":"Gremlin Leader","floor":25,"turns":5},{"damage":14,"enemies":"Sentry and Sphere","floor":27,"turns":4},{"damage":38,"enemies":"Slavers","floor":28,"turns":6},{"damage":0,"enemies":"Snecko","floor":29,"turns":4},{"damage":0,"enemies":"Centurion and Healer","floor":31,"turns":4},{"damage":2,"enemies":"Champ","floor":33,"turns":8},{"damage":0,"enemies":"3 Darklings","floor":35,"turns":6},{"damage":5,"enemies":"Orb Walker","floor":39,"turns":5},{"damage":27,"enemies":"Reptomancer","floor":40,"turns":8},{"damage":0,"enemies":"Transient","floor":45,"turns":7},{"damage":42,"enemies":"2 Orb Walkers","floor":48,"turns":7}],"seed_played":"-8633382498832426198","potions_obtained":[{"floor":3,"key":"SpeedPotion"},{"floor":7,"key":"BlessingOfTheForge"},{"floor":11,"key":"SteroidPotion"},{"floor":16,"key":"SteroidPotion"},{"floor":19,"key":"FairyPotion"},{"floor":24,"key":"BottledMiracle"},{"floor":29,"key":"EntropicBrew"},{"floor":33,"key":"Ambrosia"}],"is_trial":false,"path_per_floor":["M","$","M","?","M","R","E","?","T","R","M","M","R","E","R","B",null,"M","?","$","M","M","R","M","E","T","M","E","M","R","M","R","B",null,"M","?","$","?","M","E","T","?","T","R","M","R","?","?"],"character_chosen":"WATCHER","items_purchased":["Adaptation","Membership Card","Toxic Egg 2","LikeWater","Chrysalis+1"],"campfire_rested":4,"item_purchase_floors":[2,20,20,20,37],"current_hp_per_floor":[72,72,72,58,58,58,22,22,22,43,41,41,41,21,21,9,72,68,68,68,68,41,62,59,34,34,20,14,14,35,35,56,54,72,72,72,72,72,67,40,40,40,40,40,40,40,40,0,0],"gold":373,"neow_bonus":"THREE_ENEMY_KILL","is_daily":false,"chose_seed":false,"campfire_upgraded":5,"win_rate":0.0,"timestamp":1610466906,"path_taken":["M","$","M","?","M","R","E","?","T","R","M","M","R","E","R","BOSS","M","?","$","M","M","R","M","E","T","M","E","M","R","?","R","BOSS","M","?","$","?","M","E","?","?","T","R","?","R","?","?"],"items_purchased_type":["Card","Relic","Relic","Card","Card"],"build_version":"2020-12-22","purchased_purges":1,"victory":false,"max_hp_per_floor":[72,72,72,72,72,72,72,72,72,72,72,72,72,72,72,72,72,72,72,72,72,72,72,72,72,72,72,72,72,72,72,72,72,72,72,72,72,72,72,72,72,72,72,72,72,72,72,72,72],"relic_stats":{"counters":[23,101],"Ornamental Fan":[96],"Mummified Hand":[27],"Pen Nib":[18],"Bag of Preparation":[20],"MawBank":132,"Cursed Key":2,"obtain_stats":[{"NeowsBlessing":0,"Damaru":7,"Pen Nib":14,"Bag of Preparation":26,"MawBank":9,"Cursed Key":34,"Anchor":40,"Ornamental Fan":25,"Mummified Hand":28,"Membership Card":20,"Bottled Lightning":43,"PureWater":0,"Toxic Egg 2":20,"Runic Pyramid":17,"Meat on the Bone":41},{"NeowsBlessing":0,"Damaru":4,"Pen Nib":7,"Bag of Preparation":13,"MawBank":4,"Cursed Key":18,"Anchor":21,"Ornamental Fan":13,"Mummified Hand":15,"Membership Card":9,"Bottled Lightning":21,"PureWater":0,"Toxic Egg 2":9,"Runic Pyramid":8,"Meat on the Bone":21},{"NeowsBlessing":0,"Damaru":7,"Pen Nib":16,"Bag of Preparation":42,"MawBank":7,"Cursed Key":68,"Anchor":87,"Ornamental Fan":42,"Mummified Hand":52,"Membership Card":25,"Bottled Lightning":87,"PureWater":0,"Toxic Egg 2":25,"Runic Pyramid":21,"Meat on the Bone":87}],"Meat on the Bone":0},"card_choices":[{"not_picked":["JustLucky","CarveReality","Evaluate"],"picked":"SKIP","floor":1},{"not_picked":["PathToVictory","FollowUp"],"picked":"Tantrum","floor":3},{"not_picked":["Vengeance","Protect"],"picked":"FlurryOfBlows","floor":5},{"not_picked":["ThirdEye","Tantrum"],"picked":"EmptyBody","floor":7},{"not_picked":["ThirdEye","FollowUp","BattleHymn"],"picked":"SKIP","floor":11},{"not_picked":["Halt","Crescendo"],"picked":"ConjureBlade","floor":12},{"not_picked":["Adaptation","Consecrate"],"picked":"Wallop","floor":14},{"not_picked":["DeusExMachina","Alpha"],"picked":"Vault","floor":16},{"not_picked":["FlyingSleeves","Prostrate"],"picked":"FearNoEvil+1","floor":18},{"not_picked":["FearNoEvil","EmptyBody+1"],"picked":"TalkToTheHand+1","floor":21},{"not_picked":["Halt+1","SashWhip+1"],"picked":"Protect+1","floor":22},{"not_picked":["CutThroughFate","FollowUp","Weave"],"picked":"SKIP","floor":24},{"not_picked":["Wireheading","BattleHymn+1"],"picked":"TalkToTheHand+1","floor":25},{"not_picked":["FlurryOfBlows+1","ThirdEye+1"],"picked":"DevaForm","floor":27},{"not_picked":["Evaluate+1","WreathOfFlame+1","PathToVictory+1"],"picked":"SKIP","floor":28},{"not_picked":["Vengeance+1","EmptyFist","WheelKick"],"picked":"SKIP","floor":29},{"not_picked":["Vengeance+1","EmptyFist","WheelKick"],"picked":"SKIP","floor":29},{"not_picked":["CutThroughFate","EmptyFist","FlurryOfBlows"],"picked":"SKIP","floor":31},{"not_picked":["ConjureBlade+1","Alpha+1"],"picked":"Wish+1","floor":33},{"not_picked":["FollowUp+1","BowlingBash"],"picked":"Wallop+1","floor":35},{"not_picked":["Dramatic Entrance","Thinking Ahead+1"],"picked":"Panacea+1","floor":36},{"not_picked":["EmptyBody+1","SandsOfTime+1","Evaluate+1"],"picked":"SKIP","floor":39},{"not_picked":["WaveOfTheHand+1","FlyingSleeves","Judgement+1"],"picked":"SKIP","floor":40},{"not_picked":["ForeignInfluence+1","BowlingBash+1","SignatureMove+1"],"picked":"SKIP","floor":45}],"player_experience":669404,"relics_obtained":[{"floor":7,"key":"Damaru"},{"floor":9,"key":"MawBank"},{"floor":14,"key":"Pen Nib"},{"floor":25,"key":"Ornamental Fan"},{"floor":26,"key":"Bag of Preparation"},{"floor":28,"key":"Mummified Hand"},{"floor":40,"key":"Anchor"},{"floor":41,"key":"Meat on the Bone"},{"floor":43,"key":"Bottled Lightning"}],"event_choices":[{"damage_healed":0,"gold_gain":0,"player_choice":"Entered Light","damage_taken":14,"max_hp_gain":0,"max_hp_loss":0,"event_name":"Shining Light","floor":4,"gold_loss":0,"cards_upgraded":["Tantrum","Strike_P"]},{"cards_removed":["Strike_P"],"damage_healed":0,"gold_gain":0,"player_choice":"Card Removal","damage_taken":0,"max_hp_gain":0,"max_hp_loss":0,"event_name":"The Cleric","floor":8,"gold_loss":50},{"damage_healed":0,"gold_gain":0,"player_choice":"Got Potions","damage_taken":0,"max_hp_gain":0,"max_hp_loss":0,"event_name":"Lab","floor":19,"gold_loss":0},{"damage_healed":0,"gold_gain":0,"player_choice":"Memory 1","damage_taken":0,"max_hp_gain":0,"max_hp_loss":0,"event_name":"SensoryStone","floor":36,"gold_loss":0},{"cards_removed":["FlurryOfBlows"],"damage_healed":0,"gold_gain":0,"player_choice":"Removed Attack","damage_taken":0,"max_hp_gain":0,"max_hp_loss":0,"event_name":"Falling","floor":38,"gold_loss":0},{"cards_removed":["Doubt"],"damage_healed":0,"gold_gain":0,"player_choice":"Upgrade and Remove","damage_taken":0,"max_hp_gain":0,"max_hp_loss":0,"event_name":"Designer","floor":42,"gold_loss":90,"cards_upgraded":["Adaptation"]},{"damage_healed":0,"gold_gain":0,"player_choice":"Ignored","damage_taken":0,"max_hp_gain":0,"max_hp_loss":0,"event_name":"Tomb of Lord Red Mask","floor":47,"gold_loss":0},{"damage_healed":0,"gold_gain":0,"player_choice":"Fight","damage_taken":0,"max_hp_gain":0,"max_hp_loss":0,"event_name":"Mysterious Sphere","floor":48,"gold_loss":0}],"is_beta":false,"boss_relics":[{"not_picked":["Sozu","Runic Dome"],"picked":"Runic Pyramid"},{"not_picked":["Black Star","SacredBark"],"picked":"Cursed Key"}],"items_purged_floors":[20],"is_endless":false,"potions_floor_spawned":[3,7,11,16,21,24,25,29,33,40],"killed_by":"2 Orb Walkers","ascension_level":0}}