{"host":"w9yruvs4bqht6bhw","time":1610423463,"event":{"mods":["BaseMod","Colored Powertips","Minty Spire (QoL Compilation)"],"gold_per_floor":[115,115,128,147,159,159,233,7,7,7,7],"floor_reached":10,"playtime":319,"items_purged":[],"score":84,"play_id":"4b03cdbc-f6c8-4741-b811-93cf54378c58","local_time":"20210111225103","is_ascension_mode":true,"campfire_choices":[{"data":"Feed","floor":6,"key":"SMITH"}],"circlet_count":0,"master_deck":["Strike_R","Strike_R","Strike_R","Strike_R","Strike_R","Defend_R","Defend_R","Defend_R","Defend_R","Bash","Second Wind","Shockwave","Feed+1"],"relics":["Burning Blood","Membership Card","MealTicket","Bottled Lightning"],"acts_visited":["Exordium"],"potions_floor_usage":[10],"damage_taken":[{"damage":12,"enemies":"Jaw Worm","floor":1,"turns":3},{"damage":10,"enemies":"Cultist","floor":3,"turns":4},{"damage":2,"enemies":"Small Slimes","floor":4,"turns":4},{"damage":19,"enemies":"Looter","floor":5,"turns":4},{"damage":53,"enemies":"3 Sentries","floor":10,"turns":9}],"seed_played":"4634908501642173483","potions_obtained":[{"floor":4,"key":"ElixirPotion"},{"floor":5,"key":"Block Potion"}],"is_trial":false,"path_per_floor":["M","?","M","M","M","R","?","$","T","E"],"character_chosen":"IRONCLAD","items_purchased":["Membership Card","MealTicket"],"campfire_rested":0,"item_purchase_floors":[8,8],"current_hp_per_floor":[74,66,62,66,53,53,53,53,53,0,0],"gold":7,"neow_bonus":"TEN_PERCENT_HP_BONUS","is_daily":false,"chose_seed":false,"campfire_upgraded":1,"win_rate":0.0,"timestamp":1610423463,"path_taken":["M","?","M","M","?","R","?","$","T","E"],"items_purchased_type":["Relic","Relic"],"build_version":"2020-12-22","purchased_purges":0,"victory":false,"max_hp_per_floor":[88,88,88,88,88,88,88,88,88,88,88],"card_choices":[{"not_picked":["Thunderclap","Warcry"],"picked":"Second Wind","floor":1},{"not_picked":["Sever Soul","Thunderclap","Warcry"],"picked":"SKIP","floor":3},{"not_picked":["Perfected Strike","Power Through"],"picked":"Shockwave","floor":4},{"not_picked":["Havoc","Shrug It Off"],"picked":"Feed","floor":5}],"player_experience":381492,"relics_obtained":[{"floor":9,"key":"Bottled Lightning"}],"event_choices":[{"damage_healed":0,"gold_gain":0,"player_choice":"Damaged","damage_taken":8,"max_hp_gain":0,"max_hp_loss":0,"event_name":"Wheel of Change","floor":2,"gold_loss":0},{"damage_healed":0,"gold_gain":74,"player_choice":"Gained Gold","damage_taken":0,"max_hp_gain":0,"max_hp_loss":0,"event_name":"Golden Wing","floor":7,"gold_loss":0}],"is_beta":false,"boss_relics":[],"items_purged_floors":[],"is_endless":false,"potions_floor_spawned":[4,5],"killed_by":"3 Sentries","ascension_level":9}}