{"host":"2o3sockympbxxanu","time":1610448010,"event":{"mods":["AchievementEnabler","BaseMod","Colored Map","Colored Powertips","Conspire","Highlight Path","Infinite Spire","Minty Spire (QoL Compilation)","Replay The Spire","Shop Mod","StSLib","SuperFastMode"],"gold_per_floor":[109,139,154,154,43,43,71,71,96,96,110,110,121,148,148,245,245,263,203,203,221,233,233,133,48,48,48,63,87,87,107,107,210,210,237,237,217,243,243,243],"floor_reached":39,"playtime":3272,"items_purged":["Defend_G","Strike_G"],"score":643,"play_id":"56a83d84-7afe-4d6b-89dc-3a1e042a0a7d","local_time":"20210112184010","is_ascension_mode":true,"campfire_choices":[{"data":"Noxious Fumes","floor":6.0,"key":"SMITH"},{"data":"Venomology","floor":8.0,"key":"SMITH"},{"data":"Deadly Poison","floor":10.0,"key":"SMITH"},{"floor":15.0,"key":"REST"},{"data":"PiercingWail","floor":23.0,"key":"SMITH"},{"floor":32.0,"key":"REST"}],"circlet_count":0,"master_deck":["Strike_G","Strike_G","Defend_G","Defend_G","Defend_G","Survivor","Neutralize","Deadly Poison+1","PiercingWail+1","Neutralize","Noxious Fumes+1","Venomology+1","Bane","Bane","Atom Bomb","Bane","Replay:Bag of Tricks","Malaise","Slice","Bane+1","Catalyst","Bane","Corpse Explosion","Cloak And Dagger+1","Dagger Spray+1"],"relics":["Ring of the Serpent","NeowsBlessing","Ancient Tea Set","Torii","Letter Opener","SlaversCollar","MealTicket","Replay:Mystery Machine","Strawberry","infinitespire:EvilPickle"],"acts_visited":["Exordium","TheCity","TheBeyond"],"potions_floor_usage":[38,39],"damage_taken":[{"damage":0.0,"enemies":"Small Slimes","floor":1.0,"turns":1.0},{"damage":0.0,"enemies":"conspire:MimicChest","floor":2.0,"turns":1.0},{"damage":0.0,"enemies":"Jaw Worm","floor":3.0,"turns":1.0},{"damage":20.0,"enemies":"Gremlin Nob","floor":7.0,"turns":5.0},{"damage":0.0,"enemies":"Cultist","floor":11.0,"turns":4.0},{"damage":1.0,"enemies":"Looter","floor":13.0,"turns":3.0},{"damage":22.0,"enemies":"Lagavulin","floor":14.0,"turns":5.0},{"damage":24.0,"enemies":"Fading Forest","floor":16.0,"turns":11.0},{"damage":0.0,"enemies":"Spheric Guardian","floor":18.0,"turns":1.0},{"damage":11.0,"enemies":"3 Byrds","floor":21.0,"turns":5.0},{"damage":1.0,"enemies":"Snake Plant","floor":22.0,"turns":5.0},{"damage":11.0,"enemies":"Shelled Parasite and Fungi","floor":28.0,"turns":2.0},{"damage":24.0,"enemies":"Sentry and Sphere","floor":31.0,"turns":6.0},{"damage":28.0,"enemies":"Pondfish","floor":33.0,"turns":9.0},{"damage":12.0,"enemies":"3 Shapes","floor":35.0,"turns":4.0},{"damage":23,"enemies":"3 Darklings","floor":38,"turns":2},{"damage":43,"enemies":"Jaw Worm Horde","floor":39,"turns":2}],"seed_played":"7774571129876613728","potions_obtained":[{"floor":1.0,"key":"ColorlessPotion"},{"floor":3.0,"key":"Block Potion"},{"floor":11.0,"key":"BlessingOfTheForge"},{"floor":16.0,"key":"Reflective Coating"},{"floor":18.0,"key":"Block Potion"},{"floor":21.0,"key":"GhostInAJar"},{"floor":31.0,"key":"FearPotion"},{"floor":37,"key":"Reflective Coating"}],"is_trial":false,"path_per_floor":["M","?","M","?","$","R","E","R","T","R","M","?","M","E","R","B",null,"M","?","?","M","M","R","$","?","T","?","M","T","?","M","R","B",null,"M","?","?","M","M"],"character_chosen":"THE_SILENT","items_purchased":["Noxious Fumes"],"campfire_rested":2,"item_purchase_floors":[5],"current_hp_per_floor":[70,70,70,70,70,70,50,50,50,50,50,50,49,27,48,32,70,70,70,70,59,58,58,58,58,58,58,47,54,54,30,53,25,77,65,65,65,42,0,0],"gold":243,"neow_bonus":"THREE_ENEMY_KILL","is_daily":false,"chose_seed":false,"campfire_upgraded":4,"win_rate":0.0,"timestamp":1610448010,"path_taken":["M","?","M","?","$","R","E","R","T","R","?","?","M","E","R","BOSS","M","?","?","M","M","R","?","?","T","?","?","?","?","M","R","BOSS","M","?","?","M","M"],"items_purchased_type":["Card"],"build_version":"2020-12-22","purchased_purges":2,"victory":false,"max_hp_per_floor":[70,70,70,70,70,70,70,70,70,70,70,70,70,70,70,70,70,70,70,70,70,70,70,70,70,70,70,70,77,77,77,77,77,77,77,77,77,77,77,77],"card_choices":[{"not_picked":["Reflex","Underhanded Strike","ReplayTheSpireMod:The Works"],"picked":"SKIP","floor":1.0},{"not_picked":["Poisoned Stab","Deflect"],"picked":"Deadly Poison","floor":2.0},{"not_picked":["Quick Slash","Hidden Blade"],"picked":"PiercingWail","floor":3.0},{"not_picked":["Slice","Bane"],"picked":"Venomology","floor":7.0},{"not_picked":["Reflex","Backstab"],"picked":"Bane","floor":11.0},{"not_picked":["Poisoned Stab","Dagger Throw"],"picked":"Bane","floor":13.0},{"not_picked":["Underhanded Strike","ReplayTheSpireMod:Shiv Toss","Prepared"],"picked":"SKIP","floor":14.0},{"not_picked":["Phantasmal Killer","Tools of the Trade"],"picked":"Atom Bomb","floor":16.0},{"not_picked":["Dagger Throw+1","Outmaneuver"],"picked":"Bane","floor":18.0},{"not_picked":["Dagger Throw","Crippling Poison+1"],"picked":"Slice","floor":21.0},{"not_picked":["Sucker Punch","Deflect"],"picked":"Bane+1","floor":22.0},{"not_picked":["Replay:Poison Smokescreen+1","Prepared"],"picked":"Catalyst","floor":28.0},{"not_picked":["Underhanded Strike","ReplayTheSpireMod:Scrap Shanks"],"picked":"Bane","floor":31.0},{"not_picked":["Venomology","Bullet Time"],"picked":"Corpse Explosion","floor":33.0},{"not_picked":["Poisoned Stab","Hidden Blade+1"],"picked":"Cloak And Dagger+1","floor":35.0},{"not_picked":["Prepared+1","Backstab"],"picked":"Dagger Spray+1","floor":38}],"player_experience":294028,"relics_obtained":[{"floor":2.0,"key":"Ancient Tea Set"},{"floor":7.0,"key":"Torii"},{"floor":14.0,"key":"Letter Opener"},{"floor":26.0,"key":"Replay:Mystery Machine"},{"floor":29.0,"key":"Strawberry"}],"event_choices":[{"damage_healed":0.0,"max_hp_gain":0.0,"max_hp_loss":0.0,"gold_gain":0.0,"event_name":"Match and Keep!","player_choice":"1 cards matched","floor":4.0,"gold_loss":0.0,"damage_taken":0.0,"cards_obtained":["Neutralize"]},{"damage_healed":0.0,"max_hp_gain":0.0,"max_hp_loss":0.0,"gold_gain":0.0,"cards_transformed":["Strike_G","Defend_G"],"event_name":"Drug Dealer","player_choice":"Became Test Subject","floor":20.0,"gold_loss":0.0,"damage_taken":0.0,"cards_obtained":["Replay:Bag of Tricks","Malaise"]},{"damage_healed":0.0,"max_hp_gain":0.0,"max_hp_loss":0.0,"gold_gain":0.0,"event_name":"Addict","player_choice":"Obtained Relic","floor":25.0,"gold_loss":85.0,"damage_taken":0.0,"relics_obtained":["MealTicket"]},{"damage_healed":0.0,"max_hp_gain":0.0,"max_hp_loss":0.0,"gold_gain":0.0,"event_name":"Ghosts","player_choice":"Ignored","floor":27.0,"gold_loss":0.0,"damage_taken":0.0},{"damage_healed":0,"gold_gain":0,"player_choice":"Bought 1 Potion","damage_taken":0,"max_hp_gain":0,"max_hp_loss":0,"event_name":"The Woman in Blue","floor":37,"gold_loss":0}],"is_beta":false,"boss_relics":[{"not_picked":["Runic Pyramid","Painkiller Herb"],"picked":"SlaversCollar"},{"not_picked":["conspire:RunicOctahedron","Fusion Hammer"],"picked":"Ring of the Serpent"}],"items_purged_floors":[5,24],"is_endless":false,"potions_floor_spawned":[1,3,11,16,18,21,31],"killed_by":"Jaw Worm Horde","ascension_level":3}}