{"host":"FirstDane","time":1610417719,"event":{"mods":["BaseMod","Bestiary","Highlight Path","Minty Spire (QoL Compilation)","Relic Stats","Slay the Relics Exporter"],"gold_per_floor":[364,37,51,64,139,139,164,164,164,195,195,211,240,254,254,329,329,345,358,358,369,216,246,91,91,114,134,152,164,164,198,198,273,273,289,289,3,13,13,13,38,72,72,122,136,161,175,186,186,186,186,186,186,36,70,70],"floor_reached":57,"playtime":6683,"items_purged":["Strike_G","Strike_G","Strike_G","Strike_G"],"score":2819,"play_id":"2f508868-3945-4bd4-9943-2df4458bbfac","local_time":"20210111201519","is_ascension_mode":true,"campfire_choices":[{"data":"Skewer","floor":6,"key":"SMITH"},{"data":"Flying Knee","floor":8,"key":"SMITH"},{"data":"Noxious Fumes","floor":15,"key":"SMITH"},{"floor":25,"key":"REST"},{"data":"Wraith Form v2","floor":30,"key":"SMITH"},{"data":"Corpse Explosion","floor":32,"key":"SMITH"},{"floor":40,"key":"RECALL"},{"data":"Wraith Form v2","floor":49,"key":"SMITH"},{"data":"Strike_G","floor":53,"key":"PURGE"}],"circlet_count":0,"master_deck":["AscendersBane","Defend_G","Defend_G","Defend_G","Defend_G","Defend_G+1","Survivor+1","Neutralize","PiercingWail","Skewer+1","Flying Knee+1","Corpse Explosion+1","Predator","Noxious Fumes+1","Backstab","Prepared+1","Wraith Form v2+1","Acrobatics+1","Dodge and Roll+1","Backflip+1","Outmaneuver+1","Catalyst+1","Night Terror+1","Footwork","Cloak And Dagger+1","Blade Dance+1","PiercingWail+1","Wraith Form v2+1","Acrobatics+1","Malaise+1","Crippling Poison+1"],"relics":["Ring of the Snake","PreservedInsect","Bag of Marbles","Kunai","Toxic Egg 2","Strawberry","Blood Vial","Runic Dome","Pen Nib","Akabeko","Incense Burner","Coffee Dripper","Bag of Preparation","Peace Pipe","War Paint","Pocketwatch","Vajra"],"acts_visited":["Exordium","TheCity","TheBeyond","TheEnding"],"potions_floor_usage":[10,16,18,19,21,33,56,56],"damage_taken":[{"damage":10,"enemies":"Jaw Worm","floor":1,"turns":7},{"damage":1,"enemies":"Small Slimes","floor":3,"turns":4},{"damage":0,"enemies":"Cultist","floor":4,"turns":3},{"damage":8,"enemies":"Gremlin Nob","floor":7,"turns":3},{"damage":5,"enemies":"Lagavulin","floor":10,"turns":4},{"damage":7,"enemies":"Exordium Wildlife","floor":12,"turns":3},{"damage":2,"enemies":"3 Sentries","floor":13,"turns":2},{"damage":0,"enemies":"Looter","floor":14,"turns":1},{"damage":25,"enemies":"Slime Boss","floor":16,"turns":6},{"damage":1,"enemies":"3 Byrds","floor":18,"turns":5},{"damage":5,"enemies":"2 Thieves","floor":19,"turns":2},{"damage":0,"enemies":"Snecko","floor":21,"turns":4},{"damage":40,"enemies":"Book of Stabbing","floor":23,"turns":5},{"damage":6,"enemies":"Shelled Parasite and Fungi","floor":27,"turns":3},{"damage":0,"enemies":"Chosen and Byrds","floor":28,"turns":3},{"damage":7,"enemies":"Snake Plant","floor":29,"turns":5},{"damage":0,"enemies":"Gremlin Leader","floor":31,"turns":3},{"damage":16,"enemies":"Automaton","floor":33,"turns":5},{"damage":0,"enemies":"3 Darklings","floor":35,"turns":3},{"damage":0,"enemies":"Orb Walker","floor":38,"turns":1},{"damage":0,"enemies":"Mind Bloom Boss Battle","floor":41,"turns":7},{"damage":0,"enemies":"Reptomancer","floor":42,"turns":6},{"damage":0,"enemies":"Sphere and 2 Shapes","floor":45,"turns":5},{"damage":1,"enemies":"Giant Head","floor":46,"turns":5},{"damage":0,"enemies":"Jaw Worm Horde","floor":47,"turns":1},{"damage":16,"enemies":"3 Darklings","floor":48,"turns":3},{"damage":17,"enemies":"Donu and Deca","floor":50,"turns":5},{"damage":20,"enemies":"Awakened One","floor":51,"turns":27},{"damage":19,"enemies":"Shield and Spear","floor":55,"turns":8},{"damage":36,"enemies":"The Heart","floor":56,"turns":9}],"seed_played":"-8467510770764391845","potions_obtained":[{"floor":1,"key":"ColorlessPotion"},{"floor":7,"key":"Swift Potion"},{"floor":10,"key":"SmokeBomb"},{"floor":12,"key":"SteroidPotion"},{"floor":16,"key":"LiquidMemories"},{"floor":18,"key":"Poison Potion"},{"floor":23,"key":"PowerPotion"},{"floor":33,"key":"Poison Potion"},{"floor":42,"key":"DuplicationPotion"}],"is_trial":false,"path_per_floor":["M","$","M","M","?","R","E","R","T","E","?","M","E","M","R","B",null,"M","M","?","M","$","E","$","R","T","M","M","M","R","E","R","B",null,"M","?","$","M","?","R","?","E","T","?","M","E","M","M","R","B","B",null,"R","$","E","B",null],"character_chosen":"THE_SILENT","items_purchased":["PreservedInsect","Bag of Marbles","Catalyst+1","Poison Potion","Bag of Preparation"],"campfire_rested":1,"item_purchase_floors":[2,2,22,24,37],"current_hp_per_floor":[49,49,48,48,37,37,29,29,29,31,53,46,44,46,46,23,56,57,54,54,56,56,18,18,38,38,34,36,31,31,33,33,19,55,57,57,57,59,59,59,61,63,63,63,64,63,64,48,48,33,15,52,52,52,35,1],"gold":70,"neow_bonus":"TWO_FIFTY_GOLD","is_daily":false,"chose_seed":false,"campfire_upgraded":6,"win_rate":0.0,"timestamp":1610417719,"path_taken":["M","$","M","M","?","R","E","R","T","E","?","M","E","M","R","BOSS","M","M","?","M","$","E","$","R","T","?","M","M","R","E","R","BOSS","M","?","$","M","?","R","?","E","T","?","M","E","M","M","R","BOSS","BOSS","R","$","E","BOSS"],"items_purchased_type":["Relic","Relic","Card","Potion","Relic"],"build_version":"2020-12-18","purchased_purges":4,"victory":true,"max_hp_per_floor":[60,60,60,60,60,60,60,60,60,67,67,67,67,67,67,67,67,67,67,67,67,67,67,67,67,67,67,67,67,67,67,67,67,67,67,67,67,67,64,64,64,64,64,64,64,64,64,64,64,64,64,64,64,64,64,64],"relic_stats":{"Blood Vial":40,"Peace Pipe":1,"counters":[30,148],"PreservedInsect":454,"Pen Nib":[20],"Bag of Preparation":[22],"Kunai":[55],"War Paint":["Survivor","Defend_G"],"obtain_stats":[{"Vajra":55,"PreservedInsect":2,"Pen Nib":23,"Incense Burner":31,"Bag of Preparation":37,"War Paint":42,"Akabeko":26,"Blood Vial":13,"Peace Pipe":41,"Runic Dome":17,"Strawberry":10,"Bag of Marbles":2,"Coffee Dripper":34,"Kunai":7,"Toxic Egg 2":9,"Ring of the Snake":0,"Pocketwatch":46},{"Vajra":29,"PreservedInsect":1,"Pen Nib":13,"Incense Burner":17,"Bag of Preparation":19,"War Paint":22,"Akabeko":13,"Blood Vial":7,"Peace Pipe":21,"Runic Dome":9,"Strawberry":5,"Bag of Marbles":1,"Coffee Dripper":18,"Kunai":4,"Toxic Egg 2":4,"Ring of the Snake":0,"Pocketwatch":24},{"Vajra":139,"PreservedInsect":7,"Pen Nib":49,"Incense Burner":63,"Bag of Preparation":71,"War Paint":85,"Akabeko":49,"Blood Vial":26,"Peace Pipe":79,"Runic Dome":33,"Strawberry":21,"Bag of Marbles":7,"Coffee Dripper":68,"Kunai":17,"Toxic Egg 2":17,"Ring of the Snake":0,"Pocketwatch":95}],"Ring of the Snake":[60],"Pocketwatch":[90]},"card_choices":[{"not_picked":["Prepared","Cloak And Dagger"],"picked":"PiercingWail","floor":1},{"not_picked":["Infinite Blades","Dagger Throw"],"picked":"Skewer","floor":3},{"not_picked":["Blade Dance","Accuracy"],"picked":"Flying Knee","floor":4},{"not_picked":["Dagger Throw","Poisoned Stab"],"picked":"Corpse Explosion","floor":7},{"not_picked":["Deflect+1","Quick Slash"],"picked":"Predator","floor":10},{"not_picked":["Bane","Flying Knee"],"picked":"Noxious Fumes","floor":12},{"not_picked":["Finisher","Caltrops"],"picked":"Backstab","floor":13},{"not_picked":["Concentrate+1","Dagger Spray"],"picked":"Prepared+1","floor":14},{"not_picked":["Venomology+1","Phantasmal Killer+1"],"picked":"Wraith Form v2","floor":16},{"not_picked":["Underhanded Strike","Distraction+1"],"picked":"Acrobatics+1","floor":18},{"not_picked":["Choke","Bane"],"picked":"Dodge and Roll+1","floor":19},{"not_picked":["Accuracy","Endless Agony"],"picked":"Outmaneuver+1","floor":21},{"not_picked":["Skewer","Slice+1"],"picked":"Night Terror+1","floor":23},{"not_picked":["Poisoned Stab","Sucker Punch"],"picked":"Footwork","floor":27},{"not_picked":["Dodge and Roll+1","Outmaneuver+1"],"picked":"Cloak And Dagger+1","floor":28},{"not_picked":["Die Die Die","Cloak And Dagger+1"],"picked":"Blade Dance+1","floor":29},{"not_picked":["Dagger Spray","Dash"],"picked":"PiercingWail+1","floor":31},{"not_picked":["Unload","Die Die Die"],"picked":"Wraith Form v2","floor":33},{"not_picked":["Bane","Skewer","Prepared+1"],"picked":"SKIP","floor":35},{"not_picked":["Bane","Skewer","Prepared+1"],"picked":"SKIP","floor":35},{"not_picked":["Expertise+1","Quick Slash+1","Sucker Punch+1"],"picked":"SKIP","floor":38},{"not_picked":["Expertise+1","Quick Slash+1","Sucker Punch+1"],"picked":"SKIP","floor":38},{"not_picked":["Underhanded Strike","Finisher","Flechettes"],"picked":"SKIP","floor":42},{"not_picked":["Finisher","Dagger Throw"],"picked":"Acrobatics+1","floor":45},{"not_picked":["Eviscerate","Sucker Punch"],"picked":"Malaise+1","floor":46},{"not_picked":["PiercingWail+1","Flying Knee","Slice+1"],"picked":"SKIP","floor":47},{"not_picked":["Quick Slash","Prepared+1","Dodge and Roll+1"],"picked":"SKIP","floor":48},{"not_picked":["Flying Knee","Cloak And Dagger+1"],"picked":"Crippling Poison+1","floor":55}],"player_experience":3888015,"relics_obtained":[{"floor":7,"key":"Kunai"},{"floor":9,"key":"Toxic Egg 2"},{"floor":10,"key":"Strawberry"},{"floor":13,"key":"Blood Vial"},{"floor":23,"key":"Pen Nib"},{"floor":26,"key":"Akabeko"},{"floor":31,"key":"Incense Burner"},{"floor":41,"key":"Peace Pipe"},{"floor":42,"key":"War Paint"},{"floor":46,"key":"Pocketwatch"},{"floor":55,"key":"Vajra"}],"event_choices":[{"damage_healed":0,"gold_gain":75,"player_choice":"Gather Gold","damage_taken":11,"max_hp_gain":0,"max_hp_loss":0,"event_name":"World of Goop","floor":5,"gold_loss":0},{"damage_healed":22,"gold_gain":0,"player_choice":"Banana","damage_taken":0,"max_hp_gain":0,"max_hp_loss":0,"event_name":"Big Fish","floor":11,"gold_loss":0},{"damage_healed":0,"gold_gain":0,"player_choice":"1 cards matched","damage_taken":0,"max_hp_gain":0,"max_hp_loss":0,"event_name":"Match and Keep!","floor":20,"gold_loss":0,"cards_obtained":["Backflip"]},{"damage_healed":0,"gold_gain":0,"player_choice":"Ignored","damage_taken":0,"max_hp_gain":0,"max_hp_loss":0,"event_name":"Tomb of Lord Red Mask","floor":36,"gold_loss":0},{"damage_healed":0,"gold_gain":0,"player_choice":"Max HP","damage_taken":0,"max_hp_gain":0,"max_hp_loss":3,"event_name":"Winding Halls","floor":39,"gold_loss":0},{"damage_healed":0,"gold_gain":0,"player_choice":"Fight","damage_taken":0,"max_hp_gain":0,"max_hp_loss":0,"event_name":"MindBloom","floor":41,"gold_loss":0},{"damage_healed":0,"gold_gain":50,"player_choice":"Pray","damage_taken":0,"max_hp_gain":0,"max_hp_loss":0,"event_name":"Golden Shrine","floor":44,"gold_loss":0}],"is_beta":true,"boss_relics":[{"not_picked":["Philosopher\u0027s Stone","Ectoplasm"],"picked":"Runic Dome"},{"not_picked":["SacredBark","Velvet Choker"],"picked":"Coffee Dripper"}],"items_purged_floors":[22,24,37,54],"is_endless":false,"potions_floor_spawned":[1,7,10,12,16,18,23,33,41,42,45],"ascension_level":20}}