{"host":"z2o61o1qvcmvhuul","time":1610427046,"event":{"mods":["Act Like it!","BaseMod","Downfall","Minty Spire (QoL Compilation)","Quick Restart","StSLib","SuperFastMode"],"gold_per_floor":[99,111,129,149,149,59,85,101,101,130,158,83,83,105,132,238,238,238,260,260,273,293,378,426,440,440,8,25,35,35,35,45,140,140,140,155,170,33,33,33,33,60,24,74,74,88,99,99],"floor_reached":49,"playtime":2154,"items_purged":["hexamod:Strike","hexamod:Defend"],"score":971,"play_id":"de96ff11-62b7-493d-893c-442bae5bfcdd","local_time":"20210112125046","is_ascension_mode":false,"campfire_choices":[{"data":"hexamod:Sear","floor":1,"key":"SMITH"},{"data":"hexamod:GhostOfSpirePast","floor":9,"key":"SMITH"},{"floor":12,"key":"REST"},{"data":"hexamod:GiftsFromTheDead","floor":18,"key":"SMITH"},{"data":"True Grit","floor":30,"key":"SMITH"},{"floor":35,"key":"RECALL"}],"circlet_count":0,"master_deck":["hexamod:Defend+1","hexamod:Defend","hexamod:Defend","hexamod:Sear+1","hexamod:Float","hexamod:NecessarySacrifice","hexamod:GhostOfSpirePast+1","hexamod:AdvancingGuard+1","hexamod:ExtraCrispy+1","hexamod:NightmareGuise","hexamod:InspiringFlames","hexamod:AdvancingGuard+1","hexamod:HexaLevel","hexamod:Incineration","hexamod:SearingWound+1","hexamod:GhostShield","hexamod:Hexaguard+1","hexamod:TimeOfNeed+1","hexamod:GiftsFromTheDead+1","hexamod:BacktrackSmack+1","hexamod:PhantomCloak+1","hexamod:CrushingStance+1","hexamod:NightmareGuise","hexamod:ThirdSeal","hexamod:RainOfEmbers+1","hexamod:TimeWarp","hexamod:HeatCrush","hexamod:EtherealExpedition+1","Master of Strategy","hexamod:Hexaguard","True Grit+1","hexamod:FastForward","hexamod:Rewind+1","Slimebound:Replication+1","Guardian:Gem_Synthetic","White Noise+1","hexamod:SixthSeal","expansioncontent:DefensiveMode","expansioncontent:ChargeUp+1","expansioncontent:ManipulateTime+1","hexamod:FastForward+1","sneckomod:UnknownClassPURPLE+1","hexamod:FlamesFromBeyond+1","hexamod:RadiantFlame+1","champ:DefensiveStyle+1","champ:DeathBlow+1","Envenom+1","Crescendo+1","Discovery+1"],"relics":["hexamod:SpiritBrand","Omamori","Happy Flower","downfall:HeartBlessingGreen","Astrolabe","hexamod:TheBrokenSeal","Bronze Scales","PrismaticShard","Toxic Egg 2","Calling Bell","Strawberry","Mercury Hourglass","Ginger","Frozen Egg 2","Incense Burner","downfall:TeleportStone"],"acts_visited":["Exordium","TheCity","TheBeyond"],"potions_floor_usage":[8,8,10,15,16,19,22,36,36,36,47,48,48,48],"damage_taken":[{"damage":0,"enemies":"Small Slimes","floor":2,"turns":4},{"damage":0,"enemies":"Cultist","floor":3,"turns":3},{"damage":2,"enemies":"2 Louse","floor":4,"turns":4},{"damage":0,"enemies":"downfall:FleeingMerchant","floor":6,"turns":4},{"damage":3,"enemies":"Gremlin Gang","floor":8,"turns":4},{"damage":48,"enemies":"Gremlin Nob","floor":10,"turns":6},{"damage":6,"enemies":"Blue Slaver","floor":11,"turns":5},{"damage":17,"enemies":"Exordium Wildlife","floor":13,"turns":6},{"damage":0,"enemies":"Blue Slaver","floor":14,"turns":4},{"damage":3,"enemies":"Exordium Thugs","floor":15,"turns":5},{"damage":26,"enemies":"downfall:Ironclad","floor":16,"turns":12},{"damage":30,"enemies":"Chosen","floor":19,"turns":8},{"damage":0,"enemies":"Shell Parasite","floor":21,"turns":5},{"damage":6,"enemies":"Shelled Parasite and Fungi","floor":22,"turns":6},{"damage":0,"enemies":"Chosen and Byrds","floor":25,"turns":6},{"damage":0,"enemies":"downfall:FleeingMerchant","floor":27,"turns":4},{"damage":0,"enemies":"Centurion and Healer","floor":28,"turns":4},{"damage":0,"enemies":"downfall:FleeingMerchant","floor":29,"turns":4},{"damage":0,"enemies":"Snake Plant","floor":32,"turns":3},{"damage":13,"enemies":"downfall:Silent","floor":33,"turns":6},{"damage":0,"enemies":"3 Shapes","floor":36,"turns":3},{"damage":14,"enemies":"3 Darklings","floor":37,"turns":4},{"damage":24,"enemies":"Giant Head","floor":42,"turns":7},{"damage":5,"enemies":"Mind Bloom Boss Battle","floor":44,"turns":4},{"damage":0,"enemies":"Spire Growth","floor":46,"turns":4},{"damage":33,"enemies":"4 Shapes","floor":47,"turns":7},{"damage":7,"enemies":"downfall:Defect","floor":48,"turns":7}],"seed_played":"4696359742111221541","potions_obtained":[{"floor":3,"key":"Slimebound:ThreeZeroPotion"},{"floor":5,"key":"FairyPotion"},{"floor":5,"key":"Fire Potion"},{"floor":5,"key":"Fire Potion"},{"floor":11,"key":"SteroidPotion"},{"floor":14,"key":"Block Potion"},{"floor":15,"key":"hexamod:EctoCoolerPotion"},{"floor":16,"key":"AttackPotion"},{"floor":19,"key":"Fire Potion"},{"floor":32,"key":"EntropicBrew"},{"floor":33,"key":"LiquidBronze"},{"floor":47,"key":"BlessingOfTheForge"}],"is_trial":false,"path_per_floor":["R","M","M","M","?","$","T","M","R","E","M","R","M","M","M","B",null,"R","M","?","M","M","?","T","M","?","$","M","$","R","$","M","B",null,"R","M","M","$","?","?","T","E","$","?","?","M","M","B",null],"character_chosen":"THE_SPIRIT","items_purchased":["PrismaticShard","Master of Strategy","Toxic Egg 2","hexamod:Rewind+1","hexamod:SixthSeal","hexamod:FlamesFromBeyond+1"],"campfire_rested":1,"item_purchase_floors":[27,27,29,29,38,43],"current_hp_per_floor":[77,77,77,75,75,75,75,72,72,24,18,41,24,24,28,2,77,77,87,87,87,81,67,67,67,67,67,67,67,67,67,67,54,94,94,94,80,80,70,70,70,46,46,41,41,41,8,7],"gold":99,"neow_bonus":"TEN_PERCENT_HP_BONUS","is_daily":false,"chose_seed":false,"campfire_upgraded":4,"win_rate":0.0,"timestamp":1610427046,"path_taken":["R","M","M","M","?","$","T","M","R","E","M","R","M","?","M","BOSS","R","M","?","M","?","?","T","M","?","?","M","$","R","?","M","BOSS","R","M","M","$","?","?","T","E","$","?","?","?","M","BOSS"],"items_purchased_type":["Relic","Card","Relic","Card","Card","Card"],"build_version":"2020-12-22","purchased_purges":2,"victory":true,"max_hp_per_floor":[77,77,77,77,77,77,77,77,77,77,77,77,77,77,77,77,77,77,87,87,87,87,87,87,87,87,87,87,87,87,87,87,87,94,94,94,94,94,94,94,94,94,94,94,94,94,94,94],"card_choices":[{"not_picked":["hexamod:NightmareGuise","hexamod:SwordOfDarkness"],"picked":"hexamod:NecessarySacrifice","floor":2},{"not_picked":["hexamod:NightmareGuise","hexamod:HauntingEcho"],"picked":"hexamod:GhostOfSpirePast","floor":3},{"not_picked":["hexamod:NightmareStrike","hexamod:PhantomFireball"],"picked":"hexamod:FifthSeal","floor":4},{"not_picked":["hexamod:SecondSeal","hexamod:FourthSeal"],"picked":"hexamod:ThirdSeal","floor":6},{"not_picked":["hexamod:GhostShield","hexamod:SpectralAdrenaline"],"picked":"hexamod:AdvancingGuard","floor":6},{"not_picked":["hexamod:BacktrackSmack","hexamod:SwordOfDarkness"],"picked":"hexamod:ExtraCrispy","floor":8},{"not_picked":["hexamod:FourthSeal","hexamod:SecondSeal"],"picked":"hexamod:SixthSeal","floor":8},{"not_picked":["hexamod:ShieldOfDarkness","hexamod:GhostLash"],"picked":"hexamod:NightmareGuise","floor":8},{"not_picked":["hexamod:SixthSeal","hexamod:ThirdSeal"],"picked":"hexamod:SecondSeal","floor":10},{"not_picked":["hexamod:HauntingEcho","hexamod:SpectersWail"],"picked":"hexamod:InspiringFlames","floor":10},{"not_picked":["hexamod:RadiantFlame","hexamod:Rewind"],"picked":"hexamod:AdvancingGuard","floor":11},{"not_picked":["hexamod:NecessarySacrifice","hexamod:FastForward"],"picked":"hexamod:HexaLevel","floor":11},{"not_picked":["hexamod:FourthSeal","hexamod:ThirdSeal"],"picked":"hexamod:FirstSeal","floor":13},{"not_picked":["hexamod:SwordOfDarkness","hexamod:GhostLash"],"picked":"hexamod:Incineration","floor":13},{"not_picked":["hexamod:GhostOfSpirePresent","hexamod:PhantomFireball","hexamod:NightmareStrike"],"picked":"SKIP","floor":13},{"not_picked":["hexamod:BacktrackSmack","hexamod:SoulSteal"],"picked":"hexamod:SearingWound","floor":14},{"not_picked":["hexamod:ThermalTransfer","hexamod:InspiringFlames"],"picked":"hexamod:GhostShield","floor":15},{"not_picked":["hexamod:GhostLash","hexamod:SuperheatedStrike"],"picked":"hexamod:Hexaguard","floor":15},{"not_picked":["hexamod:ParanormalForm","hexamod:UnlimitedPower"],"picked":"hexamod:TimeOfNeed","floor":16},{"not_picked":["hexamod:FirstSeal","hexamod:SecondSeal"],"picked":"hexamod:FourthSeal","floor":16},{"not_picked":["hexamod:ParanormalForm","hexamod:UnlimitedPower"],"picked":"hexamod:GiftsFromTheDead","floor":16},{"not_picked":["hexamod:SwordOfDarkness","hexamod:ThermalTransfer"],"picked":"hexamod:NightmareGuise","floor":19},{"not_picked":["hexamod:Firestarter+1","hexamod:ThermalTransfer","hexamod:HauntingEcho"],"picked":"SKIP","floor":21},{"not_picked":["hexamod:SuperheatedStrike","hexamod:NecessarySacrifice+1"],"picked":"hexamod:ThirdSeal","floor":22},{"not_picked":["hexamod:CatchUp","hexamod:SwordOfDarkness"],"picked":"hexamod:RainOfEmbers+1","floor":25},{"not_picked":["hexamod:ShieldOfDarkness","hexamod:SpectersWail"],"picked":"hexamod:TimeWarp","floor":25},{"not_picked":["hexamod:GhostShield+1","hexamod:ChargedBarrage"],"picked":"hexamod:EtherealExpedition","floor":27},{"not_picked":["hexamod:GhostLash","hexamod:TimeWarp","hexamod:RainOfEmbers"],"picked":"SKIP","floor":27},{"not_picked":["hexamod:GhostLash","EmptyBody"],"picked":"hexamod:Hexaguard","floor":28},{"not_picked":["Leap","sneckomod:QuickBite","sneckomod:UnknownCommonSkill"],"picked":"SKIP","floor":28},{"not_picked":["champ:FanOfKnives","Guardian:TemporalStrike"],"picked":"True Grit","floor":29},{"not_picked":["Guardian:PrimingBeam","EmptyFist+1"],"picked":"hexamod:FastForward","floor":29},{"not_picked":["Guardian:Suspension+1","sneckomod:UnknownClassGUARDIAN+1"],"picked":"Slimebound:Replication+1","floor":32},{"not_picked":["sneckomod:UnlimitedRolls","sneckomod:UnknownColorless+1"],"picked":"Guardian:Gem_Synthetic","floor":33},{"not_picked":["champ:FanOfKnives+1","Slimebound:FinishingTackle","Slimebound:RollThrough+1"],"picked":"SKIP","floor":36},{"not_picked":["Slimebound:SplitBruiser+1","Bane"],"picked":"White Noise+1","floor":37},{"not_picked":["sneckomod:DiceBlock+1","Fasting2","Slimebound:LeechingTouch"],"picked":"SKIP","floor":37},{"not_picked":["expansioncontent:HyperBeam","expansioncontent:DonusPower+1"],"picked":"expansioncontent:DefensiveMode","floor":39},{"not_picked":["expansioncontent:CaCaw","expansioncontent:GuardianWhirl"],"picked":"expansioncontent:ChargeUp+1","floor":39},{"not_picked":["expansioncontent:CaCaw","expansioncontent:Chronoboost"],"picked":"expansioncontent:ManipulateTime+1","floor":39},{"not_picked":["sneckomod:RainOfDice","Armaments+1"],"picked":"hexamod:FastForward+1","floor":42},{"not_picked":["Reflex+1","Sweeping Beam"],"picked":"sneckomod:UnknownClassPURPLE+1","floor":42},{"not_picked":["Guardian:Gem_Red","sneckomod:SoulRoll+1"],"picked":"hexamod:RadiantFlame+1","floor":44},{"not_picked":["Guardian:RefractedBeam","Guardian:Gem_Red"],"picked":"champ:DefensiveStyle+1","floor":44},{"not_picked":["Slimebound:SplitMire+1","Sunder+1"],"picked":"champ:DeathBlow+1","floor":46},{"not_picked":["CrushJoints","Slimebound:SplitAcid+1"],"picked":"Envenom+1","floor":46},{"not_picked":["Forethought+1","Stack+1"],"picked":"Crescendo+1","floor":47},{"not_picked":["champ:TornadoPunch","Exhume+1"],"picked":"Discovery+1","floor":47}],"player_experience":439119,"relics_obtained":[{"floor":7,"key":"Omamori"},{"floor":10,"key":"Happy Flower"},{"floor":24,"key":"Bronze Scales"},{"floor":34,"key":"Strawberry"},{"floor":34,"key":"Mercury Hourglass"},{"floor":34,"key":"Ginger"},{"floor":42,"key":"Frozen Egg 2"},{"floor":44,"key":"Incense Burner"}],"event_choices":[{"damage_healed":0,"gold_gain":0,"player_choice":"Got Potions","damage_taken":0,"max_hp_gain":0,"max_hp_loss":0,"event_name":"Lab","floor":5,"gold_loss":0},{"damage_healed":0,"gold_gain":0,"player_choice":"Upgraded","damage_taken":0,"max_hp_gain":0,"max_hp_loss":0,"event_name":"Upgrade Shrine","floor":20,"gold_loss":0,"cards_upgraded":["hexamod:TimeOfNeed"]},{"damage_healed":0,"gold_gain":0,"player_choice":"Read","damage_taken":0,"max_hp_gain":0,"max_hp_loss":0,"event_name":"The Library","floor":26,"gold_loss":0,"cards_obtained":["hexamod:HeatCrush"]},{"damage_healed":0,"gold_gain":0,"player_choice":"Forge","damage_taken":0,"max_hp_gain":0,"max_hp_loss":0,"event_name":"Accursed Blacksmith","floor":40,"gold_loss":0,"cards_upgraded":["hexamod:EtherealExpedition"]}],"is_beta":false,"boss_relics":[{"not_picked":["Coffee Dripper","Empty Cage"],"picked":"Astrolabe"},{"not_picked":["Pandora\u0027s Box","Busted Crown"],"picked":"Calling Bell"}],"items_purged_floors":[6,27],"is_endless":false,"potions_floor_spawned":[3,11,14,15,16,19,32,33,36,42,47],"ascension_level":0}}