{"host":"2sr8q4b3ioepghas","time":1610414262,"event":{"mods":["BaseMod","Bestiary","Colored Map","Curses Come First","FTL Soundtrack","Minty Spire (QoL Compilation)","Permanent Neow","Quick Restart","Rare Cards Sparkle","StSLib","UnlockEverythingMod"],"gold_per_floor":[111,36,8,8,8,8,36,36,89,122,142,142,152,68,68,142,142,155,70,70,83,99,99,99],"floor_reached":23,"playtime":1910,"items_purged":[],"score":419,"play_id":"c6151136-db1a-41ee-af4f-283a99bd1ad9","local_time":"20210112111742","is_ascension_mode":true,"campfire_choices":[{"data":"Wild Strike","floor":6,"key":"SMITH"},{"floor":8,"key":"REST"},{"floor":12,"key":"REST"},{"floor":15,"key":"REST"}],"circlet_count":0,"master_deck":["AscendersBane","Strike_R","Strike_R+1","Strike_R+1","Defend_R","Defend_R","Defend_R","Defend_R","Bash","Wild Strike+1","Anger","Metallicize","Feed","Perfected Strike","Whirlwind","Immolate","Flex","Second Wind"],"relics":["SacredBark","White Beast Statue","Strawberry","Whetstone","WingedGreaves","Runic Pyramid","Akabeko"],"acts_visited":["Exordium","TheCity"],"potions_floor_usage":[10,16,18,21,22,23],"damage_taken":[{"damage":6,"enemies":"2 Louse","floor":1,"turns":4},{"damage":53,"enemies":"Lagavulin","floor":7,"turns":7},{"damage":32,"enemies":"3 Sentries","floor":10,"turns":13},{"damage":7,"enemies":"Jaw Worm","floor":11,"turns":2},{"damage":4,"enemies":"Small Slimes","floor":13,"turns":5},{"damage":51,"enemies":"Slime Boss","floor":16,"turns":14},{"damage":11,"enemies":"3 Byrds","floor":18,"turns":1},{"damage":13,"enemies":"Spheric Guardian","floor":21,"turns":4},{"damage":21,"enemies":"Snecko","floor":22,"turns":4},{"damage":79,"enemies":"Gremlin Leader","floor":23,"turns":6}],"seed_played":"-4748575764838510199","potions_obtained":[{"floor":7,"key":"Block Potion"},{"floor":10,"key":"Weak Potion"},{"floor":11,"key":"LiquidBronze"},{"floor":16,"key":"Fire Potion"},{"floor":18,"key":"BlessingOfTheForge"},{"floor":21,"key":"Strength Potion"},{"floor":22,"key":"Regen Potion"}],"is_trial":false,"path_per_floor":["M","?","$","?","T","R","E","R","T","E","M","R","M","$","R","B",null,"M","?","?","M","M","E"],"character_chosen":"IRONCLAD","items_purchased":["Anger","Whirlwind"],"campfire_rested":3,"item_purchase_floors":[3,14],"current_hp_per_floor":[62,62,62,62,62,62,16,40,40,8,4,29,28,28,54,6,70,59,59,59,50,32,0,0],"gold":99,"neow_bonus":"BOSS_RELIC","is_daily":false,"chose_seed":false,"campfire_upgraded":1,"win_rate":0.0,"timestamp":1610414262,"path_taken":["M","?","$","?","?","R","E","R","T","E","M","R","M","$","R","BOSS","M","?","?","M","?","E"],"items_purchased_type":["Card","Card"],"build_version":"2020-12-22","purchased_purges":0,"victory":false,"max_hp_per_floor":[75,75,75,75,75,75,82,82,82,82,85,85,88,88,88,91,91,91,91,91,95,98,98,98],"card_choices":[{"not_picked":["Clash","Shrug It Off"],"picked":"Wild Strike","floor":1},{"not_picked":["Armaments","Infernal Blade"],"picked":"Metallicize","floor":7},{"not_picked":["Flex","Pummel"],"picked":"Feed","floor":10},{"not_picked":["Infernal Blade","Intimidate","Cleave"],"picked":"SKIP","floor":11},{"not_picked":["Flex","Warcry"],"picked":"Perfected Strike","floor":13},{"not_picked":["Juggernaut","Feed"],"picked":"Immolate","floor":16},{"not_picked":["Rage","Cleave"],"picked":"Flex","floor":18},{"not_picked":["Pommel Strike","Clash"],"picked":"Second Wind","floor":21},{"not_picked":["Body Slam","Warcry","Perfected Strike"],"picked":"SKIP","floor":22}],"player_experience":45156,"relics_obtained":[{"floor":5,"key":"White Beast Statue"},{"floor":7,"key":"Strawberry"},{"floor":9,"key":"Whetstone"},{"floor":10,"key":"WingedGreaves"}],"event_choices":[{"cards_removed":["Strike_R"],"damage_healed":0,"gold_gain":0,"player_choice":"Card Removal","damage_taken":0,"max_hp_gain":0,"max_hp_loss":0,"event_name":"The Cleric","floor":2,"gold_loss":75},{"damage_healed":0,"gold_gain":0,"player_choice":"Ignored","damage_taken":0,"max_hp_gain":0,"max_hp_loss":0,"event_name":"Liars Game","floor":4,"gold_loss":0},{"damage_healed":0,"gold_gain":0,"player_choice":"Obtained Relic","damage_taken":0,"relics_obtained":["Akabeko"],"max_hp_gain":0,"max_hp_loss":0,"event_name":"Addict","floor":19,"gold_loss":85},{"cards_removed":["Strike_R"],"damage_healed":0,"gold_gain":0,"player_choice":"Offered Basic","damage_taken":0,"max_hp_gain":0,"max_hp_loss":0,"event_name":"Bonfire Elementals","floor":20,"gold_loss":0}],"is_beta":false,"boss_relics":[{"not_picked":["Philosopher\u0027s Stone","SlaversCollar"],"picked":"Runic Pyramid"}],"items_purged_floors":[],"is_endless":false,"potions_floor_spawned":[7,10,11,13,16,18,21,22],"killed_by":"Gremlin Leader","ascension_level":20}}