{"host":"l84l8xigz5v5foa2","time":1610432755,"event":{"mods":["2.2 Compatiblity","AchievementEnabler","BaseMod","Better Note","Better Vampires","Card Filter","Colored Map","DeckTracker","Downfall","Gremlin Skip","Highlight Path","Keyboard Shortcuts","Minty Spire (QoL Compilation)","Permanent Neow","Quick Restart","Relic Filter","Relic Stats","StSLib","SuperFastMode","Transform Curses","Unknown Chances"],"gold_per_floor":[0,13,27,127,127,146,201,218,236,256,256,3,3,33,51,124,124,124,138,157,170,170,170,170,190,190,19,49,60,60,160,174,246,246,246,259,272,284,489,414,414,187,187,197,228,78,111,122,142,142,142,171,9,9,9],"floor_reached":56,"playtime":3594,"items_purged":["Pain","Slimebound:Icky","hexamod:Strike","Injury"],"score":2291,"play_id":"fcc36934-fb37-4d14-942f-69f5fd682184","local_time":"20210112152555","is_ascension_mode":true,"campfire_choices":[{"data":"Mayhem","floor":1.0,"key":"SMITH"},{"data":"hexamod:Float","floor":11.0,"key":"SMITH"},{"data":"hexamod:RainOfEmbers","floor":13.0,"key":"SMITH"},{"data":"hexamod:HexaLevel","floor":18.0,"key":"SMITH"},{"data":"hexamod:FastForward","floor":23.0,"key":"SMITH"},{"floor":26.0,"key":"REST"},{"floor":35.0,"key":"RECALL"},{"data":"hexamod:InspiringFlames","floor":40.0,"key":"SMITH"},{"data":"hexamod:GhostOfSpirePast","floor":46.0,"key":"SMITH"},{"floor":54,"key":"REST"}],"circlet_count":0,"master_deck":["AscendersBane","hexamod:Strike+1","hexamod:Strike","hexamod:Defend","hexamod:Defend","hexamod:Defend+1","hexamod:Defend+1","hexamod:Sear+1","hexamod:Float+1","Mayhem+1","hexamod:SwordOfDarkness+1","hexamod:Hexaguard","hexamod:NightmareStrike","hexamod:SkipABeat","hexamod:RainOfEmbers+1","hexamod:ThirdSeal","hexamod:FirstSeal","hexamod:FastForward+1","hexamod:NightmareGuise","hexamod:HexaLevel+1","hexamod:TimeWarp+1","hexamod:InspiringFlames+1","hexamod:Incineration+1","hexamod:SkipABeat+1","hexamod:AdvancingGuard+1","hexamod:GhostShield","hexamod:FirstSeal","hexamod:HauntingEcho+1","hexamod:ThermalTransfer+1","hexamod:TimeWarp+1","hexamod:SixthSeal","hexamod:StepThrough","hexamod:GhostOfSpirePast+1","hexamod:GhostOfSpireFuture","hexamod:GhostOfSpirePresent+1","hexamod:GhostOfSpirePast","hexamod:StepThrough","hexamod:GhostOfSpireFuture"],"relics":["hexamod:SpiritBrand","WarpedTongs","Lantern","Lee\u0027s Waffle","Potion Belt","sneckomod:SneckoTalon","Kunai","Bottled Flame","Cursed Key","downfall:HeartBlessingRed","Whetstone","downfall:HeartBlessingGreen","downfall:HeartBlessingBlue","hexamod:InflammatoryLetter","InkBottle"],"acts_visited":["Exordium","TheCity","TheBeyond","TheEnding"],"potions_floor_usage":[55],"damage_taken":[{"damage":1.0,"enemies":"Jaw Worm","floor":2.0,"turns":3.0},{"damage":2.0,"enemies":"Small Slimes","floor":3.0,"turns":3.0},{"damage":2.0,"enemies":"Cultist","floor":6.0,"turns":3.0},{"damage":11.0,"enemies":"2 Fungi Beasts","floor":8.0,"turns":5.0},{"damage":11.0,"enemies":"Exordium Thugs","floor":9.0,"turns":4.0},{"damage":0.0,"enemies":"Red Slaver","floor":10.0,"turns":2.0},{"damage":3.0,"enemies":"downfall:FleeingMerchant","floor":12.0,"turns":4.0},{"damage":1.0,"enemies":"3 Sentries","floor":14.0,"turns":4.0},{"damage":7.0,"enemies":"Exordium Wildlife","floor":15.0,"turns":4.0},{"damage":24.0,"enemies":"downfall:Silent","floor":16.0,"turns":9.0},{"damage":9.0,"enemies":"Shell Parasite","floor":19.0,"turns":4.0},{"damage":26.0,"enemies":"Snake Plant","floor":20.0,"turns":5.0},{"damage":22.0,"enemies":"Centurion and Healer","floor":21.0,"turns":6.0},{"damage":23.0,"enemies":"Shelled Parasite and Fungi","floor":25.0,"turns":6.0},{"damage":2.0,"enemies":"downfall:FleeingMerchant","floor":27.0,"turns":4.0},{"damage":23.0,"enemies":"Book of Stabbing","floor":28.0,"turns":5.0},{"damage":10.0,"enemies":"Snake Plant","floor":29.0,"turns":5.0},{"damage":5.0,"enemies":"3 Cultists","floor":32.0,"turns":6.0},{"damage":9.0,"enemies":"downfall:Defect","floor":33.0,"turns":9.0},{"damage":0.0,"enemies":"Orb Walker","floor":36.0,"turns":3.0},{"damage":11.0,"enemies":"3 Darklings","floor":37.0,"turns":5.0},{"damage":19.0,"enemies":"Transient","floor":38.0,"turns":6.0},{"damage":0.0,"enemies":"downfall:FleeingMerchant","floor":39.0,"turns":4.0},{"damage":4.0,"enemies":"Sphere and 2 Shapes","floor":44.0,"turns":5.0},{"damage":59.0,"enemies":"Reptomancer","floor":45.0,"turns":7.0},{"damage":50.0,"enemies":"Giant Head","floor":47.0,"turns":6.0},{"damage":0.0,"enemies":"3 Darklings","floor":48.0,"turns":4.0},{"damage":0.0,"enemies":"Jaw Worm Horde","floor":49.0,"turns":4.0},{"damage":5.0,"enemies":"downfall:Ironclad","floor":50.0,"turns":13.0},{"damage":65.0,"enemies":"downfall:CharBossMerchant","floor":52.0,"turns":9.0},{"damage":0,"enemies":"downfall:NeowBoss","floor":55,"turns":20}],"seed_played":"5044505627776789744","potions_obtained":[{"floor":3.0,"key":"Ancient Potion"},{"floor":8.0,"key":"ColorlessPotion"},{"floor":20.0,"key":"SpeedPotion"},{"floor":25.0,"key":"FairyPotion"},{"floor":32.0,"key":"EntropicBrew"},{"floor":33.0,"key":"ColorlessPotion"},{"floor":37.0,"key":"Guardian:BlockOnCardUsePotion"},{"floor":38.0,"key":"hexamod:EctoCoolerPotion"},{"floor":47.0,"key":"Swift Potion"},{"floor":48.0,"key":"sneckomod:MuddlingPotion"}],"is_trial":false,"path_per_floor":["R","M","M","?","?","M","T","M","M","M","R","$","R","E","M","B",null,"R","M","M","M","?","R","T","M","R","$","E","M","?","?","M","B",null,"R","M","M","M","$","R","T","$","?","M","E","R","E","M","M","B",null,"E","$","R","B",null],"character_chosen":"THE_SPIRIT","items_purchased":["Lee\u0027s Waffle","SpeedPotion","hexamod:StepThrough","hexamod:GhostOfSpireFuture","EssenceOfSteel"],"campfire_rested":2,"item_purchase_floors":[12,27,42,53,53],"current_hp_per_floor":[57,56,54,54,54,52,52,41,30,30,30,70,70,70,63,46,64,64,62,43,28,28,28,28,12,33,38,22,26,26,26,35,40,63,63,70,70,65,70,70,70,70,70,70,25,35,31,45,59,68,77,26,26,50,64],"gold":9,"neow_bonus":"RANDOM_COLORLESS_2","is_daily":false,"chose_seed":false,"campfire_upgraded":7,"win_rate":0.0,"timestamp":1610432755,"path_taken":["R","M","M","?","?","M","T","M","?","M","R","$","R","E","M","BOSS","R","M","M","M","?","R","T","M","R","$","E","M","?","?","M","BOSS","R","M","M","M","$","R","T","$","?","M","E","R","E","?","M","BOSS","E","$","R","BOSS"],"items_purchased_type":["Relic","Potion","Card","Card","Potion"],"build_version":"2020-12-22","purchased_purges":4,"victory":true,"max_hp_per_floor":[63,63,63,63,63,63,63,63,63,63,63,70,70,70,70,70,70,70,70,70,70,70,70,70,70,70,70,70,70,70,70,70,70,70,70,70,70,70,70,70,70,70,70,70,70,80,80,80,80,80,80,80,80,80,80],"relic_stats":{"Lee\u0027s Waffle":43,"counters":[31,177],"Kunai":[87],"Whetstone":["hexamod:SwordOfDarkness","hexamod:HauntingEcho"],"Cursed Key":1,"obtain_stats":[{"Potion Belt":14,"Lantern":7,"Lee\u0027s Waffle":12,"downfall:HeartBlessingRed":40,"downfall:HeartBlessingGreen":46,"hexamod:InflammatoryLetter":47,"Whetstone":45,"sneckomod:SneckoTalon":17,"Cursed Key":34,"WarpedTongs":5,"Bottled Flame":28,"downfall:HeartBlessingBlue":46,"Kunai":24,"hexamod:SpiritBrand":0,"InkBottle":52},{"Potion Belt":8,"Lantern":3,"Lee\u0027s Waffle":7,"downfall:HeartBlessingRed":23,"downfall:HeartBlessingGreen":25,"hexamod:InflammatoryLetter":26,"Whetstone":25,"sneckomod:SneckoTalon":10,"Cursed Key":19,"WarpedTongs":2,"Bottled Flame":16,"downfall:HeartBlessingBlue":25,"Kunai":13,"hexamod:SpiritBrand":0,"InkBottle":30},{"Potion Belt":28,"Lantern":9,"Lee\u0027s Waffle":24,"downfall:HeartBlessingRed":109,"downfall:HeartBlessingGreen":121,"hexamod:InflammatoryLetter":127,"Whetstone":121,"sneckomod:SneckoTalon":41,"Cursed Key":91,"WarpedTongs":6,"Bottled Flame":71,"downfall:HeartBlessingBlue":121,"Kunai":56,"hexamod:SpiritBrand":0,"InkBottle":157}],"InkBottle":[16],"WarpedTongs":[152]},"card_choices":[{"not_picked":["expansioncontent:DashGenerateEvil","Violence"],"picked":"Mayhem","floor":0.0},{"not_picked":["hexamod:PhantomCloak","hexamod:FlamesFromBeyond"],"picked":"hexamod:SwordOfDarkness","floor":2.0},{"not_picked":["hexamod:AdvancingGuard","hexamod:HauntingEcho"],"picked":"hexamod:Hexaguard","floor":3.0},{"not_picked":["hexamod:ThermalTransfer","hexamod:GhostLash"],"picked":"hexamod:NightmareStrike","floor":6.0},{"not_picked":["hexamod:SpectersWail","hexamod:AdvancingGuard"],"picked":"hexamod:SkipABeat","floor":8.0},{"not_picked":["hexamod:AdvancingGuard","hexamod:InspiringFlames"],"picked":"hexamod:RainOfEmbers","floor":9.0},{"not_picked":["hexamod:InspiringFlames","hexamod:AdvancingGuard"],"picked":"hexamod:ThirdSeal","floor":10.0},{"not_picked":["hexamod:CrushingStance","hexamod:RainOfEmbers"],"picked":"hexamod:FirstSeal","floor":12.0},{"not_picked":["hexamod:Firestarter","hexamod:BacktrackSmack"],"picked":"hexamod:FastForward","floor":12.0},{"not_picked":["hexamod:ThirdSeal","hexamod:BurningTouch","hexamod:SpectersWail"],"picked":"SKIP","floor":14.0},{"not_picked":["hexamod:EmpoweringStance","hexamod:PowerFromBeyond","hexamod:FastForward"],"picked":"SKIP","floor":14.0},{"not_picked":["hexamod:HeatMetal","hexamod:SoulSteal"],"picked":"hexamod:NightmareGuise","floor":15.0},{"not_picked":["hexamod:GhostflameBarrier","hexamod:Hexaguard","hexamod:NightmareStrike"],"picked":"SKIP","floor":15.0},{"not_picked":["hexamod:ParanormalForm","hexamod:CrushingStance"],"picked":"hexamod:HexaLevel","floor":16.0},{"not_picked":["hexamod:ParanormalForm","hexamod:ApocalypticArmor"],"picked":"hexamod:TimeWarp","floor":16.0},{"not_picked":["hexamod:Firestarter+1","hexamod:ThermalTransfer"],"picked":"hexamod:InspiringFlames","floor":19.0},{"not_picked":["hexamod:Firestarter","hexamod:AdvancingGuard","hexamod:SpectralAdrenaline"],"picked":"SKIP","floor":19.0},{"not_picked":["hexamod:HauntingEcho+1","hexamod:SpectersWail"],"picked":"hexamod:Incineration+1","floor":20.0},{"not_picked":["hexamod:ShieldOfDarkness","hexamod:Haunt"],"picked":"hexamod:SkipABeat+1","floor":20.0},{"not_picked":["hexamod:NightmareGuise","hexamod:AdvancingGuard","hexamod:CrushingStance"],"picked":"SKIP","floor":21.0},{"not_picked":["hexamod:GhostLash","hexamod:SwordOfDarkness"],"picked":"hexamod:AdvancingGuard+1","floor":25.0},{"not_picked":["hexamod:ShieldOfDarkness","hexamod:BacktrackSmack+1"],"picked":"hexamod:GhostShield","floor":27.0},{"not_picked":["hexamod:BurningTouch","hexamod:AdvancingGuard","hexamod:SwordOfDarkness+1"],"picked":"SKIP","floor":27.0},{"not_picked":["hexamod:AdvancingGuard","hexamod:BacktrackSmack"],"picked":"hexamod:FirstSeal","floor":28.0},{"not_picked":["hexamod:GhostflameInferno","hexamod:InspiringFlames","hexamod:Firestarter"],"picked":"SKIP","floor":28.0},{"not_picked":["hexamod:GhostflameInferno","hexamod:NightmareStrike"],"picked":"hexamod:HauntingEcho","floor":29.0},{"not_picked":["hexamod:PowerFromBeyond","hexamod:DynamicBlow"],"picked":"hexamod:ThermalTransfer+1","floor":29.0},{"not_picked":["hexamod:BacktrackSmack","hexamod:HeatMetal","hexamod:Firestarter"],"picked":"SKIP","floor":32.0},{"not_picked":["hexamod:Haunt","hexamod:EmpoweredFlame","hexamod:HauntingEcho"],"picked":"SKIP","floor":32.0},{"not_picked":["hexamod:ParanormalForm","hexamod:CrushingStance"],"picked":"hexamod:TimeWarp","floor":33.0},{"not_picked":["hexamod:BacktrackSmack","hexamod:GhostOfSpirePresent","hexamod:RainOfEmbers"],"picked":"SKIP","floor":36.0},{"not_picked":["hexamod:HeatShield","hexamod:BurningTouch+1","hexamod:GhostShield"],"picked":"SKIP","floor":36.0},{"not_picked":["hexamod:FastForward","hexamod:NecessarySacrifice","hexamod:HauntingEcho+1"],"picked":"SKIP","floor":37.0},{"not_picked":["hexamod:ChargedBarrage","hexamod:ExtraCrispy","hexamod:BurningTouch+1"],"picked":"SKIP","floor":37.0},{"not_picked":["hexamod:ExtraCrispy","hexamod:SpectersWail"],"picked":"hexamod:SixthSeal","floor":38.0},{"not_picked":["hexamod:HauntingEcho+1","hexamod:CatchUp+1","hexamod:Firestarter"],"picked":"SKIP","floor":38.0},{"not_picked":["hexamod:GhostOfSpirePresent+1","hexamod:FastForward","hexamod:AdvancingGuard"],"picked":"SKIP","floor":39.0},{"not_picked":["hexamod:HeatShield","hexamod:SpectersWail","hexamod:EmpoweredFlame+1"],"picked":"SKIP","floor":39.0},{"not_picked":["hexamod:Rewind+1","hexamod:GhostLash"],"picked":"hexamod:GhostOfSpirePast","floor":44.0},{"not_picked":["hexamod:SpectralSpark","hexamod:Hexaguard"],"picked":"hexamod:GhostOfSpireFuture","floor":44.0},{"not_picked":["hexamod:FirstSeal","hexamod:UnleashSpirits"],"picked":"hexamod:GhostOfSpirePresent+1","floor":45.0},{"not_picked":["hexamod:HauntingEcho","hexamod:ThermalTransfer","hexamod:Again"],"picked":"SKIP","floor":45.0},{"not_picked":["hexamod:ShieldOfDarkness","hexamod:AdvancingGuard","hexamod:NightmareStrike"],"picked":"SKIP","floor":47.0},{"not_picked":["hexamod:AdvancingGuard+1","hexamod:HauntingEcho","hexamod:SpectralSpark"],"picked":"SKIP","floor":47.0},{"not_picked":["hexamod:CatchUp","hexamod:FirstSeal"],"picked":"hexamod:GhostOfSpirePast","floor":48.0},{"not_picked":["hexamod:HeatMetal+1","hexamod:Again+1"],"picked":"hexamod:StepThrough","floor":48.0},{"not_picked":["hexamod:GhostShield","hexamod:BacktrackSmack","hexamod:NightmareGuise+1"],"picked":"SKIP","floor":49.0},{"not_picked":["hexamod:SuperheatedStrike","hexamod:NecessarySacrifice+1","hexamod:ThermalTransfer"],"picked":"SKIP","floor":49.0},{"not_picked":["hexamod:NightmareStrike+1","hexamod:FastForward+1","hexamod:PowerFromBeyond"],"picked":"SKIP","floor":52.0},{"not_picked":["hexamod:ThermalTransfer","hexamod:Hexaguard","hexamod:FifthSeal"],"picked":"SKIP","floor":52.0}],"player_experience":3110771,"relics_obtained":[{"floor":7.0,"key":"Lantern"},{"floor":14.0,"key":"Potion Belt"},{"floor":24.0,"key":"Kunai"},{"floor":28.0,"key":"Bottled Flame"},{"floor":45.0,"key":"Whetstone"},{"floor":47.0,"key":"hexamod:InflammatoryLetter"},{"floor":52.0,"key":"InkBottle"}],"event_choices":[{"damage_healed":0.0,"max_hp_gain":0.0,"max_hp_loss":0.0,"gold_gain":0.0,"event_name":"Accursed Blacksmith","player_choice":"Rummage","floor":5.0,"gold_loss":0.0,"damage_taken":0.0,"relics_obtained":["WarpedTongs"],"cards_obtained":["Pain"]},{"cards_removed":["hexamod:Strike"],"damage_healed":0.0,"max_hp_gain":0.0,"max_hp_loss":0.0,"gold_gain":0.0,"event_name":"Purifier","player_choice":"Purged","floor":43.0,"gold_loss":0.0,"damage_taken":0.0}],"is_beta":false,"boss_relics":[{"not_picked":["Runic Pyramid","Busted Crown"],"picked":"sneckomod:SneckoTalon"},{"not_picked":["Calling Bell","Empty Cage"],"picked":"Cursed Key"}],"items_purged_floors":[12,27,39,42],"is_endless":false,"potions_floor_spawned":[3,8,20,25,32,33,37,38,47,48],"ascension_level":20}}