{"host":"sc0o2qwpf9j16a4i","time":1610470148,"event":{"mods":["AchievementEnabler","BaseMod","BetterRewards","Block Reminder","Colored Map","Colored Powertips","Custom Start","Highlight Path","Minty Spire (QoL Compilation)","Relic Stats"],"gold_per_floor":[118,40,50,61,136,136,171,187,187,112,112,147,68,83,83,154,154,166,166,185,25,25,25,56,71,118,118,43,43,77,91,91,91,91],"floor_reached":33,"playtime":1050,"items_purged":["Parasite"],"score":836,"play_id":"0b0de3b0-2865-43b8-9cff-2633ce67b24f","local_time":"20210112184908","is_ascension_mode":true,"campfire_choices":[{"floor":6,"key":"REST"},{"data":"Uppercut","floor":11,"key":"SMITH"},{"data":"True Grit","floor":15,"key":"SMITH"},{"data":"Inflame","floor":23,"key":"SMITH"},{"floor":29,"key":"REST"},{"data":"Evolve","floor":32,"key":"SMITH"}],"circlet_count":0,"master_deck":["AscendersBane","Strike_R","Strike_R","Strike_R","Strike_R","Defend_R","Defend_R","Defend_R","Defend_R","Bash","Metallicize","Wild Strike","Inflame+1","Carnage","Shrug It Off","True Grit+1","Uppercut+1","Flame Barrier+1","Inflame","Immolate","Evolve+1","Shockwave","Disarm","Shrug It Off","Shockwave+1","Impervious","Shrug It Off"],"relics":["Burning Blood","White Beast Statue","FossilizedHelix","Gremlin Horn","Bottled Tornado","Cursed Key","ClockworkSouvenir","Regal Pillow","Mercury Hourglass"],"acts_visited":["Exordium","TheCity"],"potions_floor_usage":[7,8,12,14,20,24,25,33],"damage_taken":[{"damage":9,"enemies":"Small Slimes","floor":1,"turns":5},{"damage":8,"enemies":"Jaw Worm","floor":3,"turns":4},{"damage":6,"enemies":"Cultist","floor":4,"turns":3},{"damage":24,"enemies":"3 Sentries","floor":7,"turns":10},{"damage":0,"enemies":"Red Slaver","floor":8,"turns":4},{"damage":0,"enemies":"Gremlin Nob","floor":12,"turns":4},{"damage":0,"enemies":"Large Slime","floor":14,"turns":3},{"damage":17,"enemies":"The Guardian","floor":16,"turns":12},{"damage":0,"enemies":"Chosen","floor":18,"turns":3},{"damage":0,"enemies":"3 Byrds","floor":20,"turns":3},{"damage":53,"enemies":"Slavers","floor":24,"turns":4},{"damage":14,"enemies":"Shelled Parasite and Fungi","floor":25,"turns":6},{"damage":18,"enemies":"Gremlin Leader","floor":30,"turns":6},{"damage":0,"enemies":"Centurion and Healer","floor":31,"turns":6},{"damage":69,"enemies":"Automaton","floor":33,"turns":12}],"seed_played":"-1692473102813485391","potions_obtained":[{"floor":1,"key":"FairyPotion"},{"floor":3,"key":"Weak Potion"},{"floor":4,"key":"BlessingOfTheForge"},{"floor":7,"key":"SkillPotion"},{"floor":8,"key":"EssenceOfSteel"},{"floor":12,"key":"SkillPotion"},{"floor":14,"key":"LiquidBronze"},{"floor":20,"key":"Weak Potion"},{"floor":24,"key":"Swift Potion"},{"floor":25,"key":"ElixirPotion"}],"is_trial":false,"path_per_floor":["M","$","M","M","?","R","E","M","T","?","R","E","$","M","R","B",null,"M","?","M","$","?","R","E","M","T","?","$","R","E","M","R","B"],"character_chosen":"IRONCLAD","items_purchased":["White Beast Statue","Metallicize","Inflame","Flame Barrier","ClockworkSouvenir"],"campfire_rested":2,"item_purchase_floors":[0,0,2,13,21],"current_hp_per_floor":[49,49,47,47,36,58,40,46,46,46,46,52,52,58,58,47,68,74,74,75,75,75,75,28,20,20,20,20,56,44,50,50,0,0],"gold":91,"neow_bonus":"","is_daily":false,"chose_seed":false,"campfire_upgraded":4,"win_rate":0.0,"timestamp":1610470148,"path_taken":["M","$","M","M","?","R","E","M","T","?","R","E","$","M","R","BOSS","M","?","?","$","?","R","E","M","T","?","$","R","E","M","R","BOSS"],"items_purchased_type":["Relic","Card","Card","Card","Relic"],"build_version":"2020-12-22","purchased_purges":1,"victory":false,"max_hp_per_floor":[75,75,75,75,75,75,75,75,75,75,75,75,75,75,75,75,75,75,75,75,75,75,75,75,75,75,75,72,72,72,72,72,72,72],"relic_stats":{"Regal Pillow":15,"Gremlin Horn":[11,11],"counters":[29,151],"Cursed Key":1,"obtain_stats":[{"Potion Belt":10,"Regal Pillow":24,"Gremlin Horn":9,"PreservedInsect":9,"Bottled Tornado":12,"Cursed Key":17,"Burning Blood":0,"White Beast Statue":0,"ClockworkSouvenir":21,"Mercury Hourglass":30,"Blood Vial":23,"Dream Catcher":7,"Coffee Dripper":17,"FossilizedHelix":7,"Meat on the Bone":3},{"Potion Belt":6,"Regal Pillow":25,"Gremlin Horn":19,"PreservedInsect":5,"Bottled Tornado":20,"Cursed Key":22,"Burning Blood":0,"White Beast Statue":14,"ClockworkSouvenir":24,"Mercury Hourglass":27,"Blood Vial":13,"Dream Catcher":4,"Coffee Dripper":9,"FossilizedHelix":18,"Meat on the Bone":2},{"Potion Belt":26,"Regal Pillow":121,"Gremlin Horn":92,"PreservedInsect":24,"Bottled Tornado":96,"Cursed Key":111,"Burning Blood":0,"White Beast Statue":66,"ClockworkSouvenir":117,"Mercury Hourglass":133,"Blood Vial":62,"Dream Catcher":20,"Coffee Dripper":48,"FossilizedHelix":88,"Meat on the Bone":9}],"Burning Blood":157,"Mercury Hourglass":[75]},"card_choices":[{"not_picked":["Clash","Armaments"],"picked":"Wild Strike","floor":1},{"not_picked":["Armaments","Feel No Pain"],"picked":"Carnage","floor":3},{"not_picked":["Twin Strike","Heavy Blade"],"picked":"Shrug It Off","floor":4},{"not_picked":["Cleave","Wild Strike"],"picked":"True Grit","floor":7},{"not_picked":["Body Slam","Entrench"],"picked":"Uppercut","floor":8},{"not_picked":["Wild Strike","Pummel","Dual Wield"],"picked":"SKIP","floor":12},{"not_picked":["Anger","Flame Barrier"],"picked":"Inflame","floor":14},{"not_picked":["Berserk","Brutality"],"picked":"Immolate","floor":16},{"not_picked":["Cleave","Warcry"],"picked":"Evolve","floor":18},{"not_picked":["Entrench","Body Slam"],"picked":"Shockwave","floor":20},{"not_picked":["Dropkick+1","Perfected Strike+1"],"picked":"Shrug It Off","floor":24},{"not_picked":["Twin Strike","Intimidate"],"picked":"Shockwave+1","floor":25},{"not_picked":["Iron Wave","Rage"],"picked":"Impervious","floor":30},{"not_picked":["Cleave","Twin Strike"],"picked":"Shrug It Off","floor":31}],"player_experience":607843,"relics_obtained":[{"floor":7,"key":"FossilizedHelix"},{"floor":9,"key":"Gremlin Horn"},{"floor":12,"key":"Bottled Tornado"},{"floor":24,"key":"Regal Pillow"},{"floor":30,"key":"Mercury Hourglass"}],"event_choices":[{"damage_healed":0,"gold_gain":75,"player_choice":"Gather Gold","damage_taken":11,"max_hp_gain":0,"max_hp_loss":0,"event_name":"World of Goop","floor":5,"gold_loss":0},{"cards_removed":["Strike_R"],"damage_healed":0,"gold_gain":0,"player_choice":"Card Removal","damage_taken":0,"max_hp_gain":0,"max_hp_loss":0,"event_name":"The Cleric","floor":10,"gold_loss":75},{"damage_healed":0,"gold_gain":0,"player_choice":"Upgraded","damage_taken":0,"max_hp_gain":0,"max_hp_loss":0,"event_name":"Upgrade Shrine","floor":19,"gold_loss":0,"cards_upgraded":["Flame Barrier"]},{"damage_healed":0,"gold_gain":0,"player_choice":"Read","damage_taken":0,"max_hp_gain":0,"max_hp_loss":0,"event_name":"The Library","floor":22,"gold_loss":0,"cards_obtained":["Disarm"]}],"is_beta":false,"boss_relics":[{"not_picked":["Philosopher\u0027s Stone","Empty Cage"],"picked":"Cursed Key"}],"items_purged_floors":[28],"is_endless":false,"potions_floor_spawned":[1,3,4,7,8,12,14,16,18,20,24,25,30,31],"killed_by":"Automaton","ascension_level":20}}