{"host":"hve1dyh1ly81yl9f","time":1610458726,"event":{"mods":["BaseMod","Colored Map","DeckTracker","Highlight Path","Keyboard Shortcuts","Minty Spire (QoL Compilation)","Permanent Neow","Quick Restart","StSLib","SuperFastMode"],"gold_per_floor":[113,113,128,53,65,94,169,203,203,59,75,75,100,50,50,174,237,250,266,289,310,329,329,329],"floor_reached":23,"playtime":738,"items_purged":["Defend_R"],"score":287,"play_id":"c4664268-a937-411f-b362-99ba9c1cb238","local_time":"20210112223846","is_ascension_mode":true,"campfire_choices":[{"floor":15.0,"key":"REST"}],"circlet_count":0,"master_deck":["Strike_R","Strike_R","Strike_R","Defend_R","Defend_R","Bash","Armaments+1","Rampage","Headbutt","Feed"],"relics":["Burning Blood","Pen Nib","Calipers","Letter Opener","Brimstone","Golden Idol","Tiny House"],"acts_visited":["Exordium","TheCity"],"potions_floor_usage":[23],"damage_taken":[{"damage":0.0,"enemies":"Small Slimes","floor":1.0,"turns":3.0},{"damage":12.0,"enemies":"Jaw Worm","floor":3.0,"turns":3.0},{"damage":3.0,"enemies":"2 Louse","floor":5.0,"turns":3.0},{"damage":32.0,"enemies":"Gremlin Nob","floor":6.0,"turns":4.0},{"damage":29.0,"enemies":"3 Sentries","floor":8.0,"turns":7.0},{"damage":20.0,"enemies":"Exordium Thugs","floor":11.0,"turns":3.0},{"damage":7.0,"enemies":"3 Louse","floor":13.0,"turns":2.0},{"damage":42.0,"enemies":"The Guardian","floor":16.0,"turns":7.0},{"damage":8.0,"enemies":"Spheric Guardian","floor":18.0,"turns":3.0},{"damage":9.0,"enemies":"Chosen","floor":19.0,"turns":4.0},{"damage":47.0,"enemies":"Snake Plant","floor":20.0,"turns":3.0},{"damage":9.0,"enemies":"Chosen and Byrds","floor":21.0,"turns":4.0},{"damage":20.0,"enemies":"Centurion and Healer","floor":22.0,"turns":4.0},{"damage":50,"enemies":"Book of Stabbing","floor":23,"turns":4}],"seed_played":"561955071131141547","potions_obtained":[{"floor":3.0,"key":"EssenceOfSteel"},{"floor":8.0,"key":"FairyPotion"},{"floor":11.0,"key":"SkillPotion"},{"floor":16.0,"key":"SteroidPotion"},{"floor":17.0,"key":"FairyPotion"}],"is_trial":false,"path_per_floor":["M","?","M","$","M","E","?","E","T","$","M","?","M","?","R","B",null,"M","M","M","M","M","E"],"character_chosen":"IRONCLAD","items_purchased":["Brimstone"],"campfire_rested":1,"item_purchase_floors":[10],"current_hp_per_floor":[78,71,65,65,68,42,31,8,8,8,30,30,29,29,51,15,64,65,65,24,24,14,0,0],"gold":329,"neow_bonus":"TRANSFORM_TWO_CARDS","is_daily":false,"chose_seed":false,"campfire_upgraded":0,"win_rate":0.0,"timestamp":1610458726,"path_taken":["M","?","M","$","M","E","?","E","T","$","M","?","?","?","R","BOSS","M","M","M","M","M","E"],"items_purchased_type":["Relic"],"build_version":"2020-12-22","purchased_purges":1,"victory":false,"max_hp_per_floor":[80,80,80,80,80,80,80,80,80,80,80,74,74,74,74,74,79,82,85,85,88,92,92,92],"card_choices":[{"not_picked":["True Grit","Dual Wield","Reckless Charge"],"picked":"SKIP","floor":1.0},{"not_picked":["Heavy Blade","Iron Wave","Armaments"],"picked":"SKIP","floor":3.0},{"not_picked":["Perfected Strike","Wild Strike"],"picked":"Headbutt","floor":5.0},{"not_picked":["Dropkick","Shrug It Off","Combust"],"picked":"SKIP","floor":6.0},{"not_picked":["Burning Pact","Anger","Power Through"],"picked":"SKIP","floor":8.0},{"not_picked":["Clothesline","Cleave","Searing Blow"],"picked":"SKIP","floor":11.0},{"not_picked":["Corruption","Cleave","Clash"],"picked":"SKIP","floor":13.0},{"not_picked":["Impervious","Bludgeon"],"picked":"Feed","floor":16.0},{"not_picked":["Havoc","Armaments+1","Rampage"],"picked":"SKIP","floor":18.0},{"not_picked":["Dark Embrace","Havoc+1","True Grit"],"picked":"SKIP","floor":19.0},{"not_picked":["Dark Embrace","Havoc+1","True Grit"],"picked":"SKIP","floor":19.0},{"not_picked":["Flex","True Grit","Fire Breathing"],"picked":"SKIP","floor":20.0},{"not_picked":["Body Slam","Flex+1","Dual Wield+1"],"picked":"SKIP","floor":21.0},{"not_picked":["Warcry","Whirlwind+1","Flex"],"picked":"SKIP","floor":22.0}],"player_experience":312087,"relics_obtained":[{"floor":6.0,"key":"Pen Nib"},{"floor":8.0,"key":"Calipers"},{"floor":9.0,"key":"Letter Opener"}],"event_choices":[{"cards_removed":["Writhe"],"damage_healed":0.0,"max_hp_gain":0.0,"max_hp_loss":0.0,"gold_gain":0.0,"event_name":"Golden Wing","player_choice":"Card Removal","floor":2.0,"gold_loss":0.0,"damage_taken":7.0},{"damage_healed":0.0,"max_hp_gain":0.0,"max_hp_loss":0.0,"gold_gain":75.0,"event_name":"World of Goop","player_choice":"Gather Gold","floor":7.0,"gold_loss":0.0,"damage_taken":11.0},{"damage_healed":0.0,"max_hp_gain":0.0,"max_hp_loss":6.0,"gold_gain":0.0,"event_name":"Golden Idol","player_choice":"Lose Max HP","floor":12.0,"gold_loss":0.0,"damage_taken":0.0,"relics_obtained":["Golden Idol"]},{"cards_removed":["Strike_R"],"damage_healed":0.0,"max_hp_gain":0.0,"max_hp_loss":0.0,"gold_gain":0.0,"event_name":"The Cleric","player_choice":"Card Removal","floor":14.0,"gold_loss":50.0,"damage_taken":0.0}],"is_beta":false,"boss_relics":[{"not_picked":["Calling Bell","Snecko Eye"],"picked":"Tiny House"}],"items_purged_floors":[4],"is_endless":false,"potions_floor_spawned":[3,8,11,16,21],"killed_by":"Book of Stabbing","ascension_level":8}}