{"host":"bhhjkloc4kd9nqc5","time":1610424635,"event":{"mods":["Act Like it!","BaseMod","Chen","Gensokyo","Infinite Spire","Koishi","Lobotomy","LobotomyExtend","Marisa????????","Minty Spire (QoL Compilation)","Onozuka Komachi Mod","Remilia??????","Replay The Spire","RumiaBox-????????","StSLib","The Administrix","The Cursed","Youmu??????","slay the spire mod where everything is the same but ironclad has a cowboy hat"],"gold_per_floor":[117,117,135,150,208,208,235,235,262,277,277,277,277,303,303,400,400,411,431,444,444,462,462,462,495,495,528,528,528],"floor_reached":28,"playtime":2014,"items_purged":[],"score":266,"play_id":"3126f30e-49c7-4753-926a-0071100a39e5","local_time":"20210112131035","is_ascension_mode":false,"campfire_choices":[{"data":"Koishi:ReleaseOfTheId","floor":6,"key":"SMITH"},{"floor":8,"key":"REST"},{"floor":12,"key":"REST"},{"floor":15,"key":"DIG"},{"floor":24,"key":"DIG"}],"circlet_count":0,"master_deck":["Koishi:BasicStrike","Koishi:BasicStrike","Koishi:BasicStrike","Koishi:BasicDefend","Koishi:BasicDefend","Koishi:BasicDefend","Koishi:ReleaseOfTheId+1","Koishi:UnconsciousUrges","Koishi:StingingMind+1","Koishi:ReflexRadar","Koishi:DreadfulBlow","Koishi:FleetingPhantom","Koishi:DNAsFlaw","Koishi:UnconsciousUprising","Koishi:TerrifyingSpectre","Koishi:PerfectMindControl+1","Koishi:PerfectMindControl+1","Koishi:ApparitionsStalkTheNight+1","Koishi:ReleaseOfTheId","Koishi:ParalyzingFear+1","Koishi:Prune","Koishi:MentalBreakdown","Koishi:Provoke","Koishi:UnconsciousUprising","Koishi:Vanish","Koishi:SubconsciousSweep+1"],"relics":["Koishi:ImaginaryFriend","LetterFromLob","Gensokyo:Mercy","Simple Rune","Replay:Baseball","Shovel","MealTicket","Astrolabe","Shuriken","Bird Faced Urn","infinitespire:Satchel"],"acts_visited":["Gensokyo:Gensokyo","TheCity"],"potions_floor_usage":[7,7,16,27,27,27],"damage_taken":[{"damage":1,"enemies":"Gensokyo:2_Kodama","floor":1,"turns":4},{"damage":5,"enemies":"Gensokyo:Gryphon","floor":3,"turns":7},{"damage":5,"enemies":"Gensokyo:3_Fairies","floor":4,"turns":4},{"damage":20,"enemies":"Gensokyo:Aya","floor":7,"turns":8},{"damage":1,"enemies":"Gensokyo:Kitsune","floor":10,"turns":4},{"damage":19,"enemies":"Gensokyo:Cirno","floor":14,"turns":7},{"damage":13,"enemies":"Gensokyo:Kokoro","floor":16,"turns":9},{"damage":3,"enemies":"Spheric Guardian","floor":18,"turns":3},{"damage":2,"enemies":"3 Byrds","floor":19,"turns":3},{"damage":13,"enemies":"Snecko","floor":20,"turns":6},{"damage":1,"enemies":"Snake Plant","floor":22,"turns":5},{"damage":41,"enemies":"Nightmare","floor":25,"turns":11},{"damage":26,"enemies":"Slavers","floor":27,"turns":10},{"damage":1,"enemies":"Chosen and Byrds","floor":28,"turns":3}],"seed_played":"1932681239478369049","potions_obtained":[{"floor":4,"key":"Elixir"},{"floor":5,"key":"SkillPotion"},{"floor":5,"key":"GamblersBrew"},{"floor":5,"key":"Languid Potion"},{"floor":7,"key":"Elixir"},{"floor":14,"key":"Languid Potion"},{"floor":16,"key":"Strength Potion"},{"floor":18,"key":"Block Potion"},{"floor":27,"key":"infinitespire:BlackPotion"}],"is_trial":false,"path_per_floor":["M","?","M","M","?","R","E","R","T","M","?","R","?","E","R","B",null,"M","M","M","?","M","E","R","NM","T","E","M"],"character_chosen":"KOISHI","items_purchased":[],"campfire_rested":2,"item_purchase_floors":[],"current_hp_per_floor":[60,60,55,50,26,26,11,29,29,33,33,51,51,33,33,39,60,57,56,53,53,56,56,56,26,26,1,0,0],"gold":528,"neow_bonus":"THREE_CARDS","is_daily":false,"chose_seed":false,"campfire_upgraded":1,"win_rate":0.0,"timestamp":1610424635,"path_taken":["M","?","M","M","?","R","E","R","T","M","?","R","?","E","R","BOSS","M","M","?","?","M","E","R","NM","T","E","?"],"items_purchased_type":[],"build_version":"2020-12-22","purchased_purges":0,"victory":false,"max_hp_per_floor":[60,60,60,60,60,60,60,60,60,60,60,60,60,60,60,60,60,60,60,60,60,60,60,60,60,60,60,60,60],"card_choices":[{"not_picked":["Koishi:Prune","Koishi:ReflexRadar"],"picked":"Koishi:ReleaseOfTheId","floor":0},{"not_picked":["Koishi:PhantomStrike","Koishi:JumpScare"],"picked":"Koishi:UnconsciousUrges","floor":1},{"not_picked":["Koishi:RacingHeart","Koishi:BloodcurdlingScream"],"picked":"Koishi:StingingMind","floor":3},{"not_picked":["Koishi:JumpScare","Koishi:TraumaticStroke"],"picked":"Koishi:ReflexRadar","floor":4},{"not_picked":["Koishi:FleetingPhantom","Koishi:Vanish"],"picked":"Koishi:DreadfulBlow","floor":5},{"not_picked":["Koishi:PhantomBarrier","Koishi:Possession"],"picked":"Koishi:FleetingPhantom","floor":7},{"not_picked":["Koishi:BloodcurdlingScream","Koishi:StingingMind"],"picked":"Koishi:DNAsFlaw","floor":10},{"not_picked":["Koishi:Whimsy","Koishi:DNAsFlaw"],"picked":"Koishi:UnconsciousUprising","floor":14},{"not_picked":["Koishi:RollingInRichesHeart","Koishi:GrowingPain"],"picked":"Koishi:TerrifyingSpectre","floor":16},{"not_picked":["Koishi:GeneticsOfTheUnconscious+1","Koishi:ReflexRadar"],"picked":"Koishi:ReleaseOfTheId","floor":18},{"not_picked":["Koishi:UnansweredLove","Koishi:SpiritedAway+1"],"picked":"Koishi:ParalyzingFear+1","floor":19},{"not_picked":["Koishi:PhantomStrike","Koishi:PredatoryInstincts"],"picked":"Koishi:Prune","floor":20},{"not_picked":["Koishi:FidgetySnatcher","Koishi:PhantomBarrier"],"picked":"Koishi:UnconsciousUprising","floor":22},{"not_picked":["Koishi:SuperEgo","Koishi:ParalyzingFear"],"picked":"Koishi:Vanish","floor":25},{"not_picked":["Koishi:PredatoryInstincts","Koishi:FreudianInstinct"],"picked":"Koishi:SubconsciousSweep+1","floor":27}],"player_experience":210310,"relics_obtained":[{"floor":1,"key":"LetterFromLob"},{"floor":7,"key":"Simple Rune"},{"floor":9,"key":"Replay:Baseball"},{"floor":14,"key":"Shovel"},{"floor":15,"key":"MealTicket"},{"floor":24,"key":"Shuriken"},{"floor":25,"key":"Bird Faced Urn"},{"floor":27,"key":"infinitespire:Satchel"}],"event_choices":[{"damage_healed":0,"gold_gain":0,"player_choice":"2 cards matched","damage_taken":0,"max_hp_gain":0,"max_hp_loss":0,"event_name":"Match and Keep!","floor":21,"gold_loss":0,"cards_obtained":["Koishi:MentalBreakdown","Koishi:Provoke"]}],"is_beta":false,"boss_relics":[{"not_picked":["SacredBark","Velvet Choker"],"picked":"Astrolabe"}],"items_purged_floors":[],"is_endless":false,"potions_floor_spawned":[4,7,14,16,18,19,20,27],"killed_by":"Chosen and Byrds","ascension_level":0}}