{"host":"2wknf0pmkakbf9gv","time":1610492930,"event":{"mods":["BaseMod","CatGirl Mod","KinomotoSakuraMod(????)","Koishi","Marisa????????","Minty Spire (QoL Compilation)","Remilia??????","Replay The Spire","StSLib","The Alterego","The Bug Knight","The Forsaken","The Senshi","The Servant 0.9.4","Waifu the Spire","Youmu??????","Yuyuko"],"gold_per_floor":[117,135,135,210,220,246,128,193,193,193,193,178,178,178,178,196,196,196,196],"floor_reached":18,"language":"ENG","playtime":796,"items_purged":[],"score":110,"play_id":"1c58dc1d-d286-4136-b2c3-0571e99a9c03","local_time":"20210113010850","is_ascension_mode":false,"campfire_choices":[{"floor":14,"key":"REST"},{"data":"theSenshi:MoonCrisisMakeUp","floor":17,"key":"SMITH"}],"circlet_count":0,"master_deck":["theSenshi:SailorKick","theSenshi:SailorKick","theSenshi:SailorKick","theSenshi:SailorKick","theSenshi:SailorBlock","theSenshi:SailorBlock","theSenshi:SailorBlock","theSenshi:RoseThrow","theSenshi:MoonPrismPowerMakeUp","theSenshi:MoonTiaraMagic","theSenshi:IWillPunishYou","theSenshi:SailorMarsAssists","theSenshi:LunasBite","theSenshi:MoonSpiralHeartAttack","theSenshi:UranusStrength","theSenshi:MoonCrisisMakeUp+1","theSenshi:MoonGorgeousMeditation","theSenshi:SailorChibiMoonAssists"],"relics":["theSenshi:TransformationBroochRelic","NeowsBlessing","theSenshi:CrescentMoonWandRelic","Happy Flower","Strawberry","Replay:Mystery Machine"],"acts_visited":["Exordium"],"potions_floor_usage":[6,8,8,8],"damage_taken":[{"damage":0,"enemies":"2 Louse","floor":1,"turns":1},{"damage":0,"enemies":"Small Slimes","floor":2,"turns":1},{"damage":0,"enemies":"Jaw Worm","floor":5,"turns":1},{"damage":19,"enemies":"Lagavulin","floor":6,"turns":5},{"damage":18,"enemies":"Lagavulin Event","floor":8,"turns":5},{"damage":20,"enemies":"Exordium Thugs","floor":12,"turns":4},{"damage":6,"enemies":"Exordium Wildlife","floor":16,"turns":3},{"damage":0,"enemies":"The Guardian","floor":18,"turns":1}],"seed_played":"-6718572237986671056","potions_obtained":[{"floor":5,"key":"Block Potion"},{"floor":6,"key":"ColorlessPotion"},{"floor":8,"key":"Reflective Coating"},{"floor":16,"key":"EntropicBrew"}],"is_trial":false,"path_per_floor":["M","M","?","?","M","E","$","?","T","PTL","PTL","M","?","R","?","M","R","B"],"character_chosen":"THE_SENSHI","items_purchased":["theSenshi:MoonSpiralHeartAttack","theSenshi:UranusStrength"],"campfire_rested":1,"item_purchase_floors":[7,7],"current_hp_per_floor":[75,75,75,64,64,45,45,27,34,34,34,14,41,65,40,34,34,34,34],"gold":196,"neow_bonus":"THREE_ENEMY_KILL","is_daily":false,"chose_seed":false,"campfire_upgraded":1,"win_rate":0.0,"timestamp":1610492930,"path_taken":["M","M","?","?","M","E","$","?","T","PTL","PTL","M","?","R","?","?","R","BOSS"],"items_purchased_type":["Card","Card"],"build_version":"2020-12-22","purchased_purges":0,"victory":false,"max_hp_per_floor":[75,75,75,75,75,75,75,75,82,82,82,82,82,82,82,82,82,82,82],"card_choices":[{"not_picked":["theSenshi:Sidestep","theSenshi:OdangoHead","theSenshi:EncouragingSpeech"],"picked":"SKIP","floor":1},{"not_picked":["theSenshi:SupersonicWaves","theSenshi:SchoolBag"],"picked":"theSenshi:MoonTiaraMagic","floor":2},{"not_picked":["theSenshi:SailorStarFighterAssists","theSenshi:LateForSchool"],"picked":"theSenshi:SailorMarsAssists","floor":5},{"not_picked":["theSenshi:SailorMercuryAssists","theSenshi:Sidestep"],"picked":"theSenshi:LunasBite","floor":6},{"not_picked":["theSenshi:CrisisMakeUp","theSenshi:MoonlightKnight"],"picked":"theSenshi:MoonCrisisMakeUp","floor":8},{"not_picked":["theSenshi:TuxedoMaskAssists","theSenshi:Sidestep"],"picked":"theSenshi:MoonGorgeousMeditation","floor":12},{"not_picked":["theSenshi:CrisisMakeUp","theSenshi:LunaWiseMentor"],"picked":"theSenshi:SailorChibiMoonAssists","floor":16}],"player_experience":325538,"relics_obtained":[{"floor":6,"key":"theSenshi:CrescentMoonWandRelic"},{"floor":8,"key":"Happy Flower"},{"floor":9,"key":"Strawberry"}],"event_choices":[{"damage_healed":0,"gold_gain":0,"cards_transformed":["theSenshi:SailorBlock"],"player_choice":"Change","damage_taken":0,"max_hp_gain":0,"max_hp_loss":0,"event_name":"Living Wall","floor":3,"gold_loss":0,"cards_obtained":["theSenshi:IWillPunishYou"]},{"damage_healed":0,"gold_gain":75,"player_choice":"Gather Gold","damage_taken":11,"max_hp_gain":0,"max_hp_loss":0,"event_name":"World of Goop","floor":4,"gold_loss":0},{"damage_healed":0,"gold_gain":0,"player_choice":"Searched \u00271\u0027 times","damage_taken":0,"max_hp_gain":0,"max_hp_loss":0,"event_name":"Dead Adventurer","floor":8,"gold_loss":0},{"damage_healed":27,"gold_gain":0,"player_choice":"Banana","damage_taken":0,"max_hp_gain":0,"max_hp_loss":0,"event_name":"Big Fish","floor":13,"gold_loss":0},{"damage_healed":0,"gold_gain":0,"player_choice":"Success","damage_taken":25,"relics_obtained":["Replay:Mystery Machine"],"max_hp_gain":0,"max_hp_loss":0,"event_name":"Scrap Ooze","floor":15,"gold_loss":0}],"is_beta":false,"boss_relics":[],"items_purged_floors":[],"is_endless":false,"potions_floor_spawned":[5,6,8,16],"killed_by":"The Guardian","ascension_level":0}}