{"host":"vohenq18pmg6jboc","time":1610430605,"event":{"mods":["Arknights The Spire","Bard","BaseMod","Chen","Downfall","Gremlin Mod","GungeonMod","Hermit","Koishi","Marisa¡]Ãú«B¡@Å]²z¨F¡^","Minty Spire (QoL Compilation)","Relic Stats","Remilia¡]Á¢¦Ì²ú?¡^","StSLib","The Administrix","The Bug Knight","The Cursed","The Hierophant","The IronCluck","The Runesmith","The Servant 0.9.4","WarShipGirlsR/??¤Ö¤kR mod","Yakumo Yukari mod","Youmu¡]»î¾z§¯?¡^","Yuyuko"],"gold_per_floor":[109,126,139,239,48,48,73,73,73,93,118,129,144,158,158,255,255,266,46,58,78,78,78,51,51,74,86,105,115,115,115],"floor_reached":30,"playtime":1622,"items_purged":[],"score":261,"play_id":"c9968d7b-91b8-40da-9576-7975b7884cac","local_time":"20210112135005","is_ascension_mode":false,"campfire_choices":[{"data":"rmod:luckystar","floor":6,"key":"SMITH"},{"data":"rmod:basicallowance","floor":8,"key":"SMITH"},{"floor":15,"key":"REST"},{"floor":23,"key":"REST"},{"floor":25,"key":"REST"}],"circlet_count":0,"master_deck":["rmod:strick+1","rmod:strick","rmod:strick","rmod:strick","rmod:defend","rmod:defend","rmod:defend","rmod:defend","rmod:basicallowance+1","rmod:maingunfire","rmod:luckystar+1","rmod:victimresponsibility","rmod:aviationdawn","rmod:launchingtorpedo+1","rmod:steelsupply","rmod:firesupport","rmod:circuitoustactics","rmod:aluminumsupply","rmod:victimresponsibility","rmod:diamondstrike","rmod:firesupport","rmod:firesupport","rmod:highspeedmaneuver","rmod:firesupport+1","rmod:diamondstrike","expansioncontent:CaCaw","rmod:expedition","rmod:luckystar","rmod:selfconfidence","RitualDagger","rmod:luckystar","rmod:supportescort","rmod:ammunitionsupply","rmod:supportaircraftcarrier"],"relics":["rmod:firstchargereward","NeowsBlessing","Boot","Calipers","Whetstone","Runic Pyramid","Bag of Marbles"],"acts_visited":["Exordium","TheCity"],"potions_floor_usage":[12,16,18,30],"damage_taken":[{"damage":0,"enemies":"Cultist","floor":1,"turns":1},{"damage":0,"enemies":"2 Louse","floor":2,"turns":1},{"damage":0,"enemies":"Jaw Worm","floor":3,"turns":1},{"damage":19,"enemies":"HollowMod:MossKnight","floor":7,"turns":8},{"damage":3,"enemies":"Looter","floor":10,"turns":2},{"damage":14,"enemies":"Exordium Thugs","floor":12,"turns":4},{"damage":14,"enemies":"Gremlin Gang","floor":13,"turns":4},{"damage":0,"enemies":"Large Slime","floor":14,"turns":1},{"damage":13,"enemies":"Hexaghost","floor":16,"turns":8},{"damage":25,"enemies":"3 Byrds","floor":18,"turns":5},{"damage":20,"enemies":"Spheric Guardian","floor":20,"turns":4},{"damage":12,"enemies":"3 Cultists","floor":21,"turns":5},{"damage":2,"enemies":"Snecko","floor":27,"turns":3},{"damage":20,"enemies":"Centurion and Healer","floor":28,"turns":4},{"damage":5,"enemies":"Cultist and Chosen","floor":29,"turns":7},{"damage":35,"enemies":"Shelled Parasite and Fungi","floor":30,"turns":3}],"seed_played":"6397156134148788535","potions_obtained":[{"floor":1,"key":"Strength Potion"},{"floor":3,"key":"Block Potion"},{"floor":10,"key":"Fire Potion"},{"floor":28,"key":"Guardian:BlockOnCardUsePotion"},{"floor":29,"key":"Swift Potion"}],"is_trial":false,"path_per_floor":["M","M","M","?","$","R","E","R","T","M","T","M","M","M","R","B",null,"M","$","M","M","?","R","$","R","T","M","M","M","M"],"character_chosen":"PRAEFECT","items_purchased":["rmod:launchingtorpedo","rmod:steelsupply","rmod:firesupport","rmod:circuitoustactics","rmod:diamondstrike","expansioncontent:CaCaw","rmod:expedition","rmod:luckystar"],"campfire_rested":3,"item_purchase_floors":[5,5,5,5,19,19,19,24],"current_hp_per_floor":[75,75,75,75,75,75,56,56,56,53,53,39,25,25,47,34,75,50,50,30,18,12,34,34,56,56,54,34,29,0,0],"gold":115,"neow_bonus":"THREE_ENEMY_KILL","is_daily":false,"chose_seed":false,"campfire_upgraded":2,"win_rate":0.0,"timestamp":1610430605,"path_taken":["M","?","M","?","?","R","E","R","T","M","?","M","M","M","R","BOSS","M","$","M","?","?","R","?","R","T","M","M","?","M"],"items_purchased_type":["Card","Card","Card","Card","Card","Card","Card","Card"],"build_version":"2020-12-22","purchased_purges":0,"victory":false,"max_hp_per_floor":[75,75,75,75,75,75,75,75,75,75,75,75,75,75,75,75,75,75,75,75,75,75,75,75,75,75,75,75,75,75,75],"relic_stats":{"counters":[16,61],"Whetstone":["rmod:launchingtorpedo","rmod:strick"],"Boot":[20],"obtain_stats":[{"Calipers":9,"NeowsBlessing":0,"DemoMod:GlassGuonStoneRelic":1,"rmod:firstchargereward":0,"Bag of Marbles":26,"Whetstone":11,"Boot":7,"Runic Pyramid":17},{"Calipers":4,"NeowsBlessing":0,"DemoMod:GlassGuonStoneRelic":1,"rmod:firstchargereward":0,"Bag of Marbles":12,"Whetstone":5,"Boot":4,"Runic Pyramid":9},{"Calipers":11,"NeowsBlessing":0,"DemoMod:GlassGuonStoneRelic":1,"rmod:firstchargereward":0,"Bag of Marbles":44,"Whetstone":13,"Boot":11,"Runic Pyramid":30}]},"card_choices":[{"not_picked":["rmod:fuelsupply","rmod:diamondstrike"],"picked":"rmod:luckystar","floor":1},{"not_picked":["rmod:ammunitionsupply","rmod:firesupport"],"picked":"rmod:victimresponsibility","floor":2},{"not_picked":["rmod:circuitoustactics","rmod:firesupport"],"picked":"rmod:aviationdawn","floor":3},{"not_picked":["rmod:spoils","rmod:bulid"],"picked":"rmod:aluminumsupply","floor":7},{"not_picked":["rmod:spoils","rmod:luckystar"],"picked":"rmod:victimresponsibility","floor":10},{"not_picked":["rmod:guardianhero","rmod:timeschanged"],"picked":"rmod:diamondstrike","floor":12},{"not_picked":["rmod:fletcherpendant","rmod:unsinkable"],"picked":"rmod:firesupport","floor":13},{"not_picked":["rmod:launchingtorpedo","rmod:supportescort"],"picked":"rmod:firesupport","floor":14},{"not_picked":["rmod:desperatesituation","rmod:stealaluminum"],"picked":"rmod:highspeedmaneuver","floor":16},{"not_picked":["rmod:diamondstrike","rmod:unsinkable"],"picked":"rmod:firesupport+1","floor":18},{"not_picked":["rmod:fletcherpendant","rmod:circuitoustactics+1"],"picked":"rmod:luckystar","floor":20},{"not_picked":["rmod:wolves","rmod:victimresponsibility"],"picked":"rmod:selfconfidence","floor":21},{"not_picked":["rmod:circuitoustactics","rmod:victimresponsibility"],"picked":"rmod:supportescort","floor":27},{"not_picked":["rmod:stealaluminum","rmod:victimresponsibility"],"picked":"rmod:ammunitionsupply","floor":28},{"not_picked":["rmod:punchline","rmod:smokecover"],"picked":"rmod:supportaircraftcarrier","floor":29}],"player_experience":65310,"relics_obtained":[{"floor":7,"key":"Boot"},{"floor":9,"key":"Calipers"},{"floor":11,"key":"Whetstone"},{"floor":26,"key":"Bag of Marbles"}],"event_choices":[{"damage_healed":0,"gold_gain":100,"player_choice":"Gold","damage_taken":0,"max_hp_gain":0,"max_hp_loss":0,"event_name":"Wheel of Change","floor":4,"gold_loss":0},{"damage_healed":0,"gold_gain":0,"player_choice":"Joined the Cult","damage_taken":6,"max_hp_gain":0,"max_hp_loss":0,"event_name":"Nest","floor":22,"gold_loss":0,"cards_obtained":["RitualDagger"]}],"is_beta":false,"boss_relics":[{"not_picked":["Philosopher\u0027s Stone","Empty Cage"],"picked":"Runic Pyramid"}],"items_purged_floors":[],"is_endless":false,"potions_floor_spawned":[1,3,10,28,29],"killed_by":"Shelled Parasite and Fungi","ascension_level":0}}