{"host":"h5mpg8xef8fl8s1y","time":1610436103,"event":{"mods":["100% Spire Juice","AchievementEnabler","BaseMod","Bestiary","Block Reminder","Colored Map","Colored Powertips","Curses Come First","Dark Map","Displayed Cursed Tome","Googly Eyes","Hero for Fun","Marisa????????","Minty Spire (QoL Compilation)","Permanent Neow","Quick Restart","Random Character Button","Rare Cards Sparkle","Relic Stats","StSLib","Starting Relic: Pandora\u0027s Box","The Marked","The Senshi","The Servant 0.9.4","TheVelvet","Waifu the Spire","Yakumo Yukari mod","everything is the same but u backflip on backflip"],"gold_per_floor":[111,111,129,145,145,145,160,160,160,173,200,256,256,55,55,151,151,161,76,76,91,91,91,123,138,138,138,65,83,83,182,182,282,282,294,294,294,313,363,363,363,363],"floor_reached":41,"playtime":4606,"items_purged":[],"score":528,"play_id":"11db8f69-d19c-420d-81bb-0b22ea046aa3","local_time":"20210112022143","is_ascension_mode":true,"campfire_choices":[{"data":"Blur","floor":6,"key":"SMITH"},{"data":"Calculated Gamble","floor":8,"key":"SMITH"},{"data":"Terror","floor":15,"key":"SMITH"},{"data":"After Image","floor":23,"key":"SMITH"},{"floor":27,"key":"DIG"},{"data":"1","floor":30,"key":"LIFT"},{"data":"2","floor":32,"key":"LIFT"},{"data":"3","floor":40,"key":"LIFT"}],"circlet_count":0,"master_deck":["Survivor","Neutralize","Quick Slash","Prepared","Blur+1","Prepared","Deadly Poison","Terror+1","Accuracy","Noxious Fumes","Slice","Cloak And Dagger","Flying Knee","Sucker Punch","Calculated Gamble+1","Masterful Stab","Dodge and Roll","Backflip","After Image+1","Deflect","Blade Dance","Endless Agony","Dodge and Roll","Accuracy","Cloak And Dagger","Burst","Backflip+1","Blur+1","Blade Dance"],"relics":["Pandora\u0027s Box","Omamori","Unceasing Top","Shovel","Orichalcum","Bottled Flame","Strawberry","Cursed Key","Pen Nib","Potion Belt","StrikeDummy","Girya","Sozu","Incense Burner"],"acts_visited":["Exordium","TheCity","TheBeyond"],"potions_floor_usage":[33,33],"damage_taken":[{"damage":0,"enemies":"Small Slimes","floor":1,"turns":3},{"damage":0,"enemies":"Cultist","floor":3,"turns":3},{"damage":0,"enemies":"2 Louse","floor":4,"turns":2},{"damage":0,"enemies":"Looter","floor":7,"turns":4},{"damage":4,"enemies":"Exordium Thugs","floor":10,"turns":3},{"damage":5,"enemies":"Lagavulin","floor":11,"turns":5},{"damage":0,"enemies":"The Guardian","floor":16,"turns":8},{"damage":0,"enemies":"Shell Parasite","floor":18,"turns":4},{"damage":0,"enemies":"Spheric Guardian","floor":21,"turns":4},{"damage":5,"enemies":"Gremlin Leader","floor":24,"turns":5},{"damage":3,"enemies":"Shelled Parasite and Fungi","floor":25,"turns":4},{"damage":0,"enemies":"Chosen and Byrds","floor":29,"turns":3},{"damage":30,"enemies":"Automaton","floor":33,"turns":7},{"damage":0,"enemies":"Orb Walker","floor":35,"turns":2},{"damage":18,"enemies":"3 Darklings","floor":38,"turns":5},{"damage":0,"enemies":"Mind Bloom Boss Battle","floor":39,"turns":4},{"damage":48,"enemies":"Mind Bloom Boss Battle","floor":41,"turns":13}],"seed_played":"8829399543605471165","potions_obtained":[{"floor":1,"key":"DuplicationPotion"},{"floor":3,"key":"CultistPotion"},{"floor":7,"key":"AttackPotion"},{"floor":16,"key":"CunningPotion"},{"floor":25,"key":"SmokeBomb"}],"is_trial":false,"path_per_floor":["M","?","M","M","?","R","M","R","T","M","E","?","T","$","R","B",null,"M","?","?","M","?","R","E","M","T","R","$","M","R","?","R","B",null,"M","?","?","M","?","R","?"],"character_chosen":"THE_SILENT","items_purchased":["Backflip","Strawberry","Accuracy"],"campfire_rested":0,"item_purchase_floors":[14,14,28],"current_hp_per_floor":[70,70,70,70,63,63,63,63,63,59,54,54,54,61,61,61,77,77,77,77,77,77,77,72,69,69,69,69,69,69,69,69,39,77,77,77,77,59,59,59,0,0],"gold":363,"neow_bonus":"RANDOM_COMMON_RELIC","is_daily":false,"chose_seed":false,"campfire_upgraded":4,"win_rate":0.0,"timestamp":1610436103,"path_taken":["M","?","?","M","?","R","M","R","T","M","E","?","?","$","R","BOSS","M","?","?","M","?","R","E","?","T","R","$","?","R","?","R","BOSS","M","?","?","?","?","R","?"],"items_purchased_type":["Card","Relic","Card"],"build_version":"2020-12-22","purchased_purges":0,"victory":false,"max_hp_per_floor":[70,70,70,70,70,70,70,70,70,70,70,70,70,77,77,77,77,77,77,77,77,77,77,77,77,77,77,77,77,77,77,77,77,77,77,77,77,77,77,77,77,77],"relic_stats":{"Sozu":2,"Shovel":1,"counters":[17,79],"Pandora\u0027s Box":[],"Pen Nib":[20],"Orichalcum":[0],"Cursed Key":1,"obtain_stats":[{"Potion Belt":24,"Girya":27,"Pen Nib":19,"Omamori":0,"Incense Burner":39,"Orichalcum":11,"Cursed Key":17,"Sozu":34,"Bottled Flame":13,"Shovel":9,"Strawberry":14,"Pandora\u0027s Box":0,"StrikeDummy":26,"Unceasing Top":5},{"Potion Belt":10,"Girya":11,"Pen Nib":8,"Omamori":0,"Incense Burner":16,"Orichalcum":6,"Cursed Key":7,"Sozu":13,"Bottled Flame":6,"Shovel":4,"Strawberry":6,"Pandora\u0027s Box":0,"StrikeDummy":11,"Unceasing Top":3},{"Potion Belt":41,"Girya":45,"Pen Nib":32,"Omamori":0,"Incense Burner":66,"Orichalcum":20,"Cursed Key":28,"Sozu":55,"Bottled Flame":20,"Shovel":12,"Strawberry":20,"Pandora\u0027s Box":0,"StrikeDummy":45,"Unceasing Top":8}],"Unceasing Top":[132]},"card_choices":[{"not_picked":["Underhanded Strike","Accuracy"],"picked":"Cloak And Dagger","floor":1},{"not_picked":["Deflect","Underhanded Strike"],"picked":"Flying Knee","floor":3},{"not_picked":["Dash","Slice"],"picked":"Sucker Punch","floor":4},{"not_picked":["Heel Hook","All Out Attack"],"picked":"Calculated Gamble","floor":7},{"not_picked":["Eviscerate","Bane"],"picked":"Masterful Stab","floor":10},{"not_picked":["Blade Dance","Sucker Punch"],"picked":"Dodge and Roll","floor":11},{"not_picked":["Adrenaline","Night Terror"],"picked":"After Image","floor":16},{"not_picked":["PiercingWail","Cloak And Dagger"],"picked":"Deflect","floor":18},{"not_picked":["Quick Slash","Dagger Spray"],"picked":"Blade Dance","floor":21},{"not_picked":["Bane+1","Dagger Throw"],"picked":"Endless Agony","floor":24},{"not_picked":["Slice","Dagger Spray"],"picked":"Dodge and Roll","floor":25},{"not_picked":["Dash","Sucker Punch"],"picked":"Cloak And Dagger","floor":29},{"not_picked":["Tools of the Trade","Storm of Steel"],"picked":"Burst","floor":33},{"not_picked":["Heel Hook","Sucker Punch"],"picked":"Backflip+1","floor":35},{"not_picked":["Sucker Punch+1","Finisher+1"],"picked":"Blur+1","floor":38},{"not_picked":["Slice+1","Dagger Throw+1"],"picked":"Blade Dance","floor":39}],"player_experience":212422,"relics_obtained":[{"floor":9,"key":"Shovel"},{"floor":11,"key":"Orichalcum"},{"floor":13,"key":"Bottled Flame"},{"floor":24,"key":"Potion Belt"},{"floor":26,"key":"StrikeDummy"},{"floor":27,"key":"Girya"},{"floor":39,"key":"Incense Burner"}],"event_choices":[{"damage_healed":0,"gold_gain":0,"player_choice":"Ignored","damage_taken":0,"max_hp_gain":0,"max_hp_loss":0,"event_name":"Purifier","floor":2,"gold_loss":0},{"damage_healed":0,"gold_gain":0,"player_choice":"Success","damage_taken":7,"relics_obtained":["Unceasing Top"],"max_hp_gain":0,"max_hp_loss":0,"event_name":"Scrap Ooze","floor":5,"gold_loss":0},{"damage_healed":0,"gold_gain":56,"player_choice":"Gained Gold","damage_taken":0,"max_hp_gain":0,"max_hp_loss":0,"event_name":"Golden Wing","floor":12,"gold_loss":0},{"damage_healed":0,"gold_gain":0,"player_choice":"Obtained Relic","damage_taken":0,"relics_obtained":["Pen Nib"],"max_hp_gain":0,"max_hp_loss":0,"event_name":"Addict","floor":19,"gold_loss":85},{"damage_healed":0,"gold_gain":0,"player_choice":"Ignored","damage_taken":0,"max_hp_gain":0,"max_hp_loss":0,"event_name":"Ghosts","floor":20,"gold_loss":0},{"cards_removed":["Dagger Spray"],"damage_healed":0,"gold_gain":0,"player_choice":"Card Removal","damage_taken":0,"max_hp_gain":0,"max_hp_loss":0,"event_name":"Wheel of Change","floor":22,"gold_loss":0},{"damage_healed":0,"gold_gain":99,"player_choice":"Stole From Cult","damage_taken":0,"max_hp_gain":0,"max_hp_loss":0,"event_name":"Nest","floor":31,"gold_loss":0},{"damage_healed":0,"gold_gain":0,"player_choice":"Ignored","damage_taken":0,"max_hp_gain":0,"max_hp_loss":0,"event_name":"OrinTheCat","floor":36,"gold_loss":0},{"damage_healed":0,"gold_gain":0,"player_choice":"Bought 0 Potions","damage_taken":0,"max_hp_gain":0,"max_hp_loss":0,"event_name":"The Woman in Blue","floor":37,"gold_loss":0},{"damage_healed":0,"gold_gain":0,"player_choice":"Fight","damage_taken":0,"max_hp_gain":0,"max_hp_loss":0,"event_name":"MindBloom","floor":39,"gold_loss":0}],"is_beta":false,"boss_relics":[{"not_picked":["Philosopher\u0027s Stone","Fusion Hammer"],"picked":"Cursed Key"},{"not_picked":["Calling Bell","Snecko Eye"],"picked":"Sozu"}],"items_purged_floors":[],"is_endless":false,"potions_floor_spawned":[1,3,7,16,18,25,38,39],"killed_by":"Mind Bloom Boss Battle","ascension_level":2}}