{"host":"g01l53quoe6lrer0","time":1610469319,"event":{"mods":["2.2 Compatiblity","AchievementEnabler","BaseMod","Colored Map","Highlight Path","Keyboard Shortcuts","Minty Spire (QoL Compilation)","Permanent Neow","StSLib","SuperFastMode","everything is the same but u backflip on backflip"],"gold_per_floor":[114,129,146,156,176,176,41,41,68,103,103,137,154,185,185,281,281,299,148,148,167,183,183,200,200,248,248,173,173,173,188,188,286,286,305,305,323,341,386,386,413,5,5,55,55,55,55,69,69,69],"floor_reached":51,"playtime":1448,"items_purged":["Strike_B"],"score":1404,"play_id":"a45d8736-5c61-4f54-9ddb-4ce2ef907042","local_time":"20210113013519","is_ascension_mode":true,"campfire_choices":[{"data":"Zap","floor":6.0,"key":"SMITH"},{"data":"Biased Cognition","floor":8.0,"key":"SMITH"},{"floor":15.0,"key":"REST"},{"data":"Dualcast","floor":23.0,"key":"SMITH"},{"floor":25.0,"key":"REST"},{"data":"Loop","floor":29.0,"key":"SMITH"},{"data":"Reboot","floor":32.0,"key":"SMITH"},{"floor":40,"key":"REST"},{"data":"Buffer","floor":45,"key":"SMITH"},{"data":"Defragment","floor":47,"key":"SMITH"},{"floor":49,"key":"REST"}],"circlet_count":0,"master_deck":["AscendersBane","Defend_B","Defend_B","Zap+1","Dualcast+1","Turbo","Aggregate","Tempest+1","Lockon","Conserve Battery","Biased Cognition+1","Self Repair","Consume","Loop+1","Electrodynamics","Core Surge","Reboot","Stack","Rebound","Echo Form","Steam","Stack","Stack","Cold Snap+1","Barrage","Reboot+1","Buffer+1","Blizzard+1","Rainbow+1","Multi-Cast+1","Steam","Stack","Chill","Skim+1","Defragment+1","Aggregate","Reinforced Body","Tempest+1","Coolheaded+1"],"relics":["Cracked Core","NeowsBlessing","Pen Nib","Ancient Tea Set","DataDisk","Bag of Marbles","Inserter","Orrery","Bag of Preparation","InkBottle","Astrolabe","WingedGreaves","Regal Pillow","Chemical X","Question Card","TungstenRod","Oddly Smooth Stone"],"acts_visited":["Exordium","TheCity","TheBeyond"],"potions_floor_usage":[50],"damage_taken":[{"damage":0.0,"enemies":"Small Slimes","floor":1.0,"turns":1.0},{"damage":0.0,"enemies":"2 Louse","floor":2.0,"turns":1.0},{"damage":0.0,"enemies":"Cultist","floor":3.0,"turns":1.0},{"damage":3.0,"enemies":"3 Louse","floor":4.0,"turns":2.0},{"damage":14.0,"enemies":"Red Slaver","floor":5.0,"turns":2.0},{"damage":10.0,"enemies":"3 Sentries","floor":10.0,"turns":4.0},{"damage":3.0,"enemies":"Lagavulin","floor":12.0,"turns":5.0},{"damage":1.0,"enemies":"Blue Slaver","floor":13.0,"turns":2.0},{"damage":20.0,"enemies":"3 Sentries","floor":14.0,"turns":4.0},{"damage":0.0,"enemies":"Slime Boss","floor":16.0,"turns":3.0},{"damage":5.0,"enemies":"3 Byrds","floor":18.0,"turns":2.0},{"damage":16.0,"enemies":"2 Thieves","floor":21.0,"turns":3.0},{"damage":12.0,"enemies":"Snecko","floor":22.0,"turns":6.0},{"damage":6.0,"enemies":"Chosen and Byrds","floor":24.0,"turns":3.0},{"damage":0.0,"enemies":"Sentry and Sphere","floor":31.0,"turns":3.0},{"damage":0.0,"enemies":"Automaton","floor":33.0,"turns":4.0},{"damage":20.0,"enemies":"3 Shapes","floor":35.0,"turns":4.0},{"damage":19.0,"enemies":"3 Darklings","floor":37.0,"turns":6.0},{"damage":17.0,"enemies":"Jaw Worm Horde","floor":38.0,"turns":3.0},{"damage":18,"enemies":"2 Orb Walkers","floor":39,"turns":4},{"damage":0,"enemies":"Mind Bloom Boss Battle","floor":44,"turns":3},{"damage":20,"enemies":"Sphere and 2 Shapes","floor":48,"turns":3},{"damage":0,"enemies":"Donu and Deca","floor":50,"turns":6}],"seed_played":"2055284601231434286","potions_obtained":[{"floor":4.0,"key":"AttackPotion"},{"floor":5.0,"key":"Explosive Potion"},{"floor":14.0,"key":"Fire Potion"},{"floor":22.0,"key":"Swift Potion"},{"floor":31.0,"key":"DuplicationPotion"},{"floor":36.0,"key":"Dexterity Potion"},{"floor":37.0,"key":"EssenceOfSteel"},{"floor":48,"key":"DuplicationPotion"}],"is_trial":false,"path_per_floor":["M","M","M","M","M","R","$","R","T","E","?","E","M","E","R","B",null,"M","$","?","M","M","R","M","R","T","?","$","R","?","M","R","B",null,"M","?","M","M","?","R","T","$","T","?","R","T","R","M","R","B",null],"character_chosen":"DEFECT","items_purchased":["Biased Cognition","Orrery","Defragment","Chemical X","Aggregate","Reinforced Body","DuplicationPotion"],"campfire_rested":4,"item_purchase_floors":[7,19,42,42,42,42,42],"current_hp_per_floor":[68,68,68,65,51,51,51,51,51,41,41,45,44,24,46,53,70,65,65,65,49,44,44,38,60,60,60,60,60,60,60,60,60,71,58,58,46,36,25,47,47,47,47,47,47,47,47,27,64,71],"gold":69,"neow_bonus":"THREE_ENEMY_KILL","is_daily":false,"chose_seed":false,"campfire_upgraded":7,"win_rate":0.0,"timestamp":1610469319,"path_taken":["M","M","M","M","M","R","$","R","T","E","?","E","M","E","R","BOSS","M","$","?","M","M","R","M","R","T","?","$","R","?","?","R","BOSS","M","?","M","?","?","R","?","$","T","?","R","?","R","M","R","BOSS"],"items_purchased_type":["Card","Relic","Card","Relic","Card","Card","Potion"],"build_version":"2020-12-22","purchased_purges":1,"victory":true,"max_hp_per_floor":[75,75,75,75,75,75,75,75,75,75,75,75,75,75,75,75,75,75,75,75,75,75,75,75,75,75,75,75,75,75,75,75,75,75,75,75,75,75,75,75,75,75,75,75,75,75,75,75,75,75],"card_choices":[{"not_picked":["Redo","Lockon"],"picked":"Turbo","floor":1.0},{"not_picked":["Conserve Battery","Stack"],"picked":"Aggregate","floor":2.0},{"not_picked":["Leap","Loop"],"picked":"Tempest","floor":3.0},{"not_picked":["Ball Lightning","Sweeping Beam"],"picked":"Lockon","floor":4.0},{"not_picked":["Go for the Eyes","Compile Driver"],"picked":"Conserve Battery","floor":5.0},{"not_picked":["Tempest","Darkness"],"picked":"Self Repair","floor":10.0},{"not_picked":["Double Energy","Scrape"],"picked":"Consume","floor":12.0},{"not_picked":["Go for the Eyes","Streamline"],"picked":"Loop","floor":13.0},{"not_picked":["Turbo","Streamline"],"picked":"Electrodynamics","floor":14.0},{"not_picked":["Creative AI","Meteor Strike"],"picked":"Core Surge","floor":16.0},{"not_picked":["Sweeping Beam","Conserve Battery","FTL"],"picked":"SKIP","floor":18.0},{"not_picked":["Ball Lightning+1","Reprogram"],"picked":"Reboot","floor":19.0},{"not_picked":["Multi-Cast","Barrage"],"picked":"Stack","floor":19.0},{"not_picked":["Lockon","Heatsinks"],"picked":"Rebound","floor":19.0},{"not_picked":["Streamline","Conserve Battery"],"picked":"Echo Form","floor":19.0},{"not_picked":["Turbo","Streamline"],"picked":"Steam","floor":19.0},{"not_picked":["Barrage","Melter"],"picked":"Stack","floor":21.0},{"not_picked":["Compile Driver+1","Beam Cell"],"picked":"Cold Snap+1","floor":22.0},{"not_picked":["Sweeping Beam","Cold Snap","Beam Cell"],"picked":"SKIP","floor":24.0},{"not_picked":["Ball Lightning+1","Turbo","Streamline+1"],"picked":"SKIP","floor":31.0},{"not_picked":["Rainbow","Meteor Strike"],"picked":"Buffer","floor":33.0},{"not_picked":["Gash+1","Self Repair"],"picked":"Steam","floor":35.0},{"not_picked":["Go for the Eyes","Compile Driver"],"picked":"Stack","floor":37.0},{"not_picked":["Redo+1","Recycle"],"picked":"Chill","floor":38.0},{"not_picked":["Reinforced Body","Sweeping Beam+1"],"picked":"Skim+1","floor":39},{"not_picked":["Coolheaded","Meteor Strike","Chill"],"picked":"Tempest+1","floor":44},{"not_picked":["Turbo","Barrage","Steam"],"picked":"Coolheaded+1","floor":48}],"player_experience":166275,"relics_obtained":[{"floor":9.0,"key":"Pen Nib"},{"floor":10.0,"key":"Ancient Tea Set"},{"floor":12.0,"key":"DataDisk"},{"floor":14.0,"key":"Bag of Marbles"},{"floor":26.0,"key":"Bag of Preparation"},{"floor":39,"key":"WingedGreaves"},{"floor":41,"key":"Regal Pillow"},{"floor":43,"key":"Question Card"},{"floor":44,"key":"TungstenRod"},{"floor":46,"key":"Oddly Smooth Stone"}],"event_choices":[{"damage_healed":0.0,"max_hp_gain":0.0,"max_hp_loss":0.0,"gold_gain":0.0,"event_name":"Living Wall","player_choice":"Grow","floor":11.0,"gold_loss":0.0,"damage_taken":0.0,"cards_upgraded":["Tempest"]},{"damage_healed":0.0,"max_hp_gain":0.0,"max_hp_loss":0.0,"gold_gain":0.0,"event_name":"The Library","player_choice":"Read","floor":20.0,"gold_loss":0.0,"damage_taken":0.0,"cards_obtained":["Stack"]},{"damage_healed":0.0,"max_hp_gain":0.0,"max_hp_loss":0.0,"gold_gain":0.0,"cards_transformed":["Strike_B","Strike_B"],"event_name":"Drug Dealer","player_choice":"Became Test Subject","floor":27.0,"gold_loss":0.0,"damage_taken":0.0,"cards_obtained":["Barrage","Reboot"]},{"damage_healed":0.0,"max_hp_gain":0.0,"max_hp_loss":0.0,"gold_gain":0.0,"event_name":"WeMeetAgain","player_choice":"Gave Potion","floor":30.0,"gold_loss":0.0,"damage_taken":0.0,"relics_obtained":["InkBottle"]},{"damage_healed":0.0,"max_hp_gain":0.0,"max_hp_loss":0.0,"gold_gain":0.0,"event_name":"Lab","player_choice":"Got Potions","floor":36.0,"gold_loss":0.0,"damage_taken":0.0},{"damage_healed":0,"gold_gain":0,"player_choice":"Fight","damage_taken":0,"max_hp_gain":0,"max_hp_loss":0,"event_name":"Mysterious Sphere","floor":39,"gold_loss":0},{"damage_healed":0,"gold_gain":0,"player_choice":"Fight","damage_taken":0,"max_hp_gain":0,"max_hp_loss":0,"event_name":"MindBloom","floor":44,"gold_loss":0}],"is_beta":false,"boss_relics":[{"not_picked":["Velvet Choker","SacredBark"],"picked":"Inserter"},{"not_picked":["Tiny House","Runic Dome"],"picked":"Astrolabe"}],"items_purged_floors":[28],"is_endless":false,"potions_floor_spawned":[4,5,14,22,31,37,44,48],"ascension_level":12}}