{"host":"5h7tnviy6ct1qpjn","time":1610485990,"event":{"mods":["AchievementEnabler","BaseMod","BetterRewards","Colored Powertips","Minty Spire (QoL Compilation)","Shop Mod","StSLib"],"gold_per_floor":[109,109,109,122,122,147,147,163,215,240,256,34,34,46,46,151,151,164,144,144,164,79,79,111,9,36,36,135,168,168,183,183,281,281,293,293,37,50,62,90,90,121,121,121,132,132,132,32,32,32,32],"floor_reached":50,"playtime":4413,"items_purged":["Strike_G","Parasite"],"score":723,"play_id":"bc60a943-b771-49e2-92bc-99067120f83b","local_time":"20210112221310","is_ascension_mode":false,"campfire_choices":[{"floor":7,"key":"REST"},{"data":"Madness","floor":13,"key":"SMITH"},{"data":"Madness","floor":15,"key":"SMITH"},{"floor":23,"key":"REST"},{"floor":27,"key":"REST"},{"floor":30,"key":"REST"},{"floor":32,"key":"REST"},{"floor":41,"key":"REST"},{"floor":44,"key":"REST"},{"floor":49,"key":"REST"}],"circlet_count":0,"master_deck":["Defend_G","Defend_G","Defend_G","Defend_G","Defend_G","Survivor","Infinite Blades+1","Chrysalis","Madness+1","Catalyst+1","Deadly Poison","Noxious Fumes","Deadly Poison","Crippling Poison","Flying Knee","Madness+1","Burst","Footwork","Prepared+1","Dash","Footwork","Backflip","Dodge and Roll+1","Corpse Explosion","Noxious Fumes+1","After Image"],"relics":["Ring of the Snake","Happy Flower","Oddly Smooth Stone","Bottled Tornado","Philosopher\u0027s Stone","Nunchaku","Ninja Scroll","MawBank","MealTicket","Prayer Wheel","Empty Cage","White Beast Statue","Gremlin Horn","Orichalcum","Girya"],"acts_visited":["Exordium","TheCity","TheBeyond"],"potions_floor_usage":[6,16,21,21,29,40,42,42,47,47,50],"damage_taken":[{"damage":0,"enemies":"Small Slimes","floor":1,"turns":4},{"damage":0,"enemies":"2 Louse","floor":4,"turns":3},{"damage":4,"enemies":"3 Sentries","floor":6,"turns":4},{"damage":1,"enemies":"Cultist","floor":8,"turns":4},{"damage":4,"enemies":"Lagavulin","floor":10,"turns":5},{"damage":1,"enemies":"Blue Slaver","floor":11,"turns":3},{"damage":1,"enemies":"Looter","floor":14,"turns":3},{"damage":24,"enemies":"The Guardian","floor":16,"turns":8},{"damage":0,"enemies":"Chosen","floor":18,"turns":4},{"damage":20,"enemies":"2 Thieves","floor":19,"turns":4},{"damage":18,"enemies":"Centurion and Healer","floor":21,"turns":6},{"damage":8,"enemies":"Gremlin Leader","floor":24,"turns":6},{"damage":32,"enemies":"Book of Stabbing","floor":29,"turns":7},{"damage":26,"enemies":"3 Cultists","floor":31,"turns":5},{"damage":42,"enemies":"Automaton","floor":33,"turns":8},{"damage":1,"enemies":"Orb Walker","floor":35,"turns":4},{"damage":2,"enemies":"3 Shapes","floor":38,"turns":3},{"damage":1,"enemies":"3 Darklings","floor":39,"turns":4},{"damage":60,"enemies":"Nemesis","floor":40,"turns":7},{"damage":7,"enemies":"Giant Head","floor":42,"turns":8},{"damage":10,"enemies":"Writhing Mass","floor":45,"turns":5},{"damage":0,"enemies":"Jaw Worm Horde","floor":47,"turns":1},{"damage":87,"enemies":"Time Eater","floor":50,"turns":7}],"seed_played":"-354227362503409895","potions_obtained":[{"floor":1,"key":"Strength Potion"},{"floor":4,"key":"DistilledChaos"},{"floor":8,"key":"Energy Potion"},{"floor":18,"key":"Strength Potion"},{"floor":19,"key":"SpeedPotion"},{"floor":29,"key":"SmokeBomb"},{"floor":33,"key":"Poison Potion"},{"floor":38,"key":"SpeedPotion"},{"floor":40,"key":"Swift Potion"},{"floor":42,"key":"FearPotion"},{"floor":45,"key":"LiquidBronze"}],"is_trial":false,"path_per_floor":["M","?","?","M","?","E","R","M","T","E","M","$","R","M","R","B",null,"M","M","?","M","?","R","E","$","T","R","?","E","R","M","R","B",null,"M","?","$","M","M","E","R","E","T","R","M","?","M","$","R","B"],"character_chosen":"THE_SILENT","items_purchased":["Infinite Blades","Madness","Flying Knee","Madness","Dash","Footwork","White Beast Statue"],"campfire_rested":8,"item_purchase_floors":[0,0,12,12,25,25,37],"current_hp_per_floor":[62,62,48,48,48,44,65,64,64,60,59,59,59,58,58,34,70,70,50,50,32,32,53,45,45,45,66,66,34,55,29,50,8,70,69,69,70,68,67,7,28,21,21,42,32,32,32,47,67,0,0],"gold":32,"neow_bonus":"","is_daily":false,"chose_seed":false,"campfire_upgraded":2,"win_rate":0.0,"timestamp":1610485990,"path_taken":["M","?","?","M","?","E","R","M","T","E","?","$","R","M","R","BOSS","M","M","?","M","?","R","E","$","T","R","?","E","R","M","R","BOSS","M","?","$","?","M","E","R","E","T","R","?","?","M","$","R","BOSS"],"items_purchased_type":["Card","Card","Card","Card","Card","Card","Relic"],"build_version":"2020-12-22","purchased_purges":2,"victory":false,"max_hp_per_floor":[70,70,70,70,70,70,70,70,70,70,70,70,70,70,70,70,70,70,70,70,70,70,70,70,70,70,70,70,70,70,70,70,70,70,70,70,70,70,70,70,70,70,70,70,70,70,70,67,67,67,67],"card_choices":[{"not_picked":["Leg Sweep","Predator"],"picked":"Catalyst","floor":1},{"not_picked":["Bouncing Flask","Backflip"],"picked":"Deadly Poison","floor":4},{"not_picked":["Burst","Dodge and Roll"],"picked":"Noxious Fumes","floor":6},{"not_picked":["Well Laid Plans","Footwork"],"picked":"Deadly Poison","floor":8},{"not_picked":["Dodge and Roll","Tactician","Quick Slash"],"picked":"SKIP","floor":10},{"not_picked":["Calculated Gamble","Eviscerate"],"picked":"Crippling Poison","floor":11},{"not_picked":["Slice","Skewer","Backflip"],"picked":"SKIP","floor":14},{"not_picked":["Night Terror","After Image"],"picked":"Burst","floor":16},{"not_picked":["Dodge and Roll","Sucker Punch"],"picked":"Footwork","floor":18},{"not_picked":["Dagger Spray","Predator"],"picked":"Prepared+1","floor":19},{"not_picked":["Well Laid Plans","Dodge and Roll","Dagger Spray"],"picked":"SKIP","floor":21},{"not_picked":["Slice","Dagger Throw","Endless Agony+1"],"picked":"SKIP","floor":24},{"not_picked":["Heel Hook","Blade Dance","Reflex"],"picked":"SKIP","floor":29},{"not_picked":["Choke","Slice+1"],"picked":"Backflip","floor":31},{"not_picked":["Dagger Throw","Predator+1"],"picked":"Dodge and Roll+1","floor":31},{"not_picked":["Wraith Form v2","Envenom"],"picked":"Corpse Explosion","floor":33},{"not_picked":["Dodge and Roll+1","Underhanded Strike"],"picked":"Noxious Fumes+1","floor":35},{"not_picked":["Dagger Throw","Quick Slash+1","Eviscerate+1"],"picked":"SKIP","floor":35},{"not_picked":["Dagger Spray+1","Flying Knee+1"],"picked":"After Image","floor":38},{"not_picked":["Dodge and Roll+1","Blade Dance","Infinite Blades"],"picked":"SKIP","floor":38},{"not_picked":["Slice","Prepared+1","Blade Dance"],"picked":"SKIP","floor":39},{"not_picked":["Dodge and Roll+1","Bane+1","Outmaneuver+1"],"picked":"SKIP","floor":39},{"not_picked":["PiercingWail+1","Deflect","Terror"],"picked":"SKIP","floor":40},{"not_picked":["Dagger Throw","A Thousand Cuts","Dagger Spray+1"],"picked":"SKIP","floor":42},{"not_picked":["Backflip+1","Masterful Stab","Sucker Punch"],"picked":"SKIP","floor":45},{"not_picked":["Quick Slash+1","Deadly Poison+1","Underhanded Strike+1"],"picked":"SKIP","floor":45}],"player_experience":27751,"relics_obtained":[{"floor":6,"key":"Happy Flower"},{"floor":9,"key":"Oddly Smooth Stone"},{"floor":10,"key":"Bottled Tornado"},{"floor":24,"key":"MawBank"},{"floor":26,"key":"MealTicket"},{"floor":29,"key":"Prayer Wheel"},{"floor":40,"key":"Gremlin Horn"},{"floor":42,"key":"Orichalcum"},{"floor":43,"key":"Girya"}],"event_choices":[{"damage_healed":0,"gold_gain":0,"player_choice":"Ignored","damage_taken":0,"max_hp_gain":0,"max_hp_loss":0,"event_name":"Golden Idol","floor":2,"gold_loss":0},{"damage_healed":0,"gold_gain":0,"player_choice":"Entered Light","damage_taken":14,"max_hp_gain":0,"max_hp_loss":0,"event_name":"Shining Light","floor":3,"gold_loss":0,"cards_upgraded":["Catalyst","Infinite Blades"]},{"cards_removed":["Strike_G"],"damage_healed":0,"gold_gain":0,"player_choice":"Purged","damage_taken":0,"max_hp_gain":0,"max_hp_loss":0,"event_name":"Purifier","floor":5,"gold_loss":0},{"damage_healed":0,"gold_gain":0,"player_choice":"Opened","damage_taken":0,"relics_obtained":["Nunchaku"],"max_hp_gain":0,"max_hp_loss":0,"event_name":"The Mausoleum","floor":20,"gold_loss":0},{"damage_healed":0,"gold_gain":0,"player_choice":"Obtained Relic","damage_taken":0,"relics_obtained":["Ninja Scroll"],"max_hp_gain":0,"max_hp_loss":0,"event_name":"Addict","floor":22,"gold_loss":85},{"damage_healed":0,"gold_gain":99,"player_choice":"Stole From Cult","damage_taken":0,"max_hp_gain":0,"max_hp_loss":0,"event_name":"Nest","floor":28,"gold_loss":0},{"cards_removed":["Strike_G"],"damage_healed":0,"gold_gain":0,"player_choice":"Offered Basic","damage_taken":0,"max_hp_gain":0,"max_hp_loss":0,"event_name":"Bonfire Elementals","floor":36,"gold_loss":0},{"cards_removed":["Neutralize"],"damage_healed":0,"gold_gain":0,"player_choice":"Removed Attack","damage_taken":0,"max_hp_gain":0,"max_hp_loss":0,"event_name":"Falling","floor":46,"gold_loss":0}],"is_beta":false,"boss_relics":[{"not_picked":["Runic Dome","SacredBark"],"picked":"Philosopher\u0027s Stone"},{"not_picked":["Ring of the Serpent","Coffee Dripper"],"picked":"Empty Cage"}],"items_purged_floors":[12,48],"is_endless":false,"potions_floor_spawned":[1,4,8,18,19,29,33,38,39,40,42,45,47],"killed_by":"Time Eater","ascension_level":0}}