{"host":"gf95gjygaqy6b70i","time":1610486805,"event":{"mods":["BaseMod","Colored Map","Colored Powertips","Minty Spire (QoL Compilation)"],"gold_per_floor":[110,127,141,91,109,109,138,138,138,138,153,179,22,40,40,140,140,140,80,80,80,80,80,80,80,80,80,80,80,80,4,4,4,4,4,4,4,4,4],"floor_reached":38,"language":"ENG","playtime":1618,"items_purged":[],"score":448,"play_id":"b3ed4d86-8071-4edd-8c51-6556a70c3c16","local_time":"20210112222645","is_ascension_mode":true,"campfire_choices":[{"data":"Noxious Fumes","floor":6,"key":"SMITH"},{"data":"Neutralize","floor":8,"key":"SMITH"},{"floor":15,"key":"REST"},{"floor":23,"key":"REST"},{"data":"Tools of the Trade","floor":27,"key":"SMITH"},{"floor":32,"key":"REST"}],"circlet_count":0,"master_deck":["Strike_G","Strike_G","Strike_G","Defend_G","Defend_G","Defend_G","Defend_G","Survivor","Neutralize+1","Dagger Throw","Blade Dance","Noxious Fumes+1","Crippling Poison","Prepared","Bane+1","Leg Sweep","Cloak And Dagger","Unload+1","Blur","Sucker Punch+1","Caltrops","Tools of the Trade+1","Accuracy","Quick Slash+1","Catalyst+1","Adrenaline+1","Slice+1","Backflip+1","Footwork"],"relics":["Empty Cage","Mercury Hourglass","Question Card","Molten Egg 2","Paper Crane","Membership Card","Ectoplasm","Ginger","Spirit Poop","Kunai","Toxic Egg 2","Eternal Feather","Boot","HoveringKite"],"acts_visited":["Exordium","TheCity","TheBeyond"],"potions_floor_usage":[2,14,16,29,33,33,35,38],"damage_taken":[{"damage":4,"enemies":"Cultist","floor":1,"turns":5},{"damage":3,"enemies":"Jaw Worm","floor":2,"turns":3},{"damage":0,"enemies":"Small Slimes","floor":3,"turns":2},{"damage":5,"enemies":"Looter","floor":5,"turns":3},{"damage":13,"enemies":"3 Sentries","floor":7,"turns":8},{"damage":6,"enemies":"Lots of Slimes","floor":11,"turns":2},{"damage":12,"enemies":"Gremlin Nob","floor":12,"turns":3},{"damage":2,"enemies":"Gremlin Gang","floor":14,"turns":2},{"damage":17,"enemies":"The Guardian","floor":16,"turns":10},{"damage":6,"enemies":"Spheric Guardian","floor":18,"turns":4},{"damage":7,"enemies":"2 Thieves","floor":19,"turns":4},{"damage":6,"enemies":"Centurion and Healer","floor":22,"turns":5},{"damage":10,"enemies":"Gremlin Leader","floor":25,"turns":7},{"damage":26,"enemies":"Sentry and Sphere","floor":28,"turns":6},{"damage":15,"enemies":"Slavers","floor":29,"turns":4},{"damage":17,"enemies":"Chosen and Byrds","floor":30,"turns":7},{"damage":1,"enemies":"Collector","floor":33,"turns":7},{"damage":11,"enemies":"Orb Walker","floor":35,"turns":4},{"damage":25,"enemies":"3 Darklings","floor":36,"turns":4},{"damage":40,"enemies":"Spire Growth","floor":37,"turns":4},{"damage":6,"enemies":"Sphere and 2 Shapes","floor":38,"turns":3}],"seed_played":"4948296978423767467","potions_obtained":[{"floor":2,"key":"Fruit Juice"},{"floor":7,"key":"Explosive Potion"},{"floor":12,"key":"Explosive Potion"},{"floor":19,"key":"Ancient Potion"},{"floor":28,"key":"LiquidBronze"},{"floor":29,"key":"Dexterity Potion"},{"floor":33,"key":"Poison Potion"},{"floor":35,"key":"Fruit Juice"},{"floor":37,"key":"SpeedPotion"}],"is_trial":false,"path_per_floor":["M","M","M","?","M","R","E","R","T","T","M","E","$","M","R","B",null,"M","M","?","?","M","R","?","E","T","R","M","E","M","$","R","B",null,"M","M","M","M"],"character_chosen":"THE_SILENT","items_purchased":["Membership Card","Boot"],"campfire_rested":3,"item_purchase_floors":[13,31],"current_hp_per_floor":[66,68,68,68,63,63,50,50,50,50,44,32,32,30,52,35,75,69,62,62,62,56,75,75,65,65,65,39,24,7,7,44,43,75,69,44,4,0,0],"gold":4,"neow_bonus":"BOSS_RELIC","is_daily":false,"chose_seed":false,"campfire_upgraded":3,"win_rate":0.0,"timestamp":1610486805,"path_taken":["M","?","M","?","M","R","E","R","T","?","M","E","?","M","R","BOSS","M","M","?","?","M","R","?","E","T","R","M","E","?","?","R","BOSS","M","?","M","M"],"items_purchased_type":["Relic","Relic"],"build_version":"2020-12-22","purchased_purges":0,"victory":false,"max_hp_per_floor":[70,75,75,75,75,75,75,75,75,75,75,75,75,75,75,75,75,75,75,75,75,75,75,75,75,75,75,75,75,75,75,75,75,75,80,80,80,80,80],"card_choices":[{"not_picked":["Sucker Punch","Deflect"],"picked":"Dagger Throw","floor":1},{"not_picked":["Cloak And Dagger","Flying Knee"],"picked":"Blade Dance","floor":2},{"not_picked":["Dagger Spray","Masterful Stab"],"picked":"Noxious Fumes","floor":3},{"not_picked":["All Out Attack","Malaise"],"picked":"Crippling Poison","floor":5},{"not_picked":["Deflect","Bane"],"picked":"Prepared","floor":7},{"not_picked":["Deadly Poison","Wraith Form v2","Acrobatics"],"picked":"Bane+1","floor":11},{"not_picked":["Expertise","Cloak And Dagger","Prepared"],"picked":"Leg Sweep","floor":12},{"not_picked":["Prepared","Escape Plan","Acrobatics"],"picked":"Cloak And Dagger","floor":14},{"not_picked":["Doppelganger","Wraith Form v2","Night Terror"],"picked":"Unload+1","floor":16},{"not_picked":["Poisoned Stab+1","Escape Plan+1","Deadly Poison+1"],"picked":"Blur","floor":18},{"not_picked":["Outmaneuver","Dagger Spray+1","Flying Knee+1"],"picked":"Sucker Punch+1","floor":19},{"not_picked":["Deadly Poison+1","Eviscerate+1","Underhanded Strike+1"],"picked":"Caltrops","floor":22},{"not_picked":["All Out Attack+1","Bouncing Flask","Flechettes+1"],"picked":"Tools of the Trade","floor":25},{"not_picked":["Predator+1","Outmaneuver+1","PiercingWail+1"],"picked":"Accuracy","floor":28},{"not_picked":["PiercingWail+1","Dagger Spray+1","Predator+1"],"picked":"Quick Slash+1","floor":29},{"not_picked":["Bouncing Flask+1","Prepared+1","Riddle With Holes+1"],"picked":"Catalyst+1","floor":30},{"not_picked":["Glass Knife+1","A Thousand Cuts","Burst+1"],"picked":"Adrenaline+1","floor":33},{"not_picked":["Deflect+1","Deadly Poison+1","Leg Sweep+1"],"picked":"Slice+1","floor":35},{"not_picked":["Dagger Throw+1","Dagger Spray+1","Bouncing Flask+1"],"picked":"Backflip+1","floor":36},{"not_picked":["Flying Knee+1","Poisoned Stab+1","Masterful Stab+1"],"picked":"Footwork","floor":37}],"player_experience":61015,"relics_obtained":[{"floor":7,"key":"Mercury Hourglass"},{"floor":9,"key":"Question Card"},{"floor":10,"key":"Molten Egg 2"},{"floor":12,"key":"Paper Crane"},{"floor":25,"key":"Kunai"},{"floor":26,"key":"Toxic Egg 2"},{"floor":29,"key":"Eternal Feather"}],"event_choices":[{"cards_removed":["Strike_G"],"damage_healed":0,"gold_gain":0,"player_choice":"Card Removal","damage_taken":0,"max_hp_gain":0,"max_hp_loss":0,"event_name":"The Cleric","floor":4,"gold_loss":50},{"damage_healed":0,"gold_gain":0,"player_choice":"Ignored","damage_taken":0,"max_hp_gain":0,"max_hp_loss":0,"event_name":"Ghosts","floor":20,"gold_loss":0},{"damage_healed":0,"gold_gain":0,"player_choice":"Stole Relic","damage_taken":0,"relics_obtained":["Ginger"],"max_hp_gain":0,"max_hp_loss":0,"event_name":"Addict","floor":21,"gold_loss":0,"cards_obtained":["Shame"]},{"cards_removed":["Shame"],"damage_healed":0,"gold_gain":0,"player_choice":"Offered Curse","damage_taken":0,"relics_obtained":["Spirit Poop"],"max_hp_gain":0,"max_hp_loss":0,"event_name":"Bonfire Elementals","floor":24,"gold_loss":0}],"is_beta":false,"boss_relics":[{"not_picked":["Snecko Eye","SacredBark"],"picked":"Ectoplasm"},{"not_picked":["Astrolabe","Runic Pyramid"],"picked":"HoveringKite"}],"items_purged_floors":[],"is_endless":false,"potions_floor_spawned":[2,7,12,19,28,29,33,35,37],"killed_by":"Sphere and 2 Shapes","ascension_level":1}}