{"host":"l84l8xigz5v5foa2","time":1610457845,"event":{"mods":["2.2 Compatiblity","AchievementEnabler","BaseMod","Better Note","Better Vampires","Card Filter","Colored Map","DeckTracker","Downfall","Gremlin Skip","Highlight Path","Keyboard Shortcuts","Minty Spire (QoL Compilation)","Permanent Neow","Quick Restart","Relic Filter","Relic Stats","StSLib","SuperFastMode","Transform Curses","Unknown Chances"],"gold_per_floor":[99,118,131,231,241,252,276,276,276,306,231,281,292,309,327,327,327,327],"floor_reached":16,"playtime":533,"items_purged":[],"score":208,"play_id":"63da7637-df6d-4914-a185-c7188c7e28b8","local_time":"20210112222405","is_ascension_mode":true,"campfire_choices":[{"data":"hexamod:Float","floor":1,"key":"SMITH"},{"data":"hexamod:NecessarySacrifice","floor":9,"key":"SMITH"},{"data":"Deep Breath","floor":11,"key":"SMITH"}],"circlet_count":0,"master_deck":["AscendersBane","hexamod:Strike","hexamod:Strike","hexamod:Strike","hexamod:Strike","hexamod:Defend","hexamod:Defend","hexamod:Defend","hexamod:Defend","hexamod:Sear","hexamod:Float+1","Deep Breath+1","hexamod:NecessarySacrifice+1","hexamod:BacktrackSmack","hexamod:SpectersWail","hexamod:InspiringFlames","hexamod:NightmareStrike","hexamod:NightmareGuise","hexamod:FirstSeal"],"relics":["hexamod:SpiritBrand","Nunchaku","Gremlin Horn","downfall:HeartBlessingGreen"],"acts_visited":["Exordium"],"potions_floor_usage":[10,15,16,16],"damage_taken":[{"damage":0,"enemies":"2 Louse","floor":2,"turns":3},{"damage":1,"enemies":"Jaw Worm","floor":3,"turns":3},{"damage":0,"enemies":"Cultist","floor":5,"turns":3},{"damage":0,"enemies":"2 Fungi Beasts","floor":6,"turns":2},{"damage":4,"enemies":"3 Sentries","floor":10,"turns":5},{"damage":1,"enemies":"Blue Slaver","floor":13,"turns":2},{"damage":0,"enemies":"Exordium Wildlife","floor":14,"turns":3},{"damage":4,"enemies":"Gremlin Gang","floor":15,"turns":4},{"damage":49,"enemies":"downfall:Silent","floor":16,"turns":6}],"seed_played":"8283536459584264806","potions_obtained":[{"floor":5,"key":"Dexterity Potion"},{"floor":6,"key":"hexamod:DoubleChargePotion"},{"floor":14,"key":"Energy Potion"},{"floor":15,"key":"hexamod:DoubleChargePotion"}],"is_trial":false,"path_per_floor":["R","M","M","?","M","M","T","?","R","E","R","?","M","M","M","B"],"character_chosen":"THE_SPIRIT","items_purchased":[],"campfire_rested":0,"item_purchase_floors":[],"current_hp_per_floor":[57,57,56,56,56,56,56,56,56,52,52,52,51,51,47,0,0,0],"gold":327,"neow_bonus":"RANDOM_COLORLESS","is_daily":false,"chose_seed":false,"campfire_upgraded":3,"win_rate":0.0,"timestamp":1610457845,"path_taken":["R","M","M","?","M","M","T","?","R","E","R","?","M","?","M","BOSS"],"items_purchased_type":[],"build_version":"2020-12-22","purchased_purges":0,"victory":false,"max_hp_per_floor":[63,63,63,63,63,63,63,63,63,63,63,63,63,63,63,63,63,63],"relic_stats":{"Nunchaku":[3],"Gremlin Horn":[4,4],"counters":[9,31],"obtain_stats":[{"Nunchaku":7,"Gremlin Horn":10,"downfall:HeartBlessingGreen":11,"hexamod:SpiritBrand":0},{"Nunchaku":4,"Gremlin Horn":5,"downfall:HeartBlessingGreen":5,"hexamod:SpiritBrand":0},{"Nunchaku":11,"Gremlin Horn":16,"downfall:HeartBlessingGreen":16,"hexamod:SpiritBrand":0}]},"card_choices":[{"not_picked":["Forethought","Impatience"],"picked":"Deep Breath","floor":0},{"not_picked":["hexamod:InspiringFlames","hexamod:Firestarter"],"picked":"hexamod:NecessarySacrifice","floor":2},{"not_picked":["hexamod:ChargedBarrage","hexamod:ShieldOfDarkness"],"picked":"hexamod:BacktrackSmack","floor":3},{"not_picked":["hexamod:HeatShield","hexamod:BacktrackSmack"],"picked":"hexamod:SpectersWail","floor":5},{"not_picked":["hexamod:GhostflameInferno","hexamod:SoulSteal"],"picked":"hexamod:InspiringFlames","floor":6},{"not_picked":["hexamod:BacktrackSmack","hexamod:NightmareGuise"],"picked":"hexamod:NightmareStrike","floor":10},{"not_picked":["hexamod:GhostflameBarrier","hexamod:Hexaguard"],"picked":"hexamod:NightmareGuise","floor":13},{"not_picked":["hexamod:PhantomCloak","hexamod:SwordOfDarkness","hexamod:BacktrackSmack"],"picked":"SKIP","floor":14},{"not_picked":["hexamod:NightmareStrike","hexamod:PhantomCloak"],"picked":"hexamod:FirstSeal","floor":15}],"player_experience":3127556,"relics_obtained":[{"floor":7,"key":"Nunchaku"},{"floor":10,"key":"Gremlin Horn"}],"event_choices":[{"cards_removed":["Slimebound:Icky"],"damage_healed":0,"gold_gain":0,"player_choice":"Card Removal","damage_taken":0,"max_hp_gain":0,"max_hp_loss":0,"event_name":"The Cleric","floor":8,"gold_loss":0}],"is_beta":false,"boss_relics":[],"items_purged_floors":[],"is_endless":false,"potions_floor_spawned":[5,6,14,15],"killed_by":"downfall:Silent","ascension_level":20}}