{"host":"y89x8uui45kcjy42","time":1610425555,"event":{"mods":["2.2 Compatiblity","BaseMod","CapriCore","Colored Map","Colored Powertips","Custom Start","Friendly Minions","Keyboard Shortcuts","Minty Spire (QoL Compilation)","Relic Stats","Slay the Relics Exporter","StSLib","SuperFastMode","Uncapped"],"gold_per_floor":[114,114,128,140,150,150,205,205,205,233,258,312,312,339,339,417,417,435,450,450,469,487,514,514,546,572,601,601,601,601,191,191,276,276,303,312,330,340,357,357,382,382,382,382,431,431,431,457,457,457,457],"floor_reached":50,"playtime":1207,"items_purged":["Defend_B"],"score":1349,"play_id":"1c93dab9-de50-456e-a510-0750190c25db","local_time":"20210112132555","is_ascension_mode":true,"campfire_choices":[{"data":"Beam Cell","floor":6,"key":"SMITH"},{"data":"Hologram","floor":8,"key":"SMITH"},{"data":"Gash","floor":13,"key":"SMITH"},{"data":"Rip and Tear","floor":15,"key":"SMITH"},{"data":"Sweeping Beam","floor":28,"key":"SMITH"},{"data":"Gash","floor":30,"key":"SMITH"},{"data":"Gash","floor":32,"key":"SMITH"},{"data":"Hyperbeam","floor":40,"key":"SMITH"},{"data":"Undo","floor":44,"key":"SMITH"},{"data":"BootSequence","floor":46,"key":"SMITH"},{"data":"Steam","floor":47,"key":"SMITH"},{"floor":49,"key":"RECALL"}],"circlet_count":0,"master_deck":["Reprogram+1","Reprogram+1","Beam Cell+1","Gash+1","Sweeping Beam+1","Machine Learning","Hologram+1","BootSequence+1","Rip and Tear+1","Gash+1","Undo+1","Steam+1","Gash+1","Hyperbeam+1","Leap+1","Madness","Madness","Madness"],"relics":["Coffee Dripper","Mummified Hand","Odd Mushroom","Tiny Chest","StrikeDummy","Coffee Dripper","Lantern","Anchor","Bronze Scales","Nunchaku","Blood Vial","CeramicFish","Happy Flower","Chemical X","SacredBark","White Beast Statue","WingedGreaves","Pear","The Courier","Gambling Chip","Bag of Preparation","Kunai"],"acts_visited":["TheCity","TheBeyond"],"potions_floor_usage":[5,10,23,25,35],"damage_taken":[{"damage":0,"enemies":"Jaw Worm","floor":1,"turns":3},{"damage":8,"enemies":"2 Louse","floor":3,"turns":3},{"damage":0,"enemies":"Cultist","floor":4,"turns":3},{"damage":10,"enemies":"Exordium Thugs","floor":5,"turns":3},{"damage":8,"enemies":"Gremlin Nob","floor":7,"turns":3},{"damage":0,"enemies":"Lagavulin","floor":10,"turns":4},{"damage":8,"enemies":"The Mushroom Lair","floor":11,"turns":3},{"damage":14,"enemies":"Gremlin Nob","floor":14,"turns":3},{"damage":27,"enemies":"Hexaghost","floor":16,"turns":6},{"damage":0,"enemies":"3 Byrds","floor":18,"turns":5},{"damage":11,"enemies":"2 Thieves","floor":19,"turns":4},{"damage":26,"enemies":"Snecko","floor":21,"turns":5},{"damage":11,"enemies":"Shelled Parasite and Fungi","floor":22,"turns":5},{"damage":8,"enemies":"Gremlin Leader","floor":23,"turns":5},{"damage":25,"enemies":"Slavers","floor":25,"turns":5},{"damage":21,"enemies":"Book of Stabbing","floor":27,"turns":4},{"damage":0,"enemies":"Automaton","floor":33,"turns":5},{"damage":0,"enemies":"3 Darklings","floor":35,"turns":2},{"damage":0,"enemies":"3 Shapes","floor":38,"turns":3},{"damage":7,"enemies":"Maw","floor":39,"turns":6},{"damage":25,"enemies":"Giant Head","floor":41,"turns":6},{"damage":20,"enemies":"2 Orb Walkers","floor":45,"turns":4},{"damage":0,"enemies":"Nemesis","floor":48,"turns":5},{"damage":37,"enemies":"Donu and Deca","floor":50,"turns":4}],"seed_played":"5290857103181436507","potions_obtained":[{"floor":3,"key":"DistilledChaos"},{"floor":5,"key":"SteroidPotion"},{"floor":11,"key":"Fire Potion"},{"floor":16,"key":"Dexterity Potion"},{"floor":19,"key":"Strength Potion"},{"floor":27,"key":"AttackPotion"},{"floor":33,"key":"Swift Potion"},{"floor":39,"key":"ColorlessPotion"}],"is_trial":false,"path_per_floor":["M","?","M","M","M","R","?","R","T","E","?","T","R","E","R","B",null,"M","M","?","M","M","E","T","E","T","E","R","T","R","$","R","B",null,"M","?","?","M","M","R","E","T","T","R","?","R","R","E","R","B"],"character_chosen":"DEFECT","items_purchased":["Happy Flower","Chemical X"],"campfire_rested":0,"item_purchase_floors":[31,31],"current_hp_per_floor":[64,57,49,49,39,39,31,31,31,31,23,23,23,9,9,44,64,64,53,81,55,44,36,36,79,79,58,58,58,58,58,58,60,76,78,78,63,65,60,60,37,47,47,47,29,29,29,31,31,0,0],"gold":457,"neow_bonus":"BOSS_RELIC","is_daily":false,"chose_seed":false,"campfire_upgraded":11,"win_rate":0.0,"timestamp":1610425555,"path_taken":["M","?","M","M","M","R","?","R","T","E","?","?","R","E","R","BOSS","M","M","?","?","M","E","?","E","T","E","R","?","R","$","R","BOSS","M","?","?","M","?","R","E","?","T","R","?","R","R","E","R","BOSS"],"items_purchased_type":["Relic","Relic"],"build_version":"2020-12-22","purchased_purges":1,"victory":false,"max_hp_per_floor":[71,71,71,71,71,71,71,71,71,71,71,71,71,71,71,71,71,71,71,81,81,81,81,81,81,81,81,81,81,81,81,81,81,81,81,81,81,81,81,81,81,91,91,91,91,91,91,91,91,91,91],"relic_stats":{"Happy Flower":[11],"counters":[24,99],"CeramicFish":45,"Bag of Preparation":[4],"Blood Vial":16,"Nunchaku":[10],"Mummified Hand":[16],"Bronze Scales":[105],"Gambling Chip":[0],"Tiny Chest":2,"Chemical X":[1],"Kunai":[2],"obtain_stats":[{"Lantern":23,"Pear":42,"Happy Flower":31,"CeramicFish":29,"SacredBark":34,"The Courier":43,"Bag of Preparation":47,"Odd Mushroom":11,"White Beast Statue":41,"Blood Vial":27,"Anchor":24,"Nunchaku":26,"Mummified Hand":7,"Bronze Scales":25,"Gambling Chip":45,"Tiny Chest":12,"Fusion Hammer":0,"WingedGreaves":28,"Coffee Dripper":1,"Chemical X":31,"Kunai":48,"Cracked Core":0,"StrikeDummy":14},{"Lantern":14,"Pear":21,"Happy Flower":16,"CeramicFish":16,"SacredBark":17,"The Courier":21,"Bag of Preparation":22,"Odd Mushroom":7,"White Beast Statue":21,"Blood Vial":16,"Anchor":14,"Nunchaku":15,"Mummified Hand":5,"Bronze Scales":15,"Gambling Chip":22,"Tiny Chest":7,"Fusion Hammer":0,"WingedGreaves":16,"Coffee Dripper":1,"Chemical X":16,"Kunai":23,"Cracked Core":0,"StrikeDummy":8},{"Lantern":55,"Pear":86,"Happy Flower":64,"CeramicFish":64,"SacredBark":69,"The Courier":86,"Bag of Preparation":90,"Odd Mushroom":22,"White Beast Statue":86,"Blood Vial":64,"Anchor":55,"Nunchaku":60,"Mummified Hand":15,"Bronze Scales":60,"Gambling Chip":90,"Tiny Chest":22,"Fusion Hammer":0,"WingedGreaves":64,"Coffee Dripper":3,"Chemical X":64,"Kunai":95,"Cracked Core":0,"StrikeDummy":25}]},"card_choices":[{"not_picked":["Redo","Recycle"],"picked":"Beam Cell","floor":1},{"not_picked":["Blizzard","Turbo"],"picked":"Gash","floor":3},{"not_picked":["Leap","Defragment"],"picked":"Sweeping Beam","floor":4},{"not_picked":["Compile Driver","Go for the Eyes"],"picked":"Machine Learning","floor":5},{"not_picked":["Reprogram","Self Repair"],"picked":"Hologram","floor":7},{"not_picked":["Doom and Gloom","Thunder Strike"],"picked":"BootSequence","floor":10},{"not_picked":["Biased Cognition","Chill"],"picked":"Rip and Tear","floor":14},{"not_picked":["Buffer","Creative AI"],"picked":"Seek","floor":16},{"not_picked":["Genetic Algorithm","Ball Lightning","Consume+1"],"picked":"SKIP","floor":18},{"not_picked":["Gash","Redo","Go for the Eyes+1"],"picked":"SKIP","floor":19},{"not_picked":["Redo","Go for the Eyes+1"],"picked":"Gash","floor":19},{"not_picked":["Skim","Compile Driver"],"picked":"Undo","floor":21},{"not_picked":["Go for the Eyes","Barrage"],"picked":"Steam","floor":22},{"not_picked":["Streamline","Conserve Battery+1"],"picked":"Gash","floor":23},{"not_picked":["Thunder Strike","Streamline","Stack"],"picked":"SKIP","floor":25},{"not_picked":["Static Discharge","Melter","Turbo"],"picked":"SKIP","floor":27},{"not_picked":["Fission","Buffer"],"picked":"Hyperbeam","floor":33},{"not_picked":["Streamline","Rebound"],"picked":"Leap+1","floor":35},{"not_picked":["Impatience","Blind"],"picked":"Madness","floor":36},{"not_picked":["Coolheaded+1","Sunder","Cold Snap"],"picked":"SKIP","floor":38},{"not_picked":["Ball Lightning+1","Turbo","White Noise"],"picked":"SKIP","floor":39},{"not_picked":["Skim","Lockon","Hello World"],"picked":"SKIP","floor":41},{"not_picked":["Beam Cell","Streamline","Steam Power"],"picked":"SKIP","floor":48}],"player_experience":594812,"relics_obtained":[{"floor":7,"key":"Mummified Hand"},{"floor":11,"key":"Odd Mushroom"},{"floor":12,"key":"Tiny Chest"},{"floor":14,"key":"StrikeDummy"},{"floor":23,"key":"Lantern"},{"floor":24,"key":"Anchor"},{"floor":25,"key":"Bronze Scales"},{"floor":26,"key":"Nunchaku"},{"floor":27,"key":"Blood Vial"},{"floor":29,"key":"CeramicFish"},{"floor":41,"key":"White Beast Statue"},{"floor":42,"key":"Pear"},{"floor":43,"key":"The Courier"},{"floor":45,"key":"Gambling Chip"},{"floor":48,"key":"Kunai"}],"event_choices":[{"cards_removed":["Strike_B"],"damage_healed":0,"gold_gain":0,"player_choice":"Card Removal","damage_taken":7,"max_hp_gain":0,"max_hp_loss":0,"event_name":"Golden Wing","floor":2,"gold_loss":0},{"damage_healed":0,"gold_gain":0,"player_choice":"Searched \u00271\u0027 times","damage_taken":0,"max_hp_gain":0,"max_hp_loss":0,"event_name":"Dead Adventurer","floor":7,"gold_loss":0},{"damage_healed":0,"gold_gain":0,"player_choice":"Fought Mushrooms","damage_taken":0,"max_hp_gain":0,"max_hp_loss":0,"event_name":"Mushrooms","floor":11,"gold_loss":0},{"cards_removed":["Seek"],"damage_healed":18,"gold_gain":0,"player_choice":"Offered Rare","damage_taken":0,"max_hp_gain":10,"max_hp_loss":0,"event_name":"Bonfire Elementals","floor":20,"gold_loss":0},{"damage_healed":0,"gold_gain":0,"player_choice":"Memory 1","damage_taken":0,"max_hp_gain":0,"max_hp_loss":0,"event_name":"SensoryStone","floor":36,"gold_loss":0},{"damage_healed":0,"gold_gain":0,"player_choice":"Embrace Madness","damage_taken":15,"max_hp_gain":0,"max_hp_loss":0,"event_name":"Winding Halls","floor":37,"gold_loss":0,"cards_obtained":["Madness","Madness"]},{"damage_healed":0,"gold_gain":0,"player_choice":"Fight","damage_taken":0,"max_hp_gain":0,"max_hp_loss":0,"event_name":"Mysterious Sphere","floor":45,"gold_loss":0}],"is_beta":false,"boss_relics":[{"not_picked":["Pandora\u0027s Box","Runic Pyramid"],"picked":"Coffee Dripper"},{"not_picked":["Empty Cage","Astrolabe","Cursed Key"]}],"items_purged_floors":[31],"is_endless":false,"potions_floor_spawned":[3,5,11,16,19,22,27,33,39,41,45,48],"killed_by":"Donu and Deca","ascension_level":20}}