{"host":"vm8b3ptwl81uq21f","time":1610480074,"event":{"mods":["Aspiration","BaseMod","BetterRewards","Colored Map","Colored Powertips","Downfall","GifTheSpireLib","Googly Eyes","GungeonMod","Halation","Hubris","Infinite Spire","Minty Spire (QoL Compilation)","Quick Restart","Rare Cards Sparkle","Replay The Spire","Shop Mod","Spicy Shops","StSLib","Stuff the Spire","The IronCluck","[IsaacMod]????"],"gold_per_floor":[113,123,142,38,51,85,85,102,102,33,51,51,51,109,109,210,210,220,220,233,31,41,41,76,199,279,279,279,307,307,320,320,415,415,432,444,463,463,463,463,494,494,527,0,36,56,71,71,71,71,71,71,71,98,98],"floor_reached":56,"playtime":2217,"items_purged":["DemoMod:Strike_Huntress","DemoMod:Defend_Huntress","DemoMod:RustySidearm","DemoMod:Strike_Huntress","DemoMod:CrossBow","Clumsy","DemoMod:Defend_Huntress","DemoMod:FortunesFavor","DemoMod:Defend_Huntress","DemoMod:Defend_Huntress","DemoMod:GunstockTap","DemoMod:MachoBrace","DemoMod:HardPowerCard"],"score":2201,"play_id":"62dee824-b43c-4a60-a327-f2280a0020c0","local_time":"20210112143434","is_ascension_mode":true,"campfire_choices":[{"data":"DemoMod:Polaris","floor":12,"key":"SMITH"},{"floor":15,"key":"DIG"},{"data":"DemoMod:FeignSurrender","floor":23,"key":"SMITH"},{"data":"DemoMod:FastSwitch","floor":28,"key":"SMITH"},{"data":"DemoMod:Polaris","floor":32,"key":"SMITH"},{"data":"StuffTheSpire:BrainWave","floor":40,"key":"SMITH"},{"data":"DemoMod:Unmoved","floor":42,"key":"SMITH"},{"floor":49,"key":"RECALL"},{"data":"DemoMod:BlankBullets","floor":52,"key":"SMITH"}],"circlet_count":0,"master_deck":["DemoMod:Roll+1","DemoMod:ManualReload+1","DemoMod:FastSwitch+1","DemoMod:Roll","expansioncontent:DefensiveStance","DemoMod:HardPowerCard","DemoMod:HungryBullets","DemoMod:BlankBullets+1","DemoMod:HardPowerCard+1","DemoMod:FeignSurrender+1","DemoMod:Behold!+1","DemoMod:Replace+1","DemoMod:Behold!","DemoMod:Polaris+1","DemoMod:ConditionalReflex+1","AbeCurse","DemoMod:FastSwitch+1","StuffTheSpire:BrainWave+1","DemoMod:Unmoved+1","DemoMod:BattleInHaste+1","DemoMod:Polaris+1","DemoMod:HungryBullets"],"relics":["DemoMod:Dog","HushsDoor","DeadEye","SteamSale","BlankCard","Sling","DemoMod:RedGuonStone","infinitespire:Lychee Nut","DemoMod:GnawedKey","StuffTheSpire:BottledEssence","infinitespire:PuzzleCube","Sundial","MerchantsRug","DemoMod:GlassGuonStoneRelic","DemoMod:BlueGuonStone","ReplayTheSpireMod:Shallot","aspiration:HummingbirdHeart","Membership Card","DemoMod:MeatBun","Incense Burner","Replay:Rubber Ducky","infinitespire:Beetle Shell","hubris:Towel","hubris:Zylophone","Abe\u0027s Treasure","Mummified Hand","Question Card","War Paint","Snack Pack","Strange Spoon","aspiration:Lifesprig","Shuriken","Singing Bowl","Red Mask","DemoMod:Plus1Bullets","halation:Jellyphish","StuffTheSpire:Mouthbags","Ancient Tea Set","Gremlin Food","BargainBundle","UnicornStump","Whetstone","Pet Ghost","Toolbox","Lantern"],"acts_visited":["Exordium","TheCity","TheBeyond","TheEnding"],"potions_floor_usage":[33,55],"damage_taken":[{"damage":0,"enemies":"Cultist","floor":1,"turns":4},{"damage":0,"enemies":"Jaw Worm","floor":2,"turns":2},{"damage":0,"enemies":"2 Louse","floor":3,"turns":3},{"damage":0,"enemies":"Looter","floor":5,"turns":2},{"damage":0,"enemies":"3 Sentries","floor":6,"turns":7},{"damage":3,"enemies":"Blue Slaver","floor":8,"turns":5},{"damage":0,"enemies":"2 Fungi Beasts","floor":11,"turns":3},{"damage":0,"enemies":"3 Louse","floor":14,"turns":2},{"damage":0,"enemies":"Fading Forest","floor":16,"turns":11},{"damage":0,"enemies":"Shell Parasite","floor":18,"turns":1},{"damage":0,"enemies":"Chosen","floor":20,"turns":1},{"damage":0,"enemies":"Snake Plant","floor":22,"turns":1},{"damage":0,"enemies":"Book of Stabbing","floor":24,"turns":2},{"damage":0,"enemies":"Gremlin Leader","floor":29,"turns":2},{"damage":0,"enemies":"Chosen and Byrds","floor":31,"turns":2},{"damage":0,"enemies":"Champ","floor":33,"turns":2},{"damage":0,"enemies":"3 Darklings","floor":35,"turns":1},{"damage":0,"enemies":"Orb Walker","floor":36,"turns":1},{"damage":0,"enemies":"Writhing Mass","floor":37,"turns":1},{"damage":0,"enemies":"Giant Head","floor":41,"turns":2},{"damage":0,"enemies":"Transient","floor":43,"turns":3},{"damage":0,"enemies":"Reptomancer","floor":45,"turns":3},{"damage":0,"enemies":"Transient","floor":46,"turns":5},{"damage":0,"enemies":"Spire Growth","floor":47,"turns":3},{"damage":0,"enemies":"hubris:GrandSnecko","floor":50,"turns":2},{"damage":0,"enemies":"Shield and Spear","floor":54,"turns":1},{"damage":0,"enemies":"The Heart","floor":55,"turns":4}],"seed_played":"-5030746532225962987","potions_obtained":[{"floor":1,"key":"AttackPotion"},{"floor":3,"key":"FearPotion"},{"floor":18,"key":"DuplicationPotion"},{"floor":22,"key":"Swift Potion"},{"floor":24,"key":"FearPotion"},{"floor":33,"key":"FearPotion"}],"is_trial":false,"path_per_floor":["M","M","M","$","M","E","?","M","T","$","M","R","?","M","R_BF","B",null,"M","AVR","M","$","M","R","E","$","T","?","R","E","?","M","R","B",null,"M","M","M","$","?","R","E","R","T","?","E","M","M","$","R","B",null,"R","$","E","B",null],"character_chosen":"HUNTRESS","items_purchased":["SteamSale","BlankCard","Sling","DemoMod:RedGuonStone","Strawberry","DemoMod:GnawedKey","DemoMod:Polaris","DemoMod:FastSwitch","DemoMod:WhiteGuonStone","DollysMirror","expansioncontent:DefensiveStance","StuffTheSpire:BottledEssence","infinitespire:PuzzleCube","MerchantsRug","halation:Sosunser","ReplayTheSpireMod:Shallot","Orrery","Membership Card","DemoMod:MeatBun","Incense Burner","Replay:Rubber Ducky","infinitespire:Beetle Shell","Mummified Hand","Question Card","War Paint","Snack Pack","Strange Spoon","halation:Jellyphish","StuffTheSpire:Mouthbags","Ancient Tea Set","Gremlin Food","BargainBundle","hubris:Spice","UnicornStump","Whetstone","Pet Ghost","Toolbox","DemoMod:HungryBullets"],"campfire_rested":0,"item_purchase_floors":[0,0,0,0,0,0,0,0,0,0,0,4,4,10,10,21,21,25,25,25,25,25,38,38,38,38,38,48,48,48,48,53,53,53,53,53,53,53],"current_hp_per_floor":[41,44,49,49,52,58,58,56,56,56,59,59,59,59,59,59,54,54,54,54,54,54,54,54,54,54,54,54,54,54,54,54,54,47,47,47,47,47,47,47,47,47,49,49,49,49,51,51,51,51,51,51,59,69,69],"gold":98,"neow_bonus":"","is_daily":false,"chose_seed":false,"campfire_upgraded":7,"win_rate":0.0,"timestamp":1610480074,"path_taken":["M","M","M","$","M","E","?","M","T","$","M","R","?","M","R_BF","BOSS","M","AVR","M","$","M","R","E","$","T","?","R","E","?","M","R","BOSS","M","M","?","$","?","R","E","R","T","?","E","M","M","$","R","BOSS","R","$","E","BOSS"],"items_purchased_type":["Relic","Relic","Relic","Relic","Relic","Relic","Card","Card","Relic","Relic","Card","Relic","Relic","Relic","Relic","Relic","Relic","Relic","Relic","Relic","Relic","Relic","Relic","Relic","Relic","Relic","Relic","Relic","Relic","Relic","Relic","Relic","Relic","Relic","Relic","Relic","Relic","Card"],"build_version":"2020-12-22","purchased_purges":13,"victory":true,"max_hp_per_floor":[59,59,59,59,59,59,59,59,59,59,59,59,59,59,59,59,54,54,54,54,54,54,54,54,54,54,54,54,54,54,54,54,54,47,47,47,47,47,47,47,47,47,49,49,49,49,51,51,51,51,51,51,59,69,69],"card_choices":[{"not_picked":[],"picked":"ChaosCard","floor":0},{"not_picked":["DemoMod:LifeOrb","DemoMod:PotionOfGunFriendShip","DemoMod:FortunesFavor"],"picked":"SKIP","floor":1},{"not_picked":["DemoMod:CombinedRifle","DemoMod:ZorGun"],"picked":"DemoMod:HardPowerCard","floor":2},{"not_picked":["DemoMod:CombinedRifle","DemoMod:StrategicReserve","DemoMod:BlackHoleGun"],"picked":"SKIP","floor":3},{"not_picked":["DemoMod:StickyCrossBow","DemoMod:HighKaliber","DemoMod:CombinedRifle"],"picked":"SKIP","floor":5},{"not_picked":["DemoMod:ShadowBullets","DemoMod:TripleGun"],"picked":"DemoMod:Purify","floor":6},{"not_picked":["DemoMod:Ejector","DemoMod:HighKaliber"],"picked":"DemoMod:HungryBullets","floor":8},{"not_picked":["DemoMod:StickyCrossBow","DemoMod:AWP"],"picked":"Bomb","floor":11},{"not_picked":["DemoMod:PotionOfGunFriendShip","DemoMod:EasyReloadBullets","DemoMod:Ejector"],"picked":"SKIP","floor":14},{"not_picked":["DemoMod:SuppressiveFire","DemoMod:DarkMarker"],"picked":"DemoMod:BlankBullets","floor":16},{"not_picked":["DemoMod:JK47+1","DemoMod:CombinedRifle+1","DemoMod:DoubleSwitch+1"],"picked":"DemoMod:HardPowerCard+1","floor":18},{"not_picked":["DemoMod:Rummage","DemoMod:PracticeMakesPerfect","DemoMod:HighKaliber"],"picked":"DemoMod:FeignSurrender","floor":20},{"not_picked":["DemoMod:DirectionalPad+1","DemoMod:BattleInHaste","DemoMod:FeignSurrender+1"],"picked":"DemoMod:Behold!","floor":21},{"not_picked":["DemoMod:FastSwitch","DemoMod:HuntsMan+1","DemoMod:BoxingGlove"],"picked":"DemoMod:Replace+1","floor":21},{"not_picked":["DemoMod:HungryBullets","DemoMod:FastSwitch","DemoMod:GunstockTap+1"],"picked":"DemoMod:HardPowerCard","floor":21},{"not_picked":["DemoMod:FightSabre","DemoMod:AbyssalTentacle","DemoMod:MegaHand"],"picked":"DemoMod:GunstockTap","floor":21},{"not_picked":["DemoMod:BSG","DemoMod:CombinedRifle","DemoMod:Polaris"],"picked":"DemoMod:MachoBrace","floor":21},{"not_picked":["DemoMod:AbyssalTentacle","DemoMod:StickyCrossBow","DemoMod:TeaPot"],"picked":"DemoMod:FortunesFavor","floor":22},{"not_picked":["DemoMod:MachoBrace","DemoMod:BoxingGlove","DemoMod:BattleInHaste"],"picked":"DemoMod:Behold!","floor":24},{"not_picked":["DemoMod:Camera","DemoMod:HardPowerCard","DemoMod:LifeOrb"],"picked":"DemoMod:Replace","floor":24},{"not_picked":["DemoMod:Rummage","DemoMod:BattleInHaste"],"picked":"DemoMod:Polaris","floor":29},{"not_picked":["DemoMod:AC15","DemoMod:DoubleSwitch+1"],"picked":"DemoMod:ConditionalReflex+1","floor":31},{"not_picked":["DemoMod:CombinedRifle","DemoMod:Casey"],"picked":"DemoMod:FastSwitch+1","floor":35},{"not_picked":["DemoMod:Elimentaler","DemoMod:Casey","DemoMod:BoxingGlove"],"picked":"SKIP","floor":36},{"not_picked":["DemoMod:SkilledReload","DemoMod:Unity+1","DemoMod:RadGun+1"],"picked":"SKIP","floor":37},{"not_picked":["StuffTheSpire:Rapture","StuffTheSpire:Vigor","StuffTheSpire:CelestialWarden"],"picked":"StuffTheSpire:BrainWave","floor":39},{"not_picked":["DemoMod:Ejector+1","DemoMod:ShadowBullets","DemoMod:PracticeMakesPerfect+1"],"picked":"DemoMod:Unmoved","floor":41},{"not_picked":["DemoMod:ProbeStrike","DemoMod:JK47+1","DemoMod:SniperShot","DemoMod:SkilledReload"],"picked":"Singing Bowl","floor":43},{"not_picked":["DemoMod:PracticeMakesPerfect","DemoMod:Replace+1","DemoMod:HuntsMan+1"],"picked":"DemoMod:BattleInHaste+1","floor":45},{"not_picked":["DemoMod:BoxingGlove+1","DemoMod:TeaPot","DemoMod:PotionOfGunFriendShip"],"picked":"DemoMod:Purify","floor":46},{"not_picked":["DemoMod:Replace","DemoMod:MachoBrace+1","DemoMod:TeaPot+1","DemoMod:DirectionalPad"],"picked":"Singing Bowl","floor":47},{"not_picked":["DemoMod:ShadowBullets+1","DemoMod:TeaPot+1","DemoMod:Purify","DemoMod:HungryBullets"],"picked":"Singing Bowl","floor":54}],"player_experience":377411,"relics_obtained":[{"floor":6,"key":"hubris:TinFlute"},{"floor":9,"key":"Sundial"},{"floor":15,"key":"MealTicket"},{"floor":22,"key":"aspiration:HummingbirdHeart"},{"floor":24,"key":"TheBible"},{"floor":29,"key":"hubris:Zylophone"},{"floor":41,"key":"aspiration:Lifesprig"},{"floor":43,"key":"Shuriken"},{"floor":43,"key":"Singing Bowl"},{"floor":45,"key":"DemoMod:Plus1Bullets"},{"floor":54,"key":"Lantern"}],"event_choices":[{"cards_removed":["DemoMod:Strike_Huntress"],"damage_healed":0,"gold_gain":0,"player_choice":"Forget","damage_taken":0,"max_hp_gain":0,"max_hp_loss":0,"event_name":"Living Wall","floor":7,"gold_loss":0},{"damage_healed":0,"gold_gain":0,"player_choice":"Paid","damage_taken":0,"relics_obtained":["Red Mask"],"max_hp_gain":0,"max_hp_loss":0,"event_name":"Tomb of Lord Red Mask","floor":44,"gold_loss":527}],"is_beta":false,"boss_relics":[{"not_picked":["hubris:VirtuousBlindfold","Busted Crown"],"picked":"Honey Jar"},{"not_picked":[]},{"not_picked":["StuffTheSpire:RunicConfusion","aspiration:WatcherSkillbook"],"picked":"Abe\u0027s Treasure"},{"not_picked":[]}],"items_purged_floors":[0,0,0,17,19,21,21,25,34,38,48,53,53],"is_endless":false,"potions_floor_spawned":[1,3,5,16,18,22,24,29,33,37,41,45,46,47,54],"ascension_level":4}}