{"host":"vddkjx04kiwje1tk","time":1610424404,"event":{"mods":["AchievementEnabler","BaseMod","Colored Map","Minty Spire (QoL Compilation)","Quick Restart","SuperFastMode"],"gold_per_floor":[117,117,117,42,55,80,80,95,95,126,140,140,90,113,113,113,113],"floor_reached":16,"playtime":345,"items_purged":["Strike_R"],"score":186,"play_id":"c2a3496c-ea8a-499b-968e-a9c999f87558","local_time":"20210112130644","is_ascension_mode":true,"campfire_choices":[{"data":"Inflame","floor":7,"key":"SMITH"},{"data":"Bash","floor":12,"key":"SMITH"},{"floor":15,"key":"REST"}],"circlet_count":0,"master_deck":["Strike_R","Strike_R","Strike_R","Defend_R","Defend_R","Defend_R","Defend_R","Bash+1","Inflame+1","Iron Wave","Clash"],"relics":["Burning Blood","NeowsBlessing","Ginger","CultistMask","Shuriken","Calipers","Du-Vu Doll","Odd Mushroom"],"acts_visited":["Exordium"],"potions_floor_usage":[10,14,16],"damage_taken":[{"damage":0,"enemies":"Cultist","floor":1,"turns":1},{"damage":0,"enemies":"Jaw Worm","floor":5,"turns":1},{"damage":0,"enemies":"Lagavulin","floor":6,"turns":1},{"damage":18,"enemies":"2 Louse","floor":8,"turns":3},{"damage":35,"enemies":"3 Sentries","floor":10,"turns":9},{"damage":21,"enemies":"Blue Slaver","floor":11,"turns":3},{"damage":22,"enemies":"The Mushroom Lair","floor":14,"turns":5},{"damage":51,"enemies":"Hexaghost","floor":16,"turns":9}],"seed_played":"-7315528596852848794","potions_obtained":[{"floor":1,"key":"Energy Potion"},{"floor":8,"key":"Regen Potion"},{"floor":14,"key":"ColorlessPotion"}],"is_trial":false,"path_per_floor":["M","?","?","$","M","E","R","M","T","E","M","R","?","?","R","B"],"character_chosen":"IRONCLAD","items_purchased":[],"campfire_rested":1,"item_purchase_floors":[],"current_hp_per_floor":[78,75,75,75,80,80,80,68,68,54,39,39,39,23,47,0,0],"gold":113,"neow_bonus":"THREE_ENEMY_KILL","is_daily":false,"chose_seed":false,"campfire_upgraded":2,"win_rate":0.0,"timestamp":1610424404,"path_taken":["M","?","?","$","?","E","R","M","T","E","M","R","?","?","R","BOSS"],"items_purchased_type":[],"build_version":"2020-12-22","purchased_purges":1,"victory":false,"max_hp_per_floor":[80,80,80,80,80,80,80,80,80,80,80,80,80,80,80,80,80],"card_choices":[{"not_picked":["Metallicize","Blood for Blood","Twin Strike"],"picked":"SKIP","floor":1},{"not_picked":["Wild Strike","Bloodletting"],"picked":"Inflame","floor":5},{"not_picked":["Reckless Charge","Whirlwind","Dropkick"],"picked":"SKIP","floor":6},{"not_picked":["Ghostly Armor","Dual Wield","Clothesline"],"picked":"SKIP","floor":8},{"not_picked":["Dual Wield","Entrench","Warcry"],"picked":"SKIP","floor":10},{"not_picked":["Body Slam","Dark Embrace"],"picked":"Iron Wave","floor":11},{"not_picked":["Body Slam","Clothesline"],"picked":"Clash","floor":14}],"player_experience":257741,"relics_obtained":[{"floor":6,"key":"Shuriken"},{"floor":9,"key":"Calipers"},{"floor":10,"key":"Du-Vu Doll"},{"floor":14,"key":"Odd Mushroom"}],"event_choices":[{"damage_healed":0,"gold_gain":0,"player_choice":"Success","damage_taken":3,"relics_obtained":["Ginger"],"max_hp_gain":0,"max_hp_loss":0,"event_name":"Scrap Ooze","floor":2,"gold_loss":0},{"damage_healed":0,"gold_gain":0,"player_choice":"Trade","damage_taken":0,"relics_obtained":["CultistMask"],"max_hp_gain":0,"max_hp_loss":0,"event_name":"FaceTrader","floor":3,"gold_loss":0},{"cards_removed":["Strike_R"],"damage_healed":0,"gold_gain":0,"player_choice":"Card Removal","damage_taken":0,"max_hp_gain":0,"max_hp_loss":0,"event_name":"The Cleric","floor":13,"gold_loss":50},{"damage_healed":0,"gold_gain":0,"player_choice":"Fought Mushrooms","damage_taken":0,"max_hp_gain":0,"max_hp_loss":0,"event_name":"Mushrooms","floor":14,"gold_loss":0}],"is_beta":false,"boss_relics":[],"items_purged_floors":[4],"is_endless":false,"potions_floor_spawned":[1,8,14],"killed_by":"Hexaghost","ascension_level":8}}