{"host":"cjhtzh7tp54jdfyv","time":1610485134,"event":{"mods":["AchievementEnabler","BaseMod","Colored Map","Colored Powertips","Curses Come First","DeckTracker","Filter the Spire","Minty Spire (QoL Compilation)","RNG Fix","Relic Sorter","Relic Stats","StSLib","UnlockEverythingMod","ojb\u0027s Better Paths Mod","ojb\u0027s Info Mod"],"gold_per_floor":[115,135,148,148,73,73,103,103,153,153,153],"floor_reached":10,"language":"ENG","playtime":365,"items_purged":["Defend_P"],"score":132,"play_id":"5761d848-9d12-4ddd-85ea-981297bf48b6","local_time":"20210112155854","is_ascension_mode":true,"campfire_choices":[{"data":"Eruption","floor":6,"key":"SMITH"},{"data":"CrushJoints","floor":8,"key":"SMITH"}],"circlet_count":0,"master_deck":["AscendersBane","Strike_P","Strike_P","Strike_P","Strike_P","Defend_P","Defend_P","Defend_P","Eruption+1","Vigilance","CrushJoints+1","Tantrum","Sanctity"],"relics":["Sozu","Darkstone Periapt","Bag of Marbles"],"acts_visited":["Exordium"],"potions_floor_usage":[],"damage_taken":[{"damage":2,"enemies":"Cultist","floor":1,"turns":3},{"damage":0,"enemies":"Jaw Worm","floor":2,"turns":3},{"damage":4,"enemies":"2 Louse","floor":3,"turns":2},{"damage":40,"enemies":"Lagavulin","floor":7,"turns":3},{"damage":17,"enemies":"3 Sentries","floor":10,"turns":4}],"seed_played":"-5082309342483583884","potions_obtained":[],"is_trial":false,"path_per_floor":["M","M","M","?","$","R","E","R","T","E"],"character_chosen":"WATCHER","items_purchased":[],"campfire_rested":0,"item_purchase_floors":[],"current_hp_per_floor":[59,59,55,55,55,55,15,15,15,0,0],"gold":153,"neow_bonus":"BOSS_RELIC","is_daily":false,"chose_seed":false,"campfire_upgraded":2,"win_rate":0.0,"timestamp":1610485134,"path_taken":["M","M","M","?","$","R","E","R","T","E"],"items_purchased_type":[],"build_version":"2020-12-22","purchased_purges":1,"victory":false,"max_hp_per_floor":[68,68,68,68,68,68,68,68,68,68,68],"relic_stats":{"Sozu":3,"Darkstone Periapt":0,"counters":[5,15],"obtain_stats":[{"Sozu":0,"Darkstone Periapt":7,"Bag of Marbles":9,"PureWater":0},{"Sozu":0,"Darkstone Periapt":4,"Bag of Marbles":4,"PureWater":0},{"Sozu":0,"Darkstone Periapt":11,"Bag of Marbles":11,"PureWater":0}]},"card_choices":[{"not_picked":["FollowUp","CutThroughFate"],"picked":"CrushJoints","floor":1},{"not_picked":["JustLucky","Crescendo"],"picked":"Tantrum","floor":2},{"not_picked":["Crescendo","Study","Consecrate"],"picked":"SKIP","floor":3},{"not_picked":["EmptyBody","Establishment"],"picked":"Sanctity","floor":7}],"player_experience":4480761,"relics_obtained":[{"floor":7,"key":"Darkstone Periapt"},{"floor":9,"key":"Bag of Marbles"}],"event_choices":[{"damage_healed":0,"gold_gain":0,"player_choice":"Ignored","damage_taken":0,"max_hp_gain":0,"max_hp_loss":0,"event_name":"Liars Game","floor":4,"gold_loss":0}],"is_beta":false,"boss_relics":[],"items_purged_floors":[5],"is_endless":false,"potions_floor_spawned":[1,3,7],"killed_by":"3 Sentries","ascension_level":20}}