{"host":"1sqx9dmsrxu9kvq7","time":1610486271,"event":{"mods":["2.2 Compatiblity","Act Like it!","BaseMod","CapriCore","Colored Powertips","Custom Start","Friendly Minions","Gensokyo","Highlight Path","Koishi","KomeijiMod","Marisa（霧雨　魔理沙）","Minty Spire (QoL Compilation)","Quick Restart","Rare Cards Sparkle","Reimu（博??梦）","Relic Stats","Remilia（蕾米莉?）","Shop Mod","Spicy Shops","StSLib","The Administrix","The Immortal","The Servant 0.9.4","Waifu the Spire","Yakumo Yukari mod","Youmu（魂魄妖梦）","Yuyuko"],"gold_per_floor":[113,113,113,29,29,29,59,78,128,128,156,179,203,212,212,325,325,346,355,379,251,278,278,278,278],"floor_reached":24,"language":"ENG","playtime":1580,"items_purged":[],"score":194,"play_id":"1c538ae0-7155-40e2-b912-22b3429b7fc3","local_time":"20210112151751","is_ascension_mode":false,"campfire_choices":[{"data":"Gensokyo:MarisaTwilightSpark","floor":6,"key":"SMITH"},{"data":"Determination:ReiMu","floor":10,"key":"SMITH"},{"floor":15,"key":"REST"},{"floor":23,"key":"REST"}],"circlet_count":0,"master_deck":["NB:ReiMu","Stagnation:ReiMu","Defend_Lin:ReiMu","Defend_Lin:ReiMu","Strike_Lin:ReiMu","Strike_Lin:ReiMu","MasterSpark","UpSweep+1","Defend_MRS","Defend_MRS","Strike_MRS+1","Strike_MRS","Gensokyo:MarisaTwilightSpark+1","Singularity+1","Determination:ReiMu+1","DependentForm:ReiMu","FantasyMoon:ReiMu","IllusionStar","Intuition:ReiMu","DoubleButterfly:ReiMu","Pain","Authority:ReiMu","AsteroidBelt","Gensokyo:Doppelganger","Gensokyo:TarnishedGold","Gensokyo:BlemishedSteel","WitchLeyline"],"relics":["MiniHakkero","FlyPower:ReiMu","Gensokyo:MarisaIngredientList","Tiny Chest","CeramicFish","Gensokyo:LunaticRedEyes","Black Star","Whetstone","Anchor"],"acts_visited":["Gensokyo:Gensokyo","Gensokyo:Gensokyoer"],"potions_floor_usage":[],"damage_taken":[{"damage":2,"enemies":"Gensokyo:Python","floor":1,"turns":3},{"damage":17,"enemies":"Gensokyo:Cirno","floor":7,"turns":6},{"damage":2,"enemies":"Gensokyo:3_Fairies","floor":8,"turns":4},{"damage":1,"enemies":"Gensokyo:2_Kodama","floor":11,"turns":2},{"damage":9,"enemies":"Gensokyo:5_Fairies","floor":12,"turns":5},{"damage":10,"enemies":"Gensokyo:3_Kodama","floor":13,"turns":3},{"damage":48,"enemies":"Gensokyo:Reimu","floor":16,"turns":9},{"damage":57,"enemies":"Gensokyo:2_Gloops","floor":18,"turns":6},{"damage":5,"enemies":"Gensokyo:AngelMirror","floor":22,"turns":4},{"damage":35,"enemies":"Gensokyo:Chomper_and_Gloop","floor":24,"turns":5}],"seed_played":"7841678645936920911","potions_obtained":[{"floor":7,"key":"Swift Potion"},{"floor":11,"key":"AttackPotion"},{"floor":12,"key":"FearPotion"},{"floor":22,"key":"MagicPotion:ReiMu"}],"is_trial":true,"path_per_floor":["M","?","?","COS","$","R","E","M","T","R","M","M","M","?","R","B",null,"M","?","T","COS","M","R","M"],"character_chosen":"MARISA","items_purchased":[],"campfire_rested":2,"item_purchase_floors":[],"current_hp_per_floor":[73,73,73,73,73,73,56,54,54,54,53,44,34,34,56,8,75,18,18,18,18,13,33,0,0],"gold":278,"neow_bonus":"","is_daily":false,"chose_seed":false,"campfire_upgraded":2,"win_rate":0.0,"timestamp":1610486271,"path_taken":["M","?","?","COS","?","R","E","M","T","R","M","?","M","?","R","BOSS","M","?","?","COS","M","R","M"],"items_purchased_type":[],"build_version":"2020-12-22","purchased_purges":0,"victory":false,"max_hp_per_floor":[75,75,75,75,75,75,75,75,75,75,75,75,75,75,75,75,75,75,68,68,68,68,68,68,68],"relic_stats":{"counters":[10,47],"CeramicFish":99,"Tiny Chest":1,"Black Star":0,"Whetstone":["Strike_MRS","UpSweep"],"obtain_stats":[{"Anchor":24,"CeramicFish":9,"Gensokyo:MarisaIngredientList":3,"Tiny Chest":7,"Black Star":17,"MiniHakkero":0,"Whetstone":20,"FlyPower:ReiMu":0,"Gensokyo:LunaticRedEyes":14},{"Anchor":10,"CeramicFish":3,"Gensokyo:MarisaIngredientList":1,"Tiny Chest":2,"Black Star":7,"MiniHakkero":0,"Whetstone":8,"FlyPower:ReiMu":0,"Gensokyo:LunaticRedEyes":6},{"Anchor":43,"CeramicFish":13,"Gensokyo:MarisaIngredientList":3,"Tiny Chest":9,"Black Star":32,"MiniHakkero":0,"Whetstone":38,"FlyPower:ReiMu":0,"Gensokyo:LunaticRedEyes":23}]},"card_choices":[{"not_picked":["Amulet:ReiMu","GalacticHalo"],"picked":"RefractionSpark","floor":1},{"not_picked":["WitchOfGreed+1","RainPray2:ReiMu+1"],"picked":"Singularity+1","floor":7},{"not_picked":["EarthLightRay","GrandCross"],"picked":"Determination:ReiMu","floor":7},{"not_picked":["KamiRite:ReiMu","EscapeVelocity"],"picked":"DependentForm:ReiMu","floor":8},{"not_picked":["Enchanting:ReiMu","UnstableBomb"],"picked":"FantasyMoon:ReiMu","floor":8},{"not_picked":["GravityBeat","Dreaming2:ReiMu"],"picked":"IllusionStar","floor":11},{"not_picked":["Singularity","SporeBomb"],"picked":"Intuition:ReiMu","floor":12},{"not_picked":["PayForSelf:ReiMu","ForcedLanding:ReiMu"],"picked":"DoubleButterfly:ReiMu","floor":13},{"not_picked":["BigCrunch","OctopathSalyBorderN:ReiMu"],"picked":"Authority:ReiMu","floor":16},{"not_picked":["MountainWay:ReiMu+1","SealNeedle:ReiMu+1"],"picked":"AsteroidBelt","floor":18},{"not_picked":["Gensokyo:SlitMouthedWoman","Gensokyo:MenInBlack"],"picked":"Gensokyo:Doppelganger","floor":19},{"not_picked":["Dreaming2:ReiMu","WitchOfGreed+1"],"picked":"WitchLeyline","floor":22}],"player_experience":182754,"relics_obtained":[{"floor":7,"key":"Tiny Chest"},{"floor":9,"key":"CeramicFish"},{"floor":20,"key":"Whetstone"}],"event_choices":[],"is_beta":false,"boss_relics":[{"not_picked":["Fusion Hammer","Snecko Eye"],"picked":"Black Star"}],"items_purged_floors":[],"is_endless":false,"potions_floor_spawned":[7,11,12,16,18,22],"killed_by":"Gensokyo:Chomper_and_Gloop","ascension_level":0}}