{"host":"fworv1gvvajf3x0f","time":1610457849,"event":{"mods":["AchievementEnabler","Aspiration","BaseMod","Colored Map","Colored Powertips","Highlight Path","Minty Spire (QoL Compilation)","Replay The Spire","StSLib"],"gold_per_floor":[118,48,48,68,8,8,39,39,85,85,85,100,112,142,142,243,243,260,280,148,158,174,174,203,203,230,230,230,262,262,282,282,381,431,443,461,461,84,103,103,103,103],"floor_reached":41,"playtime":3802,"items_purged":["Strike_G","Defend_G"],"score":562,"play_id":"37878fa4-5ec2-4963-90c9-493a94852eac","local_time":"20210112212409","is_ascension_mode":true,"campfire_choices":[{"data":"Tactician","floor":6,"key":"SMITH"},{"data":"Draining Mist","floor":8,"key":"SMITH"},{"data":"Acrobatics","floor":10,"key":"SMITH"},{"floor":15,"key":"REST"},{"data":"Corpse Explosion","floor":23,"key":"SMITH"},{"floor":25,"key":"RECALL"},{"data":"Survivor","floor":27,"key":"SMITH"},{"floor":32,"key":"REST"},{"data":"Enlightenment","floor":40,"key":"SMITH"}],"circlet_count":0,"master_deck":["Strike_G","Strike_G+1","Strike_G","Strike_G","Defend_G","Defend_G","Defend_G","Survivor+1","Neutralize+1","Draining Mist+1","Tactician+1","Acrobatics+1","Toxin Wave","Toxin Wave","Escape Plan","Corpse Explosion+1","Escape Plan","Escape Plan","Fluid Movement+1","Crippling Poison+1","After Image+1","After Image+1","ReplayTheSpireMod:Tripwire","Storm of Steel","Reflex","Acrobatics+1","Burst","ReplayUltimateDefense+1","Enlightenment+1","Well Laid Plans+1"],"relics":["Ring of the Snake","NeowsBlessing","Frozen Egg 2","Lantern","Regal Pillow","HoveringKite","Meat on the Bone","Blood Vial","Tiny House","Membership Card"],"acts_visited":["Exordium","TheCity","TheBeyond"],"potions_floor_usage":[14,21,22,29,36,41,41],"damage_taken":[{"damage":0,"enemies":"2 Louse","floor":1,"turns":1},{"damage":0,"enemies":"Small Slimes","floor":4,"turns":1},{"damage":0,"enemies":"Lagavulin","floor":7,"turns":1},{"damage":0,"enemies":"Cultist","floor":12,"turns":2},{"damage":13,"enemies":"Exordium Wildlife","floor":13,"turns":3},{"damage":19,"enemies":"Replay:BlueRogue","floor":14,"turns":6},{"damage":53,"enemies":"Fading Forest","floor":16,"turns":11},{"damage":5,"enemies":"Shell Parasite","floor":18,"turns":5},{"damage":0,"enemies":"Spheric Guardian","floor":19,"turns":2},{"damage":11,"enemies":"Centurion and Healer","floor":21,"turns":5},{"damage":2,"enemies":"Chosen and Byrds","floor":22,"turns":5},{"damage":0,"enemies":"Replay:Snechameleon","floor":24,"turns":7},{"damage":25,"enemies":"Book of Stabbing","floor":29,"turns":6},{"damage":0,"enemies":"Snecko","floor":31,"turns":5},{"damage":17,"enemies":"Champ","floor":33,"turns":18},{"damage":7,"enemies":"Orb Walker","floor":35,"turns":6},{"damage":0,"enemies":"3 Darklings","floor":36,"turns":2},{"damage":29,"enemies":"Writhing Mass","floor":39,"turns":8},{"damage":56,"enemies":"Reptomancer","floor":41,"turns":7}],"seed_played":"3284023873930753636","potions_obtained":[{"floor":4,"key":"Swift Potion"},{"floor":13,"key":"Toxic Potion"},{"floor":16,"key":"Fire Potion"},{"floor":19,"key":"Fire Potion"},{"floor":21,"key":"SpeedPotion"},{"floor":34,"key":"LiquidMemories"},{"floor":36,"key":"DistilledChaos"}],"is_trial":false,"path_per_floor":["M","$","?","M","$","R","E","R","T","R","?","M","M","E","R","B",null,"M","M","$","M","M","R","E","R","T","R","?","E","?","M","R","B",null,"M","M","?","$","M","R","E"],"character_chosen":"THE_SILENT","items_purchased":["Tactician","Toxin Wave","Escape Plan","Membership Card","ReplayUltimateDefense+1","Enlightenment","Well Laid Plans+1"],"campfire_rested":2,"item_purchase_floors":[2,5,20,38,38,38,38],"current_hp_per_floor":[70,70,70,70,70,70,70,70,70,70,70,70,57,38,70,29,70,65,65,65,54,52,52,52,52,52,52,39,26,26,40,75,58,80,73,75,67,67,52,52,0,0],"gold":103,"neow_bonus":"THREE_ENEMY_KILL","is_daily":false,"chose_seed":false,"campfire_upgraded":6,"win_rate":0.0,"timestamp":1610457849,"path_taken":["M","$","?","M","$","R","E","R","T","R","?","?","M","E","R","BOSS","M","M","$","M","M","R","E","R","T","R","?","E","?","?","R","BOSS","M","M","?","$","M","R","E"],"items_purchased_type":["Card","Card","Card","Relic","Card","Card","Card"],"build_version":"2020-12-13","purchased_purges":2,"victory":false,"max_hp_per_floor":[70,70,70,70,70,70,70,70,70,70,70,70,70,70,70,70,70,70,70,70,70,70,70,70,70,70,70,75,75,75,75,75,75,80,80,80,80,80,80,80,80,80],"card_choices":[{"not_picked":["Sucker Punch","Dagger Throw"],"picked":"Draining Mist","floor":1},{"not_picked":["Outmaneuver","Skewer"],"picked":"Acrobatics","floor":4},{"not_picked":["ReplayTheSpireMod:Shiv Toss","Leg Sweep","Flechettes"],"picked":"SKIP","floor":7},{"not_picked":["Bouncing Flask","Deadly Poison","Underhanded Strike"],"picked":"SKIP","floor":12},{"not_picked":["Dagger Spray","ReplayTheSpireMod:Exploit Weakness","Dodge and Roll"],"picked":"SKIP","floor":13},{"not_picked":["Cloak And Dagger","Dash"],"picked":"Escape Plan","floor":14},{"not_picked":["Bullet Time","Venomology"],"picked":"Corpse Explosion","floor":16},{"not_picked":["Quick Slash+1","Cloak And Dagger","ReplayTheSpireMod:Exploit Weakness"],"picked":"SKIP","floor":18},{"not_picked":["Toxin Wave","All Out Attack","Skewer"],"picked":"SKIP","floor":19},{"not_picked":["ReplayTheSpireMod:Shiv Toss","Deadly Poison"],"picked":"Fluid Movement+1","floor":21},{"not_picked":["ReplayTheSpireMod:Shiv Toss+1","Cloak And Dagger"],"picked":"Crippling Poison+1","floor":22},{"not_picked":["Poisoned Stab","Dodge and Roll","Bane+1"],"picked":"SKIP","floor":24},{"not_picked":["Choke","Masterful Stab"],"picked":"After Image+1","floor":29},{"not_picked":["Reflex","All Out Attack+1"],"picked":"ReplayTheSpireMod:Tripwire","floor":31},{"not_picked":["Die Die Die","Phantasmal Killer"],"picked":"Storm of Steel","floor":33},{"not_picked":["Blade Dance","ReplayTheSpireMod:Shiv Toss+1"],"picked":"Reflex","floor":34},{"not_picked":["Reflex","Flying Knee"],"picked":"Acrobatics+1","floor":35},{"not_picked":["Dodge and Roll+1","Blade Dance"],"picked":"Burst","floor":36},{"not_picked":["Bane+1","Dash","Deflect"],"picked":"SKIP","floor":39}],"player_experience":184269,"relics_obtained":[{"floor":7,"key":"Frozen Egg 2"},{"floor":9,"key":"Lantern"},{"floor":14,"key":"Regal Pillow"},{"floor":24,"key":"Meat on the Bone"},{"floor":29,"key":"Blood Vial"}],"event_choices":[{"damage_healed":0,"gold_gain":0,"player_choice":"Forge","damage_taken":0,"max_hp_gain":0,"max_hp_loss":0,"event_name":"Accursed Blacksmith","floor":11,"gold_loss":0,"cards_upgraded":["Neutralize"]},{"damage_healed":0,"gold_gain":0,"player_choice":"Shed Blood","damage_taken":18,"max_hp_gain":5,"max_hp_loss":0,"event_name":"Forgotten Altar","floor":28,"gold_loss":0},{"damage_healed":0,"gold_gain":0,"player_choice":"Copied","damage_taken":0,"max_hp_gain":0,"max_hp_loss":0,"event_name":"Duplicator","floor":30,"gold_loss":0,"cards_obtained":["After Image"]},{"damage_healed":0,"gold_gain":0,"player_choice":"Damaged","damage_taken":8,"max_hp_gain":0,"max_hp_loss":0,"event_name":"Wheel of Change","floor":37,"gold_loss":0}],"is_beta":false,"boss_relics":[{"not_picked":["Snecko Scales","aspiration:FutureDiary"],"picked":"HoveringKite"},{"not_picked":["Painkiller Herb","Sozu"],"picked":"Tiny House"}],"items_purged_floors":[20,38],"is_endless":false,"potions_floor_spawned":[4,13,16,19,21,36],"killed_by":"Reptomancer","ascension_level":3}}