{"host":"6749gst1gzuv21qf","time":1610412732,"event":{"mods":["Aspiration","BaseMod","Better Altar","Better Match","Better Note","Better Sensory Stone","Better Skull","Better Third Choice","BetterRewards","Colored Map","Colored Powertips","Downfall","Highlight Path","Minty Spire (QoL Compilation)","Permanent Neow","Replay The Spire","Shop Mod","Spicy Shops","StSLib","The Cursed"],"gold_per_floor":[110,120,82,82,82,115,65,81,202,226,262,262,291,317,317,421,521,560,485,485,435,435,435,60,60,60,60,91,91,132,158,158,260,260,284,319,319,341,166,209,272,272,321,356,356,397,419,419],"floor_reached":47,"playtime":5764,"items_purged":["Regret","sneckomod:Bewildered"],"score":881,"play_id":"e41d8e69-310e-49ec-b804-eff665f0ee57","local_time":"20210111195212","is_ascension_mode":false,"campfire_choices":[{"floor":12,"key":"RECALL"},{"data":"TheCursedMod:Defend_TheCursed","floor":15,"key":"PURGE"},{"data":"TheCursedMod:DemonicPact","floor":23,"key":"SMITH"},{"data":"TheCursedMod:StingEye","floor":25,"key":"SMITH"},{"data":"TheCursedMod:DarkBarrier","floor":27,"key":"SMITH"},{"data":"TheCursedMod:CircleOfFlame","floor":29,"key":"SMITH"},{"floor":32,"key":"DIG"},{"data":"Mayhem","floor":45,"key":"SMITH"}],"circlet_count":0,"master_deck":["TheCursedMod:Strike_TheCursed","TheCursedMod:Strike_TheCursed","TheCursedMod:Strike_TheCursed","TheCursedMod:Defend_TheCursed","TheCursedMod:Defend_TheCursed","TheCursedMod:Defend_TheCursed","TheCursedMod:CursedWand","TheCursedMod:CleanUpWorkshop","TheCursedMod:Dregs","TheCursedMod:Hemoplague+1","TheCursedMod:Stigma","TheCursedMod:SaltUponWound","TheCursedMod:DemonicPact+1","TheCursedMod:StingEye+1","TheCursedMod:TroublousMinions","TheCursedMod:LuckyCharm","TheCursedMod:CircleOfFlame+1","Spreading Infection","TheCursedMod:AbyssShockwave","TheCursedMod:DarkBarrier+1","Normality","TheCursedMod:Hemoplague+1","Discovery","TheCursedMod:SmokeScreen","TheCursedMod:RapidMovement","Pain","TheCursedMod:HellfireBreathing","TheCursedMod:BloodBarrier+1","TheCursedMod:CircleOfAbyss+1","TheCursedMod:CircleOfFlame+1","TheCursedMod:VoidForm","TheCursedMod:SmokeScreen+1","TheCursedMod:CircleOfAmplification+1","TheCursedMod:CursedBlade","Amnesia","TheCursedMod:CursedMace","TheCursedMod:SpitefulPlan","TheCursedMod:ForbiddenAlchemy+1","Mayhem+1","Crow Ritual","ReplayTheSpireMod:IOU","TheCursedMod:Obscuration+1","TheCursedMod:RapidMovement+1"],"relics":["TheCursedMod:BlackMagic101","Happy Flower","White Beast Statue","StoneCalendar","betterThird:SlimedRelic","Ring of Peace","ReplayTheSpireMod:Ring of Collecting","Ornamental Fan","Ring of Greed","MealTicket","Replay:Bandana","StrikeDummy","Replay:Wanted Poster","WarpedTongs","TheCursedMod:CrystalBall","Toxic Egg 2","ReplayTheSpireMod:Ring of Addiction","Potion Belt","Toy Ornithopter","Bird Faced Urn","InkBottle","Mummified Hand","SlaversCollar","Simple Rune","Replay:Mystery Machine","Centennial Puzzle","Ring of Fury","ReplayTheSpireMod:TigerMarble"],"acts_visited":["Exordium","TheCity","TheBeyond"],"potions_floor_usage":[11,11,11,33,33,36,44,46],"damage_taken":[{"damage":0,"enemies":"Small Slimes","floor":1,"turns":4},{"damage":1,"enemies":"Jaw Worm","floor":2,"turns":4},{"damage":9,"enemies":"3 Sentries","floor":6,"turns":7},{"damage":0,"enemies":"2 Louse","floor":8,"turns":4},{"damage":0,"enemies":"Exordium Thugs","floor":10,"turns":6},{"damage":6,"enemies":"Gremlin Nob","floor":11,"turns":5},{"damage":0,"enemies":"Large Slime","floor":13,"turns":7},{"damage":0,"enemies":"3 Louse","floor":14,"turns":4},{"damage":8,"enemies":"Hexaghost","floor":16,"turns":7},{"damage":0,"enemies":"3 Byrds","floor":18,"turns":5},{"damage":21,"enemies":"2 Thieves","floor":20,"turns":4},{"damage":9,"enemies":"Slavers","floor":28,"turns":6},{"damage":37,"enemies":"Gremlin Leader","floor":30,"turns":6},{"damage":6,"enemies":"Snake Plant","floor":31,"turns":4},{"damage":32,"enemies":"Champ","floor":33,"turns":8},{"damage":20,"enemies":"Orb Walker","floor":35,"turns":4},{"damage":10,"enemies":"3 Darklings","floor":36,"turns":6},{"damage":30,"enemies":"Spire Growth","floor":38,"turns":5},{"damage":5,"enemies":"Giant Head","floor":40,"turns":7},{"damage":19,"enemies":"Nemesis","floor":44,"turns":7},{"damage":40,"enemies":"4 Shapes","floor":46,"turns":6},{"damage":42,"enemies":"Jaw Worm Horde","floor":47,"turns":4}],"seed_played":"3993182059756713997","potions_obtained":[{"floor":1,"key":"Weak Potion"},{"floor":2,"key":"CultistPotion"},{"floor":6,"key":"AttackPotion"},{"floor":8,"key":"BlessingOfTheForge"},{"floor":11,"key":"Fire Potion"},{"floor":13,"key":"Guardian:BlockOnCardUsePotion"},{"floor":14,"key":"sneckomod:MuddlingPotion"},{"floor":18,"key":"Energy Potion"},{"floor":26,"key":"Reflective Coating"},{"floor":26,"key":"ColorlessPotion"},{"floor":26,"key":"BlessingOfTheForge"},{"floor":33,"key":"Dexterity Potion"},{"floor":35,"key":"sneckomod:MuddlingPotion"},{"floor":36,"key":"FearPotion"},{"floor":38,"key":"Doom Potion"},{"floor":46,"key":"FearPotion"}],"is_trial":false,"path_per_floor":["M","M","?","?","?","E","?","M","T","M","E","R","M","M","R_BF","B",null,"M","?","M","?","?","R","$","R","T","R","E","R","E","M","R_BF","B",null,"M","M","?","M","$","E","?","?","T","E","R","M","M"],"character_chosen":"THE_CURSED","items_purchased":["Happy Flower","TheCursedMod:Hemoplague+1","TheCursedMod:CrystalBall","TheCursedMod:HellfireBreathing"],"campfire_rested":0,"item_purchase_floors":[0,0,24,24],"current_hp_per_floor":[75,74,63,63,71,62,62,62,62,62,56,56,56,56,56,48,75,75,75,54,54,54,54,69,69,69,69,60,60,31,33,33,21,71,54,61,61,43,58,64,47,47,47,50,50,29,0,0],"gold":419,"neow_bonus":"","is_daily":false,"chose_seed":false,"campfire_upgraded":5,"win_rate":0.0,"timestamp":1610412732,"path_taken":["M","M","?","?","?","E","?","M","T","M","E","R","M","M","R_BF","BOSS","M","?","M","?","?","R","$","R","T","R","E","R","E","M","R_BF","BOSS","M","M","?","M","$","E","?","?","T","E","R","M","M"],"items_purchased_type":["Relic","Card","Relic","Card"],"build_version":"2020-12-22","purchased_purges":2,"victory":false,"max_hp_per_floor":[75,75,75,75,75,75,75,75,75,75,75,75,75,75,75,75,75,75,75,75,75,75,75,75,75,75,75,75,75,73,73,73,71,71,71,71,71,71,71,69,69,69,67,67,67,67,67,67],"card_choices":[{"not_picked":["TheCursedMod:CircleOfFlame","TheCursedMod:CircleOfCorruption"],"picked":"TheCursedMod:Stigma","floor":1},{"not_picked":["TheCursedMod:Obscuration","TheCursedMod:Torture"],"picked":"TheCursedMod:SaltUponWound","floor":2},{"not_picked":["TheCursedMod:TacticalStrike","TheCursedMod:WearCloak"],"picked":"TheCursedMod:DemonicPact","floor":6},{"not_picked":["TheCursedMod:CursedStaff","TheCursedMod:CursedShiv"],"picked":"TheCursedMod:StingEye","floor":8},{"not_picked":["TheCursedMod:CursedAmulet","TheCursedMod:CircleOfFlame"],"picked":"TheCursedMod:TroublousMinions","floor":10},{"not_picked":["TheCursedMod:DoubleShield","TheCursedMod:Hemoplague"],"picked":"TheCursedMod:LuckyCharm","floor":11},{"not_picked":["TheCursedMod:SpitefulStrike","TheCursedMod:PrepareRite"],"picked":"TheCursedMod:CircleOfFlame","floor":13},{"not_picked":["TheCursedMod:FleshFromBone","TheCursedMod:SaltUponWound"],"picked":"TheCursedMod:AbyssShockwave","floor":14},{"not_picked":["TheCursedMod:ManaCirculation","TheCursedMod:UltimatePain"],"picked":"TheCursedMod:DarkBarrier","floor":16},{"not_picked":["TheCursedMod:Obscuration+1","TheCursedMod:HellsGateOpen"],"picked":"TheCursedMod:Hemoplague+1","floor":18},{"not_picked":["Bandage Up","expansioncontent:HyperBeam"],"picked":"Discovery","floor":19},{"not_picked":["TheCursedMod:Torture","TheCursedMod:CursedShiv"],"picked":"TheCursedMod:SmokeScreen","floor":19},{"not_picked":["TheCursedMod:Obscuration","TheCursedMod:RavingStaff"],"picked":"TheCursedMod:RapidMovement","floor":20},{"not_picked":["TheCursedMod:FleshFromBone+1","TheCursedMod:CircleOfWindfury+1"],"picked":"TheCursedMod:BloodBarrier+1","floor":28},{"not_picked":["TheCursedMod:BloodBarrier+1","TheCursedMod:DoubleShield+1"],"picked":"TheCursedMod:CircleOfAbyss+1","floor":30},{"not_picked":["TheCursedMod:Evocation+1","TheCursedMod:Hemoplague"],"picked":"TheCursedMod:CircleOfFlame+1","floor":31},{"not_picked":["TheCursedMod:Neurasthenia+1","TheCursedMod:OutForBlood"],"picked":"TheCursedMod:VoidForm","floor":33},{"not_picked":["TheCursedMod:WearCloak+1","TheCursedMod:RapidMovement+1"],"picked":"TheCursedMod:SmokeScreen+1","floor":35},{"not_picked":["TheCursedMod:TacticalStrike","TheCursedMod:ManaBullet"],"picked":"TheCursedMod:CircleOfAmplification+1","floor":36},{"not_picked":["TheCursedMod:HellsGateOpen+1","TheCursedMod:Hemoplague+1"],"picked":"TheCursedMod:CursedBlade","floor":38},{"not_picked":["TheCursedMod:ReleasedKnowledge+1","TheCursedMod:CircleOfFlame+1"],"picked":"TheCursedMod:CursedMace","floor":40},{"not_picked":["TheCursedMod:TacticalStrike+1","TheCursedMod:CircleOfFlame+1"],"picked":"TheCursedMod:SpitefulPlan","floor":41},{"not_picked":["TheCursedMod:TacticalStrike+1","TheCursedMod:ManaBullet+1"],"picked":"TheCursedMod:ForbiddenAlchemy+1","floor":41},{"not_picked":["expansioncontent:GuardianWhirl","expansioncontent:DarkVoid"],"picked":"Mayhem","floor":42},{"not_picked":["Master of Strategy+1","Replay:BasicMightCard"],"picked":"Crow Ritual","floor":42},{"not_picked":["TheCursedMod:SmokeScreen+1","TheCursedMod:RavingStaff"],"picked":"TheCursedMod:Obscuration+1","floor":44},{"not_picked":["TheCursedMod:CursedAmulet+1","TheCursedMod:Torture+1"],"picked":"TheCursedMod:RapidMovement+1","floor":46}],"player_experience":686224,"relics_obtained":[{"floor":4,"key":"Ring of Peace"},{"floor":4,"key":"ReplayTheSpireMod:Ring of Collecting"},{"floor":6,"key":"Ornamental Fan"},{"floor":9,"key":"Ring of Greed"},{"floor":9,"key":"MealTicket"},{"floor":9,"key":"Replay:Bandana"},{"floor":11,"key":"StrikeDummy"},{"floor":26,"key":"Toxic Egg 2"},{"floor":26,"key":"ReplayTheSpireMod:Ring of Addiction"},{"floor":26,"key":"Potion Belt"},{"floor":26,"key":"Toy Ornithopter"},{"floor":28,"key":"Bird Faced Urn"},{"floor":30,"key":"InkBottle"},{"floor":32,"key":"Mummified Hand"},{"floor":40,"key":"Simple Rune"},{"floor":41,"key":"Replay:Mystery Machine"},{"floor":43,"key":"Centennial Puzzle"},{"floor":43,"key":"Ring of Fury"},{"floor":44,"key":"ReplayTheSpireMod:TigerMarble"}],"event_choices":[{"damage_healed":0,"gold_gain":0,"player_choice":"Slimed","damage_taken":11,"max_hp_gain":0,"max_hp_loss":0,"event_name":"betterThird:BetterGoop","floor":3,"gold_loss":38},{"cards_removed":["Amnesia"],"damage_healed":0,"gold_gain":0,"player_choice":"Card Removal","damage_taken":0,"max_hp_gain":0,"max_hp_loss":0,"event_name":"The Cleric","floor":7,"gold_loss":50},{"damage_healed":0,"gold_gain":0,"player_choice":"1","damage_taken":0,"max_hp_gain":0,"max_hp_loss":0,"event_name":"betterMatch:BetterMatch","floor":19,"gold_loss":0,"cards_obtained":["betterMatch:ColorlessUncommonCard","betterMatch:CommonCard"]},{"damage_healed":0,"gold_gain":0,"player_choice":"Bet on Murderer","damage_taken":0,"max_hp_gain":0,"max_hp_loss":0,"event_name":"The Joust","floor":21,"gold_loss":50},{"damage_healed":0,"gold_gain":0,"player_choice":"Rummage","damage_taken":0,"relics_obtained":["WarpedTongs"],"max_hp_gain":0,"max_hp_loss":0,"event_name":"Accursed Blacksmith","floor":22,"gold_loss":0,"cards_obtained":["Pain"]},{"damage_healed":0,"gold_gain":0,"player_choice":"Ignored","damage_taken":0,"max_hp_gain":0,"max_hp_loss":0,"event_name":"Tomb of Lord Red Mask","floor":37,"gold_loss":0},{"damage_healed":0,"gold_gain":3,"player_choice":"1","damage_taken":0,"max_hp_gain":0,"max_hp_loss":0,"event_name":"betterStone:BetterStone","floor":42,"gold_loss":0}],"is_beta":false,"boss_relics":[{"not_picked":["Fusion Hammer","Pandora\u0027s Box"],"picked":"Replay:Wanted Poster"},{"not_picked":["aspiration:SilentSkillbook","Sozu"],"picked":"SlaversCollar"}],"items_purged_floors":[39,39],"is_endless":false,"potions_floor_spawned":[1,2,6,8,10,11,13,14,16,18,20,28,30,31,33,35,36,38,40,44,46],"killed_by":"Jaw Worm Horde","ascension_level":0}}