{"host":"7gewg82ormp6yt4e","time":1610461802,"event":{"mods":["BaseMod","Block Reminder","Colored Map","Colored Powertips","DeckTracker","Highlight Path","Minty Spire (QoL Compilation)","Relic Stats","StSLib","ojb\u0027s Info Mod"],"gold_per_floor":[115,85,104,119,14,14,49,66,66,66,97,115,115,127,127,202,202,217,236,286,180,180,180,180],"floor_reached":23,"playtime":1001,"items_purged":[],"score":502,"play_id":"14c6ff8b-1b6c-4165-ac17-02abe6e2fff7","local_time":"20210112233002","is_ascension_mode":true,"campfire_choices":[{"data":"Rebound","floor":6.0,"key":"SMITH"},{"data":"Sunder","floor":10.0,"key":"SMITH"},{"floor":13.0,"key":"REST"},{"data":"Coolheaded","floor":15.0,"key":"SMITH"}],"circlet_count":0,"master_deck":["AscendersBane","Strike_B+1","Defend_B+1","Defend_B+1","Defend_B+1","Defend_B+1","Zap","Dualcast","Beam Cell","Rebound+1","Echo Form","Beam Cell","Sunder+1","Cold Snap","Coolheaded+1","White Noise","Ball Lightning","All For One","Compile Driver+1","Static Discharge+1","Tempest+1","White Noise","Thunder Strike","Go for the Eyes"],"relics":["Cracked Core","NeowsBlessing","Bottled Tornado","Gambling Chip","Thread and Needle","Astrolabe"],"acts_visited":["Exordium","TheCity"],"potions_floor_usage":[23,23],"damage_taken":[{"damage":0.0,"enemies":"Small Slimes","floor":1.0,"turns":1.0},{"damage":0.0,"enemies":"Cultist","floor":3.0,"turns":1.0},{"damage":0.0,"enemies":"Jaw Worm","floor":4.0,"turns":1.0},{"damage":25.0,"enemies":"Lagavulin","floor":7.0,"turns":5.0},{"damage":10.0,"enemies":"Exordium Wildlife","floor":8.0,"turns":4.0},{"damage":4.0,"enemies":"Gremlin Nob","floor":11.0,"turns":3.0},{"damage":0.0,"enemies":"Exordium Thugs","floor":12.0,"turns":5.0},{"damage":1.0,"enemies":"Red Slaver","floor":14.0,"turns":3.0},{"damage":0.0,"enemies":"Hexaghost","floor":16.0,"turns":9.0},{"damage":22.0,"enemies":"Shell Parasite","floor":18.0,"turns":5.0},{"damage":25.0,"enemies":"2 Thieves","floor":19.0,"turns":4.0},{"damage":29,"enemies":"Gremlin Leader","floor":23,"turns":4}],"seed_played":"2718384622331184343","potions_obtained":[{"floor":2.0,"key":"SmokeBomb"},{"floor":2.0,"key":"Energy Potion"},{"floor":4.0,"key":"PotionOfCapacity"},{"floor":7.0,"key":"PowerPotion"},{"floor":12.0,"key":"Regen Potion"},{"floor":18.0,"key":"SteroidPotion"}],"is_trial":false,"path_per_floor":["M","?","M","M","$","R","E","M","T","R","E","M","R","M","R","B",null,"M","M","?","$","?","E"],"character_chosen":"DEFECT","items_purchased":["DistilledChaos","Beam Cell","Go for the Eyes","SkillPotion"],"campfire_rested":1,"item_purchase_floors":[5,5,21,21],"current_hp_per_floor":[64,64,64,64,64,64,39,29,29,29,25,25,46,45,45,60,68,46,21,21,21,21,0,0],"gold":180,"neow_bonus":"THREE_ENEMY_KILL","is_daily":false,"chose_seed":false,"campfire_upgraded":3,"win_rate":0.0,"timestamp":1610461802,"path_taken":["M","?","M","?","$","R","E","M","T","R","E","M","R","M","R","BOSS","M","?","?","$","?","E"],"items_purchased_type":["Potion","Card","Card","Potion"],"build_version":"2020-12-22","purchased_purges":0,"victory":false,"max_hp_per_floor":[71,71,71,71,71,71,71,71,71,71,71,71,71,71,71,71,71,71,71,71,71,71,71,71],"relic_stats":{"counters":[12,45],"Gambling Chip":[13],"Astrolabe":["Compile Driver","Static Discharge","Tempest"],"obtain_stats":[{"NeowsBlessing":0,"Gambling Chip":9,"Astrolabe":17,"Thread and Needle":11,"Bottled Tornado":7,"Cracked Core":0},{"NeowsBlessing":0,"Gambling Chip":5,"Astrolabe":9,"Thread and Needle":6,"Bottled Tornado":4,"Cracked Core":0},{"NeowsBlessing":0,"Gambling Chip":12,"Astrolabe":32,"Thread and Needle":15,"Bottled Tornado":8,"Cracked Core":0}]},"card_choices":[{"not_picked":["Turbo","Stack"],"picked":"Beam Cell","floor":1.0},{"not_picked":["Conserve Battery","Hologram"],"picked":"Rebound","floor":3.0},{"not_picked":["Auto Shields","Heatsinks"],"picked":"Echo Form","floor":4.0},{"not_picked":["Steam","Skim"],"picked":"Sunder","floor":7.0},{"not_picked":["Gash","Storm"],"picked":"Cold Snap","floor":8.0},{"not_picked":["Barrage","Echo Form"],"picked":"Coolheaded","floor":11.0},{"not_picked":["Compile Driver","Coolheaded"],"picked":"White Noise","floor":12.0},{"not_picked":["Chill","Reprogram"],"picked":"Ball Lightning","floor":14.0},{"not_picked":["Meteor Strike","Amplify"],"picked":"All For One","floor":16.0},{"not_picked":["Barrage","Fusion"],"picked":"White Noise","floor":18.0},{"not_picked":["Go for the Eyes","Conserve Battery"],"picked":"Thunder Strike","floor":19.0}],"player_experience":2560517,"relics_obtained":[{"floor":7.0,"key":"Bottled Tornado"},{"floor":9.0,"key":"Gambling Chip"},{"floor":11.0,"key":"Thread and Needle"}],"event_choices":[{"damage_healed":0.0,"max_hp_gain":0.0,"max_hp_loss":0.0,"gold_gain":0.0,"event_name":"The Woman in Blue","player_choice":"Bought 2 Potions","floor":2.0,"gold_loss":0.0,"damage_taken":0.0},{"damage_healed":0.0,"max_hp_gain":0.0,"max_hp_loss":0.0,"gold_gain":50.0,"event_name":"Nest","player_choice":"Stole From Cult","floor":20.0,"gold_loss":0.0,"damage_taken":0.0},{"damage_healed":0.0,"max_hp_gain":0.0,"max_hp_loss":0.0,"gold_gain":0.0,"event_name":"Back to Basics","player_choice":"Simplicity","floor":22.0,"gold_loss":0.0,"damage_taken":0.0,"cards_upgraded":["Strike_B","Defend_B","Defend_B","Defend_B","Defend_B"]}],"is_beta":false,"boss_relics":[{"not_picked":["Inserter","Black Star"],"picked":"Astrolabe"}],"items_purged_floors":[],"is_endless":false,"potions_floor_spawned":[4,7,12,18],"killed_by":"Gremlin Leader","ascension_level":20}}