{"host":"5icjlaq41ghjcr7h","time":1610453157,"event":{"mods":["AchievementEnabler","BaseMod","Colored Map","Minty Spire (QoL Compilation)","SuperFastMode","everything is the same but u backflip on backflip"],"gold_per_floor":[113,288,288,303,317,317,334,334,334,354,354,354,366,377,377,377,377],"floor_reached":16,"playtime":330,"items_purged":[],"score":103,"play_id":"f8af08ec-0db5-4e0e-9e5d-4662430ef539","local_time":"20210112210557","is_ascension_mode":true,"campfire_choices":[{"floor":6,"key":"RECALL"},{"data":"Meteor Strike","floor":8,"key":"SMITH"},{"floor":15,"key":"REST"}],"circlet_count":0,"master_deck":["Strike_B","Strike_B","Strike_B","Defend_B","Defend_B","Defend_B","Defend_B","Zap","Dualcast","Go for the Eyes","Doubt","Genetic Algorithm","Go for the Eyes","Meteor Strike+1","Gash","Hologram","Swift Strike","Recycle"],"relics":["Cracked Core","NeowsBlessing","Frozen Egg 2"],"acts_visited":["Exordium"],"potions_floor_usage":[10,16,16],"damage_taken":[{"damage":0,"enemies":"2 Louse","floor":1,"turns":1},{"damage":0,"enemies":"Small Slimes","floor":4,"turns":1},{"damage":0,"enemies":"Cultist","floor":5,"turns":1},{"damage":18,"enemies":"Exordium Wildlife","floor":7,"turns":3},{"damage":5,"enemies":"Looter","floor":10,"turns":4},{"damage":5,"enemies":"Red Slaver","floor":13,"turns":3},{"damage":14,"enemies":"2 Fungi Beasts","floor":14,"turns":4},{"damage":61,"enemies":"Slime Boss","floor":16,"turns":8}],"seed_played":"-7895174048320122924","potions_obtained":[{"floor":1,"key":"LiquidMemories"},{"floor":10,"key":"Weak Potion"},{"floor":14,"key":"Fire Potion"}],"is_trial":false,"path_per_floor":["M","?","?","M","M","R","M","R","T","M","?","?","M","M","R","B"],"character_chosen":"DEFECT","items_purchased":[],"campfire_rested":1,"item_purchase_floors":[],"current_hp_per_floor":[75,75,75,75,75,75,57,57,57,52,52,52,47,33,55,0,0],"gold":377,"neow_bonus":"THREE_ENEMY_KILL","is_daily":false,"chose_seed":false,"campfire_upgraded":1,"win_rate":0.0,"timestamp":1610453157,"path_taken":["M","?","?","M","?","R","M","R","T","M","?","?","?","M","R","BOSS"],"items_purchased_type":[],"build_version":"2020-12-22","purchased_purges":0,"victory":false,"max_hp_per_floor":[75,75,75,75,75,75,75,75,75,75,75,75,75,75,75,75,75],"card_choices":[{"not_picked":["Sweeping Beam","Compile Driver"],"picked":"Go for the Eyes","floor":1},{"not_picked":["Gash","Darkness"],"picked":"Genetic Algorithm","floor":4},{"not_picked":["Consume","Ball Lightning"],"picked":"Go for the Eyes","floor":5},{"not_picked":["Beam Cell","Fusion"],"picked":"Meteor Strike","floor":7},{"not_picked":["Coolheaded","Force Field"],"picked":"Gash","floor":10},{"not_picked":["Darkness","Scrape"],"picked":"Recycle","floor":13},{"not_picked":["Go for the Eyes","Auto Shields","Leap"],"picked":"SKIP","floor":14}],"player_experience":123230,"relics_obtained":[{"floor":9,"key":"Frozen Egg 2"}],"event_choices":[{"damage_healed":0,"gold_gain":175,"player_choice":"AGREE","damage_taken":0,"max_hp_gain":0,"max_hp_loss":0,"event_name":"Liars Game","floor":2,"gold_loss":0,"cards_obtained":["Doubt"]},{"damage_healed":0,"gold_gain":0,"player_choice":"Full Heal","damage_taken":0,"max_hp_gain":0,"max_hp_loss":0,"event_name":"Wheel of Change","floor":3,"gold_loss":0},{"damage_healed":0,"gold_gain":0,"cards_transformed":["Strike_B"],"player_choice":"Change","damage_taken":0,"max_hp_gain":0,"max_hp_loss":0,"event_name":"Living Wall","floor":11,"gold_loss":0,"cards_obtained":["Hologram"]},{"damage_healed":0,"gold_gain":0,"player_choice":"1 cards matched","damage_taken":0,"max_hp_gain":0,"max_hp_loss":0,"event_name":"Match and Keep!","floor":12,"gold_loss":0,"cards_obtained":["Swift Strike"]}],"is_beta":false,"boss_relics":[],"items_purged_floors":[],"is_endless":false,"potions_floor_spawned":[1,10,14],"killed_by":"Slime Boss","ascension_level":2}}