{"host":"m99pr52ak2jwx2yo","time":1610442016,"event":{"mods":["BaseMod","Better Match","BetterRewards","Colored Map","Friendly Minions","Hermit","Hubris","Kiyohime£¨?ýï£©","Marisa£¨Ùöéë¡¡Øª×âÞÞ£©","Minty Spire (QoL Compilation)","Prisma Mod","Relic Stats","StSLib","SuperFastMode","Td1madao Mod","The Animator","The Cursed"],"gold_per_floor":[99999,100009,100025,100025,99286,99286,99301,99332,99357,99369,99398,99411,99411,99436,99436,99536,99536,99546,99546,99566,99583,99137,99137,99164,99174,99174,99174,99209,99239,99253,99278,99278,99379,99379,99395,99414,99429,99429,98972,98972,99022,98538,98538,98548,98580,98140,98194,98208,98208,98208,98208,98208,97815,97847,97847],"floor_reached":56,"playtime":2129,"items_purged":["Strike_R","Defend_R","Battle Trance","Power Through","Bloodletting","Spot Weakness+1"],"score":1814,"play_id":"c6b6052a-db06-4402-9ecd-283344b5d6e7","local_time":"20210112180016","is_ascension_mode":true,"campfire_choices":[{"floor":6,"key":"RECALL"},{"data":"Rage","floor":13,"key":"SMITH"},{"data":"Anger","floor":15,"key":"SMITH"},{"data":"Anger","floor":23,"key":"SMITH"},{"data":"Bludgeon","floor":27,"key":"SMITH"},{"data":"Pommel Strike","floor":32,"key":"SMITH"},{"data":"Carnage","floor":40,"key":"SMITH"},{"data":"Intimidate","floor":49,"key":"SMITH"},{"data":"Bash","floor":52,"key":"SMITH"}],"circlet_count":0,"master_deck":["Bash+1","Twin Strike","Intimidate+1","Twin Strike","Rage+1","Infernal Blade+1","Anger+1","Metallicize","Anger+1","Bludgeon+1","Searing Blow+1","Pommel Strike+1","Uppercut","Battle Trance","Blood for Blood","Inflame","Carnage+1","Heavy Blade+1","Anger+1","Carnage+1","Rage+1"],"relics":["Burning Blood","Strawberry","Frozen Eye","hubris:ToyBattleship","hubris:MedicalManual","Bag of Preparation","hubris:Zylophone","InkBottle","Black Star","Membership Card","HornCleat","MealTicket","Nunchaku","hubris:Metronome","War Paint","Red Mask","Potion Belt","Red Skull","Whetstone","Bronze Scales","Pandora\u0027s Box","Brimstone","Happy Flower","Ice Cream","hubris:Spice","Paper Frog","Regal Pillow","Blue Candle","Bag of Marbles","Art of War","hubris:IronBody","hubris:BundleOfHerbs","Medical Kit","Orichalcum"],"acts_visited":["Exordium","TheCity","TheBeyond","TheEnding"],"potions_floor_usage":[16,16,16,33,33,33,39,55,55,55,55,55],"damage_taken":[{"damage":8,"enemies":"2 Louse","floor":1,"turns":3},{"damage":2,"enemies":"Jaw Worm","floor":2,"turns":2},{"damage":3,"enemies":"Small Slimes","floor":3,"turns":3},{"damage":0,"enemies":"Looter","floor":7,"turns":2},{"damage":24,"enemies":"3 Sentries","floor":8,"turns":9},{"damage":0,"enemies":"Blue Slaver","floor":10,"turns":2},{"damage":6,"enemies":"Lagavulin","floor":11,"turns":3},{"damage":0,"enemies":"Exordium Wildlife","floor":12,"turns":2},{"damage":2,"enemies":"3 Sentries","floor":14,"turns":4},{"damage":28,"enemies":"Hexaghost","floor":16,"turns":5},{"damage":6,"enemies":"2 Thieves","floor":18,"turns":2},{"damage":3,"enemies":"Spheric Guardian","floor":20,"turns":3},{"damage":0,"enemies":"Centurion and Healer","floor":21,"turns":4},{"damage":6,"enemies":"Slavers","floor":24,"turns":3},{"damage":0,"enemies":"Snecko","floor":25,"turns":1},{"damage":0,"enemies":"Masked Bandits","floor":28,"turns":1},{"damage":0,"enemies":"Book of Stabbing","floor":29,"turns":3},{"damage":0,"enemies":"Sentry and Sphere","floor":30,"turns":3},{"damage":0,"enemies":"Gremlin Leader","floor":31,"turns":3},{"damage":13,"enemies":"hubris:MusketHawk","floor":33,"turns":4},{"damage":28,"enemies":"3 Darklings","floor":35,"turns":3},{"damage":0,"enemies":"Orb Walker","floor":36,"turns":1},{"damage":3,"enemies":"Sphere and 2 Shapes","floor":37,"turns":2},{"damage":3,"enemies":"Mind Bloom Boss Battle","floor":41,"turns":2},{"damage":0,"enemies":"Writhing Mass","floor":44,"turns":2},{"damage":0,"enemies":"Nemesis","floor":45,"turns":1},{"damage":0,"enemies":"2 Orb Walkers","floor":47,"turns":1},{"damage":0,"enemies":"Maw","floor":48,"turns":1},{"damage":0,"enemies":"hubris:GrandSnecko","floor":50,"turns":2},{"damage":0,"enemies":"Shield and Spear","floor":54,"turns":1},{"damage":41,"enemies":"The Heart","floor":55,"turns":3}],"seed_played":"-6959075231105818878","potions_obtained":[{"floor":2,"key":"LiquidBronze"},{"floor":10,"key":"Swift Potion"},{"floor":11,"key":"Ancient Potion"},{"floor":16,"key":"Dexterity Potion"},{"floor":21,"key":"EntropicBrew"},{"floor":24,"key":"AttackPotion"},{"floor":28,"key":"BlessingOfTheForge"},{"floor":30,"key":"SkillPotion"},{"floor":36,"key":"ColorlessPotion"},{"floor":41,"key":"Strength Potion"},{"floor":47,"key":"Swift Potion"}],"is_trial":false,"path_per_floor":["M","M","M","?","$","R","M","E","T","M","E","M","R","E","R","B",null,"M","?","M","M","$","R","E","M","T","R","?","E","M","E","R","B",null,"M","M","M","?","$","R","?","$","T","M","E","$","?","M","R","B",null,"R","$","E","B",null],"character_chosen":"IRONCLAD","items_purchased":["Frozen Eye","hubris:ToyBattleship","hubris:MedicalManual","Rage","Membership Card","HornCleat","MealTicket","Brimstone","Happy Flower","Ice Cream","Fruit Juice","EssenceOfSteel","hubris:Spice","Paper Frog","Regal Pillow","Fire Potion","Strength Potion","hubris:Spice","Art of War","hubris:IronBody","Medical Kit","hubris:Spice","Orichalcum"],"campfire_rested":0,"item_purchase_floors":[5,5,5,5,22,22,22,39,39,39,39,39,42,42,42,42,42,46,46,46,53,53,53],"current_hp_per_floor":[49,53,56,56,56,56,62,44,44,50,50,56,56,60,60,38,75,75,75,78,84,84,84,84,87,87,87,87,87,87,87,87,80,85,63,69,72,72,92,92,100,108,108,108,100,92,92,92,92,92,92,92,84,68,33],"gold":97847,"neow_bonus":"TWO_FIFTY_GOLD","is_daily":false,"chose_seed":false,"campfire_upgraded":8,"win_rate":0.0,"timestamp":1610442016,"path_taken":["M","M","M","?","$","R","M","E","T","M","E","M","R","E","R","BOSS","M","?","M","M","$","R","E","M","T","R","?","E","M","E","R","BOSS","M","M","M","?","$","R","?","$","T","M","E","$","?","M","R","BOSS","R","$","E","BOSS"],"items_purchased_type":["Relic","Relic","Relic","Card","Relic","Relic","Relic","Relic","Relic","Relic","Potion","Potion","Relic","Relic","Relic","Potion","Potion","Relic","Relic","Relic","Relic","Relic","Relic"],"build_version":"2020-12-22","purchased_purges":6,"victory":true,"max_hp_per_floor":[80,80,80,87,87,87,87,87,87,87,87,87,87,87,87,87,87,87,87,87,87,87,87,87,87,87,87,87,87,87,87,87,87,87,87,87,87,87,92,92,100,108,108,108,100,92,92,92,92,92,92,92,84,68,68],"relic_stats":{"Regal Pillow":0,"Happy Flower":[4],"counters":[31,81],"Blue Candle":[0],"Bag of Preparation":[52],"Whetstone":["Strike_R","Strike_R"],"War Paint":["Defend_R","Infernal Blade"],"Orichalcum":[12],"Medical Kit":[2],"Burning Blood":120,"Nunchaku":[17],"Bronze Scales":[72],"MealTicket":15,"Pandora\u0027s Box":["Battle Trance","Battle Trance","Blood for Blood","Bloodletting","Power Through","Inflame","Carnage"],"Black Star":5,"Art of War":[0],"obtain_stats":[{"Ice Cream":39,"hubris:Metronome":24,"Regal Pillow":42,"Bag of Preparation":8,"Whetstone":31,"Burning Blood":0,"Frozen Eye":5,"Nunchaku":24,"HornCleat":22,"Strawberry":4,"MealTicket":22,"hubris:IronBody":46,"Red Mask":28,"InkBottle":14,"Red Skull":29,"Paper Frog":42,"Potion Belt":29,"Happy Flower":39,"Blue Candle":43,"hubris:MedicalManual":5,"War Paint":26,"Orichalcum":53,"Medical Kit":53,"hubris:Zylophone":11,"Brimstone":39,"hubris:Spice":41,"Bronze Scales":31,"Pandora\u0027s Box":34,"hubris:BundleOfHerbs":47,"hubris:ToyBattleship":5,"Black Star":17,"Bag of Marbles":45,"Art of War":46,"Membership Card":22},{"Ice Cream":23,"hubris:Metronome":14,"Regal Pillow":24,"Bag of Preparation":5,"Whetstone":19,"Burning Blood":0,"Frozen Eye":3,"Nunchaku":14,"HornCleat":13,"Strawberry":3,"MealTicket":13,"hubris:IronBody":26,"Red Mask":16,"InkBottle":9,"Red Skull":17,"Paper Frog":24,"Potion Belt":17,"Happy Flower":23,"Blue Candle":24,"hubris:MedicalManual":3,"War Paint":15,"Orichalcum":29,"Medical Kit":29,"hubris:Zylophone":7,"Brimstone":23,"hubris:Spice":24,"Bronze Scales":19,"Pandora\u0027s Box":20,"hubris:BundleOfHerbs":27,"hubris:ToyBattleship":3,"Black Star":10,"Bag of Marbles":26,"Art of War":26,"Membership Card":13},{"Ice Cream":68,"hubris:Metronome":47,"Regal Pillow":70,"Bag of Preparation":19,"Whetstone":58,"Burning Blood":0,"Frozen Eye":8,"Nunchaku":47,"HornCleat":44,"Strawberry":8,"MealTicket":44,"hubris:IronBody":73,"Red Mask":49,"InkBottle":30,"Red Skull":52,"Paper Frog":70,"Potion Belt":52,"Happy Flower":68,"Blue Candle":70,"hubris:MedicalManual":8,"War Paint":48,"Orichalcum":77,"Medical Kit":77,"hubris:Zylophone":24,"Brimstone":68,"hubris:Spice":70,"Bronze Scales":58,"Pandora\u0027s Box":62,"hubris:BundleOfHerbs":74,"hubris:ToyBattleship":8,"Black Star":35,"Bag of Marbles":73,"Art of War":73,"Membership Card":44}],"InkBottle":[27]},"card_choices":[{"not_picked":["hubris:ReadiedAction","Dark Embrace"],"picked":"Twin Strike","floor":1},{"not_picked":["Wild Strike","Iron Wave"],"picked":"Intimidate","floor":2},{"not_picked":["Headbutt","Second Wind"],"picked":"Twin Strike","floor":3},{"not_picked":["Heavy Blade","Combust","Shrug It Off"],"picked":"SKIP","floor":7},{"not_picked":["Bludgeon","Brutality"],"picked":"Blood for Blood","floor":8},{"not_picked":["Inflame","Heavy Blade"],"picked":"Infernal Blade","floor":10},{"not_picked":["Havoc","Armaments"],"picked":"Anger","floor":11},{"not_picked":["hubris:ReadiedAction","Intimidate"],"picked":"Metallicize","floor":12},{"not_picked":["Havoc","Wild Strike"],"picked":"Anger","floor":14},{"not_picked":["Feed","Exhume"],"picked":"Bludgeon","floor":16},{"not_picked":["Armaments","Thunderclap","Ghostly Armor"],"picked":"SKIP","floor":18},{"not_picked":["Twin Strike","Reckless Charge+1","Armaments"],"picked":"SKIP","floor":20},{"not_picked":["True Grit","Sentinel"],"picked":"Searing Blow+1","floor":21},{"not_picked":["Iron Wave","Offering","Wild Strike"],"picked":"SKIP","floor":24},{"not_picked":["Heavy Blade+1","Shrug It Off","Twin Strike"],"picked":"SKIP","floor":25},{"not_picked":["Twin Strike+1","Headbutt"],"picked":"Pommel Strike","floor":29},{"not_picked":["Rampage+1","Sword Boomerang","Iron Wave+1"],"picked":"SKIP","floor":30},{"not_picked":["Immolate","Clash"],"picked":"Uppercut","floor":31},{"not_picked":["Shrug It Off+1","Perfected Strike"],"picked":"Heavy Blade+1","floor":35},{"not_picked":["Feel No Pain+1","Cleave+1"],"picked":"Anger+1","floor":36},{"not_picked":["Shrug It Off+1","Uppercut"],"picked":"Carnage+1","floor":37},{"not_picked":["Sever Soul","Havoc"],"picked":"Rage+1","floor":41},{"not_picked":["Shrug It Off+1","hubris:SpiceAddiction","Clash"],"picked":"SKIP","floor":44},{"not_picked":["hubris:SpiceAddiction","Brutality","hubris:SpiceAddiction"],"picked":"SKIP","floor":45},{"not_picked":["hubris:SpiceAddiction","Iron Wave+1"],"picked":"Spot Weakness+1","floor":47},{"not_picked":["Flex","Flame Barrier","Heavy Blade"],"picked":"SKIP","floor":48},{"not_picked":["hubris:SpiceAddiction","Wild Strike+1","Pummel"],"picked":"SKIP","floor":54}],"player_experience":103743,"relics_obtained":[{"floor":8,"key":"Bag of Preparation"},{"floor":11,"key":"hubris:Zylophone"},{"floor":14,"key":"InkBottle"},{"floor":24,"key":"Nunchaku"},{"floor":24,"key":"hubris:Metronome"},{"floor":26,"key":"War Paint"},{"floor":28,"key":"Red Mask"},{"floor":29,"key":"Potion Belt"},{"floor":29,"key":"Red Skull"},{"floor":31,"key":"Whetstone"},{"floor":31,"key":"Bronze Scales"},{"floor":41,"key":"hubris:Spice"},{"floor":43,"key":"Blue Candle"},{"floor":45,"key":"hubris:Spice"},{"floor":45,"key":"Bag of Marbles"},{"floor":47,"key":"hubris:BundleOfHerbs"},{"floor":54,"key":"hubris:Spice"},{"floor":54,"key":"hubris:Spice"}],"event_choices":[{"damage_healed":0,"gold_gain":0,"player_choice":"Success","damage_taken":7,"relics_obtained":["Strawberry"],"max_hp_gain":0,"max_hp_loss":0,"event_name":"Scrap Ooze","floor":4,"gold_loss":0},{"damage_healed":0,"gold_gain":0,"player_choice":"Ignored","damage_taken":0,"max_hp_gain":0,"max_hp_loss":0,"event_name":"Ghosts","floor":19,"gold_loss":0},{"damage_healed":0,"gold_gain":0,"player_choice":"Fought Bandits","damage_taken":0,"max_hp_gain":0,"max_hp_loss":0,"event_name":"Masked Bandits","floor":28,"gold_loss":0},{"cards_removed":["Blood for Blood"],"damage_healed":0,"gold_gain":0,"player_choice":"Removed Attack","damage_taken":0,"max_hp_gain":0,"max_hp_loss":0,"event_name":"Falling","floor":38,"gold_loss":0},{"damage_healed":0,"gold_gain":0,"player_choice":"Fight","damage_taken":0,"max_hp_gain":0,"max_hp_loss":0,"event_name":"MindBloom","floor":41,"gold_loss":0},{"damage_healed":0,"gold_gain":0,"player_choice":"Fight","damage_taken":0,"max_hp_gain":0,"max_hp_loss":0,"event_name":"Mysterious Sphere","floor":47,"gold_loss":0}],"is_beta":false,"boss_relics":[{"not_picked":["Busted Crown","Tiny House"],"picked":"Black Star"},{"not_picked":["Runic Pyramid","Cursed Key"],"picked":"Pandora\u0027s Box"}],"items_purged_floors":[5,22,39,42,46,53],"is_endless":false,"potions_floor_spawned":[2,10,11,12,14,16,21,24,28,30,36,41,47],"ascension_level":6}}