{"host":"j4g6ia6asvpyu2b0","time":1610474679,"event":{"mods":["BaseMod","Colored Map","Minty Spire (QoL Compilation)","Permanent Neow","Quick Restart","Relic Stats","StSLib","Unceasing Turn Reminder"],"gold_per_floor":[368,368,380,81,101,101,129,145,145,158,158,191,210,230,230,329,329,348,348,348,364,200,226,226,151,151,151,179,179,179],"floor_reached":29,"playtime":588,"items_purged":["Writhe"],"score":462,"play_id":"52b75506-8c53-4c81-81d5-59ac1a3ac00a","local_time":"20210112110439","is_ascension_mode":true,"campfire_choices":[{"data":"Darkness","floor":6.0,"key":"SMITH"},{"data":"Defragment","floor":11.0,"key":"SMITH"},{"data":"Redo","floor":15.0,"key":"SMITH"},{"data":"Seek","floor":24,"key":"SMITH"},{"data":"Static Discharge","floor":27,"key":"SMITH"}],"circlet_count":0,"master_deck":["AscendersBane","Strike_B","Strike_B","Strike_B","Defend_B","Defend_B","Defend_B","Defend_B","Zap","Dualcast","Darkness+1","Doom and Gloom","Chaos","BootSequence","Ball Lightning","Defragment+1","Seek+1","Redo+1","Static Discharge+1","Electrodynamics","Compile Driver+1","Panacea","Barrage+1","White Noise","Capacitor","Conserve Battery","Consume","Decay","Compile Driver+1"],"relics":["Cracked Core","Membership Card","FossilizedHelix","Gremlin Horn","Molten Egg 2","Cursed Key","Bronze Scales","Happy Flower","Du-Vu Doll","Prayer Wheel","InkBottle"],"acts_visited":["Exordium","TheCity"],"potions_floor_usage":[23,28],"damage_taken":[{"damage":0.0,"enemies":"2 Louse","floor":1.0,"turns":1.0},{"damage":0.0,"enemies":"Small Slimes","floor":3.0,"turns":3.0},{"damage":0.0,"enemies":"Cultist","floor":5.0,"turns":3.0},{"damage":15.0,"enemies":"Lagavulin","floor":7.0,"turns":6.0},{"damage":0.0,"enemies":"Exordium Wildlife","floor":8.0,"turns":3.0},{"damage":0.0,"enemies":"2 Fungi Beasts","floor":10.0,"turns":3.0},{"damage":0.0,"enemies":"Gremlin Nob","floor":12.0,"turns":3.0},{"damage":0.0,"enemies":"3 Louse","floor":13.0,"turns":2.0},{"damage":0.0,"enemies":"Lots of Slimes","floor":14.0,"turns":2.0},{"damage":31.0,"enemies":"Hexaghost","floor":16.0,"turns":7.0},{"damage":0.0,"enemies":"Chosen","floor":18.0,"turns":3.0},{"damage":0.0,"enemies":"3 Byrds","floor":21.0,"turns":2.0},{"damage":9,"enemies":"Slavers","floor":23,"turns":3},{"damage":44,"enemies":"Book of Stabbing","floor":28,"turns":4},{"damage":9,"enemies":"Centurion and Healer","floor":29,"turns":2}],"seed_played":"244702540804410249","potions_obtained":[{"floor":1.0,"key":"SkillPotion"},{"floor":3.0,"key":"Ancient Potion"},{"floor":8.0,"key":"LiquidMemories"},{"floor":14.0,"key":"LiquidBronze"},{"floor":28,"key":"PotionOfCapacity"}],"is_trial":false,"path_per_floor":["M","?","M","$","M","R","E","M","T","M","R","E","M","M","R","B",null,"M","?","?","M","$","E","R","?","T","R","E","M"],"character_chosen":"DEFECT","items_purchased":["Membership Card","FossilizedHelix","Capacitor","Happy Flower","Conserve Battery"],"campfire_rested":0,"item_purchase_floors":[4,4,22,22,22],"current_hp_per_floor":[68,73,73,73,73,73,58,58,58,58,58,58,58,58,58,27,62,62,62,62,62,62,53,53,53,53,53,9,0,0],"gold":179,"neow_bonus":"TWO_FIFTY_GOLD","is_daily":false,"chose_seed":false,"campfire_upgraded":5,"win_rate":0.0,"timestamp":1610474679,"path_taken":["M","?","M","$","M","R","E","M","T","M","R","E","M","M","R","BOSS","M","?","?","?","$","E","R","?","T","R","E","M"],"items_purchased_type":["Relic","Relic","Card","Relic","Card"],"build_version":"2020-12-22","purchased_purges":1,"victory":false,"max_hp_per_floor":[68,73,73,73,73,73,73,73,73,73,73,73,73,73,73,73,73,73,73,73,73,73,73,73,73,73,73,73,73,73],"relic_stats":{"Gremlin Horn":[9,9],"Happy Flower":[3],"counters":[15,47],"Bronze Scales":[77],"Prayer Wheel":0,"Cursed Key":1,"obtain_stats":[{"Du-Vu Doll":23,"Gremlin Horn":7,"Happy Flower":22,"Bronze Scales":19,"Molten Egg 2":12,"Prayer Wheel":26,"Membership Card":4,"Cracked Core":0,"Cursed Key":17,"FossilizedHelix":4,"InkBottle":28},{"Du-Vu Doll":13,"Gremlin Horn":4,"Happy Flower":12,"Bronze Scales":11,"Molten Egg 2":7,"Prayer Wheel":13,"Membership Card":2,"Cracked Core":0,"Cursed Key":10,"FossilizedHelix":2,"InkBottle":14},{"Du-Vu Doll":41,"Gremlin Horn":13,"Happy Flower":38,"Bronze Scales":36,"Molten Egg 2":22,"Prayer Wheel":41,"Membership Card":4,"Cracked Core":0,"Cursed Key":33,"FossilizedHelix":4,"InkBottle":45}],"InkBottle":[0]},"card_choices":[{"not_picked":["Cold Snap","Rebound"],"picked":"Darkness","floor":1.0},{"not_picked":["Consume","Sweeping Beam"],"picked":"Doom and Gloom","floor":3.0},{"not_picked":["Compile Driver","Coolheaded"],"picked":"Chaos","floor":5.0},{"not_picked":["Leap","Turbo"],"picked":"BootSequence","floor":7.0},{"not_picked":["Beam Cell","Rip and Tear"],"picked":"Ball Lightning","floor":8.0},{"not_picked":["Hello World","Sweeping Beam"],"picked":"Defragment","floor":10.0},{"not_picked":["Rainbow","Cold Snap+1"],"picked":"Seek","floor":12.0},{"not_picked":["Stack","Auto Shields"],"picked":"Redo","floor":13.0},{"not_picked":["Turbo","Gash+1"],"picked":"Static Discharge","floor":14.0},{"not_picked":["Amplify","Seek"],"picked":"Electrodynamics","floor":16.0},{"not_picked":["Auto Shields","Hologram+1"],"picked":"Compile Driver+1","floor":18.0},{"not_picked":["Compile Driver+1","Coolheaded"],"picked":"White Noise","floor":21.0},{"not_picked":["Chill","Heatsinks"],"picked":"Consume","floor":23},{"not_picked":["Hello World+1","Stack"],"picked":"Compile Driver+1","floor":28}],"player_experience":821443,"relics_obtained":[{"floor":7.0,"key":"Gremlin Horn"},{"floor":12.0,"key":"Molten Egg 2"},{"floor":23,"key":"Du-Vu Doll"},{"floor":26,"key":"Prayer Wheel"},{"floor":28,"key":"InkBottle"}],"event_choices":[{"damage_healed":0.0,"max_hp_gain":5.0,"max_hp_loss":0.0,"gold_gain":0.0,"event_name":"Big Fish","player_choice":"Donut","floor":2.0,"gold_loss":0.0,"damage_taken":0.0},{"damage_healed":0.0,"max_hp_gain":0.0,"max_hp_loss":0.0,"gold_gain":0.0,"event_name":"The Mausoleum","player_choice":"Opened","floor":19.0,"gold_loss":0.0,"damage_taken":0.0,"relics_obtained":["Bronze Scales"],"cards_obtained":["Writhe"]},{"damage_healed":0.0,"max_hp_gain":0.0,"max_hp_loss":0.0,"gold_gain":0.0,"event_name":"Match and Keep!","player_choice":"2 cards matched","floor":20.0,"gold_loss":0.0,"damage_taken":0.0,"cards_obtained":["Panacea","Barrage"]},{"cards_removed":["Strike_B"],"damage_healed":0,"gold_gain":0,"player_choice":"Gave Gold","damage_taken":0,"max_hp_gain":0,"max_hp_loss":0,"event_name":"Beggar","floor":25,"gold_loss":75}],"is_beta":false,"boss_relics":[{"not_picked":["Sozu","SlaversCollar"],"picked":"Cursed Key"}],"items_purged_floors":[22],"is_endless":false,"potions_floor_spawned":[1,3,8,10,14,18,28],"killed_by":"Centurion and Healer","ascension_level":11}}