{"host":"aryhiqwk5b07l19u","time":1610447474,"event":{"mods":["Act Like it!","Arknights The Spire","BaseMod","Better Third Choice","Colored Powertips","Downfall","Gensokyo","HololiveMod","Koishi","Marisa£®ÏF”Í°°ƒß¿Ì…≥£©","Minty Spire (QoL Compilation)","Quick Restart","Rare Cards Sparkle","Reimu£®≤©¿ˆ¡È√Œ£©","Relic Stats","Remilia£®¿Ÿ√◊¿Ú—«£©","Replay The Spire","StSLib","The Administrix","The Construct","The Servant 0.9.4","Yakumo Yukari mod","Youmu£®ªÍ∆«—˝√Œ£©","Yuyuko"],"gold_per_floor":[154,172,190,190,120,120,146,174,221,240,240,252,252,11,29,125,125,50,368,146,396,412,612,612,612],"floor_reached":23,"playtime":1319,"items_purged":[],"score":214,"play_id":"95b3f50a-ba1d-4aac-93cc-a652e9dc4816","local_time":"20210112183114","is_ascension_mode":false,"campfire_choices":[{"data":"champ:SkillfulDodge","floor":1,"key":"SMITH"},{"data":"champ:PreciseThrust","floor":11,"key":"SMITH"},{"data":"champ:StanceDance","floor":18,"key":"SMITH"}],"circlet_count":0,"master_deck":["champ:Strike+1","champ:Strike","champ:Strike","champ:Strike","champ:Defend","champ:Defend","champ:Defend","champ:Defend+1","champ:Execute","champ:Taunt","champ:SkillfulDodge+1","champ:StanceDance+1","champ:ViciousMockery","champ:PreciseThrust+1","champ:CrownThrow","champ:EnragedBash","champ:LastStand","champ:Lariat","champ:BringItOn","champ:CrookedStrike","champ:MurderStrike","champ:StanceDance","Gensokyo:Shovel","Gensokyo:TarnishedGold","Gensokyo:LockedMedkit","champ:Shatter+1"],"relics":["champ:ChampionCrown","Matryoshka","Akabeko","champ:DefensiveTrainingManual","Ornamental Fan","Snack Pack","Mastiff:ReiMu","champ:BerserkersGuideToSlaughter","SacredBark","downfall:HeartBlessingGreen","Letter Opener","Blood Vial"],"acts_visited":["Gensokyo:Gensokyo","Gensokyo:Gensokyoer"],"potions_floor_usage":[16,16],"damage_taken":[{"damage":11,"enemies":"Gensokyo:2_Kodama","floor":2,"turns":4},{"damage":14,"enemies":"Gensokyo:3_Fairies","floor":3,"turns":5},{"damage":36,"enemies":"Gensokyo:Mamizou","floor":8,"turns":9},{"damage":12,"enemies":"Gensokyo:Python","floor":10,"turns":3},{"damage":28,"enemies":"Gensokyo:5_Fairies","floor":12,"turns":6},{"damage":0,"enemies":"Gensokyo:LivingMonolith","floor":15,"turns":2},{"damage":69,"enemies":"downfall:Watcher","floor":16,"turns":10},{"damage":57,"enemies":"Gensokyo:Chomper","floor":19,"turns":9},{"damage":43,"enemies":"Gensokyo:3_Dogs","floor":22,"turns":9},{"damage":48,"enemies":"Gensokyo:3_Dogs","floor":23,"turns":6}],"seed_played":"-509374849677120825","potions_obtained":[{"floor":2,"key":"construct:ShiftPotion"},{"floor":8,"key":"hexamod:EctoCoolerPotion"},{"floor":12,"key":"SteroidPotion"}],"is_trial":false,"path_per_floor":["R","M","M","?","?","?","T","E","T","M","R","M","?","COS","M","B",null,"R","M","COS","?","M","?"],"character_chosen":"THE_CHAMP","items_purchased":[],"campfire_rested":0,"item_purchase_floors":[],"current_hp_per_floor":[90,84,80,89,89,89,89,65,65,62,62,43,28,28,35,31,99,99,49,49,49,34,0,0,0],"gold":612,"neow_bonus":"RANDOM_EVENT","is_daily":false,"chose_seed":false,"campfire_upgraded":3,"win_rate":0.0,"timestamp":1610447474,"path_taken":["R","M","M","?","?","?","T","E","?","M","R","?","?","COS","M","BOSS","R","M","COS","?","M","?"],"items_purchased_type":[],"build_version":"2020-12-22","purchased_purges":0,"victory":false,"max_hp_per_floor":[90,90,90,99,99,99,99,99,99,99,99,99,99,99,99,99,99,99,99,99,94,94,94,94,94],"relic_stats":{"Blood Vial":0,"counters":[10,63],"Ornamental Fan":[12],"Letter Opener":[30],"obtain_stats":[{"Blood Vial":23,"Matryoshka":0,"champ:DefensiveTrainingManual":7,"Ornamental Fan":8,"Mastiff:ReiMu":9,"SacredBark":17,"champ:ChampionCrown":0,"downfall:HeartBlessingGreen":18,"Snack Pack":9,"champ:BerserkersGuideToSlaughter":14,"Letter Opener":19,"Akabeko":7},{"Blood Vial":10,"Matryoshka":0,"champ:DefensiveTrainingManual":2,"Ornamental Fan":3,"Mastiff:ReiMu":3,"SacredBark":7,"champ:ChampionCrown":0,"downfall:HeartBlessingGreen":7,"Snack Pack":3,"champ:BerserkersGuideToSlaughter":5,"Letter Opener":8,"Akabeko":2},{"Blood Vial":58,"Matryoshka":0,"champ:DefensiveTrainingManual":9,"Ornamental Fan":18,"Mastiff:ReiMu":18,"SacredBark":39,"champ:ChampionCrown":0,"downfall:HeartBlessingGreen":39,"Snack Pack":18,"champ:BerserkersGuideToSlaughter":27,"Letter Opener":43,"Akabeko":9}]},"card_choices":[{"not_picked":["champ:Duel","champ:CrookedStrike"],"picked":"champ:SkillfulDodge","floor":0},{"not_picked":["champ:BringItOn","champ:CrookedStrike"],"picked":"champ:StanceDance","floor":0},{"not_picked":["champ:BringItOn","champ:CrookedStrike"],"picked":"champ:ViciousMockery","floor":2},{"not_picked":["champ:FlashCut","champ:FocusedDefense"],"picked":"champ:PreciseThrust","floor":3},{"not_picked":["champ:CrookedStrike","champ:FocusedDefense"],"picked":"champ:CrownThrow","floor":6},{"not_picked":["champ:ViciousMockery","champ:BerserkersShout"],"picked":"champ:EnragedBash","floor":6},{"not_picked":["champ:GladiatorsShout","champ:FanOfKnives"],"picked":"champ:LastStand","floor":8},{"not_picked":["champ:BladeFlurry","champ:GladiatorStyle"],"picked":"champ:Lariat","floor":10},{"not_picked":["champ:GladiatorsShout","champ:HeartStrike"],"picked":"champ:BringItOn","floor":12},{"not_picked":["champ:BladeFlurry","champ:FanOfKnives"],"picked":"champ:CrookedStrike","floor":15},{"not_picked":["champ:DancingMaster","champ:ShieldSlam"],"picked":"champ:MurderStrike","floor":16},{"not_picked":["champ:FalseCounter","champ:BerserkersShout+1"],"picked":"champ:StanceDance","floor":19},{"not_picked":["champ:FanOfKnives","champ:BringItOn"],"picked":"champ:Shatter+1","floor":22}],"player_experience":785885,"relics_obtained":[{"floor":0,"key":"Matryoshka"},{"floor":7,"key":"Akabeko"},{"floor":7,"key":"champ:DefensiveTrainingManual"},{"floor":8,"key":"Ornamental Fan"},{"floor":9,"key":"Snack Pack"},{"floor":9,"key":"Mastiff:ReiMu"}],"event_choices":[],"is_beta":false,"boss_relics":[{"not_picked":["Velvet Choker","Philosopher\u0027s Stone"],"picked":"SacredBark"}],"items_purged_floors":[],"is_endless":false,"potions_floor_spawned":[2,8,12],"killed_by":"Gensokyo:3_Dogs","ascension_level":0}}