{"host":"qswkx8hggytna0kc","time":1610424093,"event":{"mods":["Aspiration","BaseMod","BetterRewards","Colored Map","Colored Powertips","Highlight Path","Hubris","Mimic Mod","Minty Spire (QoL Compilation)","MostiFishMod","Quick Restart","Replay The Spire","StSLib","SuperFastMode"],"gold_per_floor":[110,121,132,148,161,161,161],"floor_reached":6,"playtime":184,"items_purged":[],"score":70,"play_id":"d5b2b301-72d9-4b1a-b428-12752c64fcaf","local_time":"20210112120133","is_ascension_mode":true,"campfire_choices":[],"circlet_count":0,"master_deck":["AscendersBane","Strike_B","Strike_B","Strike_B","Defend_B","Defend_B","Defend_B","Defend_B","Zap","Dualcast","Time Bomb","Coolheaded","Sweeping Beam","Cold Snap"],"relics":["Cracked Core","DaveBox","NightmareShop","SynthV:TestCard"],"acts_visited":["Exordium"],"potions_floor_usage":[3,4],"damage_taken":[{"damage":12,"enemies":"2 Louse","floor":1,"turns":3},{"damage":0,"enemies":"Cultist","floor":2,"turns":4},{"damage":14,"enemies":"Jaw Worm","floor":3,"turns":4},{"damage":5,"enemies":"Gremlin Gang","floor":4,"turns":2},{"damage":7,"enemies":"Looter","floor":5,"turns":4},{"damage":30,"enemies":"3 Sentries","floor":6,"turns":8}],"seed_played":"1685929185340409668","potions_obtained":[{"floor":1,"key":"Swift Potion"},{"floor":2,"key":"Explosive Potion"}],"is_trial":false,"path_per_floor":["M","M","M","M","M","E"],"character_chosen":"DEFECT","items_purchased":[],"campfire_rested":0,"item_purchase_floors":[],"current_hp_per_floor":[52,52,38,33,26,0,0],"gold":161,"neow_bonus":"REMOVE_CARD","is_daily":false,"chose_seed":false,"campfire_upgraded":0,"win_rate":0.0,"timestamp":1610424093,"path_taken":["M","M","M","M","M","E"],"items_purchased_type":[],"build_version":"2020-12-22","purchased_purges":0,"victory":false,"max_hp_per_floor":[71,71,71,71,71,71,71],"card_choices":[{"not_picked":["Auto Shields","Conserve Battery"],"picked":"Time Bomb","floor":1},{"not_picked":["Sweeping Beam","ReplaySort","ReplaySolidLightProjector","Beam Cell"],"picked":"Coolheaded","floor":2},{"not_picked":["Rebound","Capacitor","FIFO Queue","Gash"],"picked":"Sweeping Beam","floor":3},{"not_picked":["MostiFishMod:LinkProtocol","MostiFishMod:PushDownKick","ReplayTheSpireMod:GoodbyeWorld","Steam"],"picked":"Cold Snap","floor":4},{"not_picked":["Stack","ReplayTheSpireMod:GoodbyeWorld","Barrage","ReplayTheSpireMod:Calculation Training","Reinforced Body"],"picked":"SKIP","floor":5}],"player_experience":272014,"relics_obtained":[{"floor":1,"key":"SynthV:TestCard"}],"event_choices":[],"is_beta":false,"boss_relics":[],"items_purged_floors":[],"is_endless":false,"potions_floor_spawned":[1,2],"killed_by":"3 Sentries","ascension_level":15}}