{"host":"sh8ot41fo7a0kahq","time":1610453467,"event":{"mods":["ATMod(°¢èªMod)","BaseMod","Better Third Choice","Colored Powertips","Displayed Cursed Tome","Minty Spire (QoL Compilation)","Quick Restart","Spicy Shops","StSLib","UnlockEverythingMod","¡¾ÒÅÎï¿¨ÅÆ¡¿REMEMod"],"gold_per_floor":[109,109,121,121,134,168,168,183,183,183,214,226,239,261,261,356,356,373,116,116,86,86],"floor_reached":21,"playtime":693,"items_purged":["Doubt"],"score":246,"play_id":"84c21cc1-6f20-43c4-ac66-2d354867b970","local_time":"20210112201107","is_ascension_mode":true,"campfire_choices":[{"floor":7,"key":"REST"},{"data":"Riddle With Holes","floor":10,"key":"SMITH"},{"floor":15,"key":"RECALL"}],"circlet_count":0,"master_deck":["Strike_G","Strike_G","Strike_G","Strike_G","Defend_G","Defend_G","Defend_G","Defend_G","Defend_G","Survivor","Neutralize","Acrobatics","AT_CaressingTears","Secret Technique","Apotheosis+1","Escape Plan","Footwork","Riddle With Holes+1","AT_WindFlip","Terror","AT_MyraUnstableElement","Calculated Gamble"],"relics":["Ring of the Snake","AT_ATBox","REME_ComplimentaryCards","AT_ImmortalShieldbow","REME_PoisonedDagger","Odd Mushroom","Runic Dome","Paper Crane"],"acts_visited":["Exordium","TheCity"],"potions_floor_usage":[6,11,14],"damage_taken":[{"damage":6,"enemies":"Jaw Worm","floor":1,"turns":6},{"damage":12,"enemies":"Small Slimes","floor":3,"turns":5},{"damage":0,"enemies":"Cultist","floor":5,"turns":4},{"damage":39,"enemies":"Gremlin Nob","floor":6,"turns":7},{"damage":10,"enemies":"3 Louse","floor":8,"turns":5},{"damage":18,"enemies":"3 Sentries","floor":11,"turns":6},{"damage":2,"enemies":"Blue Slaver","floor":12,"turns":4},{"damage":25,"enemies":"Lots of Slimes","floor":13,"turns":5},{"damage":2,"enemies":"The Mushroom Lair","floor":14,"turns":2},{"damage":7,"enemies":"Hexaghost","floor":16,"turns":9},{"damage":15,"enemies":"Spheric Guardian","floor":18,"turns":5},{"damage":0,"enemies":"2 Thieves","floor":21,"turns":2}],"seed_played":"3332900015572241711","potions_obtained":[{"floor":3,"key":"SneckoOil"},{"floor":8,"key":"Dexterity Potion"},{"floor":12,"key":"DuplicationPotion"},{"floor":13,"key":"SteroidPotion"},{"floor":14,"key":"Dexterity Potion"},{"floor":16,"key":"SpeedPotion"}],"is_trial":false,"path_per_floor":["M","?","M","?","M","E","R","M","T","R","E","M","M","?","R","B",null,"M","$","?","M"],"character_chosen":"THE_SILENT","items_purchased":["Paper Crane","Calculated Gamble"],"campfire_rested":1,"item_purchase_floors":[19,19],"current_hp_per_floor":[57,57,47,47,47,8,29,24,24,24,31,29,20,42,42,39,62,47,47,47,47,47],"gold":86,"neow_bonus":"THREE_CARDS","is_daily":false,"chose_seed":false,"campfire_upgraded":1,"win_rate":0.0,"timestamp":1610453467,"path_taken":["M","?","M","?","?","E","R","?","T","R","E","M","M","?","R","BOSS","M","$","?","?"],"items_purchased_type":["Relic","Card"],"build_version":"2020-12-22","purchased_purges":1,"victory":false,"max_hp_per_floor":[70,70,70,70,70,70,70,70,70,70,70,70,70,70,70,70,70,70,70,70,70,70],"card_choices":[{"not_picked":["Underhanded Strike","Endless Agony"],"picked":"Acrobatics","floor":0},{"not_picked":["Eviscerate","Poisoned Stab","Outmaneuver"],"picked":"SKIP","floor":1},{"not_picked":["Slice","Distraction","Poisoned Stab"],"picked":"SKIP","floor":3},{"not_picked":["Cloak And Dagger","AT_TinkerSharpsword"],"picked":"Escape Plan","floor":5},{"not_picked":["Poisoned Stab","Cloak And Dagger"],"picked":"Footwork","floor":6},{"not_picked":["AT_FocusSwordFire","Dodge and Roll"],"picked":"Riddle With Holes","floor":8},{"not_picked":["Expertise","AT_ThistleTea"],"picked":"AT_WindFlip","floor":11},{"not_picked":["Catalyst","REME_GrazeFinale","Poisoned Stab"],"picked":"SKIP","floor":12},{"not_picked":["Slice","Heel Hook","Dagger Throw"],"picked":"SKIP","floor":13},{"not_picked":["Deadly Poison","AT_ThistleTea"],"picked":"Terror","floor":14},{"not_picked":["REME_GrazeFinale","REME_ShadowForm"],"picked":"AT_MyraUnstableElement","floor":16},{"not_picked":["Well Laid Plans","Terror","Leg Sweep"],"picked":"SKIP","floor":18}],"player_experience":318510,"relics_obtained":[{"floor":6,"key":"AT_ImmortalShieldbow"},{"floor":11,"key":"REME_PoisonedDagger"},{"floor":14,"key":"Odd Mushroom"}],"event_choices":[{"damage_healed":0,"gold_gain":0,"player_choice":"Ignored","damage_taken":109,"max_hp_gain":0,"max_hp_loss":0,"event_name":"betterThird:BetterSerpent","floor":2,"gold_loss":0},{"damage_healed":47,"gold_gain":0,"player_choice":"Embrace","damage_taken":0,"max_hp_gain":0,"max_hp_loss":70,"event_name":"betterThird:BetterShining","floor":4,"gold_loss":0},{"damage_healed":0,"gold_gain":0,"player_choice":"Fought Mushrooms","damage_taken":0,"max_hp_gain":0,"max_hp_loss":0,"event_name":"Mushrooms","floor":14,"gold_loss":0},{"cards_removed":["Strike_G"],"damage_healed":0,"gold_gain":0,"player_choice":"Purged","damage_taken":0,"max_hp_gain":0,"max_hp_loss":0,"event_name":"Purifier","floor":20,"gold_loss":0}],"is_beta":false,"boss_relics":[{"not_picked":["Snecko Eye","Coffee Dripper"],"picked":"Runic Dome"}],"items_purged_floors":[19],"is_endless":false,"potions_floor_spawned":[3,8,12,13,14,16],"killed_by":"2 Thieves","ascension_level":6}}