{"host":"xt3o4iokwksypl90","time":1610483870,"event":{"mods":["AchievementEnabler","BaseMod","Googly Eyes","Highlight Path","Minty Spire (QoL Compilation)","Permanent Neow"],"gold_per_floor":[109,127,142,153,167,167,184,109,158,178,91,166,180,196,196,196,196],"floor_reached":16,"playtime":693,"items_purged":["Strike_R"],"score":98,"play_id":"05e5fe86-4af7-4026-a87d-b04b65e1631c","local_time":"20210112213750","is_ascension_mode":false,"campfire_choices":[{"data":"Bash","floor":6,"key":"SMITH"},{"floor":15,"key":"REST"}],"circlet_count":0,"master_deck":["Strike_R","Strike_R","Strike_R","Defend_R","Defend_R","Defend_R","Bash+1","Finesse","Thunderclap"],"relics":["Burning Blood","Regal Pillow"],"acts_visited":["Exordium"],"potions_floor_usage":[10,14],"damage_taken":[{"damage":7,"enemies":"2 Louse","floor":1,"turns":4},{"damage":1,"enemies":"Jaw Worm","floor":2,"turns":3},{"damage":0,"enemies":"Small Slimes","floor":3,"turns":4},{"damage":20,"enemies":"Blue Slaver","floor":4,"turns":6},{"damage":10,"enemies":"Red Slaver","floor":5,"turns":5},{"damage":8,"enemies":"2 Fungi Beasts","floor":7,"turns":3},{"damage":5,"enemies":"Looter","floor":10,"turns":3},{"damage":19,"enemies":"Exordium Thugs","floor":13,"turns":6},{"damage":2,"enemies":"Blue Slaver","floor":14,"turns":3},{"damage":0,"enemies":"Slime Boss","floor":16,"turns":1}],"seed_played":"6682107303266610937","potions_obtained":[{"floor":1,"key":"SneckoOil"},{"floor":3,"key":"Explosive Potion"},{"floor":7,"key":"Fire Potion"},{"floor":13,"key":"SpeedPotion"},{"floor":14,"key":"FearPotion"}],"is_trial":false,"path_per_floor":["M","M","M","M","M","R","M","$","T","M","$","?","M","M","R","B"],"character_chosen":"IRONCLAD","items_purchased":["Finesse"],"campfire_rested":1,"item_purchase_floors":[11],"current_hp_per_floor":[71,72,72,58,54,54,52,52,52,53,53,42,29,33,69,69,69],"gold":196,"neow_bonus":"REMOVE_TWO","is_daily":false,"chose_seed":false,"campfire_upgraded":1,"win_rate":0.0,"timestamp":1610483870,"path_taken":["M","M","M","M","M","R","M","$","T","M","$","?","M","M","R","BOSS"],"items_purchased_type":["Card"],"build_version":"2020-12-22","purchased_purges":1,"victory":false,"max_hp_per_floor":[72,72,72,72,72,72,72,72,72,72,72,72,72,72,72,72,72],"card_choices":[{"not_picked":["Sentinel","Battle Trance","Perfected Strike"],"picked":"SKIP","floor":1},{"not_picked":["Power Through","Warcry","Sword Boomerang"],"picked":"SKIP","floor":2},{"not_picked":["Shrug It Off","Seeing Red","Pommel Strike"],"picked":"SKIP","floor":3},{"not_picked":["Warcry","Headbutt","Intimidate"],"picked":"SKIP","floor":4},{"not_picked":["Cleave","Rupture","Warcry"],"picked":"SKIP","floor":5},{"not_picked":["Fiend Fire","Clothesline","Shrug It Off"],"picked":"SKIP","floor":7},{"not_picked":["Clash","Dark Embrace","Rage"],"picked":"SKIP","floor":10},{"not_picked":["Body Slam","Rage","Blood for Blood"],"picked":"SKIP","floor":13},{"not_picked":["Clothesline","Wild Strike"],"picked":"Thunderclap","floor":14}],"player_experience":299315,"relics_obtained":[{"floor":9,"key":"Regal Pillow"}],"event_choices":[{"damage_healed":0,"gold_gain":75,"player_choice":"Gather Gold","damage_taken":11,"max_hp_gain":0,"max_hp_loss":0,"event_name":"World of Goop","floor":12,"gold_loss":0}],"is_beta":false,"boss_relics":[],"items_purged_floors":[8],"is_endless":false,"potions_floor_spawned":[1,3,7,13,14],"killed_by":"Slime Boss","ascension_level":0}}