{"host":"kqe6w2igxc79vo14","time":1610442676,"event":{"mods":["AchievementEnabler","BaseMod","Downfall","Minty Spire (QoL Compilation)","Quick Restart","StSLib"],"gold_per_floor":[0,20,20,40,55,55,55,69,81,106,122,151,175,195,207,307,307,232,248,259,359,97,22,22,22,34,34,19,33,68,86,101,204,204,129,182,182,317,328,342,367,377,377,64,95,114,114,114,126,126,126,156,83,83,83],"floor_reached":56,"playtime":6110,"items_purged":["Slimebound:Strike_Slimebound","Slimebound:Defend_Slimebound","Slimebound:Tackle"],"score":1288,"play_id":"cc1d3cce-a27d-4b70-b60d-5cf0326aa7fe","local_time":"20210112111116","is_ascension_mode":false,"campfire_choices":[{"data":"Slimebound:Split","floor":1.0,"key":"SMITH"},{"data":"Slimebound:SamplingLick","floor":6.0,"key":"SMITH"},{"floor":18.0,"key":"RECALL"},{"data":"Slimebound:ComboTackle","floor":23.0,"key":"SMITH"},{"data":"Slimebound:SamplingLick","floor":25.0,"key":"SMITH"},{"data":"expansioncontent:DecasProtection","floor":35,"key":"SMITH"},{"data":"expansioncontent:CaCaw","floor":43,"key":"SMITH"},{"data":"Slimebound:SpikyOuterGoop","floor":54,"key":"SMITH"}],"circlet_count":0,"master_deck":["Slimebound:Defend_Slimebound","Slimebound:Split+1","Slimebound:LivingWall","Slimebound:SamplingLick+1","Slimebound:SamplingLick+1","Slimebound:OozeBath","Slimebound:Gluttony","Slimebound:SplitAcid","Slimebound:GrowthPunch+1","Slimebound:GrowthPunch+1","Slimebound:ComboTackle+1","Slimebound:OneTwoCombo","Slimebound:Recollect","Slimebound:LeechEnergy+1","Slimebound:LivingWall","expansioncontent:DecasProtection+1","Impatience","Slimebound:SpikyOuterGoop+1","Slimebound:TongueLash+1","Slimebound:MegaLick","expansioncontent:CaCaw+1","Slimebound:RejuvenatingLick","Slimebound:Gluttony"],"relics":["Slimebound:AbsorbEndCombat","Mango","Regal Pillow","Torii","Odd Mushroom","Sozu","downfall:HeartBlessingGreen","MutagenicStrength","downfall:HeartBlessingRed","Potion Belt","Busted Crown","downfall:HeartBlessingBlue","Unceasing Top","Oddly Smooth Stone","Whetstone","Bird Faced Urn","Pocketwatch"],"acts_visited":["Exordium","TheCity","TheBeyond","TheEnding"],"potions_floor_usage":[],"damage_taken":[{"damage":8.0,"enemies":"Small Slimes","floor":2.0,"turns":3.0},{"damage":9.0,"enemies":"Cultist","floor":4.0,"turns":3.0},{"damage":8.0,"enemies":"Jaw Worm","floor":5.0,"turns":2.0},{"damage":8.0,"enemies":"Blue Slaver","floor":8.0,"turns":3.0},{"damage":16.0,"enemies":"3 Louse","floor":9.0,"turns":4.0},{"damage":21.0,"enemies":"Lagavulin","floor":10.0,"turns":9.0},{"damage":20.0,"enemies":"Exordium Thugs","floor":11.0,"turns":5.0},{"damage":39.0,"enemies":"Gremlin Nob","floor":12.0,"turns":4.0},{"damage":23.0,"enemies":"The Mushroom Lair","floor":13.0,"turns":4.0},{"damage":13.0,"enemies":"Red Slaver","floor":14.0,"turns":3.0},{"damage":15.0,"enemies":"Exordium Wildlife","floor":15.0,"turns":3.0},{"damage":21.0,"enemies":"downfall:Watcher","floor":16.0,"turns":8.0},{"damage":12.0,"enemies":"Spheric Guardian","floor":19.0,"turns":3.0},{"damage":7.0,"enemies":"Chosen","floor":20.0,"turns":4.0},{"damage":41.0,"enemies":"downfall:Augmenter","floor":21.0,"turns":5.0},{"damage":13.0,"enemies":"downfall:FleeingMerchant","floor":22.0,"turns":4.0},{"damage":10.0,"enemies":"Sentry and Sphere","floor":26.0,"turns":9.0},{"damage":23.0,"enemies":"downfall:FleeingMerchant","floor":28.0,"turns":4.0},{"damage":43.0,"enemies":"Shelled Parasite and Fungi","floor":29.0,"turns":37.0},{"damage":24.0,"enemies":"Slavers","floor":30.0,"turns":5.0},{"damage":4,"enemies":"Snecko","floor":31,"turns":6},{"damage":20,"enemies":"Centurion and Healer","floor":32,"turns":4},{"damage":24,"enemies":"downfall:Defect","floor":33,"turns":7},{"damage":53,"enemies":"2 Orb Walkers","floor":36,"turns":6},{"damage":4,"enemies":"downfall:FleeingMerchant","floor":38,"turns":3},{"damage":29,"enemies":"3 Darklings","floor":39,"turns":5},{"damage":7,"enemies":"Orb Walker","floor":40,"turns":4},{"damage":12,"enemies":"Writhing Mass","floor":42,"turns":4},{"damage":19,"enemies":"Giant Head","floor":45,"turns":7},{"damage":13,"enemies":"Spire Growth","floor":46,"turns":4},{"damage":14,"enemies":"3 Darklings","floor":49,"turns":3},{"damage":105,"enemies":"downfall:Silent","floor":50,"turns":9},{"damage":45,"enemies":"downfall:CharBossMerchant","floor":52,"turns":8},{"damage":42,"enemies":"downfall:NeowBoss","floor":55,"turns":19}],"seed_played":"2535900967970974397","potions_obtained":[{"floor":2.0,"key":"EssenceOfSteel"},{"floor":9.0,"key":"SmokeBomb"},{"floor":12.0,"key":"EntropicBrew"},{"floor":13.0,"key":"Explosive Potion"},{"floor":14.0,"key":"Fire Potion"}],"is_trial":false,"path_per_floor":["R","M","?","M","M","R","T","M","M","E","M","E","?","M","M","B",null,"R","M","M","?","$","R","T","R","M","?","$","M","E","M","M","B",null,"R","?","?","$","M","M","T","M","R","$","E","M","?","?","M","B",null,"E","$","R","B",null],"character_chosen":"SLIMEBOUND","items_purchased":["Impatience","Slimebound:SpikyOuterGoop","expansioncontent:CaCaw","Slimebound:RejuvenatingLick","Whetstone","Slimebound:Gluttony"],"campfire_rested":0,"item_purchase_floors":[22,22,38,44,44,53],"current_hp_per_floor":[60,60,70,70,70,70,84,84,80,79,79,60,53,60,61,72,84,84,84,84,75,84,84,84,84,84,84,84,79,77,84,84,84,84,94,67,67,71,66,69,69,87,87,87,91,94,94,94,90,57,94,86,86,86,94],"gold":83,"neow_bonus":"TRANSFORM_TWO_CARDS","is_daily":false,"chose_seed":false,"campfire_upgraded":7,"win_rate":0.0,"timestamp":1610442676,"path_taken":["R","M","?","?","M","R","T","M","M","E","M","E","?","M","M","BOSS","R","M","M","?","$","R","T","R","M","?","$","M","E","M","M","BOSS","R","?","?","$","M","M","T","?","R","?","E","M","?","?","M","BOSS","E","$","R","BOSS"],"items_purchased_type":["Card","Card","Card","Card","Relic","Card"],"build_version":"2020-12-22","purchased_purges":3,"victory":true,"max_hp_per_floor":[60,60,70,70,70,70,84,84,84,84,84,84,84,84,84,84,84,84,84,84,84,84,84,84,84,84,84,84,84,84,84,84,84,84,94,94,94,94,94,94,94,94,94,94,94,94,94,94,94,94,94,94,94,94,94],"card_choices":[{"not_picked":["Slimebound:Equalize","Slimebound:ServeAndProtect"],"picked":"Slimebound:SamplingLick","floor":2.0},{"not_picked":["Slimebound:DivideAndConquer","Slimebound:FinishingTackle"],"picked":"Slimebound:SamplingLick","floor":4.0},{"not_picked":["Slimebound:LivingWall","Slimebound:SlimeSpikes","Slimebound:AcidTongue"],"picked":"SKIP","floor":5.0},{"not_picked":["Slimebound:SlimeSpikes","Slimebound:FormOfPuddle","Slimebound:GoopSpray"],"picked":"SKIP","floor":8.0},{"not_picked":["Slimebound:SlimeBrawl","Slimebound:LeechingTouch"],"picked":"Slimebound:OozeBath","floor":9.0},{"not_picked":["Slimebound:TagTeam","Slimebound:RollThrough"],"picked":"Slimebound:Gluttony","floor":10.0},{"not_picked":["Slimebound:LeechingTouch","Slimebound:SlimeSpikes"],"picked":"Slimebound:SplitAcid","floor":11.0},{"not_picked":["Slimebound:FinishingTackle","Slimebound:ServeAndProtect"],"picked":"Slimebound:GrowthPunch","floor":12.0},{"not_picked":["Slimebound:ServeAndProtect","Slimebound:SplitBruiser"],"picked":"Slimebound:GrowthPunch","floor":13.0},{"not_picked":["Slimebound:SplitMire","Slimebound:HauntingLick"],"picked":"Slimebound:ComboTackle","floor":14.0},{"not_picked":["Slimebound:PressTheAttack","Slimebound:Dissolve","Slimebound:GoopSpray"],"picked":"SKIP","floor":15.0},{"not_picked":["Slimebound:LeechLife","Slimebound:MassFeed"],"picked":"Slimebound:OneTwoCombo","floor":16.0},{"not_picked":["Slimebound:HauntingLick","Slimebound:ViciousTackle","Slimebound:RollThrough"],"picked":"SKIP","floor":19.0},{"not_picked":["Slimebound:Equalize","Slimebound:Gluttony"],"picked":"Slimebound:Recollect","floor":20.0},{"not_picked":[],"picked":"J.A.X.","floor":21.0},{"not_picked":["Slimebound:SamplingLick","Slimebound:MassRepurpose"],"picked":"Slimebound:LeechEnergy+1","floor":21.0},{"not_picked":["Slimebound:Prepare","Slimebound:SlimeBrawl","Slimebound:LeadByExample"],"picked":"SKIP","floor":22.0},{"not_picked":["Slimebound:SpikyOuterGoop","Slimebound:ComboTackle","Slimebound:ServeAndProtect"],"picked":"SKIP","floor":26.0},{"not_picked":["Slimebound:GoopSpray","Slimebound:FormOfPuddle","Slimebound:ComboTackle+1"],"picked":"SKIP","floor":28.0},{"not_picked":["Slimebound:HungryTackle","Slimebound:RejuvenatingLick","Slimebound:Teamwork"],"picked":"SKIP","floor":29.0},{"not_picked":["Slimebound:MinionMaster","Slimebound:AcidTongue","Slimebound:DivideAndConquer"],"picked":"SKIP","floor":30.0},{"not_picked":["Slimebound:SplitBruiser","Slimebound:SplitMire","Slimebound:AcidTongue"],"picked":"SKIP","floor":31},{"not_picked":["Slimebound:FirmFortitude","Slimebound:BestDefense"],"picked":"Slimebound:TongueLash+1","floor":32},{"not_picked":[],"picked":"Slimebound:MegaLick","floor":36},{"not_picked":["Slimebound:ViciousTackle"],"picked":"SKIP","floor":38},{"not_picked":["Slimebound:LeadByExample"],"picked":"SKIP","floor":39},{"not_picked":["Slimebound:LeadByExample+1"],"picked":"SKIP","floor":40},{"not_picked":["Slimebound:ComboTackle"],"picked":"SKIP","floor":42},{"not_picked":["Slimebound:ServeAndProtect+1"],"picked":"SKIP","floor":45},{"not_picked":["Slimebound:GrowthPunch"],"picked":"SKIP","floor":46},{"not_picked":["Slimebound:ComboTackle"],"picked":"SKIP","floor":49},{"not_picked":["Slimebound:SlimeBarrage"],"picked":"SKIP","floor":52}],"player_experience":875852,"relics_obtained":[{"floor":7.0,"key":"Mango"},{"floor":10.0,"key":"Regal Pillow"},{"floor":12.0,"key":"Torii"},{"floor":13.0,"key":"Odd Mushroom"},{"floor":21.0,"key":"MutagenicStrength"},{"floor":30.0,"key":"Potion Belt"},{"floor":36,"key":"Unceasing Top"},{"floor":41,"key":"Oddly Smooth Stone"},{"floor":45,"key":"Bird Faced Urn"},{"floor":52,"key":"Pocketwatch"}],"event_choices":[{"cards_removed":["Slimebound:WasteNot"],"damage_healed":0.0,"max_hp_gain":10.0,"max_hp_loss":0.0,"gold_gain":0.0,"event_name":"Bonfire Elementals","player_choice":"Offered Rare","floor":3.0,"gold_loss":0.0,"damage_taken":0.0},{"damage_healed":0.0,"max_hp_gain":0.0,"max_hp_loss":0.0,"gold_gain":0.0,"event_name":"Mushrooms","player_choice":"Fought Mushrooms","floor":13.0,"gold_loss":0.0,"damage_taken":0.0},{"damage_healed":0,"gold_gain":0,"player_choice":"Fight","damage_taken":0,"max_hp_gain":0,"max_hp_loss":0,"event_name":"Mysterious Sphere","floor":36,"gold_loss":0},{"damage_healed":0,"gold_gain":0,"player_choice":"Ignored","damage_taken":0,"max_hp_gain":0,"max_hp_loss":0,"event_name":"NoteForYourself","floor":37,"gold_loss":0},{"cards_removed":["Slimebound:Defend_Slimebound"],"damage_healed":0,"gold_gain":0,"player_choice":"Removed Skill","damage_taken":0,"max_hp_gain":0,"max_hp_loss":0,"event_name":"Falling","floor":48,"gold_loss":0}],"is_beta":false,"boss_relics":[{"not_picked":["Slimebound:AbsorbEndCombatUpgraded","Calling Bell"],"picked":"Sozu"},{"not_picked":["Cursed Key","SlaversCollar"],"picked":"Busted Crown"}],"items_purged_floors":[22,38,44],"is_endless":false,"potions_floor_spawned":[2,9,12,13,14,19,20,26,29,30,32,36,40,45],"ascension_level":0}}