{"host":"dbkc9h3etq50r1dq","time":1610428196,"event":{"mods":["AchievementEnabler","BaseMod","Block Reminder","Colored Powertips","Curses Come First","Custom Start","Dark Map","Minty Spire (QoL Compilation)","Permanent Neow","Potion Indicator Mod","Rare Cards Sparkle","StSLib","SuperFastMode"],"gold_per_floor":[118,118,118,134,148,148,182,182,182,182,182,194,194,228,228,228,228],"floor_reached":16,"playtime":336,"items_purged":[],"score":124,"play_id":"9ff39ed7-2b44-4a17-a130-73c554e40418","local_time":"20210112130956","is_ascension_mode":true,"campfire_choices":[{"data":"Prostrate","floor":6,"key":"SMITH"},{"floor":8,"key":"REST"},{"data":"Eruption","floor":11,"key":"SMITH"},{"floor":13,"key":"REST"},{"data":"Crescendo","floor":15,"key":"SMITH"}],"circlet_count":0,"master_deck":["Strike_P","Strike_P","Strike_P","Defend_P","Defend_P","Defend_P","Defend_P","Eruption+1","Vigilance","Weave","Weave","Prostrate+1","Consecrate","Crescendo+1","FollowUp"],"relics":["PureWater","Pocketwatch","Bag of Preparation","Matryoshka","Turnip"],"acts_visited":["Exordium"],"potions_floor_usage":[7,14,14,16],"damage_taken":[{"damage":0,"enemies":"2 Louse","floor":1,"turns":2},{"damage":0,"enemies":"Cultist","floor":4,"turns":2},{"damage":0,"enemies":"Small Slimes","floor":5,"turns":3},{"damage":34,"enemies":"Gremlin Nob","floor":7,"turns":4},{"damage":15,"enemies":"Exordium Thugs","floor":12,"turns":3},{"damage":7,"enemies":"Lagavulin","floor":14,"turns":3},{"damage":59,"enemies":"Hexaghost","floor":16,"turns":11}],"seed_played":"-4939746403200042538","potions_obtained":[{"floor":0,"key":"Swift Potion"},{"floor":0,"key":"SpeedPotion"},{"floor":0,"key":"Dexterity Potion"},{"floor":3,"key":"Ambrosia"},{"floor":3,"key":"Fire Potion"},{"floor":7,"key":"BlessingOfTheForge"}],"is_trial":false,"path_per_floor":["M","?","?","M","M","R","E","R","T","?","R","M","R","E","R","B"],"character_chosen":"WATCHER","items_purchased":[],"campfire_rested":2,"item_purchase_floors":[],"current_hp_per_floor":[72,69,69,69,69,69,35,56,56,56,56,41,62,55,55,0,0],"gold":228,"neow_bonus":"THREE_SMALL_POTIONS","is_daily":false,"chose_seed":false,"campfire_upgraded":3,"win_rate":0.0,"timestamp":1610428196,"path_taken":["M","?","?","M","?","R","E","R","T","?","R","M","R","E","R","BOSS"],"items_purchased_type":[],"build_version":"2020-12-22","purchased_purges":0,"victory":false,"max_hp_per_floor":[72,72,72,72,72,72,72,72,72,72,72,72,72,72,72,72,72],"card_choices":[{"not_picked":["BowlingBash","CutThroughFate"],"picked":"Weave","floor":1},{"not_picked":["DevaForm","EmptyFist"],"picked":"Weave","floor":4},{"not_picked":["MentalFortress","ClearTheMind"],"picked":"Prostrate","floor":5},{"not_picked":["ThirdEye","SandsOfTime"],"picked":"Consecrate","floor":7},{"not_picked":["Protect","InnerPeace"],"picked":"Crescendo","floor":12},{"not_picked":["DeceiveReality","ForeignInfluence"],"picked":"FollowUp","floor":14}],"player_experience":132341,"relics_obtained":[{"floor":7,"key":"Bag of Preparation"},{"floor":9,"key":"Matryoshka"},{"floor":14,"key":"Turnip"}],"event_choices":[{"damage_healed":0,"gold_gain":0,"player_choice":"Success","damage_taken":3,"relics_obtained":["Pocketwatch"],"max_hp_gain":0,"max_hp_loss":0,"event_name":"Scrap Ooze","floor":2,"gold_loss":0},{"damage_healed":0,"gold_gain":0,"player_choice":"Got Potions","damage_taken":0,"max_hp_gain":0,"max_hp_loss":0,"event_name":"Lab","floor":3,"gold_loss":0},{"cards_removed":["Strike_P"],"damage_healed":0,"gold_gain":0,"player_choice":"Offered Basic","damage_taken":0,"max_hp_gain":0,"max_hp_loss":0,"event_name":"Bonfire Elementals","floor":10,"gold_loss":0}],"is_beta":false,"boss_relics":[],"items_purged_floors":[],"is_endless":false,"potions_floor_spawned":[7],"killed_by":"Hexaghost","ascension_level":3}}