{"host":"pz87x9dpp9bwa7hb","time":1610446869,"event":{"mods":["AchievementEnabler","BaseMod","BetterRewards","Colored Powertips","GifTheSpireLib","Minty Spire (QoL Compilation)","Quick Restart","Shop Mod","StSLib","Stuff the Spire","SuperFastMode"],"gold_per_floor":[114,132,132,148,148,148,209,209,209,61,61,61,61,78,78,181,181,194,97,97,115,61,61,81,98,122,122,139,154,166,178,178,178,178],"floor_reached":33,"playtime":953,"items_purged":[],"score":239,"play_id":"edcebbc1-e2c6-4dfe-867c-3ab1eb0e2803","local_time":"20210112122109","is_ascension_mode":false,"campfire_choices":[{"floor":6,"key":"REST"},{"data":"Blade Dance","floor":13,"key":"SMITH"},{"floor":15,"key":"REST"},{"floor":23,"key":"REST"},{"floor":27,"key":"REST"},{"floor":32,"key":"REST"}],"circlet_count":0,"master_deck":["Strike_G","Strike_G","Strike_G","Strike_G","Strike_G","Defend_G","Defend_G","Defend_G","Defend_G","Survivor","Neutralize","Flechettes","Terror+1","Venomology","Blade Dance+1","Deadly Poison","Flechettes","StuffTheSpire:CelestialWarden","Dagger Spray","Glass Knife","Dagger Throw","StuffTheSpire:BrainWave","Crippling Poison","Poisoned Stab","Phantasmal Killer","Expertise+1","Slice","Quick Slash","Dagger Spray+1","Slice+1"],"relics":["Ring of the Snake","StuffTheSpire:RubySignet","StuffTheSpire:Rhapsscallions","Mummified Hand","StuffTheSpire:OldFever"],"acts_visited":["Exordium","TheCity"],"potions_floor_usage":[16,16,16,16,21,21,21,25,30,30,30,30],"damage_taken":[{"damage":8,"enemies":"Jaw Worm","floor":1,"turns":4},{"damage":6,"enemies":"Cultist","floor":2,"turns":3},{"damage":3,"enemies":"2 Louse","floor":4,"turns":2},{"damage":15,"enemies":"Gremlin Nob","floor":7,"turns":4},{"damage":1,"enemies":"Blue Slaver","floor":14,"turns":3},{"damage":43,"enemies":"The Guardian","floor":16,"turns":9},{"damage":9,"enemies":"Chosen","floor":18,"turns":4},{"damage":3,"enemies":"3 Byrds","floor":21,"turns":4},{"damage":19,"enemies":"Snecko","floor":24,"turns":5},{"damage":10,"enemies":"Shelled Parasite and Fungi","floor":25,"turns":4},{"damage":31,"enemies":"Snake Plant","floor":28,"turns":3},{"damage":3,"enemies":"3 Cultists","floor":29,"turns":4},{"damage":20,"enemies":"Shelled Parasite and Fungi","floor":30,"turns":3},{"damage":10,"enemies":"Snake Plant","floor":31,"turns":3},{"damage":9,"enemies":"Automaton","floor":33,"turns":3}],"seed_played":"6341707917365223713","potions_obtained":[{"floor":1,"key":"DistilledChaos"},{"floor":4,"key":"PowerPotion"},{"floor":7,"key":"SkillPotion"},{"floor":16,"key":"Block Potion"},{"floor":18,"key":"BlessingOfTheForge"},{"floor":21,"key":"Regen Potion"},{"floor":28,"key":"Swift Potion"}],"is_trial":false,"path_per_floor":["M","M","?","M","?","R","?","?","T","$","T","?","R","M","R","B",null,"M","?","?","M","$","R","M","M","T","R","M","M","M","M","R","B"],"character_chosen":"THE_SILENT","items_purchased":["Blade Dance","Deadly Poison","Flechettes","Poisoned Stab"],"campfire_rested":5,"item_purchase_floors":[10,10,10,22],"current_hp_per_floor":[69,63,63,60,60,77,62,62,66,66,66,66,66,65,81,38,81,74,74,74,71,71,81,65,55,55,79,48,45,37,27,51,42,42],"gold":178,"neow_bonus":"TEN_PERCENT_HP_BONUS","is_daily":false,"chose_seed":false,"campfire_upgraded":1,"win_rate":0.0,"timestamp":1610446869,"path_taken":["M","M","?","M","?","R","?","?","T","$","?","?","R","M","R","BOSS","M","?","?","M","$","R","M","M","T","R","M","M","M","M","R","BOSS"],"items_purchased_type":["Card","Card","Card","Card"],"build_version":"2020-12-22","purchased_purges":0,"victory":false,"max_hp_per_floor":[77,77,77,77,77,77,77,77,81,81,81,81,81,81,81,81,81,81,81,81,81,81,81,81,81,81,81,81,81,81,81,81,81,81],"card_choices":[{"not_picked":["PiercingWail","Outmaneuver"],"picked":"Flechettes","floor":1},{"not_picked":["Dodge and Roll","Deflect"],"picked":"Dash","floor":2},{"not_picked":["StuffTheSpire:ReptileScales","Outmaneuver"],"picked":"Terror","floor":4},{"not_picked":["Deadly Poison","Dodge and Roll"],"picked":"Venomology","floor":7},{"not_picked":["StuffTheSpire:Vigor","StuffTheSpire:Perfection"],"picked":"StuffTheSpire:CelestialWarden","floor":12},{"not_picked":["Blade Dance","Dagger Throw"],"picked":"Dagger Spray","floor":14},{"not_picked":["Tools of the Trade","StuffTheSpire:FinalStruggle"],"picked":"Glass Knife","floor":16},{"not_picked":["Deflect","Dodge and Roll"],"picked":"Dagger Throw","floor":18},{"not_picked":["StuffTheSpire:BumpUp","Dagger Spray+1"],"picked":"Crippling Poison","floor":21},{"not_picked":["Footwork","Dodge and Roll"],"picked":"Phantasmal Killer","floor":24},{"not_picked":["Dash","StuffTheSpire:BumpUp"],"picked":"Expertise+1","floor":25},{"not_picked":["Poisoned Stab","StuffTheSpire:Fury"],"picked":"Slice","floor":28},{"not_picked":["Bane+1","StuffTheSpire:Incursion"],"picked":"Quick Slash","floor":29},{"not_picked":["Glass Knife","StuffTheSpire:BumpUp+1"],"picked":"Dagger Spray+1","floor":30},{"not_picked":["Dodge and Roll","StuffTheSpire:Sprint+1"],"picked":"Slice+1","floor":31}],"player_experience":57918,"relics_obtained":[{"floor":7,"key":"StuffTheSpire:RubySignet"},{"floor":9,"key":"StuffTheSpire:Rhapsscallions"},{"floor":11,"key":"Mummified Hand"},{"floor":26,"key":"StuffTheSpire:OldFever"}],"event_choices":[{"cards_removed":["Dash"],"damage_healed":0,"gold_gain":0,"player_choice":"Gave Card","damage_taken":0,"relics_obtained":["Juzu Bracelet"],"max_hp_gain":0,"max_hp_loss":0,"event_name":"WeMeetAgain","floor":3,"gold_loss":0},{"damage_healed":0,"gold_gain":0,"player_choice":"Ignored","damage_taken":0,"max_hp_gain":0,"max_hp_loss":0,"event_name":"Liars Game","floor":5,"gold_loss":0},{"damage_healed":0,"gold_gain":0,"player_choice":"Searched \u00271\u0027 times","damage_taken":0,"max_hp_gain":0,"max_hp_loss":0,"event_name":"Dead Adventurer","floor":7,"gold_loss":0},{"damage_healed":0,"gold_gain":0,"player_choice":"Grow","damage_taken":0,"max_hp_gain":0,"max_hp_loss":0,"event_name":"Living Wall","floor":8,"gold_loss":0,"cards_upgraded":["Terror"]},{"damage_healed":0,"gold_gain":0,"player_choice":"Ignored","damage_taken":0,"max_hp_gain":0,"max_hp_loss":0,"event_name":"Ghosts","floor":20,"gold_loss":0}],"is_beta":false,"boss_relics":[{"not_picked":["Coffee Dripper","Runic Dome","Cursed Key"]}],"items_purged_floors":[],"is_endless":false,"potions_floor_spawned":[1,4,7,16,18,21,28],"killed_by":"Automaton","ascension_level":0}}