{"host":"4xbawe663uhw4m9s","time":1610486568,"event":{"mods":["Act Like it!","Bard","BaseMod","Beaked The Cultist","Better Third Choice","BetterRewards","CCEM","Conspire","Downfall","GifTheSpireLib","Halation","Hallownest","Hermit","Hubris","Hunter ??","Infinite Spire","Jedi Mod","Jorbs\u0027s Wanderer Trilogy","Mad Scientist","Marisa????????","Mimic Mod","Minty Spire (QoL Compilation)","Permanent Neow","Replay The Spire","Shade Mod","Shop Mod","Spicy Shops","StSLib","Stuff the Spire","The Administrix","The Animator","The Bug Knight","The Construct","The Cursed","The Disciple","The Gatherer","The Hierophant","The Jungle","The Mystic","The Problem Sleuth","The Runesmith","The Servant 0.9.4","The Spell Scribe","The Witch"],"gold_per_floor":[113,151,164,183,183,183,201,65,105,125,153,50,50,85,85,183,183,195,205,205,205],"floor_reached":20,"playtime":1396,"items_purged":[],"score":184,"play_id":"c98f9305-41a0-4e12-9eb2-2f16682f99e3","local_time":"20210112222248","is_ascension_mode":false,"campfire_choices":[{"data":"Runesmith:ReplicatingBarrier","floor":6,"key":"SMITH"},{"floor":13,"key":"REST"},{"data":"Runesmith:LithiumIon","floor":15,"key":"SMITH"}],"circlet_count":0,"master_deck":["Runesmith:Strike_RS","Runesmith:Strike_RS","Runesmith:Defend_RS","Runesmith:Defend_RS","Runesmith:Defend_RS","Runesmith:CraftFirestone","Runesmith:Fortify","Runesmith:LithiumIon","Runesmith:ReplicatingBarrier+1","Runesmith:EarthShield","Runesmith:Superposition","Runesmith:PoweredAnvil","Runesmith:LithiumIon","Pot Of Greed","Pot Of Greed","Runesmith:RunicBlueprint","Runesmith:LithiumIon+1","Runesmith:UnlimitedPower","Runesmith:Retool+1","Runesmith:GoWithTheFlow+1","Runesmith:Electrocute+1","Runesmith:CraftMagma"],"relics":["Runesmith:BrokenRuby","jedi:cryingmask","StuffTheSpire:Gunfinga","Grinning Jar","Pen Nib","Astrolabe"],"acts_visited":["Hallownest:Greenpath","TheCity"],"potions_floor_usage":[],"damage_taken":[{"damage":0,"enemies":"Hallownest:monsterHuskGuard","floor":1,"turns":5},{"damage":18,"enemies":"conspire:MimicChest","floor":2,"turns":7},{"damage":6,"enemies":"Hallownest:2_MossCreeps","floor":3,"turns":5},{"damage":7,"enemies":"Hallownest:2_Baldur","floor":4,"turns":5},{"damage":0,"enemies":"Hallownest:monsterFoolEater","floor":7,"turns":6},{"damage":1,"enemies":"Hallownest:MossCreep_and_Mosskin","floor":9,"turns":6},{"damage":7,"enemies":"Hallownest:MossCreep_and_Mosskin","floor":10,"turns":6},{"damage":14,"enemies":"Hallownest:eliteMossKnight","floor":11,"turns":8},{"damage":4,"enemies":"Hallownest:eliteCrystalGuardian","floor":14,"turns":7},{"damage":18,"enemies":"Hallownest:BossHornet","floor":16,"turns":11},{"damage":55,"enemies":"3 Byrds","floor":18,"turns":7},{"damage":12,"enemies":"Chosen","floor":19,"turns":8},{"damage":15,"enemies":"3 Cultists","floor":20,"turns":2}],"seed_played":"-7685515240740313167","potions_obtained":[{"floor":1,"key":"DistilledChaos"},{"floor":2,"key":"Languid Potion"},{"floor":3,"key":"Weak Potion"}],"is_trial":false,"path_per_floor":["M","?","M","M","$","R","M","$","MIM","M","E","$","R","E","R","B",null,"M","M","M"],"character_chosen":"RUNESMITH_CLASS","items_purchased":["Runesmith:Superposition","Runesmith:PoweredAnvil","Runesmith:LithiumIon"],"campfire_rested":1,"item_purchase_floors":[8,8,12],"current_hp_per_floor":[77,59,53,46,46,46,46,46,45,38,24,24,47,43,43,25,77,22,10,0,0],"gold":205,"neow_bonus":"TEN_PERCENT_HP_BONUS","is_daily":false,"chose_seed":false,"campfire_upgraded":2,"win_rate":0.0,"timestamp":1610486568,"path_taken":["M","?","M","M","$","R","M","?","MIM","?","E","$","R","E","R","BOSS","M","M","M"],"items_purchased_type":["Card","Card","Card"],"build_version":"2020-12-22","purchased_purges":0,"victory":false,"max_hp_per_floor":[77,77,77,77,77,77,77,77,77,77,77,77,77,77,77,77,77,77,77,77,77],"card_choices":[{"not_picked":["Runesmith:HammerThrow","Runesmith:Overpower","Runesmith:MakeshiftArmor"],"picked":"SKIP","floor":1},{"not_picked":["Runesmith:HammerThrow","Runesmith:CraftMagma"],"picked":"Runesmith:LithiumIon","floor":2},{"not_picked":["Runesmith:Overpower","Runesmith:RuneHurl"],"picked":"Runesmith:ReplicatingBarrier","floor":3},{"not_picked":["Runesmith:StaticCage","Runesmith:UnstableHammer"],"picked":"Runesmith:EarthShield","floor":4},{"not_picked":["Runesmith:EarthShield","Runesmith:Retool","Runesmith:LastStand"],"picked":"SKIP","floor":7},{"not_picked":["Runesmith:RuneHurl","Runesmith:ChiselStab"],"picked":"Runesmith:LithiumIon","floor":10},{"not_picked":["Runesmith:EnergizedChisel","Runesmith:FieryHammer"],"picked":"Runesmith:RunicBlueprint","floor":11},{"not_picked":["Runesmith:Empowerment","Runesmith:ChiselStab","Runesmith:DuctTape"],"picked":"SKIP","floor":14},{"not_picked":["Runesmith:GenerateForcefield","Runesmith:CraftIndustria"],"picked":"Runesmith:UnlimitedPower","floor":16},{"not_picked":["Runesmith:Repurpose+1","Runesmith:Refine","Runesmith:ChiselStab"],"picked":"SKIP","floor":18},{"not_picked":["Runesmith:PoweredAnvil","Runesmith:UnstableHammer"],"picked":"Runesmith:CraftMagma","floor":19}],"player_experience":6200,"relics_obtained":[{"floor":2,"key":"jedi:cryingmask"},{"floor":9,"key":"StuffTheSpire:Gunfinga"},{"floor":11,"key":"Grinning Jar"},{"floor":14,"key":"Pen Nib"}],"event_choices":[],"is_beta":false,"boss_relics":[{"not_picked":["conspire:SlowCooker","StuffTheSpire:ModemDavis"],"picked":"Astrolabe"}],"items_purged_floors":[],"is_endless":false,"potions_floor_spawned":[1,2,3,4,11],"killed_by":"3 Cultists","ascension_level":0}}