{"host":"eu5wvbbtjeiar27l","time":1610481716,"event":{"mods":["BaseMod","Colored Powertips","Conspire","Hubris","Infinite Spire","Minty Spire (QoL Compilation)","Rare Cards Sparkle","StSLib","The Factory","The Jungle","vexMod"],"gold_per_floor":[111,111,130,130,61,61,92,92,92,92,106,140,140,140,140,269,269,283,307,307,307],"floor_reached":20,"language":"ENG","playtime":807,"items_purged":[],"score":255,"play_id":"8b08a26e-723b-4b29-a18b-39726aa2b48c","local_time":"20210112200156","is_ascension_mode":false,"campfire_choices":[{"data":"Defragment","floor":6.0,"key":"SMITH"},{"data":"Zap","floor":8.0,"key":"SMITH"},{"data":"Defragment","floor":10.0,"key":"SMITH"},{"data":"Loop","floor":15.0,"key":"SMITH"}],"circlet_count":0,"master_deck":["conspire:GhostlyStrike","conspire:GhostlyStrike","conspire:GhostlyStrike","conspire:GhostlyStrike","conspire:GhostlyDefend","conspire:GhostlyDefend","conspire:GhostlyDefend+1","conspire:GhostlyDefend+1","Zap+1","Dualcast+1","Sunder+1","Defragment+1","Defragment+1","Loop+1","Amplify+1","Lockon","Ball Lightning"],"relics":["Cracked Core","NeowsBlessing","Golden Idol","Bottled Lightning","infinitespire:SolderingIron","Bag of Marbles","hubris:Towel","hubris:Icosahedron","vexMod:ImprovementManual"],"acts_visited":["Exordium","TheCity"],"potions_floor_usage":[],"damage_taken":[{"damage":0.0,"enemies":"Cultist","floor":1.0,"turns":1.0},{"damage":0.0,"enemies":"Small Slimes","floor":3.0,"turns":1.0},{"damage":0.0,"enemies":"Lagavulin","floor":7.0,"turns":1.0},{"damage":0.0,"enemies":"2 Louse","floor":11.0,"turns":2.0},{"damage":30.0,"enemies":"Gremlin Nob","floor":12.0,"turns":4.0},{"damage":21.0,"enemies":"Hexaghost","floor":16.0,"turns":8.0},{"damage":36,"enemies":"2 Thieves","floor":18,"turns":4},{"damage":17,"enemies":"Spheric Guardian","floor":19,"turns":4},{"damage":26,"enemies":"conspire:HollyBat","floor":20,"turns":5}],"seed_played":"1110289234370518637","potions_obtained":[{"floor":1.0,"key":"PotionOfCapacity"},{"floor":11.0,"key":"PotionOfCapacity"},{"floor":16.0,"key":"Explosive Potion"}],"is_trial":false,"path_per_floor":["M","?","M","?","$","R","E","R","T","R","M","E","?","?","R","B",null,"M","M","M"],"character_chosen":"DEFECT","items_purchased":["Defragment"],"campfire_rested":0,"item_purchase_floors":[5],"current_hp_per_floor":[75,75,75,57,57,57,57,57,57,57,57,27,27,27,27,6,75,39,22,0,0],"gold":307,"neow_bonus":"THREE_ENEMY_KILL","is_daily":false,"chose_seed":false,"campfire_upgraded":4,"win_rate":0.0,"timestamp":1610481716,"path_taken":["M","?","M","?","$","R","E","R","T","R","M","E","?","?","R","BOSS","M","M","M"],"items_purchased_type":["Card"],"build_version":"2020-12-22","purchased_purges":0,"victory":false,"max_hp_per_floor":[75,75,75,75,75,75,75,75,75,75,75,75,75,75,75,75,75,75,75,75,75],"card_choices":[{"not_picked":["Redo","Recycle"],"picked":"Sunder","floor":1.0},{"not_picked":["Redo","Undo","Doom and Gloom"],"picked":"SKIP","floor":3.0},{"not_picked":["Turbo","Beam Cell"],"picked":"Defragment","floor":7.0},{"not_picked":["Hologram","Steam","Scrape"],"picked":"SKIP","floor":11.0},{"not_picked":["Sweeping Beam","Go for the Eyes"],"picked":"Loop","floor":12.0},{"not_picked":["Core Surge","Reboot"],"picked":"Amplify","floor":16.0},{"not_picked":["Cold Snap","Gash"],"picked":"Lockon","floor":18},{"not_picked":["Core Surge","Coolheaded+1"],"picked":"Ball Lightning","floor":19}],"player_experience":120128,"relics_obtained":[{"floor":7.0,"key":"Bottled Lightning"},{"floor":9.0,"key":"infinitespire:SolderingIron"},{"floor":12.0,"key":"Bag of Marbles"}],"event_choices":[{"damage_healed":0.0,"max_hp_gain":0.0,"max_hp_loss":0.0,"gold_gain":0.0,"event_name":"conspire:LoneGhost","player_choice":"Agree","floor":2.0,"gold_loss":0.0,"damage_taken":0.0},{"damage_healed":0.0,"max_hp_gain":0.0,"max_hp_loss":0.0,"gold_gain":0.0,"event_name":"Golden Idol","player_choice":"Take Damage","floor":4.0,"gold_loss":0.0,"damage_taken":18.0,"relics_obtained":["Golden Idol"]}],"is_beta":false,"boss_relics":[{"not_picked":["Ectoplasm","vexMod:TanglingVine"],"picked":"vexMod:ImprovementManual"}],"items_purged_floors":[],"is_endless":false,"potions_floor_spawned":[1,11,16,18,19],"killed_by":"conspire:HollyBat","ascension_level":0}}