{"host":"2wknf0pmkakbf9gv","time":1610490963,"event":{"mods":["BaseMod","CatGirl Mod","KinomotoSakuraMod(????)","Koishi","Marisa????????","Minty Spire (QoL Compilation)","Remilia??????","StSLib","The Alterego","The Bug Knight","The Forsaken","The Senshi","Waifu the Spire","Youmu??????","Yuyuko"],"gold_per_floor":[114,114,74,90,265,265,298,298,352,352,352,352,371,69,69,174,174,185,185,212,225,225,225,225,225],"floor_reached":24,"language":"ENG","playtime":962,"items_purged":[],"score":215,"play_id":"7c5374be-fdf5-4ca6-bfe3-aa19674fbb46","local_time":"20210113003603","is_ascension_mode":false,"campfire_choices":[{"data":"theCatGirl:DefensiveStance","floor":6.0,"key":"SMITH"},{"data":"theCatGirl:FumblingBlow","floor":8.0,"key":"SMITH"},{"data":"theCatGirl:Evasion","floor":10.0,"key":"SMITH"},{"data":"theCatGirl:PoiseStance","floor":15.0,"key":"SMITH"},{"floor":23,"key":"REST"}],"circlet_count":0,"master_deck":["theCatGirl:Strike+1","theCatGirl:Defend+1","theCatGirl:Defend","theCatGirl:Defend","theCatGirl:Defend","theCatGirl:ClawStrike+1","theCatGirl:Evasion+1","theCatGirl:DefensiveStance+1","theCatGirl:ScratchFlurry","Doubt","theCatGirl:FumblingBlow+1","theCatGirl:BodyBlow","theCatGirl:PoiseStance+1","theCatGirl:PoiseStance+1","theCatGirl:SpinningStrike+1","theCatGirl:AdventurersInsight+1","theCatGirl:AccidentalSlap+1","theCatGirl:ComboAttack","theForsaken:PlagueCurse","theCatGirl:SmellFear+1"],"relics":["theCatGirl:TrainedRelic","NeowsBlessing","Nunchaku","Happy Flower","Orichalcum","Medical Kit","Astrolabe","theForsaken:PlagueMask"],"acts_visited":["Exordium","TheCity"],"potions_floor_usage":[16,16,16,24,24],"damage_taken":[{"damage":0.0,"enemies":"2 Louse","floor":1.0,"turns":1.0},{"damage":0.0,"enemies":"Cultist","floor":4.0,"turns":1.0},{"damage":0.0,"enemies":"Lagavulin","floor":7.0,"turns":2.0},{"damage":4.0,"enemies":"Small Slimes","floor":13.0,"turns":3.0},{"damage":13,"enemies":"Hexaghost","floor":16,"turns":15},{"damage":27,"enemies":"3 Byrds","floor":18,"turns":7},{"damage":36,"enemies":"Shell Parasite","floor":21,"turns":10},{"damage":31,"enemies":"Gremlin Leader","floor":24,"turns":5}],"seed_played":"2188959970632099854","potions_obtained":[{"floor":3.0,"key":"EssenceOfSteel"},{"floor":3.0,"key":"FearPotion"},{"floor":3.0,"key":"Energy Potion"},{"floor":4.0,"key":"Dexterity Potion"},{"floor":7.0,"key":"SkillPotion"},{"floor":18,"key":"Explosive Potion"},{"floor":21,"key":"GamblersBrew"}],"is_trial":false,"path_per_floor":["M","?","?","M","?","R","E","R","T","R","T","?","M","$","R","B",null,"M","?","T","M","?","R","E"],"character_chosen":"THE_CATGIRL","items_purchased":["theCatGirl:PoiseStance","Medical Kit"],"campfire_rested":1,"item_purchase_floors":[14,14],"current_hp_per_floor":[70,56,56,56,56,56,56,56,56,56,56,56,52,52,52,39,70,43,43,43,7,7,28,0,0],"gold":225,"neow_bonus":"THREE_ENEMY_KILL","is_daily":false,"chose_seed":false,"campfire_upgraded":4,"win_rate":0.0,"timestamp":1610490963,"path_taken":["M","?","?","?","?","R","E","R","T","R","?","?","M","$","R","BOSS","M","?","?","?","?","R","E"],"items_purchased_type":["Card","Relic"],"build_version":"2020-12-22","purchased_purges":0,"victory":false,"max_hp_per_floor":[70,70,70,70,70,70,70,70,70,70,70,70,70,70,70,70,70,70,70,70,70,70,70,70,70],"card_choices":[{"not_picked":["theCatGirl:TrainWreck","theCatGirl:UnrelentingAssault"],"picked":"theCatGirl:DefensiveStance","floor":1.0},{"not_picked":["theCatGirl:RecoveryBlow","theCatGirl:ChangeOfPlans"],"picked":"theCatGirl:ScratchFlurry","floor":4.0},{"not_picked":["theCatGirl:ScratchFlurry","theCatGirl:RecoveryBlow"],"picked":"theCatGirl:FumblingBlow","floor":7.0},{"not_picked":["theCatGirl:Claws","theCatGirl:RunningWithDaggers"],"picked":"theCatGirl:BodyBlow","floor":13.0},{"not_picked":["theCatGirl:Howl","theCatGirl:LearnThePattern"],"picked":"theCatGirl:PoiseStance","floor":16},{"not_picked":["theCatGirl:SearchBackpack","theCatGirl:DefensiveStance"],"picked":"theCatGirl:ComboAttack","floor":18},{"not_picked":["theCatGirl:Stalk+1","theCatGirl:PlayAround"],"picked":"theCatGirl:SmellFear+1","floor":21}],"player_experience":316339,"relics_obtained":[{"floor":7.0,"key":"Nunchaku"},{"floor":9.0,"key":"Happy Flower"},{"floor":11.0,"key":"Orichalcum"}],"event_choices":[{"damage_healed":0.0,"max_hp_gain":0.0,"max_hp_loss":0.0,"gold_gain":0.0,"event_name":"Shining Light","player_choice":"Entered Light","floor":2.0,"gold_loss":0.0,"damage_taken":14.0,"cards_upgraded":["theCatGirl:Defend","theCatGirl:Strike"]},{"damage_healed":0.0,"max_hp_gain":0.0,"max_hp_loss":0.0,"gold_gain":0.0,"event_name":"The Woman in Blue","player_choice":"Bought 3 Potions","floor":3.0,"gold_loss":0.0,"damage_taken":0.0},{"damage_healed":0.0,"max_hp_gain":0.0,"max_hp_loss":0.0,"gold_gain":175.0,"event_name":"Liars Game","player_choice":"AGREE","floor":5.0,"gold_loss":0.0,"damage_taken":0.0,"cards_obtained":["Doubt"]},{"damage_healed":0.0,"max_hp_gain":0.0,"max_hp_loss":0.0,"gold_gain":0.0,"event_name":"Living Wall","player_choice":"Grow","floor":12.0,"gold_loss":0.0,"damage_taken":0.0,"cards_upgraded":["theCatGirl:ClawStrike"]},{"damage_healed":0,"gold_gain":0,"player_choice":"Obtain Plague Curse","damage_taken":0,"max_hp_gain":0,"max_hp_loss":0,"event_name":"Plague Doctor","floor":19,"gold_loss":0,"cards_obtained":["theForsaken:PlagueCurse"]},{"damage_healed":0,"gold_gain":0,"player_choice":"Upgraded","damage_taken":0,"max_hp_gain":0,"max_hp_loss":0,"event_name":"Upgrade Shrine","floor":22,"gold_loss":0,"cards_upgraded":["theCatGirl:PoiseStance"]}],"is_beta":false,"boss_relics":[{"not_picked":["SlaversCollar","Snecko Eye"],"picked":"Astrolabe"}],"items_purged_floors":[],"is_endless":false,"potions_floor_spawned":[4,7,18,21],"killed_by":"Gremlin Leader","ascension_level":0}}