{"host":"x205naxbihvu3p76","time":1610453199,"event":{"mods":["AchievementEnabler","BaseMod","Minty Spire (QoL Compilation)","StSLib","SuperFastMode"],"gold_per_floor":[110,123,123,9,27,27,43,43,69,84,103,118,118,143,143,218,218,231,231,20,39,53,53,82,92,92,107,107,117,117,133,133,133,133],"floor_reached":33,"playtime":762,"items_purged":["Strike_B","Defend_B"],"score":646,"play_id":"b486e506-d4cc-491b-83b2-02585c94aa6a","local_time":"20210112210639","is_ascension_mode":true,"campfire_choices":[{"data":"Defragment","floor":6,"key":"SMITH"},{"data":"Go for the Eyes","floor":8,"key":"SMITH"},{"data":"Sunder","floor":15,"key":"SMITH"},{"floor":23,"key":"REST"},{"data":"White Noise","floor":28,"key":"SMITH"},{"floor":30,"key":"REST"},{"data":"White Noise","floor":32,"key":"SMITH"}],"circlet_count":0,"master_deck":["AscendersBane","Strike_B","Defend_B","Defend_B","Defend_B+1","Zap+1","Dualcast","Chill+1","Defragment+1","Conserve Battery","Go for the Eyes+1","Cold Snap","Sunder+1","Compile Driver","Reboot+1","White Noise+1","Ball Lightning","Cold Snap","Cold Snap","White Noise+1","Leap","FTL"],"relics":["Cracked Core","Bronze Scales","Potion Belt","War Paint","Empty Cage","Regal Pillow","Darkstone Periapt"],"acts_visited":["Exordium","TheCity"],"potions_floor_usage":[14,14,24,24,33],"damage_taken":[{"damage":2,"enemies":"2 Louse","floor":1,"turns":2},{"damage":0,"enemies":"Cultist","floor":2,"turns":3},{"damage":2,"enemies":"Jaw Worm","floor":5,"turns":3},{"damage":0,"enemies":"Red Slaver","floor":7,"turns":3},{"damage":8,"enemies":"Looter","floor":10,"turns":3},{"damage":4,"enemies":"Blue Slaver","floor":11,"turns":3},{"damage":0,"enemies":"3 Louse","floor":12,"turns":2},{"damage":0,"enemies":"Gremlin Nob","floor":14,"turns":3},{"damage":26,"enemies":"The Guardian","floor":16,"turns":11},{"damage":12,"enemies":"Shell Parasite","floor":18,"turns":5},{"damage":1,"enemies":"Spheric Guardian","floor":21,"turns":4},{"damage":19,"enemies":"Centurion and Healer","floor":22,"turns":5},{"damage":0,"enemies":"Book of Stabbing","floor":24,"turns":6},{"damage":14,"enemies":"Snecko","floor":25,"turns":4},{"damage":4,"enemies":"Cultist and Chosen","floor":27,"turns":7},{"damage":17,"enemies":"Shelled Parasite and Fungi","floor":29,"turns":6},{"damage":3,"enemies":"Snecko","floor":31,"turns":5},{"damage":53,"enemies":"Automaton","floor":33,"turns":8}],"seed_played":"3813006295080074269","potions_obtained":[{"floor":1,"key":"Explosive Potion"},{"floor":7,"key":"CultistPotion"},{"floor":12,"key":"Swift Potion"},{"floor":16,"key":"DuplicationPotion"},{"floor":22,"key":"Strength Potion"},{"floor":27,"key":"AttackPotion"}],"is_trial":false,"path_per_floor":["M","M","?","$","M","R","M","R","T","M","M","M","?","E","R","B",null,"M","?","$","M","M","R","E","M","T","M","R","M","R","M","R","B"],"character_chosen":"DEFECT","items_purchased":["Defragment","White Noise","Ball Lightning"],"campfire_rested":2,"item_purchase_floors":[4,20,20],"current_hp_per_floor":[62,62,62,62,60,60,60,60,60,52,48,48,48,48,48,22,59,47,47,47,46,27,48,48,34,34,30,30,13,49,46,46,0,0],"gold":133,"neow_bonus":"RANDOM_COMMON_RELIC","is_daily":false,"chose_seed":false,"campfire_upgraded":5,"win_rate":0.0,"timestamp":1610453199,"path_taken":["M","M","?","?","M","R","M","R","T","?","M","M","?","E","R","BOSS","M","?","$","M","M","R","E","M","T","M","R","M","R","?","R","BOSS"],"items_purchased_type":["Card","Card","Card"],"build_version":"2020-12-22","purchased_purges":2,"victory":false,"max_hp_per_floor":[71,71,71,71,71,71,71,71,71,71,71,71,71,71,71,71,71,71,71,71,71,71,71,71,71,71,71,71,71,71,71,71,71,71],"card_choices":[{"not_picked":["Double Energy","Sweeping Beam"],"picked":"Chill","floor":1},{"not_picked":["Aggregate","Barrage","Steam"],"picked":"SKIP","floor":2},{"not_picked":["Tempest","Barrage"],"picked":"Conserve Battery","floor":5},{"not_picked":["FTL","BootSequence"],"picked":"Go for the Eyes","floor":7},{"not_picked":["Conserve Battery","Turbo"],"picked":"Cold Snap","floor":10},{"not_picked":["Barrage","Tempest"],"picked":"Sunder","floor":11},{"not_picked":["Hologram","Recycle","Rebound"],"picked":"SKIP","floor":12},{"not_picked":["Conserve Battery","Turbo"],"picked":"Compile Driver","floor":14},{"not_picked":["Fission","Machine Learning"],"picked":"Reboot","floor":16},{"not_picked":["Go for the Eyes","Hologram","Static Discharge"],"picked":"SKIP","floor":18},{"not_picked":["BootSequence+1","Barrage+1"],"picked":"Cold Snap","floor":21},{"not_picked":["Streamline","White Noise"],"picked":"Cold Snap","floor":22},{"not_picked":["Machine Learning","Go for the Eyes","Compile Driver"],"picked":"SKIP","floor":24},{"not_picked":["Darkness","Turbo"],"picked":"White Noise","floor":25},{"not_picked":["Compile Driver","Steam"],"picked":"Leap","floor":27},{"not_picked":["Rip and Tear","White Noise","Rebound"],"picked":"SKIP","floor":29},{"not_picked":["Steam Power","Beam Cell"],"picked":"FTL","floor":31}],"player_experience":968864,"relics_obtained":[{"floor":9,"key":"Potion Belt"},{"floor":14,"key":"War Paint"},{"floor":24,"key":"Regal Pillow"},{"floor":26,"key":"Darkstone Periapt"}],"event_choices":[{"damage_healed":0,"gold_gain":0,"player_choice":"Forge","damage_taken":0,"max_hp_gain":0,"max_hp_loss":0,"event_name":"Accursed Blacksmith","floor":3,"gold_loss":0,"cards_upgraded":["Zap"]},{"damage_healed":0,"gold_gain":0,"player_choice":"Ignored","damage_taken":0,"max_hp_gain":0,"max_hp_loss":0,"event_name":"Liars Game","floor":13,"gold_loss":0},{"damage_healed":0,"gold_gain":0,"player_choice":"Upgraded","damage_taken":0,"max_hp_gain":0,"max_hp_loss":0,"event_name":"Upgrade Shrine","floor":19,"gold_loss":0,"cards_upgraded":["Reboot"]}],"is_beta":false,"boss_relics":[{"not_picked":["Velvet Choker","Ectoplasm"],"picked":"Empty Cage"}],"items_purged_floors":[4,20],"is_endless":false,"potions_floor_spawned":[1,7,12,16,22,27],"killed_by":"Automaton","ascension_level":20}}