{"host":"s41rn2jhghpwfrvz","time":1610444476,"event":{"mods":["BaseMod","Minty Spire (QoL Compilation)","Quick Restart","Relic Stats","SuperFastMode"],"gold_per_floor":[119,130,143,163,182,211,230,230,280,314,334,359,378,378,378,472,472,488,500,526,557,584,627,662,674,712,771,802,814,870,901,913,1030,1042,1075,1012,1036,684,704,740,754,754,754,777,313,313,313,336,336,336,336,336,336,52,87,87],"floor_reached":57,"playtime":1823,"items_purged":["Consecrate","Quick Slash","Deflect"],"score":3715,"play_id":"e79094f4-c718-44de-86c6-095c343915ae","local_time":"20210112114116","daily_mods":["SealedDeck","Vintage","Diverse"],"is_ascension_mode":true,"campfire_choices":[{"data":"Body Slam","floor":8,"key":"SMITH"},{"data":"Coolheaded","floor":15,"key":"SMITH"},{"data":"Deflect","floor":25,"key":"SMITH"},{"data":"Blur","floor":29,"key":"SMITH"},{"floor":32,"key":"RECALL"},{"data":"Madness","floor":47,"key":"SMITH"},{"data":"Escape Plan","floor":49,"key":"SMITH"},{"data":"Scrawl","floor":53,"key":"SMITH"}],"circlet_count":0,"master_deck":["AscendersBane","Coolheaded+1","ForeignInfluence","Deflect+1","Body Slam+1","Escape Plan+1","Blur+1","Scrawl+1","Madness+1"],"relics":["Burning Blood","PreservedInsect","Mercury Hourglass","InkBottle","Ancient Tea Set","Darkstone Periapt","Blue Candle","Gambling Chip","Unceasing Top","Torii","Tiny Chest","Question Card","Golden Idol","Empty Cage","MawBank","CaptainsWheel","Blood Vial","CeramicFish","Boot","Centennial Puzzle","Anchor","White Beast Statue","Frozen Egg 2","Self Forming Clay","Strawberry","Black Star","Akabeko","Girya","Potion Belt","StrikeDummy","Eternal Feather","Meat on the Bone","Nunchaku","Sundial","HornCleat","Art of War","Turnip","Oddly Smooth Stone","Medical Kit","Thread and Needle","Letter Opener"],"acts_visited":["Exordium","TheCity","TheBeyond","TheEnding"],"potions_floor_usage":[10,16,16,56,56,56,56,56,56],"damage_taken":[{"damage":0,"enemies":"Small Slimes","floor":1,"turns":3},{"damage":4,"enemies":"2 Louse","floor":2,"turns":3},{"damage":0,"enemies":"Cultist","floor":3,"turns":4},{"damage":12,"enemies":"Large Slime","floor":4,"turns":3},{"damage":0,"enemies":"Gremlin Gang","floor":5,"turns":2},{"damage":10,"enemies":"3 Sentries","floor":6,"turns":4},{"damage":2,"enemies":"Red Slaver","floor":7,"turns":4},{"damage":0,"enemies":"Gremlin Nob","floor":10,"turns":2},{"damage":0,"enemies":"Looter","floor":11,"turns":2},{"damage":0,"enemies":"Lagavulin","floor":12,"turns":4},{"damage":0,"enemies":"2 Fungi Beasts","floor":13,"turns":2},{"damage":44,"enemies":"Hexaghost","floor":16,"turns":11},{"damage":0,"enemies":"Spheric Guardian","floor":18,"turns":3},{"damage":8,"enemies":"2 Thieves","floor":20,"turns":3},{"damage":7,"enemies":"Shelled Parasite and Fungi","floor":21,"turns":3},{"damage":0,"enemies":"Chosen and Byrds","floor":22,"turns":5},{"damage":0,"enemies":"Slavers","floor":23,"turns":3},{"damage":0,"enemies":"Centurion and Healer","floor":24,"turns":3},{"damage":0,"enemies":"Gremlin Leader","floor":27,"turns":3},{"damage":1,"enemies":"Snecko","floor":28,"turns":6},{"damage":0,"enemies":"Book of Stabbing","floor":30,"turns":2},{"damage":0,"enemies":"Cultist and Chosen","floor":31,"turns":3},{"damage":1,"enemies":"Champ","floor":33,"turns":5},{"damage":1,"enemies":"3 Shapes","floor":35,"turns":2},{"damage":0,"enemies":"Orb Walker","floor":37,"turns":2},{"damage":0,"enemies":"Jaw Worm Horde","floor":39,"turns":2},{"damage":0,"enemies":"Reptomancer","floor":40,"turns":2},{"damage":0,"enemies":"Maw","floor":41,"turns":3},{"damage":0,"enemies":"Writhing Mass","floor":44,"turns":1},{"damage":0,"enemies":"Awakened One","floor":50,"turns":2},{"damage":0,"enemies":"Time Eater","floor":51,"turns":4},{"damage":0,"enemies":"Shield and Spear","floor":55,"turns":1},{"damage":1,"enemies":"The Heart","floor":56,"turns":4}],"seed_played":"3555547081108114334","potions_obtained":[{"floor":1,"key":"PowerPotion"},{"floor":3,"key":"Swift Potion"},{"floor":13,"key":"Fire Potion"},{"floor":21,"key":"Dexterity Potion"},{"floor":22,"key":"Dexterity Potion"},{"floor":39,"key":"CultistPotion"},{"floor":40,"key":"LiquidMemories"},{"floor":41,"key":"SkillPotion"},{"floor":44,"key":"ElixirPotion"},{"floor":55,"key":"Ancient Potion"}],"is_trial":true,"path_per_floor":["M","M","M","M","M","E","M","R","T","E","M","E","M","?","R","B",null,"M","?","M","M","M","E","M","R","T","E","M","R","E","M","R","B",null,"M","$","M","$","M","E","M","T","T","M","$","?","R","T","R","B","B",null,"R","$","E","B",null],"character_chosen":"IRONCLAD","items_purchased":["Potion Belt","Madness","Turnip","Medical Kit","EntropicBrew"],"campfire_rested":0,"item_purchase_floors":[38,38,45,54,54],"current_hp_per_floor":[74,75,75,69,75,71,75,75,75,75,75,75,75,49,49,11,59,65,75,73,72,75,75,75,75,75,75,75,75,75,82,82,82,82,82,82,82,82,82,82,82,82,82,82,82,82,82,82,82,82,82,82,82,82,82,82],"gold":87,"neow_bonus":"","is_daily":false,"chose_seed":false,"campfire_upgraded":7,"win_rate":0.0,"timestamp":1610444476,"path_taken":["M","M","M","M","M","E","M","R","T","E","M","E","M","?","R","BOSS","M","?","M","M","M","E","M","R","T","E","M","R","E","?","R","BOSS","M","$","M","$","M","E","M","?","T","?","?","?","R","?","R","BOSS","BOSS","R","$","E","BOSS"],"items_purchased_type":["Relic","Card","Relic","Relic","Potion"],"build_version":"2020-12-22","purchased_purges":3,"victory":true,"max_hp_per_floor":[75,75,75,75,75,75,75,75,75,75,75,75,75,75,75,75,75,75,75,75,75,75,75,75,75,75,75,75,75,75,82,82,82,82,82,82,82,82,82,82,82,82,82,82,82,82,82,82,82,82,82,82,82,82,82,82],"relic_stats":{"Darkstone Periapt":0,"Torii":12,"CeramicFish":27,"Boot":[10],"Burning Blood":64,"Blood Vial":2,"Centennial Puzzle":[12],"Nunchaku":[3],"Sundial":[120],"Gambling Chip":[19],"Tiny Chest":2,"InkBottle":[65],"counters":[33,103],"Golden Idol":178,"Self Forming Clay":[9],"Blue Candle":[3],"Eternal Feather":0,"PreservedInsect":360,"Letter Opener":[70],"Question Card":7,"MawBank":216,"Medical Kit":[4],"Mercury Hourglass":[376],"Turnip":[3],"Black Star":2,"Art of War":[1],"obtain_stats":[{"Darkstone Periapt":5,"Torii":11,"CeramicFish":22,"Ancient Tea Set":4,"Empty Cage":17,"Boot":23,"Burning Blood":0,"Blood Vial":21,"Centennial Puzzle":24,"Nunchaku":41,"HornCleat":43,"Sundial":42,"Gambling Chip":7,"Strawberry":31,"Tiny Chest":12,"InkBottle":3,"Potion Belt":38,"Girya":37,"Golden Idol":14,"Self Forming Clay":30,"Blue Candle":6,"Oddly Smooth Stone":48,"Eternal Feather":40,"Thread and Needle":55,"PreservedInsect":1,"Letter Opener":55,"Frozen Egg 2":28,"Question Card":13,"MawBank":18,"Medical Kit":54,"White Beast Statue":27,"Akabeko":35,"Mercury Hourglass":2,"CaptainsWheel":20,"Anchor":26,"Turnip":45,"Black Star":34,"Art of War":44,"StrikeDummy":39,"Unceasing Top":10,"Meat on the Bone":40},{"Darkstone Periapt":5,"Torii":9,"CeramicFish":16,"Ancient Tea Set":4,"Empty Cage":12,"Boot":17,"Burning Blood":0,"Blood Vial":15,"Centennial Puzzle":18,"Nunchaku":28,"HornCleat":28,"Sundial":28,"Gambling Chip":7,"Strawberry":22,"Tiny Chest":10,"InkBottle":3,"Potion Belt":25,"Girya":25,"Golden Idol":11,"Self Forming Clay":21,"Blue Candle":6,"Oddly Smooth Stone":29,"Eternal Feather":27,"Thread and Needle":32,"PreservedInsect":1,"Letter Opener":32,"Frozen Egg 2":20,"Question Card":11,"MawBank":13,"Medical Kit":31,"White Beast Statue":19,"Akabeko":24,"Mercury Hourglass":2,"CaptainsWheel":14,"Anchor":18,"Turnip":29,"Black Star":23,"Art of War":29,"StrikeDummy":26,"Unceasing Top":8,"Meat on the Bone":27},{"Darkstone Periapt":15,"Torii":25,"CeramicFish":55,"Ancient Tea Set":13,"Empty Cage":42,"Boot":58,"Burning Blood":0,"Blood Vial":50,"Centennial Puzzle":61,"Nunchaku":91,"HornCleat":91,"Sundial":91,"Gambling Chip":21,"Strawberry":75,"Tiny Chest":29,"InkBottle":10,"Potion Belt":84,"Girya":84,"Golden Idol":31,"Self Forming Clay":72,"Blue Candle":18,"Oddly Smooth Stone":92,"Eternal Feather":88,"Thread and Needle":99,"PreservedInsect":3,"Letter Opener":99,"Frozen Egg 2":70,"Question Card":31,"MawBank":45,"Medical Kit":98,"White Beast Statue":64,"Akabeko":82,"Mercury Hourglass":6,"CaptainsWheel":48,"Anchor":61,"Turnip":92,"Black Star":80,"Art of War":92,"StrikeDummy":86,"Unceasing Top":23,"Meat on the Bone":88}],"Unceasing Top":[18],"Meat on the Bone":0},"card_choices":[{"not_picked":["Force Field","Fasting2","Bane"],"picked":"SKIP","floor":6},{"not_picked":["Evaluate","Dark Embrace","Deadly Poison"],"picked":"SKIP","floor":10},{"not_picked":["Flex","Poisoned Stab","Tantrum"],"picked":"SKIP","floor":12},{"not_picked":["Conclude","Reckless Charge","DeceiveReality","Vault"],"picked":"SKIP","floor":23},{"not_picked":["Adaptation","ClearTheMind","Sunder"],"picked":"Blur","floor":27},{"not_picked":["Prepared","Poisoned Stab","Crippling Poison","Compile Driver"],"picked":"SKIP","floor":30},{"not_picked":["Night Terror","Core Surge","Bludgeon"],"picked":"Scrawl","floor":33},{"not_picked":["Deadly Poison","Barrage","Capacitor+1","Ball Lightning+1"],"picked":"SKIP","floor":40},{"not_picked":["Consecrate","Cold Snap+1","Undo","InnerPeace+1"],"picked":"SKIP","floor":55}],"player_experience":1715018,"relics_obtained":[{"floor":1,"key":"PreservedInsect"},{"floor":2,"key":"Mercury Hourglass"},{"floor":3,"key":"InkBottle"},{"floor":4,"key":"Ancient Tea Set"},{"floor":5,"key":"Darkstone Periapt"},{"floor":6,"key":"Blue Candle"},{"floor":7,"key":"Gambling Chip"},{"floor":10,"key":"Unceasing Top"},{"floor":11,"key":"Torii"},{"floor":12,"key":"Tiny Chest"},{"floor":13,"key":"Question Card"},{"floor":18,"key":"MawBank"},{"floor":20,"key":"CaptainsWheel"},{"floor":21,"key":"Blood Vial"},{"floor":22,"key":"CeramicFish"},{"floor":23,"key":"Boot"},{"floor":24,"key":"Centennial Puzzle"},{"floor":26,"key":"Anchor"},{"floor":27,"key":"White Beast Statue"},{"floor":28,"key":"Frozen Egg 2"},{"floor":30,"key":"Self Forming Clay"},{"floor":31,"key":"Strawberry"},{"floor":35,"key":"Akabeko"},{"floor":37,"key":"Girya"},{"floor":39,"key":"StrikeDummy"},{"floor":40,"key":"Eternal Feather"},{"floor":40,"key":"Meat on the Bone"},{"floor":41,"key":"Nunchaku"},{"floor":42,"key":"Sundial"},{"floor":43,"key":"HornCleat"},{"floor":44,"key":"Art of War"},{"floor":48,"key":"Oddly Smooth Stone"},{"floor":55,"key":"Thread and Needle"},{"floor":55,"key":"Letter Opener"}],"event_choices":[{"damage_healed":0,"gold_gain":0,"player_choice":"Take Damage","damage_taken":26,"relics_obtained":["Golden Idol"],"max_hp_gain":0,"max_hp_loss":0,"event_name":"Golden Idol","floor":14,"gold_loss":0},{"damage_healed":10,"gold_gain":0,"player_choice":"Full Heal","damage_taken":0,"max_hp_gain":0,"max_hp_loss":0,"event_name":"Wheel of Change","floor":19,"gold_loss":0},{"damage_healed":0,"gold_gain":0,"player_choice":"Ignored","damage_taken":0,"max_hp_gain":0,"max_hp_loss":0,"event_name":"Tomb of Lord Red Mask","floor":46,"gold_loss":0}],"is_beta":false,"boss_relics":[{"not_picked":["Mark of Pain","Fusion Hammer"],"picked":"Empty Cage"},{"not_picked":["Philosopher\u0027s Stone","Velvet Choker"],"picked":"Black Star"}],"items_purged_floors":[36,38,45],"is_endless":false,"potions_floor_spawned":[1,3,5,7,13,21,22,23,28,30,31,33,35,37,39,40,41,44,55],"ascension_level":20}}