{"host":"qvm8mnkwg7phaqzl","time":1610443088,"event":{"mods":["2.2 Compatiblity","Act Like it!","Aspiration","Astrologer","Bard","BaseMod","Beaked The Cultist","Better Altar","Better Match","Better Note","Better Sensory Stone","Better Skull","Better Third Choice","CCEM","CapriCore","CatGirl Mod","Chen","Colored Map","Colored Powertips","Conspire","DeckTracker","Downfall","Elementarium","Friendly Minions","Gensokyo","GifTheSpireLib","Gremlin Mod","Halation","Hermit","Hubris","Koishi","Marisa（霧雨　魔理沙）","Marked Mod","Mathematician","Minty Spire (QoL Compilation)","Onozuka Komachi Mod","Potionbrewer","Random Character Button","Rare Cards Sparkle","Reimu（博??梦）","Replay The Spire","Shade Mod","Somnambulant","StSLib","The Accelerator","The Administrix","The Alterego","The Blackbeard","The Bladedancer","The Bug Knight","The Caster","The Construct","The Cursed","The Disciple","The Dragon Tamer","The Druid","The Elementalist","The Factory","The Florist","The Forsaken","The Gatherer","The Hierophant","The Immortal","The Judge","The Juggle","The Jungle","The Marked","The Mystic","The Necromancer","The Poker Player","The Problem Sleuth","The Runesmith","The Sage","The Servant 0.9.4","The Spell Scribe","The Valiant","The Witch","TheArtist","TheBandit","TheFirefly","Wandering Minibosses","Yakumo Yukari mod","Yuyuko","vexMod","yUi"],"gold_per_floor":[112,126,136,61,61,81,81,109,109,137,156,81,107,123,123,220,220,234,13,63,13,13,38,106,56,124,164,200,200,125,125,125,239,239,269,0,40,61,88,139,139,139,139,166,166,250,288,308,308,359,359,359,44,89,93,93],"floor_reached":55,"playtime":33887,"items_purged":["Looming Evil","Strike_Lin:ReiMu","Normality"],"score":833,"play_id":"72ce0caa-b5a6-4689-99c4-adb0f88ab65c","local_time":"20210112031808","is_ascension_mode":false,"campfire_choices":[{"data":"Runesmith:CraftFirestone","floor":7.0,"key":"SMITH"},{"data":"Conquer:ReiMu","floor":15.0,"key":"SMITH"},{"data":"NineCharacters:ReiMu","floor":15.0,"key":"SMITH"},{"data":"KamiRite:ReiMu","floor":32.0,"key":"SMITH"},{"data":"Gathering:ReiMu","floor":32.0,"key":"SMITH"},{"floor":42.0,"key":"RECALL"},{"data":"SubcavityFantasy:ReiMu","floor":45.0,"key":"SMITH"},{"data":"FineLineFantasy:ReiMu","floor":45.0,"key":"SMITH"},{"data":"KamiRite:ReiMu","floor":49,"key":"SMITH"},{"data":"RainPray2:ReiMu","floor":49,"key":"SMITH"},{"data":"Dreaming:ReiMu","floor":52,"key":"SMITH"},{"data":"SpreadBorder2:ReiMu","floor":52,"key":"SMITH"}],"circlet_count":0,"master_deck":["elementalist:Earth_Emblem","elementalist:Earth_Emblem","elementalist:Earth_Emblem","Strike_Lin:ReiMu","Strike_Lin:ReiMu","Strike_Lin:ReiMu","Defend_Lin:ReiMu","Defend_Lin:ReiMu","Defend_Lin:ReiMu","Defend_Lin:ReiMu","NB:ReiMu","Stagnation:ReiMu","elementalist:Earthstrike","Runesmith:CraftFirestone+1","TightArray:ReiMu+1","KamiRite:ReiMu+1","Conquer:ReiMu+1","SpreadBorder2:ReiMu+1","Flash of Steel+1","NineCharacters:ReiMu+1","Dreaming:ReiMu+1","SealNeedle:ReiMu","KamiRite:ReiMu+1","Gathering:ReiMu+1","Harmlessness","FineLineFantasy:ReiMu+1","KamiRite:ReiMu+1","SwitchConfidence","Languid","SubcavityFantasy:ReiMu+1","RainPray2:ReiMu+1","WordoMod:Accursed","SwitchConfidence","FineLineFantasy:ReiMu+1","RainPray2:ReiMu+1","hubris:Compulsion","KamiRite:ReiMu+1","hubris:DuctTapeCard","Gensokyo:AllTheWorldsEvil","WordoMod:Infected","RainPray2:ReiMu+1","Dreaming2:ReiMu+1"],"relics":["ShineYinYang:ReiMu","Shovel","Blood Vial","hubris:Potato","aspiration:EmptySkull","Replay:Arrowhead","hubris:TerracottaHorce","DollysMirror","Ring of Greed","Tiny Chest","Smiling Mask","ReplayTheSpireMod:Ring of Challenge","Replay:Bandana","Eternal Feather","halation:KoshaPiece","Gensokyo:Companionship","Red Mask","hubris:BundleOfHerbs","hubris:DuctTape","hubris:CuriousFeather","Replay:Baseball","FadedRune:ReiMu","hubris:SlimyHat"],"acts_visited":["Gensokyo:Gensokyo","Gensokyo:Gensokyoer","TheBeyond","TheEnding"],"potions_floor_usage":[50,50,50,54,55],"damage_taken":[{"damage":6.0,"enemies":"Gensokyo:2_Kodama","floor":1.0,"turns":6.0},{"damage":0.0,"enemies":"Gensokyo:3_Fairies","floor":2.0,"turns":6.0},{"damage":5.0,"enemies":"Gensokyo:Python","floor":3.0,"turns":6.0},{"damage":5.0,"enemies":"Gensokyo:Gryphon_and_Rabbit","floor":6.0,"turns":7.0},{"damage":24.0,"enemies":"Gensokyo:Cirno","floor":8.0,"turns":5.0},{"damage":3.0,"enemies":"Gensokyo:Aya","floor":10.0,"turns":5.0},{"damage":7.0,"enemies":"Gensokyo:2_Rabbits","floor":11.0,"turns":6.0},{"damage":0.0,"enemies":"Gensokyo:Mamizou","floor":13.0,"turns":9.0},{"damage":0.0,"enemies":"Gensokyo:VengefulSpirit","floor":14.0,"turns":5.0},{"damage":3.0,"enemies":"Gensokyo:Reimu","floor":16.0,"turns":12.0},{"damage":5.0,"enemies":"Gensokyo:Chomper","floor":18.0,"turns":5.0},{"damage":4.0,"enemies":"Gensokyo:Koishi","floor":23.0,"turns":7.0},{"damage":8.0,"enemies":"Gensokyo:CosmicMonolith","floor":24.0,"turns":5.0},{"damage":3.0,"enemies":"Gensokyo:Tenshi","floor":27.0,"turns":6.0},{"damage":11.0,"enemies":"Gensokyo:Wraith","floor":28.0,"turns":6.0},{"damage":4.0,"enemies":"Gensokyo:Eiki","floor":33.0,"turns":8.0},{"damage":17.0,"enemies":"3 Shapes","floor":35.0,"turns":3.0},{"damage":0.0,"enemies":"Orb Walker","floor":38.0,"turns":4.0},{"damage":3.0,"enemies":"Writhing Mass","floor":39.0,"turns":6.0},{"damage":0.0,"enemies":"beaked:SuperParasite","floor":40.0,"turns":9.0},{"damage":0.0,"enemies":"HollowMod:StalkingDevout","floor":46.0,"turns":4.0},{"damage":0.0,"enemies":"3 Darklings","floor":47.0,"turns":3.0},{"damage":2,"enemies":"Transient","floor":48,"turns":5},{"damage":57,"enemies":"Replay:Hell Engine","floor":50,"turns":11},{"damage":56,"enemies":"Shield and Spear","floor":54,"turns":6},{"damage":13,"enemies":"The Heart","floor":55,"turns":2}],"seed_played":"-3389852080170379399","potions_obtained":[{"floor":2.0,"key":"LifebloodPotion"},{"floor":10.0,"key":"Explosive Potion"},{"floor":11.0,"key":"potionbrewer:InfectionPotion"},{"floor":14.0,"key":"AttackPotion"},{"floor":23.0,"key":"DistilledChaos"},{"floor":24.0,"key":"Swift Potion"},{"floor":33.0,"key":"potionbrewer:SplittingPotion"},{"floor":39.0,"key":"Explosive Potion"},{"floor":46.0,"key":"potionbrewer:HastePotion"},{"floor":47.0,"key":"Fire Potion"},{"floor":54,"key":"potionbrewer:BarricadePotion"}],"is_trial":false,"path_per_floor":["M","M","M","?","$","M","R","E","T","E","M","?","E","M","R","B",null,"M","COS","?","$","?","E","M","$","T","E","M","R","?","T","R","B",null,"M","?","?","M","M","E","?","R","T","T","R","E","M","M","R","B",null,"R","$","E","B"],"character_chosen":"REIMU","items_purchased":["hubris:SlimyHat","FearPotion","champ:CounterPotion"],"campfire_rested":0,"item_purchase_floors":[53,53,53],"current_hp_per_floor":[59,59,54,54,54,49,49,25,25,24,19,19,21,23,23,22,54,51,51,51,51,40,38,32,32,32,31,22,37,37,37,52,50,61,46,46,30,32,31,39,39,60,60,60,62,62,62,60,62,62,62,62,62,11,0,0],"gold":93,"neow_bonus":"ONE_RARE_RELIC","is_daily":false,"chose_seed":false,"campfire_upgraded":11,"win_rate":0.0,"timestamp":1610443088,"path_taken":["M","M","M","?","$","M","R","E","T","E","?","?","E","M","R","BOSS","M","COS","?","$","?","E","M","$","T","E","?","R","?","?","R","BOSS","M","?","?","M","M","E","?","R","T","?","R","E","M","M","R","BOSS","R","$","E","BOSS"],"items_purchased_type":["Relic","Potion","Potion"],"build_version":"2020-12-22","purchased_purges":3,"victory":false,"max_hp_per_floor":[65,65,65,65,65,65,65,65,65,65,65,65,65,65,65,65,65,65,65,65,65,65,65,65,65,65,65,65,65,65,65,65,65,65,65,65,65,65,65,65,62,62,62,62,62,62,62,62,62,62,62,62,62,62,62,62],"card_choices":[{"not_picked":["Amulet:ReiMu","Intuition:ReiMu"],"picked":"TightArray:ReiMu","floor":1.0},{"not_picked":["Enchanting:ReiMu","KamiSacrifice:ReiMu","Amulet:ReiMu"],"picked":"SKIP","floor":2.0},{"not_picked":["Crusade:ReiMu","Intuition:ReiMu","ShadowOfCrow2:ReiMu"],"picked":"SKIP","floor":3.0},{"not_picked":["Authority:ReiMu+1","Shading:ReiMu+1"],"picked":"KamiRite:ReiMu+1","floor":4.0},{"not_picked":["PassingAway:ReiMu+1","UniversalSpiritual:ReiMu+1"],"picked":"TakeOff:ReiMu+1","floor":4.0},{"not_picked":["SafetyPray:ReiMu","MikOfLucky:ReiMu"],"picked":"Conquer:ReiMu","floor":6.0},{"not_picked":["AirStrike:ReiMu","Revelation:ReiMu"],"picked":"CardOfSanctity:ReiMu","floor":8.0},{"not_picked":["ForcedLanding:ReiMu","KamiSacrifice:ReiMu"],"picked":"SpreadBorder2:ReiMu","floor":10.0},{"not_picked":["Enchanting:ReiMu","FantasyMoon:ReiMu","CareerPray:ReiMu"],"picked":"SKIP","floor":11.0},{"not_picked":["Blind+1","Replay:Parry+1"],"picked":"Flash of Steel+1","floor":12.0},{"not_picked":["PayForSelf:ReiMu","Amulet:ReiMu"],"picked":"NineCharacters:ReiMu","floor":13.0},{"not_picked":["Conquer:ReiMu","OrbThrow:ReiMu","WonderfulDomain:ReiMu"],"picked":"SKIP","floor":14.0},{"not_picked":["Shading:ReiMu","KamiRite:ReiMu"],"picked":"Dreaming:ReiMu","floor":16.0},{"not_picked":["WonderfulDomain:ReiMu","SubcavityInstant:ReiMu+1"],"picked":"SealNeedle:ReiMu","floor":18.0},{"not_picked":["ShadowOfCrow2:ReiMu","AirManeuver:ReiMu"],"picked":"Gathering:ReiMu","floor":23.0},{"not_picked":["Amulet:ReiMu","BarrageOfMoneybags:ReiMu+1","ShadowOfCrow2:ReiMu+1"],"picked":"SKIP","floor":24.0},{"not_picked":["Amulet:ReiMu+1","AirStrike:ReiMu+1","SubAcupoint:ReiMu"],"picked":"SKIP","floor":27.0},{"not_picked":["SafetyPray:ReiMu","CeremonyResonance:ReiMu"],"picked":"FineLineFantasy:ReiMu+1","floor":28.0},{"not_picked":["CardOfSanctity:ReiMu","DependentForm:ReiMu"],"picked":"SubcavityFantasy:ReiMu","floor":33.0},{"not_picked":["SpringWay:ReiMu","LearningPray:ReiMu"],"picked":"RainPray2:ReiMu+1","floor":35.0},{"not_picked":["PassingAway:ReiMu+1","SealNeedle:ReiMu","Mountainwind:ReiMu"],"picked":"SKIP","floor":38.0},{"not_picked":["Amulet:ReiMu","Meditation:ReiMu","Gathering:ReiMu+1"],"picked":"SKIP","floor":39.0},{"not_picked":["Meditation:ReiMu+1","AirStrike:ReiMu","UniversalSpiritual:ReiMu+1"],"picked":"SKIP","floor":40.0},{"not_picked":["SubAcupoint:ReiMu","ManaGlint:ReiMu+1"],"picked":"KamiRite:ReiMu","floor":46.0},{"not_picked":["SubAcupoint:ReiMu","SpreadBorder2:ReiMu","Gathering:ReiMu+1"],"picked":"SKIP","floor":47.0},{"not_picked":["SafetyPray:ReiMu+1","Conquer:ReiMu+1","Enchanting:ReiMu"],"picked":"SKIP","floor":48},{"not_picked":["OrbThrow:ReiMu","Meditation:ReiMu+1"],"picked":"Dreaming2:ReiMu+1","floor":54}],"player_experience":677072,"relics_obtained":[{"floor":8.0,"key":"Blood Vial"},{"floor":9.0,"key":"hubris:Potato"},{"floor":10.0,"key":"aspiration:EmptySkull"},{"floor":13.0,"key":"Replay:Arrowhead"},{"floor":20.0,"key":"Ring of Greed"},{"floor":20.0,"key":"Tiny Chest"},{"floor":20.0,"key":"Smiling Mask"},{"floor":20.0,"key":"ReplayTheSpireMod:Ring of Challenge"},{"floor":23.0,"key":"Replay:Bandana"},{"floor":26.0,"key":"Eternal Feather"},{"floor":27.0,"key":"halation:KoshaPiece"},{"floor":37.0,"key":"hubris:BundleOfHerbs"},{"floor":40.0,"key":"hubris:DuctTape"},{"floor":43.0,"key":"hubris:CuriousFeather"},{"floor":44.0,"key":"Replay:Baseball"},{"floor":46.0,"key":"FadedRune:ReiMu"}],"event_choices":[{"damage_healed":0.0,"max_hp_gain":0.0,"max_hp_loss":0.0,"gold_gain":0.0,"event_name":"betterMatch:BetterMatch","player_choice":"2","floor":4.0,"gold_loss":0.0,"damage_taken":0.0,"cards_obtained":["betterMatch:UncommonCard","betterMatch:RareCard"]},{"damage_healed":0.0,"max_hp_gain":0.0,"max_hp_loss":0.0,"gold_gain":0.0,"event_name":"betterMatch:BetterMatch","player_choice":"2","floor":12.0,"gold_loss":0.0,"damage_taken":0.0,"cards_obtained":["betterMatch:ColorlessUncommonCard"]},{"damage_healed":0.0,"max_hp_gain":0.0,"max_hp_loss":0.0,"gold_gain":0.0,"event_name":"betterSkull:BetterSkull","player_choice":"UP ","floor":22.0,"gold_loss":0.0,"damage_taken":13.0,"cards_upgraded":["TightArray:ReiMu"],"relics_obtained":[]},{"damage_healed":0.0,"max_hp_gain":0.0,"max_hp_loss":0.0,"gold_gain":0.0,"event_name":"betterMatch:BetterMatch","player_choice":"2","floor":30.0,"gold_loss":0.0,"damage_taken":0.0,"cards_obtained":[]},{"damage_healed":0.0,"max_hp_gain":0.0,"max_hp_loss":0.0,"gold_gain":0.0,"event_name":"Tomb of Lord Red Mask","player_choice":"Paid","floor":36.0,"gold_loss":269.0,"damage_taken":0.0,"relics_obtained":["Red Mask"]},{"damage_healed":0.0,"max_hp_gain":0.0,"max_hp_loss":3.0,"gold_gain":0.0,"event_name":"Winding Halls","player_choice":"Max HP","floor":41.0,"gold_loss":0.0,"damage_taken":0.0}],"is_beta":false,"boss_relics":[{"not_picked":["Replay:Bronze Core","vexMod:RockOfEvil"],"picked":"hubris:TerracottaHorce"},{"not_picked":["halation:HeavySnake","Runic Dome"],"picked":"ShineYinYang:ReiMu"}],"items_purged_floors":[21,25,53],"is_endless":false,"potions_floor_spawned":[2,10,11,14,23,24,33,39,46,47,54],"killed_by":"The Heart","ascension_level":0}}