{"host":"g3bty4prdobmknyh","time":1610430548,"event":{"mods":["Act Like it!","Aspiration","BaseMod","Hermit","Minty Spire (QoL Compilation)","Pale of the Ancients","Replay The Spire","StSLib","The Blackbeard","The Hierophant","The Jungle"],"gold_per_floor":[114,129,144,144,159,174,189,219,219,243,273,214,244,259,259,377,377,392,407,357,387,299,299,222,222,256,271,301,301,340,355,355,473,473,497,597,621,645,720,759,759,768,777,777,807,656,680,695,695,704,719,734,734,484,484,484,484,405,405,414],"floor_reached":61,"playtime":2643,"items_purged":[],"score":2515,"play_id":"ee0924a0-70da-43be-9f25-cb5fa9ce487c","local_time":"20210112004908","daily_mods":["Cursed Run","Hoarder","DeadlyEvents"],"is_ascension_mode":false,"campfire_choices":[{"data":"Replay:Battleflow","floor":15,"key":"SMITH"},{"data":"Replay:Battleflow","floor":23,"key":"SMITH"},{"data":"Replay:Battleflow","floor":25,"key":"SMITH"},{"data":"Replay:BluntJabs","floor":29,"key":"SMITH"},{"data":"DeusExMachina","floor":32,"key":"SMITH"},{"data":"Replay:Sssssssssshield","floor":41,"key":"SMITH"},{"data":"Eruption","floor":44,"key":"SMITH"},{"data":"Halt","floor":49,"key":"SMITH"},{"data":"Halt","floor":55,"key":"SMITH"},{"data":"Replay:Sssssssssshield","floor":57,"key":"SMITH"}],"circlet_count":0,"master_deck":["Strike_P","Strike_P","Strike_P","Strike_P","Strike_P","Strike_P","Strike_P","Strike_P","Strike_P","Strike_P","Strike_P","Strike_P","Defend_P+1","Defend_P+1","Defend_P+1","Defend_P","Defend_P","Defend_P","Defend_P","Defend_P","Defend_P","Defend_P+1","Defend_P+1","Defend_P+1","Eruption+1","Eruption+1","Eruption+1","Vigilance","Vigilance","Vigilance","Replay:BluntJabs","Replay:BluntJabs","Replay:BluntJabs","Replay:BluntJabs","Replay:BluntJabs","Replay:BluntJabs","Replay:BluntJabs+1","Replay:BluntJabs+1","Replay:BluntJabs+1","Injury","Injury","Injury","Injury","Injury","Injury","Injury","Injury","Injury","FollowUp+1","FollowUp+1","FollowUp+1","FollowUp+1","FollowUp+1","FollowUp+1","FollowUp+1","FollowUp+1","FollowUp+1","FlurryOfBlows+1","FlurryOfBlows+1","FlurryOfBlows+1","FlurryOfBlows+1","FlurryOfBlows+1","FlurryOfBlows+1","FlurryOfBlows+1","FlurryOfBlows+1","FlurryOfBlows+1","Consecrate+1","Consecrate+1","Consecrate+1","Consecrate+1","Consecrate+1","Consecrate+1","Consecrate+1","Consecrate+1","Consecrate+1","Regret","Regret","Regret","Regret","Regret","Regret","Regret","Regret","Regret","Replay:Battleflow+1","Replay:Battleflow+1","Replay:Battleflow+1","Replay:Battleflow+1","Replay:Battleflow+1","Replay:Battleflow+1","Replay:Battleflow+1","Replay:Battleflow+1","Replay:Battleflow+1","FearNoEvil+1","FearNoEvil+1","FearNoEvil+1","FearNoEvil+1","FearNoEvil+1","FearNoEvil+1","FearNoEvil+1","FearNoEvil+1","FearNoEvil+1","Voices","Voices","Voices","Voices","Voices","Voices","Voices","Voices","Voices","DevaForm","DevaForm","DevaForm","DevaForm","DevaForm","DevaForm","DevaForm","DevaForm","DevaForm","Dramatic Entrance+1","Dramatic Entrance+1","Dramatic Entrance+1","Dramatic Entrance+1","Dramatic Entrance+1","Dramatic Entrance+1","Dramatic Entrance+1","Dramatic Entrance+1","Dramatic Entrance+1","Replay:Sssssssssshield+1","Replay:Sssssssssshield+1","Replay:Sssssssssshield+1","Replay:Sssssssssshield+1","Replay:Sssssssssshield+1","Replay:Sssssssssshield+1","Replay:Sssssssssshield+1","Replay:Sssssssssshield+1","Replay:Sssssssssshield+1","Sickly","Sickly","Sickly","Sickly","Sickly","Sickly","Sickly","Sickly","Sickly","DeusExMachina+1","DeusExMachina+1","DeusExMachina+1","DeusExMachina","DeusExMachina","DeusExMachina","DeusExMachina","DeusExMachina","DeusExMachina","Writhe","Writhe","Writhe","Writhe","Writhe","Writhe","Writhe","Writhe","Writhe","LessonLearned+1","LessonLearned+1","LessonLearned+1","LessonLearned+1","LessonLearned+1","LessonLearned+1","LessonLearned+1","LessonLearned+1","LessonLearned+1","Sanctity+1","Sanctity+1","Sanctity+1","Sanctity+1","Sanctity+1","Sanctity+1","Sanctity+1","Sanctity+1","Sanctity+1","Indignation+1","Indignation+1","Indignation+1","Indignation+1","Indignation+1","Indignation+1","Indignation+1","Indignation+1","Indignation+1","ThirdEye+1","ThirdEye+1","ThirdEye+1","ThirdEye+1","ThirdEye+1","ThirdEye+1","ThirdEye+1","ThirdEye+1","ThirdEye+1","Regret","Regret","Regret","Regret","Regret","Regret","Regret","Regret","Regret","WheelKick+1","WheelKick+1","WheelKick+1","WheelKick+1","WheelKick+1","WheelKick+1","WheelKick+1","WheelKick+1","WheelKick+1","InnerPeace+1","InnerPeace+1","InnerPeace+1","InnerPeace+1","InnerPeace+1","InnerPeace+1","InnerPeace+1","InnerPeace+1","InnerPeace+1","ReplayTheSpireMod:Doomed","ReplayTheSpireMod:Doomed","ReplayTheSpireMod:Doomed","ReplayTheSpireMod:Doomed","ReplayTheSpireMod:Doomed","ReplayTheSpireMod:Doomed","ReplayTheSpireMod:Doomed","ReplayTheSpireMod:Doomed","ReplayTheSpireMod:Doomed","Regret","Regret","Regret","Regret","Regret","Regret","Regret","Regret","Regret","Ragnarok+1","Ragnarok+1","Ragnarok+1","Ragnarok+1","Ragnarok+1","Ragnarok+1","Ragnarok+1","Ragnarok+1","Ragnarok+1","Halt","Halt","Halt","Halt+1","Halt+1","Halt+1","Halt+1","Halt+1","Halt+1","ReplayTheSpireMod:Faulty Equipment","ReplayTheSpireMod:Faulty Equipment","ReplayTheSpireMod:Faulty Equipment","ReplayTheSpireMod:Faulty Equipment","ReplayTheSpireMod:Faulty Equipment","ReplayTheSpireMod:Faulty Equipment","ReplayTheSpireMod:Faulty Equipment","ReplayTheSpireMod:Faulty Equipment","ReplayTheSpireMod:Faulty Equipment","Mind Blast+1","Mind Blast+1","Mind Blast+1","Mind Blast+1","Mind Blast+1","Mind Blast+1","Mind Blast+1","Mind Blast+1","Mind Blast+1","CommonCold","CommonCold","CommonCold"],"relics":["Cursed Key","Darkstone Periapt","Du-Vu Doll","Molten Egg 2","Akabeko","CeramicFish","aspiration:StickyExplosives_weak","ReplayTheSpireMod:Lightbulb","Black Star","Happy Flower","Bag of Preparation","War Paint","Frozen Egg 2","Tiny Chest","Bird Faced Urn","Divine Protection","ReplayTheSpireMod:Onyx Gauntlets","Garlic","Dream Catcher","aspiration:HiddenCompartment","PreservedInsect","Turnip","Golden Egg","Calipers","paleoftheancients:Timepiece","paleoftheancients:SoulOfTheWokeBloke","Bottled Tornado"],"acts_visited":["Exordium","TheCity","TheBeyond","TheBeyond"],"potions_floor_usage":[8,16,16,18,33,40],"damage_taken":[{"damage":0,"enemies":"Cultist","floor":1,"turns":2},{"damage":0,"enemies":"2 Louse","floor":2,"turns":2},{"damage":1,"enemies":"Jaw Worm","floor":3,"turns":2},{"damage":10,"enemies":"Looter","floor":5,"turns":2},{"damage":8,"enemies":"Gremlin Gang","floor":6,"turns":3},{"damage":0,"enemies":"Large Slime","floor":7,"turns":3},{"damage":0,"enemies":"Lagavulin","floor":8,"turns":4},{"damage":0,"enemies":"Red Slaver","floor":10,"turns":1},{"damage":0,"enemies":"Gremlin Nob","floor":11,"turns":1},{"damage":3,"enemies":"Replay:BlueRogue","floor":13,"turns":3},{"damage":0,"enemies":"Looter","floor":14,"turns":1},{"damage":49,"enemies":"The Guardian","floor":16,"turns":5},{"damage":10,"enemies":"3 Byrds","floor":18,"turns":2},{"damage":10,"enemies":"2 Thieves","floor":19,"turns":2},{"damage":0,"enemies":"Gremlin Leader","floor":21,"turns":3},{"damage":0,"enemies":"Cultist and Chosen","floor":27,"turns":1},{"damage":0,"enemies":"Replay:Snechameleon","floor":28,"turns":1},{"damage":20,"enemies":"Gremlin Leader","floor":30,"turns":2},{"damage":0,"enemies":"Snake Plant","floor":31,"turns":1},{"damage":11,"enemies":"Champ","floor":33,"turns":6},{"damage":0,"enemies":"3 Shapes","floor":35,"turns":1},{"damage":0,"enemies":"3 Darklings","floor":37,"turns":1},{"damage":0,"enemies":"Transient","floor":38,"turns":5},{"damage":18,"enemies":"Giant Head","floor":40,"turns":4},{"damage":0,"enemies":"Reptomancer","floor":45,"turns":2},{"damage":1,"enemies":"4 Shapes","floor":47,"turns":1},{"damage":0,"enemies":"Maw","floor":48,"turns":3},{"damage":10,"enemies":"Time Eater","floor":50,"turns":2},{"damage":63,"enemies":"Time Eater","floor":51,"turns":3},{"damage":10,"enemies":"Time Eater","floor":52,"turns":2},{"damage":566,"enemies":"Time Eater","floor":56,"turns":6},{"damage":0,"enemies":"paleoftheancients:N","floor":60,"turns":3}],"seed_played":"-5514344210177769252","potions_obtained":[{"floor":1,"key":"DistilledChaos"},{"floor":3,"key":"BlessingOfTheForge"},{"floor":5,"key":"LiquidBronze"},{"floor":10,"key":"PowerPotion"},{"floor":13,"key":"Ambrosia"},{"floor":16,"key":"EssenceOfSteel"},{"floor":19,"key":"BlessingOfTheForge"},{"floor":27,"key":"Fire Potion"},{"floor":31,"key":"Swift Potion"},{"floor":33,"key":"Weak Potion"},{"floor":40,"key":"Explosive Potion"}],"is_trial":false,"path_per_floor":["M","M","M","?","M","M","M","E","T","M","E","$","E","M","R","B",null,"M","M","?","E","$","R","$","R","T","M","E","R","E","M","R","B",null,"M","?","M","M","?","E","R","T","T","R","E","$","M","M","R","B","M","M","?","$","R","M","R","$","?","B",null],"character_chosen":"WATCHER","items_purchased":["FearNoEvil+1","Dramatic Entrance+1","Replay:Sssssssssshield","Ragnarok+1","Bottled Tornado","Mind Blast+1"],"campfire_rested":0,"item_purchase_floors":[12,22,24,46,54,58],"current_hp_per_floor":[72,72,71,89,79,71,71,71,89,89,89,89,86,86,86,55,126,116,106,106,106,106,106,106,106,124,124,124,124,104,104,104,115,162,162,162,162,162,180,164,164,182,200,200,200,200,199,199,199,234,203,215,215,215,215,234,234,234,234,252],"gold":414,"neow_bonus":"","is_daily":true,"chose_seed":false,"campfire_upgraded":10,"win_rate":0.0,"timestamp":1610430548,"path_taken":["M","?","M","?","M","M","M","E","T","M","?","?","E","M","R","BOSS","M","?","?","?","$","R","?","R","T","M","E","R","E","M","R","BOSS","M","?","M","?","?","E","R","?","T","R","?","$","?","M","R","BOSS","M","M","?","$","R","M","R","$","?","BOSS"],"items_purchased_type":["Card","Card","Card","Card","Relic","Card"],"build_version":"2020-12-22","purchased_purges":0,"victory":true,"max_hp_per_floor":[72,72,72,90,90,90,90,90,108,108,108,108,108,108,108,126,126,126,126,126,126,126,126,126,126,144,144,144,144,144,144,144,162,162,162,162,162,162,180,180,180,198,216,216,216,216,216,216,216,234,234,234,234,234,234,234,234,234,234,252],"card_choices":[{"not_picked":["Replay:Battleflow","Wireheading"],"picked":"Replay:BluntJabs","floor":1},{"not_picked":["ClearTheMind","Collect","ForeignInfluence"],"picked":"SKIP","floor":2},{"not_picked":["Evaluate","Wireheading","Consecrate"],"picked":"SKIP","floor":3},{"not_picked":["PathToVictory","LikeWater"],"picked":"FollowUp+1","floor":5},{"not_picked":["Prostrate","Vengeance"],"picked":"FlurryOfBlows+1","floor":6},{"not_picked":["CutThroughFate+1","Protect"],"picked":"Consecrate+1","floor":7},{"not_picked":["Vengeance","Evaluate","Study"],"picked":"SKIP","floor":8},{"not_picked":["Crescendo","Adaptation"],"picked":"Replay:Battleflow","floor":10},{"not_picked":["DevaForm","Study","Protect"],"picked":"SKIP","floor":11},{"not_picked":["EmptyMind","Wireheading","EmptyBody"],"picked":"SKIP","floor":13},{"not_picked":["Evaluate","EmptyMind","FollowUp+1"],"picked":"SKIP","floor":14},{"not_picked":["Alpha","Vault"],"picked":"DevaForm","floor":16},{"not_picked":["FollowUp+1","FlurryOfBlows+1","Protect"],"picked":"SKIP","floor":18},{"not_picked":["Blasphemy","EmptyBody","ThirdEye"],"picked":"SKIP","floor":19},{"not_picked":["CutThroughFate+1","Nirvana","Replay:ManipulateFuture"],"picked":"SKIP","floor":21},{"not_picked":["Consecrate+1","WaveOfTheHand+1","SandsOfTime+1"],"picked":"SKIP","floor":27},{"not_picked":["ReachHeaven+1","PathToVictory","Study+1"],"picked":"SKIP","floor":28},{"not_picked":["BattleHymn+1","Tantrum+1"],"picked":"DeusExMachina","floor":30},{"not_picked":["FlurryOfBlows+1","Replay:AtTheReady","BowlingBash+1"],"picked":"SKIP","floor":31},{"not_picked":["Omniscience","Brilliance+1"],"picked":"LessonLearned+1","floor":33},{"not_picked":["PathToVictory+1","Consecrate+1"],"picked":"Sanctity+1","floor":35},{"not_picked":["EmptyBody","Sanctity+1"],"picked":"Indignation+1","floor":37},{"not_picked":["Replay:BluntJabs+1","Prostrate"],"picked":"ThirdEye+1","floor":38},{"not_picked":["Halt","Replay:AtTheReady+1"],"picked":"WheelKick+1","floor":39},{"not_picked":["Replay:BluntJabs+1","CrushJoints+1"],"picked":"InnerPeace+1","floor":40},{"not_picked":["Pray","FearNoEvil+1","Replay:AtTheReady"],"picked":"SKIP","floor":45},{"not_picked":["Ragnarok+1","Crescendo+1"],"picked":"Halt","floor":47},{"not_picked":["PathToVictory","Evaluate+1","SandsOfTime+1"],"picked":"SKIP","floor":48},{"not_picked":["SashWhip+1","Consecrate+1","EmptyBody"],"picked":"SKIP","floor":51},{"not_picked":["ForeignInfluence","Replay:Anticipation","EmptyFist+1"],"picked":"SKIP","floor":52}],"player_experience":948315,"relics_obtained":[{"floor":8,"key":"Akabeko"},{"floor":9,"key":"CeramicFish"},{"floor":11,"key":"aspiration:StickyExplosives_weak"},{"floor":13,"key":"ReplayTheSpireMod:Lightbulb"},{"floor":21,"key":"Happy Flower"},{"floor":21,"key":"Bag of Preparation"},{"floor":26,"key":"War Paint"},{"floor":28,"key":"Frozen Egg 2"},{"floor":28,"key":"Tiny Chest"},{"floor":30,"key":"Bird Faced Urn"},{"floor":30,"key":"Divine Protection"},{"floor":39,"key":"Garlic"},{"floor":40,"key":"Dream Catcher"},{"floor":40,"key":"aspiration:HiddenCompartment"},{"floor":42,"key":"PreservedInsect"},{"floor":43,"key":"Turnip"},{"floor":45,"key":"Golden Egg"},{"floor":45,"key":"Calipers"},{"floor":51,"key":"paleoftheancients:SoulOfTheWokeBloke"}],"event_choices":[{"damage_healed":0,"gold_gain":0,"player_choice":"Bet on Murderer","damage_taken":0,"max_hp_gain":0,"max_hp_loss":0,"event_name":"The Joust","floor":20,"gold_loss":50},{"damage_healed":0,"gold_gain":100,"player_choice":"Pray","damage_taken":0,"max_hp_gain":0,"max_hp_loss":0,"event_name":"Golden Shrine","floor":36,"gold_loss":0}],"is_beta":false,"boss_relics":[{"not_picked":["aspiration:RunicSpoon","Ring of Chaos"],"picked":"Black Star"},{"not_picked":["VioletLotus","Runic Dome"],"picked":"ReplayTheSpireMod:Onyx Gauntlets"}],"items_purged_floors":[],"is_endless":false,"potions_floor_spawned":[1,3,5,10,13,16,19,27,28,31,33,37,40,45,56],"ascension_level":0}}