{"host":"ymn6un3ro3vi042j","time":1610479495,"event":{"mods":["AchievementEnabler","BaseMod","Better Third Choice","BetterRewards","Colored Powertips","DeckTracker","Googly Eyes","Minty Spire (QoL Compilation)","Rare Cards Sparkle","StSLib","everything is the same but u backflip on backflip"],"gold_per_floor":[112,112,122,134,147,147,182,182,182,203,168,168,200,219,219,315,315,329,357,357,327,327],"floor_reached":21,"playtime":3275,"items_purged":[],"score":187,"play_id":"877ce806-59a6-4985-b458-1ceb142a9f53","local_time":"20210112112455","is_ascension_mode":false,"campfire_choices":[{"data":"Entrench","floor":6,"key":"SMITH"},{"floor":8,"key":"REST"},{"floor":12,"key":"REST"},{"floor":15,"key":"REST"}],"circlet_count":0,"master_deck":["Strike_R","Strike_R","Strike_R","Strike_R","Defend_R","Defend_R","Defend_R","Defend_R","Bash","Sever Soul","Anger","Entrench+1","Warcry","Feed","Rage","Cleave","Fire Breathing","Double Tap","CurseOfTheBell","Flame Barrier","Body Slam+1"],"relics":["Velvet Choker","Toy Ornithopter","Eternal Feather","Odd Mushroom","Peace Pipe","Calling Bell","WingedGreaves","Molten Egg 2","Oddly Smooth Stone","Red Mask","Ginger"],"acts_visited":["Exordium","TheCity"],"potions_floor_usage":[16,19],"damage_taken":[{"damage":3,"enemies":"2 Louse","floor":1,"turns":3},{"damage":0,"enemies":"Cultist","floor":3,"turns":3},{"damage":8,"enemies":"Small Slimes","floor":4,"turns":2},{"damage":9,"enemies":"2 Fungi Beasts","floor":5,"turns":3},{"damage":38,"enemies":"Lagavulin","floor":7,"turns":7},{"damage":39,"enemies":"The Mushroom Lair","floor":10,"turns":5},{"damage":38,"enemies":"3 Sentries","floor":13,"turns":9},{"damage":1,"enemies":"3 Louse","floor":14,"turns":3},{"damage":53,"enemies":"Slime Boss","floor":16,"turns":11},{"damage":49,"enemies":"3 Byrds","floor":18,"turns":6},{"damage":37,"enemies":"Masked Bandits","floor":19,"turns":6},{"damage":8,"enemies":"2 Thieves","floor":21,"turns":1}],"seed_played":"2332757529448241834","potions_obtained":[{"floor":1,"key":"PowerPotion"},{"floor":4,"key":"CultistPotion"},{"floor":10,"key":"Block Potion"},{"floor":16,"key":"Weak Potion"},{"floor":18,"key":"BlessingOfTheForge"}],"is_trial":false,"path_per_floor":["M","?","M","M","M","R","E","R","T","?","?","R","E","M","R","B",null,"M","?","?","M"],"character_chosen":"IRONCLAD","items_purchased":[],"campfire_rested":3,"item_purchase_floors":[],"current_hp_per_floor":[77,77,77,69,60,60,22,46,46,10,30,63,25,24,57,9,83,37,8,8,0,0],"gold":327,"neow_bonus":"BOSS_RELIC","is_daily":false,"chose_seed":false,"campfire_upgraded":1,"win_rate":0.0,"timestamp":1610479495,"path_taken":["M","?","?","?","M","R","E","R","T","?","?","R","E","M","R","BOSS","M","?","?","?"],"items_purchased_type":[],"build_version":"2020-12-22","purchased_purges":0,"victory":false,"max_hp_per_floor":[80,80,80,80,80,80,80,80,80,83,83,83,83,83,83,83,83,86,89,89,89,89],"card_choices":[{"not_picked":["Clash","Shrug It Off"],"picked":"Sever Soul","floor":1},{"not_picked":["Reaper","Pommel Strike"],"picked":"Anger","floor":3},{"not_picked":["Dropkick","Armaments"],"picked":"Entrench","floor":4},{"not_picked":["Perfected Strike","Reckless Charge"],"picked":"Warcry","floor":5},{"not_picked":["Whirlwind","Armaments"],"picked":"Feed","floor":7},{"not_picked":["Reckless Charge","Feel No Pain"],"picked":"Rage","floor":10},{"not_picked":["True Grit","Burning Pact"],"picked":"Cleave","floor":13},{"not_picked":["Flex","Perfected Strike"],"picked":"Fire Breathing","floor":14},{"not_picked":["Berserk","Impervious"],"picked":"Double Tap","floor":16},{"not_picked":["Feel No Pain+1","Battle Trance"],"picked":"Flame Barrier","floor":18},{"not_picked":["Twin Strike+1","Cleave+1"],"picked":"Body Slam+1","floor":19}],"player_experience":11751,"relics_obtained":[{"floor":7,"key":"Toy Ornithopter"},{"floor":9,"key":"Eternal Feather"},{"floor":10,"key":"Odd Mushroom"},{"floor":13,"key":"Peace Pipe"},{"floor":17,"key":"WingedGreaves"},{"floor":17,"key":"Molten Egg 2"},{"floor":17,"key":"Oddly Smooth Stone"},{"floor":19,"key":"Red Mask"}],"event_choices":[{"cards_removed":["Strike_R"],"damage_healed":0,"gold_gain":0,"player_choice":"Purged","damage_taken":0,"max_hp_gain":0,"max_hp_loss":0,"event_name":"Purifier","floor":2,"gold_loss":0},{"damage_healed":0,"gold_gain":0,"player_choice":"Fought Mushrooms","damage_taken":0,"max_hp_gain":0,"max_hp_loss":0,"event_name":"Mushrooms","floor":10,"gold_loss":0},{"damage_healed":20,"gold_gain":0,"player_choice":"Healed","damage_taken":0,"max_hp_gain":0,"max_hp_loss":0,"event_name":"The Cleric","floor":11,"gold_loss":35},{"damage_healed":0,"gold_gain":0,"player_choice":"Fought Bandits","damage_taken":0,"max_hp_gain":0,"max_hp_loss":0,"event_name":"Masked Bandits","floor":19,"gold_loss":0},{"damage_healed":0,"gold_gain":0,"player_choice":"Opened","damage_taken":0,"relics_obtained":["Ginger"],"max_hp_gain":0,"max_hp_loss":0,"event_name":"The Mausoleum","floor":20,"gold_loss":0}],"is_beta":false,"boss_relics":[{"not_picked":["Cursed Key","Ectoplasm"],"picked":"Calling Bell"}],"items_purged_floors":[],"is_endless":false,"potions_floor_spawned":[1,4,10,13,16,18],"killed_by":"2 Thieves","ascension_level":0}}