{"host":"BK","time":1610416179,"event":{"mods":["BaseMod","Highlight Path","Minty Spire (QoL Compilation)","StSLib"],"gold_per_floor":[113,127,31,41,91,91,102,102,102,113,113,142,67,97,97,171,171,185,196,196,146,78,78,78],"floor_reached":23,"playtime":789,"items_purged":["Strike_G"],"score":398,"play_id":"e2878a48-71bd-46c5-b01e-6ca7ee51167a","local_time":"20210111184939","is_ascension_mode":true,"campfire_choices":[{"data":"Poisoned Stab","floor":6,"key":"SMITH"},{"data":"Crippling Poison","floor":8,"key":"SMITH"},{"floor":11,"key":"REST"},{"data":"Deadly Poison","floor":15,"key":"SMITH"}],"circlet_count":0,"master_deck":["AscendersBane","Strike_G+1","Strike_G","Strike_G","Strike_G","Defend_G","Defend_G","Defend_G","Defend_G","Defend_G","Survivor","Neutralize+1","Poisoned Stab+1","Deadly Poison+1","Swift Strike","Crippling Poison+1","Backflip","After Image","CurseOfTheBell","Blur+1","Bouncing Flask"],"relics":["WristBlade","InkBottle","Bronze Scales","The Courier","Calling Bell","Omamori","Frozen Egg 2","Turnip","Mango"],"acts_visited":["Exordium","TheCity"],"potions_floor_usage":[14,14,23,23],"damage_taken":[{"damage":1,"enemies":"Cultist","floor":1,"turns":4},{"damage":2,"enemies":"Jaw Worm","floor":2,"turns":4},{"damage":0,"enemies":"2 Louse","floor":4,"turns":2},{"damage":17,"enemies":"2 Fungi Beasts","floor":7,"turns":3},{"damage":0,"enemies":"Exordium Thugs","floor":10,"turns":5},{"damage":12,"enemies":"3 Sentries","floor":12,"turns":8},{"damage":8,"enemies":"Gremlin Nob","floor":14,"turns":3},{"damage":13,"enemies":"Hexaghost","floor":16,"turns":8},{"damage":4,"enemies":"Chosen","floor":18,"turns":5},{"damage":19,"enemies":"Shell Parasite","floor":19,"turns":4},{"damage":47,"enemies":"Gremlin Leader","floor":23,"turns":4}],"seed_played":"1598388450832077530","potions_obtained":[{"floor":10,"key":"Fire Potion"},{"floor":12,"key":"Fire Potion"},{"floor":14,"key":"EssenceOfSteel"},{"floor":16,"key":"SteroidPotion"}],"is_trial":false,"path_per_floor":["M","M","$","M","?","R","M","R","T","M","R","E","$","E","R","B",null,"M","M","?","?","$","E"],"character_chosen":"THE_SILENT","items_purchased":["Swift Strike","Bouncing Flask"],"campfire_rested":1,"item_purchase_floors":[3,22],"current_hp_per_floor":[58,56,56,56,56,56,39,39,39,39,58,46,46,38,38,25,56,52,33,47,47,47,0,0],"gold":78,"neow_bonus":"BOSS_RELIC","is_daily":false,"chose_seed":false,"campfire_upgraded":3,"win_rate":0.0,"timestamp":1610416179,"path_taken":["M","M","$","?","?","R","?","R","T","M","R","E","$","E","R","BOSS","M","?","?","?","$","E"],"items_purchased_type":["Card","Card"],"build_version":"2020-12-18","purchased_purges":1,"victory":false,"max_hp_per_floor":[66,66,66,66,66,66,66,66,66,66,66,66,66,66,66,66,66,66,66,80,80,80,80,80],"card_choices":[{"not_picked":["Flying Knee","Underhanded Strike"],"picked":"Poisoned Stab","floor":1},{"not_picked":["Outmaneuver","Acrobatics"],"picked":"Deadly Poison","floor":2},{"not_picked":["Bane","Underhanded Strike","Distraction"],"picked":"SKIP","floor":4},{"not_picked":["Blade Dance","Quick Slash"],"picked":"Crippling Poison","floor":7},{"not_picked":["Flying Knee","Deflect","Outmaneuver"],"picked":"SKIP","floor":10},{"not_picked":["Dagger Throw","Slice"],"picked":"Backflip","floor":12},{"not_picked":["Underhanded Strike","Poisoned Stab","Quick Slash"],"picked":"SKIP","floor":14},{"not_picked":["A Thousand Cuts","Malaise"],"picked":"After Image","floor":16},{"not_picked":["Finisher","Deflect"],"picked":"Blur+1","floor":18},{"not_picked":["Deflect","Slice","Outmaneuver+1"],"picked":"SKIP","floor":19}],"player_experience":2494343,"relics_obtained":[{"floor":9,"key":"InkBottle"},{"floor":12,"key":"Bronze Scales"},{"floor":14,"key":"The Courier"},{"floor":17,"key":"Omamori"},{"floor":17,"key":"Frozen Egg 2"},{"floor":17,"key":"Turnip"}],"event_choices":[{"damage_healed":0,"gold_gain":50,"player_choice":"Pray","damage_taken":0,"max_hp_gain":0,"max_hp_loss":0,"event_name":"Golden Shrine","floor":5,"gold_loss":0},{"damage_healed":0,"gold_gain":0,"player_choice":"Opened","damage_taken":0,"relics_obtained":["Mango"],"max_hp_gain":0,"max_hp_loss":0,"event_name":"The Mausoleum","floor":20,"gold_loss":0,"cards_obtained":["Writhe"]},{"damage_healed":0,"gold_gain":0,"player_choice":"Upgraded Two","damage_taken":0,"max_hp_gain":0,"max_hp_loss":0,"event_name":"Designer","floor":21,"gold_loss":50,"cards_upgraded":["Neutralize","Strike_G"]}],"is_beta":true,"boss_relics":[{"not_picked":["SlaversCollar","Snecko Eye"],"picked":"Calling Bell"}],"items_purged_floors":[13],"is_endless":false,"potions_floor_spawned":[10,12,14,16,19],"killed_by":"Gremlin Leader","ascension_level":20}}