{"host":"msa0wxqjs3jv1k3j","time":1610440349,"event":{"mods":["AchievementEnabler","BaseMod","BetterRewards","Colored Map","Highlight Path","KOR Keyword Fix","Keyboard Shortcuts","Minty Spire (QoL Compilation)","Quick Restart","SuperFastMode","everything is the same but u backflip on backflip"],"gold_per_floor":[116,131,231,8,21,51,51,77,77,88,163,173,173,185,185,283,283,297,16,16,28,28,28,44,61,141,141,141,170,170,12,12,108,108,126,3,18,33,33,33,45,45,45,62,62,62,80,106,106,106,106],"floor_reached":50,"playtime":2212,"items_purged":["Defend_R","Strike_R"],"score":502,"play_id":"5292bd8e-92a2-4641-89b7-d02110f75be7","local_time":"20210112173229","is_ascension_mode":false,"campfire_choices":[{"data":"Body Slam","floor":13,"key":"SMITH"},{"data":"Bash","floor":15,"key":"SMITH"},{"data":"Forethought","floor":23,"key":"SMITH"},{"data":"Seeing Red","floor":27,"key":"SMITH"},{"data":"Flame Barrier","floor":30,"key":"SMITH"},{"data":"Enlightenment","floor":32,"key":"SMITH"},{"data":"Offering","floor":40,"key":"SMITH"},{"data":"Armaments","floor":42,"key":"SMITH"},{"data":"Sadistic Nature","floor":46,"key":"SMITH"},{"floor":49,"key":"REST"}],"circlet_count":0,"master_deck":["Strike_R","Strike_R","Defend_R","Defend_R","Bash+1","Sadistic Nature+1","Twin Strike","Flame Barrier+1","Ghostly Armor","Sword Boomerang","Seeing Red+1","Body Slam+1","Offering+1","Berserk+1","Pommel Strike+1","Finesse","Forethought+1","Cleave+1","Headbutt+1","Necronomicurse","Juggernaut+1","Enlightenment+1","Berserk+1","Dark Embrace+1","Clash+1","Combust+1","Shrug It Off","Clothesline+1","Armaments+1","Body Slam+1","Pommel Strike+1","Exhume","Iron Wave+1"],"relics":["Burning Blood","Champion Belt","Blood Vial","Thread and Needle","Bag of Marbles","Frozen Egg 2","Omamori","The Courier","Calling Bell","MealTicket","Letter Opener","CaptainsWheel","Molten Egg 2","Tiny Chest","Bottled Lightning","Necronomicon","Bronze Scales","Astrolabe","Toolbox","Self Forming Clay","Meat on the Bone","Dream Catcher"],"acts_visited":["Exordium","TheCity","TheBeyond"],"potions_floor_usage":[6,16,29,33,33,47,48,50],"damage_taken":[{"damage":6,"enemies":"Jaw Worm","floor":1,"turns":5},{"damage":0,"enemies":"Cultist","floor":2,"turns":3},{"damage":1,"enemies":"2 Louse","floor":5,"turns":2},{"damage":11,"enemies":"Gremlin Nob","floor":6,"turns":5},{"damage":6,"enemies":"3 Sentries","floor":8,"turns":10},{"damage":0,"enemies":"Looter","floor":10,"turns":3},{"damage":1,"enemies":"Lots of Slimes","floor":12,"turns":4},{"damage":1,"enemies":"3 Louse","floor":14,"turns":4},{"damage":27,"enemies":"Hexaghost","floor":16,"turns":13},{"damage":10,"enemies":"Spheric Guardian","floor":18,"turns":6},{"damage":26,"enemies":"Chosen","floor":21,"turns":6},{"damage":13,"enemies":"3 Cultists","floor":24,"turns":6},{"damage":14,"enemies":"Centurion and Healer","floor":25,"turns":5},{"damage":24,"enemies":"Book of Stabbing","floor":29,"turns":5},{"damage":71,"enemies":"Champ","floor":33,"turns":10},{"damage":20,"enemies":"3 Shapes","floor":35,"turns":3},{"damage":8,"enemies":"Orb Walker","floor":37,"turns":3},{"damage":36,"enemies":"Spire Growth","floor":38,"turns":4},{"damage":13,"enemies":"4 Shapes","floor":41,"turns":3},{"damage":41,"enemies":"Jaw Worm Horde","floor":44,"turns":5},{"damage":22,"enemies":"3 Darklings","floor":47,"turns":5},{"damage":27,"enemies":"Reptomancer","floor":48,"turns":5},{"damage":56,"enemies":"Donu and Deca","floor":50,"turns":5}],"seed_played":"-4284146907967099969","potions_obtained":[{"floor":1,"key":"HeartOfIron"},{"floor":5,"key":"FairyPotion"},{"floor":6,"key":"Fruit Juice"},{"floor":18,"key":"BloodPotion"},{"floor":24,"key":"Regen Potion"},{"floor":29,"key":"Energy Potion"},{"floor":37,"key":"FearPotion"},{"floor":41,"key":"SpeedPotion"},{"floor":47,"key":"Weak Potion"}],"is_trial":false,"path_per_floor":["M","M","?","$","M","E","$","E","T","M","?","M","R","M","R","B",null,"M","$","?","M","?","R","M","M","T","R","?","E","R","$","R","B",null,"M","$","M","M","$","R","M","R","T","M","T","R","M","E","R","B"],"character_chosen":"IRONCLAD","items_purchased":["Champion Belt","Blood Vial","Sadistic Nature","Bag of Marbles","Finesse","Molten Egg 2","Enlightenment","Toolbox"],"campfire_rested":1,"item_purchase_floors":[0,0,0,4,19,19,31,36],"current_hp_per_floor":[80,80,80,80,80,80,80,82,82,85,74,81,81,85,85,64,85,81,85,85,65,65,65,60,54,54,54,38,34,34,49,49,31,85,71,85,83,55,70,70,65,65,65,32,32,32,30,23,48,0,0],"gold":106,"neow_bonus":"","is_daily":false,"chose_seed":false,"campfire_upgraded":9,"win_rate":0.0,"timestamp":1610440349,"path_taken":["M","M","?","?","?","E","$","E","T","M","?","M","R","M","R","BOSS","M","$","?","?","?","R","M","M","T","R","?","E","R","?","R","BOSS","M","$","M","?","$","R","M","R","T","M","?","R","M","E","R","BOSS"],"items_purchased_type":["Relic","Relic","Card","Relic","Card","Relic","Card","Relic"],"build_version":"2020-12-22","purchased_purges":2,"victory":false,"max_hp_per_floor":[80,80,80,80,80,85,85,85,85,85,85,85,85,85,85,85,85,85,85,85,85,85,85,85,85,85,85,85,85,85,85,85,85,85,85,85,85,85,85,85,85,85,85,85,85,85,85,85,85,85,85],"card_choices":[{"not_picked":["Body Slam","Wild Strike"],"picked":"Twin Strike","floor":1},{"not_picked":["Sever Soul","Cleave"],"picked":"Flame Barrier","floor":2},{"not_picked":["Ghostly Armor","Twin Strike","Sentinel"],"picked":"SKIP","floor":5},{"not_picked":["Twin Strike","Sentinel"],"picked":"Ghostly Armor","floor":5},{"not_picked":["Sentinel","Spot Weakness"],"picked":"Sword Boomerang","floor":6},{"not_picked":["Rampage","Warcry"],"picked":"Seeing Red","floor":8},{"not_picked":["Hemokinesis","Sword Boomerang","True Grit"],"picked":"SKIP","floor":10},{"not_picked":["Fire Breathing+1","Seeing Red"],"picked":"Body Slam","floor":12},{"not_picked":["Power Through","Flame Barrier"],"picked":"Offering","floor":14},{"not_picked":["Brutality+1","Corruption+1"],"picked":"Berserk+1","floor":16},{"not_picked":["Evolve+1","Pummel"],"picked":"Pommel Strike+1","floor":18},{"not_picked":["Whirlwind+1","Blood for Blood+1","Second Wind"],"picked":"SKIP","floor":21},{"not_picked":["Sword Boomerang+1","Shockwave"],"picked":"Cleave+1","floor":24},{"not_picked":["Rupture+1","Heavy Blade+1"],"picked":"Headbutt+1","floor":25},{"not_picked":["Power Through","Body Slam+1"],"picked":"Juggernaut+1","floor":29},{"not_picked":["Feed+1","Exhume"],"picked":"Berserk+1","floor":33},{"not_picked":["Thunderclap+1","Flex+1"],"picked":"Shrug It Off","floor":35},{"not_picked":["Sword Boomerang+1","Dark Embrace+1"],"picked":"Clothesline+1","floor":37},{"not_picked":["Dual Wield","Feel No Pain+1","Warcry"],"picked":"SKIP","floor":38},{"not_picked":["Anger+1","Blood for Blood+1"],"picked":"Armaments","floor":41},{"not_picked":["Perfected Strike+1","Heavy Blade+1"],"picked":"Body Slam+1","floor":44},{"not_picked":["Ghostly Armor+1","Sword Boomerang+1"],"picked":"Pommel Strike+1","floor":47},{"not_picked":["Armaments+1","Cleave+1"],"picked":"Exhume","floor":48},{"not_picked":["True Grit+1","Hemokinesis+1"],"picked":"Iron Wave+1","floor":49}],"player_experience":86552,"relics_obtained":[{"floor":6,"key":"Frozen Egg 2"},{"floor":8,"key":"Omamori"},{"floor":9,"key":"The Courier"},{"floor":17,"key":"MealTicket"},{"floor":17,"key":"Letter Opener"},{"floor":17,"key":"CaptainsWheel"},{"floor":26,"key":"Bottled Lightning"},{"floor":28,"key":"Necronomicon"},{"floor":29,"key":"Bronze Scales"},{"floor":43,"key":"Self Forming Clay"},{"floor":45,"key":"Meat on the Bone"},{"floor":48,"key":"Dream Catcher"}],"event_choices":[{"damage_healed":0,"gold_gain":100,"player_choice":"Pray","damage_taken":0,"max_hp_gain":0,"max_hp_loss":0,"event_name":"Golden Shrine","floor":3,"gold_loss":0},{"damage_healed":0,"gold_gain":75,"player_choice":"Gather Gold","damage_taken":11,"max_hp_gain":0,"max_hp_loss":0,"event_name":"World of Goop","floor":11,"gold_loss":0},{"damage_healed":0,"gold_gain":0,"player_choice":"1 cards matched","damage_taken":0,"max_hp_gain":0,"max_hp_loss":0,"event_name":"Match and Keep!","floor":20,"gold_loss":0,"cards_obtained":["Forethought"]},{"damage_healed":0,"gold_gain":0,"player_choice":"Stole Relic","damage_taken":0,"relics_obtained":["Tiny Chest"],"max_hp_gain":0,"max_hp_loss":0,"event_name":"Addict","floor":22,"gold_loss":0,"cards_obtained":["Shame"]},{"damage_healed":0,"gold_gain":0,"player_choice":"Obtained Book","damage_taken":16,"max_hp_gain":0,"max_hp_loss":0,"event_name":"Cursed Tome","floor":28,"gold_loss":0}],"is_beta":false,"boss_relics":[{"not_picked":["Philosopher\u0027s Stone","Snecko Eye"],"picked":"Calling Bell"},{"not_picked":["Mark of Pain","Runic Dome"],"picked":"Astrolabe"}],"items_purged_floors":[4,31],"is_endless":false,"potions_floor_spawned":[1,5,6,18,24,25,29,37,41,47],"killed_by":"Donu and Deca","ascension_level":0}}