{"host":"x21cvmfdo17nyhii","time":1610490970,"event":{"mods":["AchievementEnabler","BaseMod","Colored Map","Colored Powertips","DeckTracker","Highlight Path","Minty Spire (QoL Compilation)","Quick Restart","Rare Cards Sparkle","SuperFastMode"],"gold_per_floor":[112,130,145,165,165,165,175,175,199,210,21,36,10,27,27,123,173,192,69,69,82,82,82,82,82],"floor_reached":24,"language":"ENG","playtime":1037,"items_purged":["Strike_R","Strike_R"],"score":263,"play_id":"2886e5b8-8e12-4ccd-abee-8a5cafcc310e","local_time":"20210112143610","is_ascension_mode":true,"campfire_choices":[{"data":"Clash","floor":6.0,"key":"SMITH"},{"data":"Bash","floor":8.0,"key":"SMITH"},{"data":"Armaments","floor":15.0,"key":"SMITH"},{"data":"Anger","floor":23.0,"key":"SMITH"}],"circlet_count":0,"master_deck":["Defend_R+1","Defend_R","Defend_R","Bash+1","Clash+1","Warcry","Armaments+1","Warcry","Anger+1","Shrug It Off","Bite","Bite","Bite","Bite","Bite","Shame"],"relics":["Burning Blood","Anchor","Membership Card","Tiny House","Akabeko","Happy Flower"],"acts_visited":["TheCity"],"potions_floor_usage":[24,24],"damage_taken":[{"damage":10.0,"enemies":"2 Louse","floor":1.0,"turns":3.0},{"damage":1.0,"enemies":"Cultist","floor":2.0,"turns":3.0},{"damage":7.0,"enemies":"Jaw Worm","floor":3.0,"turns":3.0},{"damage":7.0,"enemies":"Looter","floor":4.0,"turns":3.0},{"damage":11.0,"enemies":"Lots of Slimes","floor":7.0,"turns":5.0},{"damage":4.0,"enemies":"3 Louse","floor":10.0,"turns":4.0},{"damage":7.0,"enemies":"Exordium Wildlife","floor":12.0,"turns":4.0},{"damage":0.0,"enemies":"Blue Slaver","floor":14.0,"turns":3.0},{"damage":58.0,"enemies":"Slime Boss","floor":16.0,"turns":13.0},{"damage":28.0,"enemies":"Spheric Guardian","floor":18.0,"turns":4.0},{"damage":5.0,"enemies":"2 Thieves","floor":21.0,"turns":5.0},{"damage":77,"enemies":"Gremlin Leader","floor":24,"turns":8}],"seed_played":"-8536772420128575912","potions_obtained":[{"floor":1.0,"key":"EssenceOfSteel"},{"floor":2.0,"key":"DuplicationPotion"},{"floor":7.0,"key":"ElixirPotion"},{"floor":10.0,"key":"Weak Potion"},{"floor":16.0,"key":"SpeedPotion"},{"floor":17.0,"key":"CultistPotion"},{"floor":21.0,"key":"SpeedPotion"}],"is_trial":false,"path_per_floor":["M","M","M","M","?","R","M","R","T","M","$","M","$","M","R","B",null,"M","$","?","M","?","R","E"],"character_chosen":"IRONCLAD","items_purchased":["Membership Card","Armaments","Akabeko"],"campfire_rested":0,"item_purchase_floors":[11,13,19],"current_hp_per_floor":[76,80,79,79,79,79,75,75,75,79,79,79,79,80,80,28,72,52,52,52,62,62,62,12,12],"gold":82,"neow_bonus":"RANDOM_COMMON_RELIC","is_daily":false,"chose_seed":false,"campfire_upgraded":4,"win_rate":0.0,"timestamp":1610490970,"path_taken":["M","M","M","M","?","R","M","R","T","M","$","M","$","M","R","BOSS","M","$","?","M","?","R","E"],"items_purchased_type":["Relic","Card","Relic"],"build_version":"2020-12-22","purchased_purges":2,"victory":false,"max_hp_per_floor":[80,80,80,80,80,80,80,80,80,80,80,80,80,80,80,80,85,85,85,85,85,85,85,85,85],"card_choices":[{"not_picked":["Intimidate","Heavy Blade"],"picked":"Clash","floor":1.0},{"not_picked":["Uppercut","Ghostly Armor","Burning Pact"],"picked":"SKIP","floor":2.0},{"not_picked":["Dual Wield","Heavy Blade","Inflame"],"picked":"SKIP","floor":3.0},{"not_picked":["Burning Pact","Flex","Infernal Blade"],"picked":"SKIP","floor":4.0},{"not_picked":["Flame Barrier","Rupture","Entrench"],"picked":"SKIP","floor":7.0},{"not_picked":["Flex","Double Tap","Spot Weakness"],"picked":"SKIP","floor":10.0},{"not_picked":["Rupture","Rampage"],"picked":"Warcry","floor":12.0},{"not_picked":["Sword Boomerang","Uppercut"],"picked":"Warcry","floor":14.0},{"not_picked":["Flame Barrier","Warcry"],"picked":"Anger","floor":17.0},{"not_picked":["Burning Pact","Havoc"],"picked":"Shrug It Off","floor":18.0},{"not_picked":["Body Slam","Anger","Searing Blow"],"picked":"SKIP","floor":21.0}],"player_experience":317614,"relics_obtained":[{"floor":9.0,"key":"Anchor"}],"event_choices":[{"cards_removed":["Defend_R"],"damage_healed":0.0,"max_hp_gain":0.0,"max_hp_loss":0.0,"gold_gain":0.0,"event_name":"Bonfire Elementals","player_choice":"Offered Basic","floor":5.0,"gold_loss":0.0,"damage_taken":0.0},{"damage_healed":0.0,"max_hp_gain":0.0,"max_hp_loss":0.0,"gold_gain":0.0,"event_name":"Vampires","player_choice":"Became a vampire (Vial)","floor":20.0,"relics_lost":["Blood Vial"],"gold_loss":0.0,"damage_taken":0.0,"cards_obtained":["Bite","Bite","Bite","Bite","Bite"]},{"damage_healed":0.0,"max_hp_gain":0.0,"max_hp_loss":0.0,"gold_gain":0.0,"event_name":"Addict","player_choice":"Stole Relic","floor":22.0,"gold_loss":0.0,"damage_taken":0.0,"relics_obtained":["Happy Flower"],"cards_obtained":["Shame"]}],"is_beta":false,"boss_relics":[{"not_picked":["Calling Bell","Pandora\u0027s Box"],"picked":"Tiny House"}],"items_purged_floors":[11,19],"is_endless":false,"potions_floor_spawned":[1,2,7,10,14,16,21],"killed_by":"Gremlin Leader","ascension_level":5}}