{"host":"yfjdi361m7pxsbqz","time":1610472692,"event":{"mods":["BaseMod","Minty Spire (QoL Compilation)","StSLib","SuperFastMode","The Hierophant"],"gold_per_floor":[114,114,84,9,24,24,36,36,114,114,130,144,162,179,179,282,282,293,313,134,150,184,28,28,39,64,84,84,9,21,21,21,119,119,136,147,147,160,110,128,128,141,141,13,48,48,48,98,98,98],"floor_reached":51,"playtime":2375,"items_purged":["Strike_G","Defend_G","Defend_G","Strike_G"],"score":883,"play_id":"ee2762fa-1906-4ae8-9d5e-4668210b9522","local_time":"20210113023132","is_ascension_mode":true,"campfire_choices":[{"floor":6.0,"key":"REST"},{"data":"Neutralize","floor":8.0,"key":"SMITH"},{"data":"After Image","floor":10.0,"key":"SMITH"},{"data":"Blade Dance","floor":15.0,"key":"SMITH"},{"floor":24,"key":"REST"},{"data":"Prepared","floor":28,"key":"SMITH"},{"data":"Expertise","floor":32,"key":"SMITH"},{"data":"Adrenaline","floor":41,"key":"SMITH"},{"data":"Grand Finale","floor":49,"key":"SMITH"}],"circlet_count":0,"master_deck":["Strike_G","Strike_G","Defend_G","Defend_G","Defend_G","Survivor","Neutralize+1","After Image+1","Prepared+1","Blade Dance+1","Acrobatics","Grand Finale+1","Backflip","Infinite Blades+1","Well Laid Plans+1","Expertise+1","Adrenaline+1","Footwork+1","After Image+1"],"relics":["Ring of the Snake","Frozen Egg 2","Ninja Scroll","WristBlade","Red Mask","Tiny Chest","Gambling Chip","SlaversCollar","Smiling Mask","Strawberry","Pantograph","Singing Bowl","The Specimen"],"acts_visited":["Exordium","TheCity","TheBeyond"],"potions_floor_usage":[16,16,25,50,50],"damage_taken":[{"damage":13.0,"enemies":"Small Slimes","floor":1.0,"turns":6.0},{"damage":7.0,"enemies":"Jaw Worm","floor":5.0,"turns":7.0},{"damage":0.0,"enemies":"Cultist","floor":7.0,"turns":4.0},{"damage":3.0,"enemies":"Gremlin Gang","floor":11.0,"turns":5.0},{"damage":12.0,"enemies":"Large Slime","floor":12.0,"turns":10.0},{"damage":5.0,"enemies":"Exordium Thugs","floor":13.0,"turns":4.0},{"damage":2.0,"enemies":"2 Fungi Beasts","floor":14.0,"turns":4.0},{"damage":12,"enemies":"Hexaghost","floor":16,"turns":10},{"damage":2,"enemies":"Spheric Guardian","floor":18,"turns":3},{"damage":0,"enemies":"3 Byrds","floor":19,"turns":6},{"damage":25,"enemies":"Snake Plant","floor":21,"turns":5},{"damage":3,"enemies":"Masked Bandits","floor":22,"turns":4},{"damage":0,"enemies":"Centurion and Healer","floor":25,"turns":5},{"damage":3,"enemies":"Snecko","floor":27,"turns":3},{"damage":8,"enemies":"Cultist and Chosen","floor":30,"turns":5},{"damage":10,"enemies":"Automaton","floor":33,"turns":5},{"damage":1,"enemies":"Orb Walker","floor":35,"turns":3},{"damage":2,"enemies":"3 Darklings","floor":36,"turns":4},{"damage":0,"enemies":"Jaw Worm Horde","floor":38,"turns":4},{"damage":5,"enemies":"Spire Growth","floor":40,"turns":3},{"damage":1,"enemies":"4 Shapes","floor":42,"turns":2},{"damage":0,"enemies":"Nemesis","floor":45,"turns":4},{"damage":4,"enemies":"Mind Bloom Boss Battle","floor":48,"turns":3},{"damage":19,"enemies":"Awakened One","floor":50,"turns":9}],"seed_played":"3228697429830159813","potions_obtained":[{"floor":3.0,"key":"CultistPotion"},{"floor":3.0,"key":"SkillPotion"},{"floor":5.0,"key":"Weak Potion"},{"floor":14.0,"key":"Regen Potion"},{"floor":21,"key":"FairyPotion"},{"floor":22,"key":"Fruit Juice"},{"floor":27,"key":"Fire Potion"}],"is_trial":false,"path_per_floor":["M","?","?","$","M","R","M","R","T","R","M","M","M","M","R","B",null,"M","M","$","M","?","$","R","M","T","M","R","?","M","T","R","B",null,"M","M","T","M","$","M","R","M","T","$","E","T","$","?","R","B",null],"character_chosen":"THE_SILENT","items_purchased":["Infinite Blades+1","Well Laid Plans+1","Expertise","Footwork+1"],"campfire_rested":2,"item_purchase_floors":[20,23,23,44],"current_hp_per_floor":[36,29,29,29,22,43,43,43,43,43,40,28,23,21,21,24,59,57,57,57,32,29,29,50,55,55,52,52,52,44,44,44,34,65,64,62,62,62,62,57,57,56,63,63,63,63,63,78,78,63],"gold":98,"neow_bonus":"THREE_RARE_CARDS","is_daily":false,"chose_seed":false,"campfire_upgraded":7,"win_rate":0.0,"timestamp":1610472692,"path_taken":["M","?","?","$","M","R","M","R","T","R","M","?","?","M","R","BOSS","M","M","$","?","?","?","R","M","T","M","R","?","M","?","R","BOSS","M","?","?","?","$","?","R","M","T","?","E","?","$","?","R","BOSS"],"items_purchased_type":["Card","Card","Card","Card"],"build_version":"2020-12-22","purchased_purges":4,"victory":true,"max_hp_per_floor":[70,70,70,70,70,70,70,70,70,70,70,70,70,70,70,70,70,70,70,70,70,70,70,70,75,75,75,75,75,75,75,75,75,75,75,75,75,75,75,75,75,75,82,82,82,82,82,82,82,82],"card_choices":[{"not_picked":["Tools of the Trade","Die Die Die"],"picked":"After Image","floor":0.0},{"not_picked":["Deadly Poison","Slice"],"picked":"Prepared","floor":1.0},{"not_picked":["Infinite Blades+1","Prepared"],"picked":"Blade Dance","floor":5.0},{"not_picked":["Underhanded Strike","Blade Dance","Dagger Throw"],"picked":"SKIP","floor":7.0},{"not_picked":["Dodge and Roll","Slice","Accuracy+1"],"picked":"SKIP","floor":11.0},{"not_picked":["Choke","Bouncing Flask","Prepared"],"picked":"SKIP","floor":12.0},{"not_picked":["Caltrops+1","Quick Slash"],"picked":"Acrobatics","floor":13.0},{"not_picked":["Flying Knee","Infinite Blades+1","Escape Plan"],"picked":"SKIP","floor":14.0},{"not_picked":["Adrenaline","Envenom+1"],"picked":"Grand Finale","floor":16},{"not_picked":["All Out Attack","Prepared"],"picked":"Backflip","floor":18},{"not_picked":["Cloak And Dagger","Catalyst","Sucker Punch"],"picked":"SKIP","floor":19},{"not_picked":["Quick Slash+1","Flechettes+1","Masterful Stab"],"picked":"SKIP","floor":21},{"not_picked":["Phantasmal Killer","Prepared","Slice+1"],"picked":"SKIP","floor":25},{"not_picked":["Noxious Fumes+1","Underhanded Strike+1","Sucker Punch"],"picked":"SKIP","floor":27},{"not_picked":["Setup","PiercingWail+1","Blur+1"],"picked":"SKIP","floor":30},{"not_picked":["Burst","Unload"],"picked":"Adrenaline","floor":33},{"not_picked":["PiercingWail","Deflect+1","Setup+1"],"picked":"SKIP","floor":35},{"not_picked":["Skewer+1","Accuracy+1","Quick Slash+1"],"picked":"SKIP","floor":36},{"not_picked":["Quick Slash","Blade Dance+1","Choke"],"picked":"SKIP","floor":38},{"not_picked":["Dagger Throw+1","Expertise+1","Infinite Blades+1"],"picked":"SKIP","floor":40},{"not_picked":["Outmaneuver","Phantasmal Killer","PiercingWail"],"picked":"SKIP","floor":42},{"not_picked":["Dagger Spray+1","Outmaneuver+1","Slice+1"],"picked":"SKIP","floor":45},{"not_picked":["Catalyst+1","Acrobatics+1"],"picked":"After Image+1","floor":48}],"player_experience":221476,"relics_obtained":[{"floor":9.0,"key":"Ninja Scroll"},{"floor":22,"key":"Red Mask"},{"floor":26,"key":"Tiny Chest"},{"floor":31,"key":"Gambling Chip"},{"floor":37,"key":"Smiling Mask"},{"floor":43,"key":"Strawberry"},{"floor":45,"key":"Pantograph"},{"floor":46,"key":"Singing Bowl"},{"floor":48,"key":"The Specimen"}],"event_choices":[{"damage_healed":0.0,"max_hp_gain":0.0,"max_hp_loss":0.0,"gold_gain":0.0,"event_name":"Scrap Ooze","player_choice":"Success","floor":2.0,"gold_loss":0.0,"damage_taken":7.0,"relics_obtained":["Frozen Egg 2"]},{"damage_healed":0.0,"max_hp_gain":0.0,"max_hp_loss":0.0,"gold_gain":0.0,"event_name":"The Woman in Blue","player_choice":"Bought 2 Potions","floor":3.0,"gold_loss":0.0,"damage_taken":0.0},{"damage_healed":0,"gold_gain":0,"player_choice":"Fought Bandits","damage_taken":0,"max_hp_gain":0,"max_hp_loss":0,"event_name":"Masked Bandits","floor":22,"gold_loss":0},{"cards_removed":["Strike_G"],"damage_healed":0,"gold_gain":0,"player_choice":"Gave Gold","damage_taken":0,"max_hp_gain":0,"max_hp_loss":0,"event_name":"Beggar","floor":29,"gold_loss":75},{"damage_healed":0,"gold_gain":0,"player_choice":"Fight","damage_taken":0,"max_hp_gain":0,"max_hp_loss":0,"event_name":"MindBloom","floor":48,"gold_loss":0}],"is_beta":false,"boss_relics":[{"not_picked":["Snecko Eye","Pandora\u0027s Box"],"picked":"WristBlade"},{"not_picked":["Philosopher\u0027s Stone","Black Star"],"picked":"SlaversCollar"}],"items_purged_floors":[4,20,39,44],"is_endless":false,"potions_floor_spawned":[5,13,14,21,22,27,33,35,38,42],"ascension_level":5}}