{"host":"ue3qa4y58fiwdsvn","time":1610482979,"event":{"mods":["BaseMod","BetterRewards","Colored Map","Colored Powertips","Downfall","Friendly Minions","Hubris","Infinite Spire","Minty Spire (QoL Compilation)","MostiFishMod","Replay The Spire","Shop Mod","Spicy Shops","StSLib","The Bug Knight","The Construct","The Cursed","The Gatherer","UnlockEverythingMod","vexMod"],"gold_per_floor":[109,109,109,126,139,139,139,139,162,162,176,376,393,403,403,504,504,524,544,544,554,574,574,605,622,703,703,738,738,738,738,738,833,1499,1509,1509,1521,971,988,988,1000,1020,1020,1044,1060,1060,570,570,570,570],"floor_reached":51,"language":"ZHS","playtime":1007,"items_purged":["HollowMod:QuickDashStart","ReplayTheSpireMod:Splinters","HollowMod:QuickDashStart"],"score":829,"play_id":"26b82818-06d3-4a7a-905c-e29064aa1c11","local_time":"20210113042259","is_ascension_mode":false,"campfire_choices":[{"data":"MostiFishMod:Mottled","floor":6,"key":"SMITH"},{"data":"MostiFishMod:Mottled+2","floor":8,"key":"SMITH"},{"data":"MostiFishMod:Mottled+3","floor":10,"key":"SMITH"},{"data":"MostiFishMod:Mottled+4","floor":15,"key":"SMITH"},{"data":"MostiFishMod:Mottled+5","floor":23,"key":"SMITH"},{"data":"MostiFishMod:Mottled+6","floor":27,"key":"SMITH"},{"data":"MostiFishMod:Mottled+7","floor":29,"key":"SMITH"},{"data":"MostiFishMod:Mottled+8","floor":32,"key":"SMITH"},{"data":"MostiFishMod:Mottled+9","floor":40,"key":"SMITH"},{"data":"MostiFishMod:Mottled+10","floor":46,"key":"SMITH"},{"data":"1","floor":49,"key":"LIFT"}],"circlet_count":0,"master_deck":["HollowMod:NailStrikeStart","HollowMod:NailStrikeStart","HollowMod:NailStrikeStart","HollowMod:QuickDashStart+1","HollowMod:QuickDashStart+1","HollowMod:FocusHealStart","HollowMod:PogoStrike","MostiFishMod:Mottled+12","HollowMod:MantisMark","HollowMod:MantisMark","HollowMod:SlysStrikes","HollowMod:MantisMark","HollowMod:GrimmsGift+1"],"relics":["HollowMod:VesselMask","DaveBox","CombinedTypeHook","Blood Vial","SynthV:TestCard","War Paint","PatriotShield","hubris:Icosahedron","Girya","hubris:SphereOfDissonance","hubris:Towel","vexMod:RockOfEvil","infinitespire:Magic Flask","vexMod:Spyglass","Smiling Mask","construct:RocketBooster","Replay:Baseball"],"acts_visited":["Exordium","TheCity","TheBeyond"],"potions_floor_usage":[16],"damage_taken":[{"damage":8,"enemies":"Jaw Worm","floor":1,"turns":4},{"damage":6,"enemies":"2 Louse","floor":4,"turns":2},{"damage":0,"enemies":"Small Slimes","floor":5,"turns":2},{"damage":0,"enemies":"3 Louse","floor":11,"turns":1},{"damage":0,"enemies":"Looter","floor":13,"turns":1},{"damage":0,"enemies":"Gremlin Gang","floor":14,"turns":1},{"damage":7,"enemies":"The Guardian","floor":16,"turns":3},{"damage":0,"enemies":"Chosen","floor":18,"turns":1},{"damage":0,"enemies":"Spheric Guardian","floor":19,"turns":1},{"damage":0,"enemies":"Chosen and Byrds","floor":21,"turns":1},{"damage":0,"enemies":"3 Cultists","floor":22,"turns":1},{"damage":0,"enemies":"Nightmare","floor":24,"turns":1},{"damage":0,"enemies":"Snake Plant","floor":25,"turns":1},{"damage":0,"enemies":"HollowMod:Nosk","floor":28,"turns":1},{"damage":0,"enemies":"hubris:MusketHawk","floor":33,"turns":1},{"damage":0,"enemies":"Orb Walker","floor":35,"turns":1},{"damage":0,"enemies":"3 Shapes","floor":37,"turns":1},{"damage":0,"enemies":"Jaw Worm Horde","floor":39,"turns":1},{"damage":0,"enemies":"Writhing Mass","floor":41,"turns":1},{"damage":0,"enemies":"Transient","floor":42,"turns":2},{"damage":0,"enemies":"Sphere and 2 Shapes","floor":45,"turns":1},{"damage":15,"enemies":"infinitespire:MassOfShapes","floor":50,"turns":1}],"seed_played":"6032534939529224229","potions_obtained":[{"floor":1,"key":"PowerPotion"},{"floor":5,"key":"LiquidBronze"},{"floor":14,"key":"Elixir"},{"floor":22,"key":"DistilledChaos"},{"floor":24,"key":"Fruit Juice"}],"is_trial":false,"path_per_floor":["M","?","?","M","M","R","?","R","T","R","M","?","M","M","R","B",null,"M","M","?","M","M","R","NM","M","T","R","E","R","?","?","R_BF","B",null,"M","?","M","$","M","R","M","M","T","T","M","R","$","?","R_BF","B",null],"character_chosen":"THE_BUGKNIGHT","items_purchased":["MostiFishMod:Mottled","Blood Vial","infinitespire:Magic Flask","vexMod:Spyglass","construct:RocketBooster","Replay:Baseball"],"campfire_rested":0,"item_purchase_floors":[0,0,38,38,47,47],"current_hp_per_floor":[40,33,40,36,38,38,38,38,38,38,40,40,42,44,44,39,75,75,75,75,75,75,75,75,75,75,75,75,75,75,75,75,75,75,75,75,75,75,75,75,75,75,75,75,75,75,75,75,75,60],"gold":570,"neow_bonus":"","is_daily":false,"chose_seed":false,"campfire_upgraded":10,"win_rate":0.0,"timestamp":1610482979,"path_taken":["M","?","?","M","M","R","?","R","T","R","M","?","M","M","R","BOSS","M","?","?","M","M","R","NM","M","T","R","E","R","?","?","R_BF","BOSS","M","?","M","$","M","R","M","M","T","?","M","R","?","?","R_BF","BOSS"],"items_purchased_type":["Card","Relic","Relic","Relic","Relic","Relic"],"build_version":"2020-12-22","purchased_purges":3,"victory":true,"max_hp_per_floor":[75,75,75,75,75,75,75,75,75,75,75,75,75,75,75,75,75,75,75,75,75,75,75,75,75,75,75,75,75,75,75,75,75,75,75,75,75,75,75,75,75,75,75,75,75,75,75,75,75,75],"card_choices":[{"not_picked":["HollowMod:BlackTendrils","HollowMod:DashSlash","HollowMod:NewJinnsSoul"],"picked":"SKIP","floor":1},{"not_picked":["HollowMod:LifebloodCocoon","HollowMod:WraithStrike","HollowMod:SoulSplash","HollowMod:SiblingsShadow","HollowMod:InfectedCysts"],"picked":"SKIP","floor":4},{"not_picked":["HollowMod:LifebloodCocoon","HollowMod:SoulStrike","HollowMod:PerfectDash","HollowMod:ShadowDash","HollowMod:SoulEater"],"picked":"SKIP","floor":5},{"not_picked":["HollowMod:TaintedHusks","HollowMod:ChannelNail","HollowMod:LifebloodCocoon","HollowMod:HuntersJournal","HollowMod:SoulVessel"],"picked":"SKIP","floor":11},{"not_picked":["HollowMod:DreamGate","HollowMod:PureNailStrike","HollowMod:SoulStrike","HollowMod:MothsMistake"],"picked":"HollowMod:MantisMark","floor":13},{"not_picked":["HollowMod:PerfectDash","HollowMod:DashSlash","HollowMod:QuirrelsAssistance","HollowMod:NewLittleFool"],"picked":"HollowMod:MantisMark","floor":14},{"not_picked":["HollowMod:theNailsmith","HollowMod:Weaversong","HollowMod:MidwifesHunger","HollowMod:Hiveblood"],"picked":"HollowMod:SlysStrikes","floor":16},{"not_picked":["HollowMod:ChannelNail+1","HollowMod:SiblingsSouls","HollowMod:DesolateDive","HollowMod:HeavyBlow"],"picked":"HollowMod:MantisMark","floor":18},{"not_picked":["HollowMod:SharpenedShadows+1","HollowMod:InfectedCysts+1","HollowMod:MonarchWings","HollowMod:PerfectDash+1","HollowMod:TaintedHusks"],"picked":"SKIP","floor":19},{"not_picked":["HollowMod:GrimmsGift","HollowMod:SoulEater+1","HollowMod:WraithStrike","HollowMod:SoulStrike","HollowMod:GreatSlash"],"picked":"SKIP","floor":21},{"not_picked":["HollowMod:TaintedHusks","HollowMod:CycloneSlash+1","HollowMod:SoulShaman","HollowMod:DashSlash+1","HollowMod:SoulSplash"],"picked":"SKIP","floor":22},{"not_picked":["HollowMod:TaintedHusks+1","HollowMod:MawleksShell","HollowMod:InfectedCysts","HollowMod:ChannelNail+1","HollowMod:CornifersMapStart"],"picked":"SKIP","floor":24},{"not_picked":["HollowMod:VengefulVoid","HollowMod:PerfectDash+1","HollowMod:CornifersMapStart","HollowMod:MidwifesHunger","HollowMod:MawleksShell"],"picked":"SKIP","floor":25},{"not_picked":["HollowMod:CrystalDash","HollowMod:CycloneSlash","HollowMod:MawleksShell","HollowMod:LifebloodCocoon","HollowMod:ChannelNail"],"picked":"SKIP","floor":28},{"not_picked":["HollowMod:NewGlowingWomb","HollowMod:RecoilStrike","HollowMod:DescendingDark","HollowMod:DoubleDash+1"],"picked":"HollowMod:GrimmsGift+1","floor":35},{"not_picked":["HollowMod:ChannelNail","HollowMod:DreamGate+1","HollowMod:SoulStrike+1","HollowMod:FallenFury+1","HollowMod:CornifersMapStart"],"picked":"SKIP","floor":37},{"not_picked":["HollowMod:DashSlash","HollowMod:AwokenDreamNail","HollowMod:InfectionAssault","HollowMod:DoubleDash","HollowMod:SiblingsSouls"],"picked":"SKIP","floor":39},{"not_picked":["HollowMod:CycloneSlash","HollowMod:SoulSplash+1","HollowMod:ShadowDash","HollowMod:QuirrelsAssistance+1","HollowMod:WraithStrike+1"],"picked":"SKIP","floor":41},{"not_picked":["HollowMod:PerfectDash+1","HollowMod:LifebloodCocoon+1","HollowMod:GrimmsGift+1","HollowMod:ShadowDash","HollowMod:CoiledNail"],"picked":"SKIP","floor":42},{"not_picked":["HollowMod:GrimmsGift+1","HollowMod:DashSlash","HollowMod:LifebloodCocoon","HollowMod:DescendingDark+1","HollowMod:DoubleDash+1"],"picked":"SKIP","floor":45}],"player_experience":13885,"relics_obtained":[{"floor":1,"key":"SynthV:TestCard"},{"floor":9,"key":"War Paint"},{"floor":24,"key":"Girya"},{"floor":26,"key":"hubris:SphereOfDissonance"},{"floor":44,"key":"Smiling Mask"}],"event_choices":[{"cards_removed":["HollowMod:NailStrikeStart"],"damage_healed":0,"gold_gain":0,"player_choice":"Card Removal","damage_taken":7,"max_hp_gain":0,"max_hp_loss":0,"event_name":"Golden Wing","floor":2,"gold_loss":0},{"damage_healed":0,"gold_gain":0,"player_choice":"Got Potions","damage_taken":0,"max_hp_gain":0,"max_hp_loss":0,"event_name":"Lab","floor":31,"gold_loss":0},{"damage_healed":0,"gold_gain":0,"player_choice":"Ignored","damage_taken":0,"max_hp_gain":0,"max_hp_loss":0,"event_name":"Tomb of Lord Red Mask","floor":36,"gold_loss":0}],"is_beta":false,"boss_relics":[{"not_picked":["ReplayTheSpireMod:DimensionalGlitch","hubris:GrandSneckoEye"],"picked":"PatriotShield"},{"not_picked":["Ring of Chaos","Busted Crown"],"picked":"vexMod:RockOfEvil"}],"items_purged_floors":[0,38,47],"is_endless":false,"potions_floor_spawned":[1,5,14,22,24,25,33,41,42],"ascension_level":0}}