{"host":"19t2eyow02s954g8","time":1610495333,"event":{"mods":["BaseMod","Colored Map","DeckTracker","Minty Spire (QoL Compilation)","StSLib","SuperFastMode"],"gold_per_floor":[369,386,147,162,33,33,0,0,0,0,0,0],"floor_reached":11,"language":"KOR","playtime":450,"items_purged":["Strike_G","Strike_G"],"score":122,"play_id":"f2c0318c-78f8-4bf1-a85c-8f6f968555b8","local_time":"20210113084853","is_ascension_mode":true,"campfire_choices":[{"data":"Calculated Gamble","floor":6,"key":"SMITH"},{"data":"Neutralize","floor":8,"key":"SMITH"}],"circlet_count":0,"master_deck":["AscendersBane","Strike_G","Strike_G","Strike_G","Defend_G","Defend_G","Defend_G","Defend_G","Defend_G","Survivor","Neutralize+1","Calculated Gamble+1","Tactician","Flying Knee","Slice","Acrobatics","Deadly Poison","Infinite Blades"],"relics":["Ring of the Snake","Paper Crane"],"acts_visited":["Exordium"],"potions_floor_usage":[11],"damage_taken":[{"damage":14,"enemies":"Small Slimes","floor":1,"turns":6},{"damage":7,"enemies":"Cultist","floor":2,"turns":4},{"damage":0,"enemies":"2 Louse","floor":4,"turns":3},{"damage":1,"enemies":"Looter","floor":7,"turns":4},{"damage":22,"enemies":"3 Sentries","floor":11,"turns":5}],"seed_played":"5192805937875321575","potions_obtained":[{"floor":1,"key":"Energy Potion"},{"floor":2,"key":"DuplicationPotion"}],"is_trial":false,"path_per_floor":["M","M","$","M","$","R","M","R","T","?","E"],"character_chosen":"THE_SILENT","items_purchased":["Tactician","Flying Knee","Slice","Deadly Poison"],"campfire_rested":0,"item_purchase_floors":[3,3,3,5],"current_hp_per_floor":[30,23,23,23,23,23,22,22,22,13,0,0],"gold":0,"neow_bonus":"TWO_FIFTY_GOLD","is_daily":false,"chose_seed":false,"campfire_upgraded":2,"win_rate":0.0,"timestamp":1610495333,"path_taken":["M","M","$","M","$","R","M","R","T","?","E"],"items_purchased_type":["Card","Card","Card","Card"],"build_version":"2020-12-22","purchased_purges":2,"victory":false,"max_hp_per_floor":[66,66,66,66,66,66,66,66,66,66,66,66],"card_choices":[{"not_picked":["Sucker Punch","Eviscerate","Underhanded Strike"],"picked":"SKIP","floor":1},{"not_picked":["Catalyst","Accuracy"],"picked":"Calculated Gamble","floor":2},{"not_picked":["Underhanded Strike","Blade Dance"],"picked":"Acrobatics","floor":4},{"not_picked":["Flying Knee","Acrobatics"],"picked":"Infinite Blades","floor":7}],"player_experience":4254000,"relics_obtained":[{"floor":9,"key":"Paper Crane"}],"event_choices":[{"damage_healed":0,"gold_gain":0,"player_choice":"Damaged","damage_taken":9,"max_hp_gain":0,"max_hp_loss":0,"event_name":"Wheel of Change","floor":10,"gold_loss":0}],"is_beta":false,"boss_relics":[],"items_purged_floors":[3,5],"is_endless":false,"potions_floor_spawned":[1,2],"killed_by":"3 Sentries","ascension_level":20}}