{"host":"8f5cu9y0fpol72qs","time":1610446974,"event":{"mods":["AlwaysNeverKeys","BaseMod","Colored Map","Colored Powertips","Curses Come First","Highlight Path","Key Reminder","Minty Spire (QoL Compilation)","StSLib"],"gold_per_floor":[118,135,153,173,173,205,215,234,261,276,56,56,56,85,85,85,85],"floor_reached":16,"playtime":3180,"items_purged":["Strike_B"],"score":194,"play_id":"4fbbebff-7d14-4ac8-8a49-adc158617ed2","local_time":"20210112022254","is_ascension_mode":true,"campfire_choices":[{"data":"Coolheaded","floor":15.0,"key":"SMITH"}],"circlet_count":0,"master_deck":["AscendersBane","Strike_B+1","Defend_B","Defend_B","Defend_B+1","Defend_B","Zap","Dualcast","Sunder+1","FTL+1","Sweeping Beam","Genetic Algorithm","Coolheaded+1","Glacier","Rip and Tear"],"relics":["Cracked Core","Anchor","Tiny Chest","Lantern","Whetstone"],"acts_visited":["Exordium"],"potions_floor_usage":[],"damage_taken":[{"damage":1.0,"enemies":"Cultist","floor":1.0,"turns":4.0},{"damage":2.0,"enemies":"Small Slimes","floor":2.0,"turns":3.0},{"damage":7.0,"enemies":"Jaw Worm","floor":3.0,"turns":3.0},{"damage":8.0,"enemies":"Blue Slaver","floor":4.0,"turns":4.0},{"damage":14.0,"enemies":"3 Sentries","floor":6.0,"turns":6.0},{"damage":1.0,"enemies":"2 Fungi Beasts","floor":7.0,"turns":3.0},{"damage":1.0,"enemies":"Large Slime","floor":8.0,"turns":5.0},{"damage":1.0,"enemies":"Exordium Thugs","floor":10.0,"turns":4.0},{"damage":6.0,"enemies":"Lagavulin","floor":14.0,"turns":7.0},{"damage":58,"enemies":"Slime Boss","floor":16,"turns":6}],"seed_played":"-4423838542500506135","potions_obtained":[{"floor":1.0,"key":"EssenceOfDarkness"},{"floor":2.0,"key":"Strength Potion"},{"floor":7.0,"key":"Energy Potion"},{"floor":8.0,"key":"FairyPotion"}],"is_trial":false,"path_per_floor":["M","M","M","M","?","E","M","M","T","M","$","?","$","E","R","B"],"character_chosen":"DEFECT","items_purchased":["Lantern"],"campfire_rested":0,"item_purchase_floors":[11],"current_hp_per_floor":[63,61,54,46,32,18,17,16,16,15,15,8,8,2,2,0,0],"gold":85,"neow_bonus":"REMOVE_CARD","is_daily":false,"chose_seed":false,"campfire_upgraded":1,"win_rate":0.0,"timestamp":1610446974,"path_taken":["M","M","M","M","?","E","M","M","T","M","$","?","?","E","R","BOSS"],"items_purchased_type":["Relic"],"build_version":"2020-12-22","purchased_purges":1,"victory":false,"max_hp_per_floor":[71,71,71,71,71,71,71,71,71,71,71,71,71,71,71,71,71],"card_choices":[{"not_picked":["Cold Snap","Streamline"],"picked":"Sunder","floor":1.0},{"not_picked":["Streamline","Aggregate"],"picked":"FTL","floor":2.0},{"not_picked":["Hello World","FTL"],"picked":"Sweeping Beam","floor":3.0},{"not_picked":["Doom and Gloom","Steam","Steam Power"],"picked":"SKIP","floor":4.0},{"not_picked":["Conserve Battery","Barrage"],"picked":"Genetic Algorithm","floor":6.0},{"not_picked":["Chill","Beam Cell"],"picked":"Coolheaded","floor":7.0},{"not_picked":["Chaos","Capacitor"],"picked":"Glacier","floor":8.0},{"not_picked":["BootSequence","Rebound"],"picked":"Rip and Tear","floor":10.0},{"not_picked":["Gash","Double Energy","Cold Snap"],"picked":"SKIP","floor":14.0}],"player_experience":818255,"relics_obtained":[{"floor":6.0,"key":"Anchor"},{"floor":9.0,"key":"Tiny Chest"},{"floor":14.0,"key":"Whetstone"}],"event_choices":[{"damage_healed":0.0,"max_hp_gain":0.0,"max_hp_loss":0.0,"gold_gain":0.0,"event_name":"Shining Light","player_choice":"Entered Light","floor":5.0,"gold_loss":0.0,"damage_taken":14.0,"cards_upgraded":["Strike_B","Defend_B"]},{"cards_removed":["Strike_B"],"damage_healed":0.0,"max_hp_gain":0.0,"max_hp_loss":0.0,"gold_gain":0.0,"event_name":"Golden Wing","player_choice":"Card Removal","floor":12.0,"gold_loss":0.0,"damage_taken":7.0}],"is_beta":false,"boss_relics":[],"items_purged_floors":[11],"is_endless":false,"potions_floor_spawned":[1,2,7,8],"killed_by":"Slime Boss","ascension_level":14}}