{"host":"5fpb1gzflhq9886n","time":1610437640,"event":{"mods":["AchievementEnabler","BaseMod","Colored Map","Colored Powertips","Minty Spire (QoL Compilation)","Permanent Neow"],"gold_per_floor":[110,110,121,141,17,51,66,66,66,66,96,116,116,142,142,238,238,251,263,263,263,33,61,61,61,61],"floor_reached":25,"playtime":1843,"items_purged":["Strike_P"],"score":312,"play_id":"14a5773e-d6f0-4bdf-b222-23acad3a8b44","local_time":"20210112024720","is_ascension_mode":true,"campfire_choices":[{"floor":8.0,"key":"REST"},{"data":"Eruption","floor":10.0,"key":"SMITH"},{"floor":15,"key":"REST"},{"floor":24,"key":"REST"}],"circlet_count":0,"master_deck":["Strike_P","Strike_P","Strike_P","Defend_P","Defend_P","Defend_P","Eruption+1","Vigilance","CurseOfTheBell","LikeWater","FollowUp","Evaluate","Consecrate","Brilliance","BowlingBash","Alpha","Devotion","Prostrate+1","Pray","RitualDagger","Worship","Wireheading"],"relics":["Calling Bell","MealTicket","The Courier","Mango","Frozen Eye","Oddly Smooth Stone","Singing Bowl","Anchor","Cursed Key","Damaru","Potion Belt"],"acts_visited":["Exordium","TheCity"],"potions_floor_usage":[14,23],"damage_taken":[{"damage":20.0,"enemies":"Small Slimes","floor":1.0,"turns":8.0},{"damage":2.0,"enemies":"Jaw Worm","floor":3.0,"turns":3.0},{"damage":0.0,"enemies":"Cultist","floor":4.0,"turns":3.0},{"damage":25.0,"enemies":"Gremlin Nob","floor":6.0,"turns":4.0},{"damage":0.0,"enemies":"Looter","floor":7.0,"turns":4.0},{"damage":28.0,"enemies":"3 Sentries","floor":11.0,"turns":6.0},{"damage":8.0,"enemies":"3 Louse","floor":12.0,"turns":5.0},{"damage":16,"enemies":"Gremlin Nob","floor":14,"turns":5},{"damage":26,"enemies":"The Guardian","floor":16,"turns":12},{"damage":38,"enemies":"Chosen","floor":18,"turns":7},{"damage":24,"enemies":"Shell Parasite","floor":19,"turns":6},{"damage":51,"enemies":"Book of Stabbing","floor":23,"turns":6},{"damage":52,"enemies":"Snecko","floor":25,"turns":4}],"seed_played":"-1792841111656001804","potions_obtained":[{"floor":1.0,"key":"CultistPotion"},{"floor":3.0,"key":"LiquidBronze"},{"floor":6.0,"key":"Ancient Potion"},{"floor":14,"key":"Ancient Potion"},{"floor":18,"key":"SneckoOil"}],"is_trial":false,"path_per_floor":["M","?","M","M","$","E","M","R","T","R","E","M","?","E","R","B",null,"M","M","?","?","$","E","R","M"],"character_chosen":"WATCHER","items_purchased":["Frozen Eye","Damaru","Worship"],"campfire_rested":3,"item_purchase_floors":[5,22,22],"current_hp_per_floor":[66,59,57,57,72,47,47,72,72,72,46,38,38,22,48,22,88,50,26,55,49,64,13,39,0,0],"gold":61,"neow_bonus":"BOSS_RELIC","is_daily":false,"chose_seed":false,"campfire_upgraded":1,"win_rate":0.0,"timestamp":1610437640,"path_taken":["M","?","M","M","$","E","M","R","T","R","E","M","?","E","R","BOSS","M","M","?","?","$","E","R","M"],"items_purchased_type":["Relic","Relic","Card"],"build_version":"2020-12-22","purchased_purges":1,"victory":false,"max_hp_per_floor":[86,86,86,86,86,86,86,86,86,86,88,88,88,88,88,88,88,88,88,88,88,88,88,88,88,88],"card_choices":[{"not_picked":["FlyingSleeves","FlurryOfBlows"],"picked":"LikeWater","floor":1.0},{"not_picked":["Meditate","FlurryOfBlows"],"picked":"FollowUp","floor":3.0},{"not_picked":["Crescendo","Perseverance"],"picked":"Evaluate","floor":4.0},{"not_picked":["DeceiveReality","Protect"],"picked":"Consecrate","floor":6.0},{"not_picked":["Crescendo","SashWhip"],"picked":"Brilliance","floor":7.0},{"not_picked":["BattleHymn","FollowUp","Protect"],"picked":"Singing Bowl","floor":11.0},{"not_picked":["Protect","Crescendo"],"picked":"BowlingBash","floor":12.0},{"not_picked":["Sanctity","PathToVictory"],"picked":"Alpha","floor":14},{"not_picked":["Blasphemy","DeusExMachina"],"picked":"Devotion","floor":16},{"not_picked":["Wireheading","EmptyFist+1"],"picked":"Prostrate+1","floor":18},{"not_picked":["Wireheading","ClearTheMind"],"picked":"Pray","floor":19},{"not_picked":["Establishment","DeceiveReality"],"picked":"Wireheading","floor":23}],"player_experience":689479,"relics_obtained":[{"floor":0.0,"key":"MealTicket"},{"floor":0.0,"key":"The Courier"},{"floor":0.0,"key":"Mango"},{"floor":6.0,"key":"Oddly Smooth Stone"},{"floor":11.0,"key":"Singing Bowl"},{"floor":14,"key":"Anchor"},{"floor":23,"key":"Potion Belt"}],"event_choices":[{"cards_removed":["Defend_P"],"damage_healed":0.0,"max_hp_gain":0.0,"max_hp_loss":0.0,"gold_gain":0.0,"event_name":"Golden Wing","player_choice":"Card Removal","floor":2.0,"gold_loss":0.0,"damage_taken":7.0},{"damage_healed":0.0,"max_hp_gain":0.0,"max_hp_loss":0.0,"gold_gain":0.0,"event_name":"The Woman in Blue","player_choice":"Bought 0 Potions","floor":13.0,"gold_loss":0.0,"damage_taken":0.0},{"damage_healed":29,"gold_gain":0,"player_choice":"Heal","damage_taken":0,"max_hp_gain":0,"max_hp_loss":0,"event_name":"The Library","floor":20,"gold_loss":0},{"damage_healed":0,"gold_gain":0,"player_choice":"Joined the Cult","damage_taken":6,"max_hp_gain":0,"max_hp_loss":0,"event_name":"Nest","floor":21,"gold_loss":0,"cards_obtained":["RitualDagger"]}],"is_beta":false,"boss_relics":[{"not_picked":["Black Star","Velvet Choker"],"picked":"Cursed Key"}],"items_purged_floors":[22],"is_endless":false,"potions_floor_spawned":[1,3,6,11,14,18],"killed_by":"Snecko","ascension_level":4}}