{"host":"2sr8q4b3ioepghas","time":1610411567,"event":{"mods":["BaseMod","Bestiary","Colored Map","Curses Come First","FTL Soundtrack","Minty Spire (QoL Compilation)","Permanent Neow","Quick Restart","Rare Cards Sparkle","StSLib","UnlockEverythingMod"],"gold_per_floor":[164,4,79,79,79,79,79],"floor_reached":6,"playtime":193,"items_purged":[],"score":89,"play_id":"e63eb270-9654-4910-9eca-d904493624fe","local_time":"20210112103247","is_ascension_mode":true,"campfire_choices":[],"circlet_count":0,"master_deck":["AscendersBane","Strike_R","Strike_R","Strike_R","Strike_R","Strike_R","Defend_R+1","Defend_R","Defend_R","Defend_R","Bash","Rampage","Headbutt","Havoc","Havoc","Havoc","Havoc","Double Tap"],"relics":["Tiny House","Orrery","Golden Idol"],"acts_visited":["Exordium"],"potions_floor_usage":[6,6],"damage_taken":[{"damage":12,"enemies":"Small Slimes","floor":1,"turns":4},{"damage":56,"enemies":"3 Sentries","floor":6,"turns":9}],"seed_played":"1462147682612409485","potions_obtained":[{"floor":0,"key":"PowerPotion"},{"floor":1,"key":"PowerPotion"}],"is_trial":false,"path_per_floor":["M","$","?","?","?","E"],"character_chosen":"IRONCLAD","items_purchased":["Orrery"],"campfire_rested":0,"item_purchase_floors":[2],"current_hp_per_floor":[61,61,50,50,55,0,0],"gold":79,"neow_bonus":"BOSS_RELIC","is_daily":false,"chose_seed":false,"campfire_upgraded":0,"win_rate":0.0,"timestamp":1610411567,"path_taken":["M","$","?","?","?","E"],"items_purchased_type":["Relic"],"build_version":"2020-12-22","purchased_purges":0,"victory":false,"max_hp_per_floor":[80,80,80,72,77,77,77],"card_choices":[{"not_picked":["Warcry","Thunderclap"],"picked":"Rampage","floor":0},{"not_picked":["Flame Barrier","Warcry"],"picked":"Headbutt","floor":1},{"not_picked":["Spot Weakness","Power Through"],"picked":"Havoc","floor":2},{"not_picked":["Dark Embrace","Pummel"],"picked":"Havoc","floor":2},{"not_picked":["Ghostly Armor","Uppercut"],"picked":"Havoc","floor":2},{"not_picked":["Carnage","Infernal Blade"],"picked":"Havoc","floor":2},{"not_picked":["Flex","Iron Wave"],"picked":"Double Tap","floor":2}],"player_experience":45156,"relics_obtained":[],"event_choices":[{"damage_healed":0,"gold_gain":75,"player_choice":"Gather Gold","damage_taken":11,"max_hp_gain":0,"max_hp_loss":0,"event_name":"World of Goop","floor":3,"gold_loss":0},{"damage_healed":0,"gold_gain":0,"player_choice":"Lose Max HP","damage_taken":0,"relics_obtained":["Golden Idol"],"max_hp_gain":0,"max_hp_loss":8,"event_name":"Golden Idol","floor":4,"gold_loss":0},{"damage_healed":0,"gold_gain":0,"player_choice":"Donut","damage_taken":0,"max_hp_gain":5,"max_hp_loss":0,"event_name":"Big Fish","floor":5,"gold_loss":0}],"is_beta":false,"boss_relics":[],"items_purged_floors":[],"is_endless":false,"potions_floor_spawned":[1],"killed_by":"3 Sentries","ascension_level":20}}