{"host":"s6mlqkqtr3ey2mm2","time":1610472211,"event":{"mods":["2.2 Compatiblity","AchievementEnabler","Aspiration","BaseMod","Beaked The Cultist","Better Note","Better Vampires","BetterRewards","Challenge The Spire","Clawfect","Colored Map","Colored Powertips","Conspire","Curses Come First","Dark Map","Downfall","Emptier Cage","Energized Spire","GifTheSpireLib","GungeonMod","Halation","Hermit","Hubris","Infinite Spire","Ironclad Rager","Magitek Elite","Marked Mod","Minty Spire (QoL Compilation)","Poor People Problems","Quick Restart","RatMod","Replay The Spire","Retaliation","Robot Space Explorer","Shade Mod","Somnambulant","Spicy Shops","StSLib","Stuff the Spire","The Blue Laboratory","The Construct","The Druid","The Hayseed","The Hierophant","The IronCluck","The Necromancer","The Poker Player","The Runesmith","The Servant 0.9.4","The Valiant","vexMod"],"gold_per_floor":[112,112,127,151,26,26,36,50,50,50,66,78,78,78,78,173,839,853,853,870,60,74,74,92,92,92,92,92],"floor_reached":27,"playtime":2672,"items_purged":["TheSimpletonMod:Strike_TheSimpleton","TheSimpletonMod:Defend_TheSimpleton"],"score":205,"play_id":"0f677808-ce76-4707-8c0f-02dba4d1c06c","local_time":"20210112122331","is_ascension_mode":false,"campfire_choices":[{"data":"TheSimpletonMod:Swelter","floor":6,"key":"SMITH"},{"data":"TheSimpletonMod:Pruning","floor":10,"key":"SMITH"},{"floor":13,"key":"REST"},{"data":"TheSimpletonMod:VineRipen","floor":15,"key":"SMITH"},{"data":"TheSimpletonMod:CropRotation","floor":23,"key":"SMITH"},{"data":"TheSimpletonMod:Biorefinement","floor":25,"key":"SMITH"}],"circlet_count":0,"master_deck":["TheSimpletonMod:Strike_TheSimpleton","TheSimpletonMod:Strike_TheSimpleton","TheSimpletonMod:Strike_TheSimpleton","TheSimpletonMod:Defend_TheSimpleton","TheSimpletonMod:Defend_TheSimpleton","TheSimpletonMod:Defend_TheSimpleton","TheSimpletonMod:Haymaker","TheSimpletonMod:ReapAndSow","TheSimpletonMod:Pruning+1","TheSimpletonMod:Rototilling","TheSimpletonMod:VolatileFumes","TheSimpletonMod:Swelter+1","TheSimpletonMod:BumperCrop","TheSimpletonMod:SpiceUp","TheSimpletonMod:CullingStrike","TheSimpletonMod:VineRipen+1","TheSimpletonMod:Biorefinement+1","TheSimpletonMod:CropRotation+1","Noxious Fumes","TheSimpletonMod:Rake","TheSimpletonMod:SlashAndBurn","expansioncontent:Corrupt","TheSimpletonMod:ToughenUp+1","TheSimpletonMod:Swelter+1"],"relics":["TheSimpletonMod:SpudOfTheInnocent","TheSimpletonMod:NightSoil","TheSimpletonMod:TheHarvester","infinitespire:PuzzleCube","Replay:Rubber Ducky","StuffTheSpire:HeavyRock","DemoMod:NanoMachines","vexMod:RockOfEvil","vexMod:FocusSash","Strange Spoon","Anchor","Bottled Tornado"],"acts_visited":["Exordium","TheCity"],"potions_floor_usage":[16,16,16],"damage_taken":[{"damage":5,"enemies":"Small Slimes","floor":1,"turns":6},{"damage":8,"enemies":"Jaw Worm","floor":3,"turns":3},{"damage":7,"enemies":"infinitespire:Voidling","floor":7,"turns":4},{"damage":25,"enemies":"Exordium Thugs","floor":8,"turns":6},{"damage":0,"enemies":"Looter","floor":11,"turns":3},{"damage":14,"enemies":"conspire:2 RoseBushes","floor":12,"turns":4},{"damage":8,"enemies":"Slime Boss","floor":16,"turns":11},{"damage":17,"enemies":"Chosen","floor":18,"turns":6},{"damage":12,"enemies":"conspire:FuzzyDice","floor":20,"turns":6},{"damage":0,"enemies":"Snake Plant","floor":22,"turns":5},{"damage":15,"enemies":"Cultist and Chosen","floor":24,"turns":6},{"damage":0,"enemies":"Chosen and Byrds","floor":27,"turns":3}],"seed_played":"8296200572381893682","potions_obtained":[{"floor":3,"key":"Elixir"},{"floor":8,"key":"blueLaboratory:BottledHope"},{"floor":11,"key":"DistilledChaos"},{"floor":22,"key":"Languid Potion"},{"floor":24,"key":"blueLaboratory:RememoryPotion"}],"is_trial":false,"path_per_floor":["M","?","M","T","$","R","M","M","T","R","M","M","R","T","R","B",null,"M","?","M","$","M","R","M","R","T","M"],"character_chosen":"THE_SIMPLETON","items_purchased":["TheSimpletonMod:VolatileFumes","TheSimpletonMod:Swelter","vexMod:FocusSash","TheSimpletonMod:SlashAndBurn","expansioncontent:Corrupt","Strange Spoon","Anchor"],"campfire_rested":1,"item_purchase_floors":[5,5,21,21,21,21,21],"current_hp_per_floor":[77,65,61,61,61,61,58,37,37,37,41,31,55,55,55,51,41,24,24,16,16,16,16,1,1,1,1,1],"gold":92,"neow_bonus":"TEN_PERCENT_HP_BONUS","is_daily":false,"chose_seed":false,"campfire_upgraded":5,"win_rate":0.0,"timestamp":1610472211,"path_taken":["M","?","M","?","?","R","?","M","T","R","?","M","R","?","R","BOSS","M","?","M","$","M","R","?","R","T","M"],"items_purchased_type":["Card","Card","Relic","Card","Card","Relic","Relic"],"build_version":"2020-12-22","purchased_purges":2,"victory":false,"max_hp_per_floor":[82,82,82,82,82,82,82,82,82,82,82,82,82,82,82,82,41,41,41,41,41,41,41,41,41,41,41,41],"card_choices":[{"not_picked":["TheSimpletonMod:Aerate","TheSimpletonMod:SlashAndBurn"],"picked":"TheSimpletonMod:Pruning","floor":1},{"not_picked":["TheSimpletonMod:ToughenUp","TheSimpletonMod:DoubleBarrel"],"picked":"TheSimpletonMod:Rototilling","floor":3},{"not_picked":["TheSimpletonMod:Pruning","TheSimpletonMod:Aerate"],"picked":"TheSimpletonMod:BumperCrop","floor":7},{"not_picked":["TheSimpletonMod:GoToMarket","TheSimpletonMod:Rake"],"picked":"TheSimpletonMod:SpiceUp","floor":8},{"not_picked":["TheSimpletonMod:BumperCrop","TheSimpletonMod:DigIn"],"picked":"TheSimpletonMod:CullingStrike","floor":11},{"not_picked":["TheSimpletonMod:SeedCoat","TheSimpletonMod:Pruning"],"picked":"TheSimpletonMod:VineRipen","floor":12},{"not_picked":["TheSimpletonMod:Photosynthesis","TheSimpletonMod:VolatileFumes"],"picked":"TheSimpletonMod:Biorefinement","floor":16},{"not_picked":["TheSimpletonMod:SpiceUp","TheSimpletonMod:Sunseed"],"picked":"TheSimpletonMod:CropRotation","floor":18},{"not_picked":["TheSimpletonMod:SeedCoat","TheSimpletonMod:Mulch"],"picked":"TheSimpletonMod:Rake","floor":20},{"not_picked":["TheSimpletonMod:Rototilling","TheSimpletonMod:CullingStrike"],"picked":"TheSimpletonMod:ToughenUp+1","floor":22},{"not_picked":["TheSimpletonMod:CropRotation+1","TheSimpletonMod:Sunseed"],"picked":"TheSimpletonMod:Swelter+1","floor":24}],"player_experience":83013,"relics_obtained":[{"floor":4,"key":"Replay:Rubber Ducky"},{"floor":9,"key":"StuffTheSpire:HeavyRock"},{"floor":14,"key":"DemoMod:NanoMachines"},{"floor":26,"key":"Bottled Tornado"}],"event_choices":[{"damage_healed":0,"gold_gain":0,"player_choice":"Success","damage_taken":12,"relics_obtained":["infinitespire:PuzzleCube"],"max_hp_gain":0,"max_hp_loss":0,"event_name":"Scrap Ooze","floor":2,"gold_loss":0},{"cards_removed":["TheSimpletonMod:SpiceUp"],"damage_healed":0,"gold_gain":0,"player_choice":"Take \u0026 Give","damage_taken":0,"max_hp_gain":0,"max_hp_loss":0,"event_name":"betterNote:BetterNote","floor":19,"gold_loss":0,"cards_obtained":["Noxious Fumes"]}],"is_beta":false,"boss_relics":[{"not_picked":["StuffTheSpire:RunicHypercube","Kintsugi"],"picked":"vexMod:RockOfEvil"}],"items_purged_floors":[21,21],"is_endless":false,"potions_floor_spawned":[3,8,11,22,24],"killed_by":"Chosen and Byrds","ascension_level":0}}