{"host":"0tiuc76yumknr6qf","time":1610480617,"event":{"mods":["BaseMod","Colored Map","Highlight Path","Minty Spire (QoL Compilation)","StSLib","The Necromancer"],"gold_per_floor":[119,44,44,63,76,76,86,96,96,107,123,123,123,123,123,225,225,245,245,245,145,160,160,176,194,217,92,112,112,112,129,129,129,129],"floor_reached":33,"playtime":727,"items_purged":["Defend_R","Defend_R","Defend_R"],"score":266,"play_id":"faa9cd5b-dfae-437e-865c-cf0c6a82aed8","local_time":"20210112134337","is_ascension_mode":false,"campfire_choices":[{"data":"Bash","floor":6,"key":"SMITH"},{"floor":12,"key":"REST"},{"floor":15,"key":"REST"},{"floor":23,"key":"REST"},{"floor":30,"key":"REST"},{"floor":32,"key":"REST"}],"circlet_count":0,"master_deck":["Strike_R","Strike_R","Strike_R","Strike_R","Strike_R","Bash+1","Clothesline+1","Heavy Blade","Seeing Red","Dropkick","Clash","Thunderclap+1"],"relics":["Burning Blood","NeowsBlessing","WingedGreaves","Fusion Hammer","Potion Belt"],"acts_visited":["Exordium","TheCity"],"potions_floor_usage":[10,16,16,16,33,33,33,33],"damage_taken":[{"damage":0,"enemies":"Jaw Worm","floor":1,"turns":1},{"damage":0,"enemies":"Cultist","floor":4,"turns":1},{"damage":0,"enemies":"2 Louse","floor":5,"turns":1},{"damage":12,"enemies":"Looter","floor":7,"turns":3},{"damage":39,"enemies":"Gremlin Gang","floor":8,"turns":6},{"damage":12,"enemies":"2 Fungi Beasts","floor":10,"turns":3},{"damage":20,"enemies":"Looter","floor":11,"turns":3},{"damage":58,"enemies":"Slime Boss","floor":16,"turns":11},{"damage":6,"enemies":"3 Byrds","floor":18,"turns":6},{"damage":30,"enemies":"Spheric Guardian","floor":22,"turns":4},{"damage":21,"enemies":"Snake Plant","floor":24,"turns":3},{"damage":37,"enemies":"Centurion and Healer","floor":25,"turns":5},{"damage":17,"enemies":"Cultist and Chosen","floor":28,"turns":4},{"damage":21,"enemies":"3 Cultists","floor":31,"turns":4},{"damage":78,"enemies":"Automaton","floor":33,"turns":6}],"seed_played":"-270698819721616538","potions_obtained":[{"floor":3,"key":"EssenceOfSteel"},{"floor":3,"key":"FairyPotion"},{"floor":3,"key":"Fruit Juice"},{"floor":7,"key":"HeartOfIron"},{"floor":10,"key":"Explosive Potion"},{"floor":16,"key":"Strength Potion"},{"floor":24,"key":"BlessingOfTheForge"},{"floor":25,"key":"AttackPotion"},{"floor":28,"key":"Block Potion"}],"is_trial":false,"path_per_floor":["M","$","?","M","M","R","M","M","T","M","M","R","?","?","R","B",null,"M","?","?","$","M","R","M","M","T","$","M","?","R","M","R","B"],"character_chosen":"IRONCLAD","items_purchased":[],"campfire_rested":5,"item_purchase_floors":[],"current_hp_per_floor":[80,80,80,80,80,80,74,41,41,40,26,51,56,49,76,24,90,90,72,72,72,48,76,61,30,30,30,19,19,47,32,60,0,0],"gold":129,"neow_bonus":"THREE_ENEMY_KILL","is_daily":false,"chose_seed":false,"campfire_upgraded":1,"win_rate":0.0,"timestamp":1610480617,"path_taken":["M","$","?","M","M","R","M","M","T","?","M","R","?","?","R","BOSS","M","?","?","$","?","R","M","M","T","$","M","?","R","M","R","BOSS"],"items_purchased_type":[],"build_version":"2020-12-22","purchased_purges":3,"victory":false,"max_hp_per_floor":[80,80,80,80,80,80,80,80,80,85,85,85,90,90,90,90,90,90,95,95,95,95,95,95,95,95,95,95,95,95,95,95,95,95],"card_choices":[{"not_picked":["Headbutt","True Grit"],"picked":"Clothesline","floor":1},{"not_picked":["Shockwave","Iron Wave","Spot Weakness"],"picked":"SKIP","floor":4},{"not_picked":["Warcry","Pommel Strike","Anger"],"picked":"SKIP","floor":5},{"not_picked":["Rupture","Warcry"],"picked":"Heavy Blade","floor":7},{"not_picked":["Twin Strike","Clash"],"picked":"Seeing Red","floor":8},{"not_picked":["Fire Breathing","Iron Wave","True Grit"],"picked":"SKIP","floor":10},{"not_picked":["Pommel Strike","Metallicize"],"picked":"Dropkick","floor":11},{"not_picked":["Wild Strike","Clothesline","Havoc"],"picked":"SKIP","floor":18},{"not_picked":["Ghostly Armor","Combust"],"picked":"Clash","floor":22},{"not_picked":["Armaments","Fire Breathing","Cleave+1"],"picked":"SKIP","floor":24},{"not_picked":["Armaments","True Grit"],"picked":"Thunderclap+1","floor":25},{"not_picked":["Rupture","Carnage+1","Blood for Blood"],"picked":"SKIP","floor":28},{"not_picked":["Metallicize+1","Twin Strike+1","Berserk"],"picked":"SKIP","floor":31}],"player_experience":1986035,"relics_obtained":[{"floor":9,"key":"WingedGreaves"},{"floor":26,"key":"Potion Belt"}],"event_choices":[{"damage_healed":0,"gold_gain":0,"player_choice":"Got Potions","damage_taken":0,"max_hp_gain":0,"max_hp_loss":0,"event_name":"Lab","floor":3,"gold_loss":0},{"damage_healed":0,"gold_gain":0,"player_choice":"Donut","damage_taken":0,"max_hp_gain":5,"max_hp_loss":0,"event_name":"Big Fish","floor":13,"gold_loss":0},{"cards_removed":["Defend_R"],"damage_healed":0,"gold_gain":0,"player_choice":"Card Removal","damage_taken":7,"max_hp_gain":0,"max_hp_loss":0,"event_name":"Golden Wing","floor":14,"gold_loss":0},{"damage_healed":0,"gold_gain":0,"player_choice":"Shed Blood","damage_taken":23,"max_hp_gain":5,"max_hp_loss":0,"event_name":"Forgotten Altar","floor":19,"gold_loss":0},{"damage_healed":0,"gold_gain":0,"player_choice":"Upgraded","damage_taken":0,"max_hp_gain":0,"max_hp_loss":0,"event_name":"Upgrade Shrine","floor":20,"gold_loss":0,"cards_upgraded":["Clothesline"]},{"damage_healed":0,"gold_gain":0,"player_choice":"Ignored","damage_taken":0,"max_hp_gain":0,"max_hp_loss":0,"event_name":"Ghosts","floor":29,"gold_loss":0}],"is_beta":false,"boss_relics":[{"not_picked":["SlaversCollar","Ectoplasm"],"picked":"Fusion Hammer"}],"items_purged_floors":[2,21,27],"is_endless":false,"potions_floor_spawned":[4,7,10,16,24,25,28],"killed_by":"Automaton","ascension_level":0}}