{"host":"gopu3kmfaoww0llm","time":1610448910,"event":{"mods":["BaseMod","DeckTracker","Minty Spire (QoL Compilation)","Quick Restart","StSLib","SuperFastMode"],"gold_per_floor":[111,122,132,182,48,48,81,97,149,149,149,161,177,207,207,207,207],"floor_reached":16,"playtime":307,"items_purged":["Strike_B"],"score":324,"play_id":"60a82408-0918-4067-8245-953afb8702d9","local_time":"20210112195510","is_ascension_mode":true,"campfire_choices":[{"data":"Dualcast","floor":6,"key":"SMITH"},{"data":"Sunder","floor":10,"key":"SMITH"},{"data":"Coolheaded","floor":15,"key":"SMITH"}],"circlet_count":0,"master_deck":["AscendersBane","Strike_B","Strike_B","Strike_B","Defend_B","Defend_B","Defend_B","Defend_B","Zap","Dualcast+1","FTL","Beam Cell","Coolheaded+1","Cold Snap","Sunder+1","Barrage","Sweeping Beam","Streamline"],"relics":["Coffee Dripper","Ornamental Fan","Vajra","MealTicket"],"acts_visited":["Exordium"],"potions_floor_usage":[16],"damage_taken":[{"damage":3.0,"enemies":"Small Slimes","floor":1.0,"turns":3.0},{"damage":1.0,"enemies":"Cultist","floor":2.0,"turns":4.0},{"damage":8.0,"enemies":"2 Louse","floor":3.0,"turns":3.0},{"damage":13,"enemies":"Lagavulin","floor":7,"turns":8},{"damage":4,"enemies":"2 Fungi Beasts","floor":8,"turns":3},{"damage":0,"enemies":"Red Slaver","floor":12,"turns":3},{"damage":1,"enemies":"Lots of Slimes","floor":13,"turns":4},{"damage":16,"enemies":"3 Sentries","floor":14,"turns":5},{"damage":11,"enemies":"Slime Boss","floor":16,"turns":4}],"seed_played":"-3314242709282407004","potions_obtained":[{"floor":7,"key":"Energy Potion"},{"floor":12,"key":"Strength Potion"}],"is_trial":false,"path_per_floor":["M","M","M","?","$","R","E","M","T","R","?","M","M","E","R","B"],"character_chosen":"DEFECT","items_purchased":["Coolheaded"],"campfire_rested":0,"item_purchase_floors":[5],"current_hp_per_floor":[61,60,52,45,45,45,32,28,28,28,28,28,27,11,11,0,0],"gold":207,"neow_bonus":"BOSS_RELIC","is_daily":false,"chose_seed":false,"campfire_upgraded":3,"win_rate":0.0,"timestamp":1610448910,"path_taken":["M","M","M","?","$","R","E","?","T","R","?","M","M","E","R","BOSS"],"items_purchased_type":["Card"],"build_version":"2020-12-22","purchased_purges":1,"victory":false,"max_hp_per_floor":[71,71,71,71,71,71,71,71,71,71,71,71,71,71,71,71,71],"card_choices":[{"not_picked":["Steam","Turbo","Gash"],"picked":"SKIP","floor":1.0},{"not_picked":["Blizzard","Genetic Algorithm"],"picked":"FTL","floor":2.0},{"not_picked":["Reinforced Body","Steam"],"picked":"Beam Cell","floor":3.0},{"not_picked":["Gash","Stack"],"picked":"Cold Snap","floor":7},{"not_picked":["Barrage","Coolheaded"],"picked":"Sunder","floor":8},{"not_picked":["Steam","Meteor Strike"],"picked":"Barrage","floor":12},{"not_picked":["Rebound","Leap"],"picked":"Sweeping Beam","floor":13},{"not_picked":["Multi-Cast","FTL"],"picked":"Streamline","floor":14}],"player_experience":2900546,"relics_obtained":[{"floor":7,"key":"Ornamental Fan"},{"floor":9,"key":"Vajra"},{"floor":14,"key":"MealTicket"}],"event_choices":[{"damage_healed":0,"gold_gain":50,"player_choice":"Touch","damage_taken":7,"max_hp_gain":0,"max_hp_loss":0,"event_name":"FaceTrader","floor":4,"gold_loss":0},{"damage_healed":0,"gold_gain":0,"player_choice":"Ignored","damage_taken":0,"max_hp_gain":0,"max_hp_loss":0,"event_name":"Liars Game","floor":11,"gold_loss":0}],"is_beta":false,"boss_relics":[],"items_purged_floors":[5],"is_endless":false,"potions_floor_spawned":[7,12,13],"killed_by":"Slime Boss","ascension_level":20}}