{"host":"6swbl1yqdi8v28pk","time":1610413993,"event":{"mods":["AchievementEnabler","BaseMod","Colored Map","Minty Spire (QoL Compilation)","Quick Restart"],"gold_per_floor":[11,21,33,33,33,43,43,58,58,58,87,87,103,132,132,231,231,231,231,146,96,96,96,96,96,96,96,96,96,21,21,21,21,21,21,21,21,21,21,21,21,21,21,21,21,21,21,21,21,21,21],"floor_reached":50,"playtime":2211,"items_purged":["Defend_R"],"score":458,"play_id":"5bf31e97-2201-4eb5-a779-5774256fde5c","local_time":"20210111191313","is_ascension_mode":false,"campfire_choices":[{"data":"Clothesline","floor":7,"key":"SMITH"},{"data":"True Grit","floor":10,"key":"SMITH"},{"floor":12,"key":"REST"},{"floor":15,"key":"RECALL"},{"data":"Whirlwind","floor":23,"key":"SMITH"},{"floor":32,"key":"REST"},{"floor":40,"key":"REST"},{"data":"Double Tap","floor":42,"key":"SMITH"},{"data":"Bludgeon","floor":44,"key":"SMITH"},{"floor":46,"key":"REST"},{"floor":49,"key":"REST"}],"circlet_count":0,"master_deck":["Strike_R","Strike_R","Strike_R","Strike_R","Defend_R","Defend_R","Defend_R","Bash","Apotheosis+1","Anger","Limit Break","Armaments","Clothesline+1","True Grit+1","Uppercut","Battle Trance","Twin Strike","Double Tap+1","Cleave+1","Whirlwind+1","Shrug It Off+1","Juggernaut","Cleave+1","Bludgeon+1","Flex+1","Inflame+1","Power Through","Whirlwind+1","Good Instincts","Rage+1"],"relics":["Burning Blood","Blood Vial","InkBottle","Ectoplasm","Self Forming Clay","Happy Flower","Sozu","PreservedInsect"],"acts_visited":["Exordium","TheCity","TheBeyond"],"potions_floor_usage":[6,11,33,33],"damage_taken":[{"damage":0,"enemies":"Cultist","floor":1,"turns":4},{"damage":5,"enemies":"Jaw Worm","floor":2,"turns":6},{"damage":7,"enemies":"Small Slimes","floor":3,"turns":4},{"damage":5,"enemies":"3 Louse","floor":6,"turns":2},{"damage":12,"enemies":"Exordium Thugs","floor":8,"turns":5},{"damage":39,"enemies":"3 Sentries","floor":11,"turns":11},{"damage":12,"enemies":"Large Slime","floor":13,"turns":3},{"damage":24,"enemies":"Gremlin Nob","floor":14,"turns":5},{"damage":34,"enemies":"The Guardian","floor":16,"turns":16},{"damage":8,"enemies":"Shell Parasite","floor":18,"turns":5},{"damage":15,"enemies":"3 Byrds","floor":19,"turns":5},{"damage":20,"enemies":"Shelled Parasite and Fungi","floor":22,"turns":7},{"damage":6,"enemies":"3 Cultists","floor":24,"turns":3},{"damage":6,"enemies":"Snecko","floor":25,"turns":3},{"damage":14,"enemies":"Shelled Parasite and Fungi","floor":27,"turns":5},{"damage":21,"enemies":"Cultist and Chosen","floor":31,"turns":5},{"damage":65,"enemies":"Automaton","floor":33,"turns":11},{"damage":7,"enemies":"Orb Walker","floor":35,"turns":2},{"damage":28,"enemies":"3 Shapes","floor":37,"turns":3},{"damage":12,"enemies":"Sphere and 2 Shapes","floor":38,"turns":4},{"damage":7,"enemies":"Spire Growth","floor":41,"turns":3},{"damage":39,"enemies":"4 Shapes","floor":45,"turns":1},{"damage":30,"enemies":"Transient","floor":48,"turns":5},{"damage":119,"enemies":"Time Eater","floor":50,"turns":12}],"seed_played":"-4946879812231059617","potions_obtained":[{"floor":2,"key":"BloodPotion"},{"floor":3,"key":"Explosive Potion"},{"floor":13,"key":"BlessingOfTheForge"},{"floor":16,"key":"EssenceOfSteel"},{"floor":18,"key":"Regen Potion"},{"floor":19,"key":"FairyPotion"},{"floor":27,"key":"DuplicationPotion"}],"is_trial":false,"path_per_floor":["M","M","M","$","?","M","R","M","T","R","E","R","M","E","R","B",null,"M","M","?","?","M","R","M","M","T","M","?","?","$","M","R","B",null,"M","$","M","M","?","R","M","R","T","R","M","R","?","M","R","B"],"character_chosen":"IRONCLAD","items_purchased":[],"campfire_rested":5,"item_purchase_floors":[],"current_hp_per_floor":[80,80,79,79,79,80,80,74,74,74,57,80,74,58,58,32,80,78,71,71,71,59,59,61,63,63,57,57,42,42,29,54,12,85,84,84,63,59,59,81,80,80,80,80,48,72,72,50,74,0,0],"gold":21,"neow_bonus":"RANDOM_COLORLESS_2","is_daily":false,"chose_seed":false,"campfire_upgraded":5,"win_rate":0.0,"timestamp":1610413993,"path_taken":["M","M","M","?","?","M","R","?","T","R","E","R","M","E","R","BOSS","M","M","?","?","M","R","?","M","T","M","?","?","$","?","R","BOSS","M","$","M","M","?","R","M","R","T","R","M","R","?","M","R","BOSS"],"items_purchased_type":[],"build_version":"2020-12-22","purchased_purges":1,"victory":false,"max_hp_per_floor":[80,80,80,80,80,80,80,80,80,80,80,80,80,80,80,80,80,80,80,80,80,80,80,80,80,80,80,80,85,85,85,85,85,85,85,85,85,85,81,81,81,81,81,81,81,81,81,81,81,81,81],"card_choices":[{"not_picked":["Sadistic Nature","Secret Technique"],"picked":"Apotheosis","floor":0},{"not_picked":["Sword Boomerang","Thunderclap"],"picked":"Anger","floor":1},{"not_picked":["Seeing Red","Sword Boomerang"],"picked":"Limit Break","floor":2},{"not_picked":["Wild Strike","Searing Blow"],"picked":"Armaments","floor":3},{"not_picked":["Wild Strike","Blood for Blood"],"picked":"Clothesline","floor":6},{"not_picked":["Clash","Body Slam"],"picked":"True Grit","floor":8},{"not_picked":["Perfected Strike","Infernal Blade"],"picked":"Uppercut","floor":11},{"not_picked":["Cleave","Clash"],"picked":"Battle Trance","floor":13},{"not_picked":["Pommel Strike","Berserk"],"picked":"Twin Strike","floor":14},{"not_picked":["Fiend Fire","Reaper"],"picked":"Double Tap","floor":16},{"not_picked":["Sentinel","Bloodletting","Sword Boomerang"],"picked":"SKIP","floor":18},{"not_picked":["Perfected Strike","Havoc"],"picked":"Cleave+1","floor":19},{"not_picked":["Heavy Blade","Shrug It Off+1"],"picked":"Whirlwind","floor":22},{"not_picked":["True Grit","Flex"],"picked":"Shrug It Off+1","floor":24},{"not_picked":["Headbutt+1","Blood for Blood"],"picked":"Juggernaut","floor":25},{"not_picked":["Body Slam+1","Seeing Red"],"picked":"Cleave+1","floor":27},{"not_picked":["Havoc","Power Through","True Grit"],"picked":"SKIP","floor":31},{"not_picked":["Corruption","Brutality"],"picked":"Bludgeon","floor":33},{"not_picked":["Flame Barrier","Power Through"],"picked":"Flex+1","floor":35},{"not_picked":["Iron Wave","Dual Wield+1"],"picked":"Inflame+1","floor":37},{"not_picked":["Dark Embrace+1","Headbutt+1"],"picked":"Power Through","floor":38},{"not_picked":["Sword Boomerang","Intimidate+1"],"picked":"Whirlwind+1","floor":41},{"not_picked":["Rampage+1","Clash+1","Shrug It Off"],"picked":"SKIP","floor":45},{"not_picked":["Discovery","Forethought"],"picked":"Good Instincts","floor":47},{"not_picked":["Whirlwind+1","Perfected Strike+1"],"picked":"Rage+1","floor":48}],"player_experience":117013,"relics_obtained":[{"floor":11,"key":"Blood Vial"},{"floor":14,"key":"InkBottle"},{"floor":26,"key":"Happy Flower"},{"floor":43,"key":"PreservedInsect"}],"event_choices":[{"damage_healed":0,"gold_gain":0,"player_choice":"Forge","damage_taken":0,"max_hp_gain":0,"max_hp_loss":0,"event_name":"Accursed Blacksmith","floor":5,"gold_loss":0,"cards_upgraded":["Apotheosis"]},{"damage_healed":0,"gold_gain":0,"player_choice":"Obtained Relic","damage_taken":0,"relics_obtained":["Self Forming Clay"],"max_hp_gain":0,"max_hp_loss":0,"event_name":"Addict","floor":20,"gold_loss":85},{"damage_healed":0,"gold_gain":100,"player_choice":"Bet on Murderer","damage_taken":0,"max_hp_gain":0,"max_hp_loss":0,"event_name":"The Joust","floor":21,"gold_loss":50},{"cards_removed":["Strike_R"],"damage_healed":0,"gold_gain":0,"player_choice":"Elegance","damage_taken":0,"max_hp_gain":0,"max_hp_loss":0,"event_name":"Back to Basics","floor":28,"gold_loss":0},{"damage_healed":0,"gold_gain":0,"player_choice":"Shed Blood","damage_taken":20,"max_hp_gain":5,"max_hp_loss":0,"event_name":"Forgotten Altar","floor":29,"gold_loss":0},{"damage_healed":0,"gold_gain":0,"player_choice":"Max HP","damage_taken":0,"max_hp_gain":0,"max_hp_loss":4,"event_name":"Winding Halls","floor":39,"gold_loss":0},{"damage_healed":0,"gold_gain":0,"player_choice":"Memory 1","damage_taken":0,"max_hp_gain":0,"max_hp_loss":0,"event_name":"SensoryStone","floor":47,"gold_loss":0}],"is_beta":false,"boss_relics":[{"not_picked":["Black Star","Fusion Hammer"],"picked":"Ectoplasm"},{"not_picked":["Coffee Dripper","Runic Cube"],"picked":"Sozu"}],"items_purged_floors":[30],"is_endless":false,"potions_floor_spawned":[2,3,13,16,18,19,25,27,38,41,48],"killed_by":"Time Eater","ascension_level":0}}