{"host":"8u7tvcybuv0u72fd","time":1610435296,"event":{"mods":["BaseMod","BetterRewards","Colored Map","Colored Powertips","Minty Spire (QoL Compilation)","Quick Restart","Shop Mod"],"gold_per_floor":[119,137,212,212,58,58,86,99,99,111,111,122,122,135,135,239,239,255,266,279,279,279,311,326,337,337,355,355,355,365,380,380,475,475,487,40,54,54,70,70,86,104,129,129,229,246,260,62,62,62,62,62,38,66,66],"floor_reached":56,"playtime":3427,"items_purged":["Strike_R","Strike_R"],"score":1477,"play_id":"82105c53-4f8a-4f52-b38f-cde0955b1457","local_time":"20210112020816","is_ascension_mode":false,"campfire_choices":[{"data":"Body Slam","floor":6.0,"key":"SMITH"},{"data":"Bash","floor":11.0,"key":"SMITH"},{"data":"Rampage","floor":13.0,"key":"SMITH"},{"data":"Barricade","floor":15.0,"key":"SMITH"},{"data":"Shrug It Off","floor":29.0,"key":"SMITH"},{"data":"Flame Barrier","floor":32.0,"key":"SMITH"},{"floor":40.0,"key":"RECALL"},{"floor":44.0,"key":"REST"},{"floor":49.0,"key":"REST"},{"floor":52.0,"key":"REST"}],"circlet_count":0,"master_deck":["Strike_R+1","Strike_R+1","Defend_R+1","Defend_R+1","Defend_R+1","Defend_R+1","Bash+1","Iron Wave","Rampage+1","Headbutt","Battle Trance","Body Slam+1","Thunderclap","Barricade+1","Flame Barrier+1","Shrug It Off+1","Dropkick","Necronomicurse","True Grit","True Grit+1","Pommel Strike+1","Entrench"],"relics":["Burning Blood","Champion Belt","FossilizedHelix","CaptainsWheel","Orichalcum","Sundial","Lantern","SacredBark","Happy Flower","Self Forming Clay","Necronomicon","Fusion Hammer","Potion Belt","TungstenRod","Membership Card","Bronze Scales"],"acts_visited":["Exordium","TheCity","TheBeyond","TheEnding"],"potions_floor_usage":[54,55,55,55,55],"damage_taken":[{"damage":0.0,"enemies":"Small Slimes","floor":1.0,"turns":3.0},{"damage":0.0,"enemies":"2 Louse","floor":2.0,"turns":2.0},{"damage":0.0,"enemies":"Gremlin Nob","floor":7.0,"turns":3.0},{"damage":0.0,"enemies":"Cultist","floor":8.0,"turns":3.0},{"damage":4.0,"enemies":"Gremlin Gang","floor":10.0,"turns":4.0},{"damage":0.0,"enemies":"Large Slime","floor":12.0,"turns":3.0},{"damage":0.0,"enemies":"2 Fungi Beasts","floor":14.0,"turns":2.0},{"damage":0.0,"enemies":"Slime Boss","floor":16.0,"turns":9.0},{"damage":0.0,"enemies":"2 Thieves","floor":18.0,"turns":3.0},{"damage":0.0,"enemies":"Spheric Guardian","floor":19.0,"turns":4.0},{"damage":5.0,"enemies":"Snake Plant","floor":20.0,"turns":4.0},{"damage":16.0,"enemies":"Slavers","floor":23.0,"turns":8.0},{"damage":0.0,"enemies":"Centurion and Healer","floor":24.0,"turns":6.0},{"damage":0.0,"enemies":"Sentry and Sphere","floor":25.0,"turns":9.0},{"damage":14.0,"enemies":"Shelled Parasite and Fungi","floor":27.0,"turns":6.0},{"damage":0.0,"enemies":"Snake Plant","floor":30.0,"turns":4.0},{"damage":0.0,"enemies":"Cultist and Chosen","floor":31.0,"turns":6.0},{"damage":5.0,"enemies":"Collector","floor":33.0,"turns":11.0},{"damage":0.0,"enemies":"3 Shapes","floor":35.0,"turns":3.0},{"damage":0.0,"enemies":"Orb Walker","floor":37.0,"turns":3.0},{"damage":0.0,"enemies":"3 Darklings","floor":39.0,"turns":5.0},{"damage":0.0,"enemies":"Sphere and 2 Shapes","floor":41.0,"turns":6.0},{"damage":0.0,"enemies":"Transient","floor":42.0,"turns":5.0},{"damage":0.0,"enemies":"Jaw Worm Horde","floor":46.0,"turns":5.0},{"damage":0.0,"enemies":"3 Darklings","floor":47.0,"turns":4.0},{"damage":88.0,"enemies":"Donu and Deca","floor":50.0,"turns":14.0},{"damage":12,"enemies":"Shield and Spear","floor":54,"turns":7},{"damage":20,"enemies":"The Heart","floor":55,"turns":10}],"seed_played":"3659744867579873832","potions_obtained":[{"floor":1.0,"key":"SmokeBomb"},{"floor":2.0,"key":"Swift Potion"},{"floor":8.0,"key":"Dexterity Potion"},{"floor":10.0,"key":"Energy Potion"},{"floor":18.0,"key":"PowerPotion"},{"floor":20.0,"key":"Fruit Juice"},{"floor":23.0,"key":"SmokeBomb"},{"floor":27.0,"key":"Explosive Potion"},{"floor":30.0,"key":"Regen Potion"},{"floor":37.0,"key":"Regen Potion"},{"floor":42.0,"key":"DistilledChaos"},{"floor":47.0,"key":"SkillPotion"},{"floor":54,"key":"BloodPotion"}],"is_trial":false,"path_per_floor":["M","M","?","?","$","R","E","M","T","M","R","M","R","M","R","B",null,"M","M","M","?","?","E","M","M","T","M","?","R","M","M","R","B",null,"M","$","M","?","M","R","M","M","T","R","?","M","M","$","R","B",null,"R","$","E","B",null],"character_chosen":"IRONCLAD","items_purchased":["Champion Belt","FossilizedHelix","Iron Wave","Rampage","Headbutt","Orichalcum","Potion Belt","TungstenRod","Membership Card","Entrench","Dexterity Potion","BlessingOfTheForge"],"campfire_rested":3,"item_purchase_floors":[0,0,0,0,0,5,36,36,48,48,48,53],"current_hp_per_floor":[46,52,41,41,41,41,47,53,53,55,55,61,61,67,67,73,80,80,80,90,90,90,80,86,90,90,82,66,66,72,90,90,90,90,90,90,90,90,90,90,90,90,90,90,90,90,90,90,90,8,90,90,90,84,90],"gold":66,"neow_bonus":"","is_daily":false,"chose_seed":false,"campfire_upgraded":6,"win_rate":0.0,"timestamp":1610435296,"path_taken":["M","M","?","?","$","R","E","?","T","M","R","M","R","M","R","BOSS","M","?","M","?","?","E","M","M","T","M","?","R","M","M","R","BOSS","M","$","M","?","M","R","M","M","T","R","?","?","M","$","R","BOSS","R","$","E","BOSS"],"items_purchased_type":["Relic","Relic","Card","Card","Card","Relic","Relic","Relic","Relic","Card","Potion","Potion"],"build_version":"2020-12-22","purchased_purges":2,"victory":true,"max_hp_per_floor":[80,80,80,80,80,80,80,80,80,80,80,80,80,80,80,80,80,80,80,90,90,90,90,90,90,90,90,90,90,90,90,90,90,90,90,90,90,90,90,90,90,90,90,90,90,90,90,90,90,90,90,90,90,90,90],"card_choices":[{"not_picked":["Dual Wield","True Grit"],"picked":"Battle Trance","floor":1.0},{"not_picked":["Sword Boomerang","Infernal Blade"],"picked":"Body Slam","floor":2.0},{"not_picked":["Thunderclap","Clothesline","Second Wind"],"picked":"SKIP","floor":7.0},{"not_picked":["Armaments","Wild Strike","Headbutt"],"picked":"SKIP","floor":8.0},{"not_picked":["Combust","Hemokinesis"],"picked":"Thunderclap","floor":10.0},{"not_picked":["Thunderclap","Reckless Charge","Dark Embrace"],"picked":"SKIP","floor":12.0},{"not_picked":["Combust","Pommel Strike"],"picked":"Barricade","floor":14.0},{"not_picked":["Intimidate","Twin Strike","Iron Wave"],"picked":"SKIP","floor":18.0},{"not_picked":["Cleave","Body Slam+1","Thunderclap"],"picked":"SKIP","floor":19.0},{"not_picked":["Searing Blow","Sword Boomerang","Evolve+1"],"picked":"SKIP","floor":20.0},{"not_picked":["Combust","Havoc","Armaments"],"picked":"SKIP","floor":23.0},{"not_picked":["Thunderclap","Body Slam"],"picked":"Shrug It Off","floor":24.0},{"not_picked":["Warcry+1","Twin Strike","Burning Pact+1"],"picked":"SKIP","floor":25.0},{"not_picked":["Flex","Warcry"],"picked":"Dropkick","floor":27.0},{"not_picked":["Fire Breathing","Heavy Blade","Twin Strike"],"picked":"SKIP","floor":30.0},{"not_picked":["Infernal Blade+1","Inflame","True Grit"],"picked":"SKIP","floor":31.0},{"not_picked":["Infernal Blade+1","Inflame"],"picked":"True Grit","floor":31.0},{"not_picked":["Burning Pact","Anger+1","Dropkick+1"],"picked":"SKIP","floor":35.0},{"not_picked":["Sword Boomerang","Warcry","Wild Strike+1"],"picked":"SKIP","floor":37.0},{"not_picked":["Pummel+1","Headbutt+1"],"picked":"True Grit+1","floor":39.0},{"not_picked":["Clash+1","Reckless Charge+1","Cleave"],"picked":"SKIP","floor":41.0},{"not_picked":["Reaper","Searing Blow","Combust"],"picked":"SKIP","floor":42.0},{"not_picked":["Searing Blow+1","Clash+1"],"picked":"Pommel Strike+1","floor":46.0},{"not_picked":["Perfected Strike+1","Heavy Blade","Thunderclap"],"picked":"SKIP","floor":47.0},{"not_picked":["Inflame","Thunderclap","Shrug It Off"],"picked":"SKIP","floor":54}],"player_experience":1305446,"relics_obtained":[{"floor":7.0,"key":"Sundial"},{"floor":9.0,"key":"Lantern"},{"floor":23.0,"key":"Happy Flower"},{"floor":26.0,"key":"Self Forming Clay"},{"floor":28.0,"key":"Necronomicon"},{"floor":54,"key":"Bronze Scales"}],"event_choices":[{"damage_healed":0.0,"max_hp_gain":0.0,"max_hp_loss":0.0,"gold_gain":75.0,"event_name":"World of Goop","player_choice":"Gather Gold","floor":3.0,"gold_loss":0.0,"damage_taken":11.0},{"damage_healed":0.0,"max_hp_gain":0.0,"max_hp_loss":0.0,"gold_gain":0.0,"event_name":"Match and Keep!","player_choice":"0 cards matched","floor":4.0,"gold_loss":0.0,"damage_taken":0.0,"cards_obtained":[]},{"damage_healed":0.0,"max_hp_gain":0.0,"max_hp_loss":0.0,"gold_gain":0.0,"event_name":"The Library","player_choice":"Read","floor":21.0,"gold_loss":0.0,"damage_taken":0.0,"cards_obtained":["Flame Barrier"]},{"damage_healed":0.0,"max_hp_gain":0.0,"max_hp_loss":0.0,"gold_gain":0.0,"event_name":"Back to Basics","player_choice":"Simplicity","floor":22.0,"gold_loss":0.0,"damage_taken":0.0,"cards_upgraded":["Strike_R","Strike_R","Strike_R","Defend_R","Defend_R","Defend_R","Defend_R"]},{"damage_healed":0.0,"max_hp_gain":0.0,"max_hp_loss":0.0,"gold_gain":0.0,"event_name":"Cursed Tome","player_choice":"Obtained Book","floor":28.0,"gold_loss":0.0,"damage_taken":16.0},{"cards_removed":["Strike_R"],"damage_healed":0.0,"max_hp_gain":0.0,"max_hp_loss":0.0,"gold_gain":0.0,"event_name":"Falling","player_choice":"Removed Attack","floor":38.0,"gold_loss":0.0,"damage_taken":0.0},{"damage_healed":0.0,"max_hp_gain":0.0,"max_hp_loss":0.0,"gold_gain":100.0,"event_name":"Golden Shrine","player_choice":"Pray","floor":45.0,"gold_loss":0.0,"damage_taken":0.0}],"is_beta":false,"boss_relics":[{"not_picked":["Tiny House","SlaversCollar"],"picked":"SacredBark"},{"not_picked":["Calling Bell","Sozu"],"picked":"Fusion Hammer"}],"items_purged_floors":[0,0],"is_endless":false,"potions_floor_spawned":[1,2,8,10,18,20,23,27,30,37,42,47,54],"ascension_level":0}}