{"host":"480qzmvu0s2e3e6w","time":1610443945,"event":{"mods":["BaseMod","Colored Map","DeckTracker","Lobotomy","Minty Spire (QoL Compilation)","StSLib","SuperFastMode"],"gold_per_floor":[111,111,127,143,156,156,488,488,560,560,560,572,590,590,590,667,667,683,459,459,459,473,508,508,508,508,508,523,523,536,553,553,625,625,639,639,339,352,352,352,352,380,380,415,491,511,511,523,523,523,523,523,57,92,92,92],"floor_reached":55,"playtime":3895,"items_purged":["Setup+1","All Out Attack+1","The Bomb"],"score":1310,"play_id":"e2ab8541-4dc8-4f2b-83a5-b3586e176c5c","local_time":"20210112183225","is_ascension_mode":true,"campfire_choices":[{"data":"Poisoned Stab","floor":6.0,"key":"SMITH"},{"data":"Tactician","floor":8.0,"key":"SMITH"},{"floor":10.0,"key":"REST"},{"data":"Deadly Poison","floor":15.0,"key":"SMITH"},{"data":"Adrenaline","floor":24.0,"key":"SMITH"},{"data":"Venomology","floor":27.0,"key":"SMITH"},{"floor":32.0,"key":"REST"},{"data":"After Image","floor":40.0,"key":"SMITH"},{"floor":49.0,"key":"REST"},{"data":"Venomology","floor":52.0,"key":"SMITH"}],"circlet_count":0,"master_deck":["AscendersBane","Defend_G+1","Defend_G+1","Defend_G+1","Defend_G+1","Survivor","Venomology+1","Well Laid Plans","Venomology","Dodge and Roll","Outmaneuver","Poisoned Stab+1","Tactician+1","Deadly Poison","Deadly Poison+1","Adrenaline+1","Sucker Punch+1","Venomology+1","Venomology+1","Bane+1","PiercingWail","PiercingWail","After Image+1","Backstab","Acrobatics","Footwork+1","Master of Strategy","Bouncing Flask","Footwork+1","Backflip","Mayhem","Bullet Time"],"relics":["Ring of the Serpent","Old Coin","Bottled Tornado","Oddly Smooth Stone","Astrolabe","Omamori","Bottled Lightning","WarpedTongs","Sundial","Whetstone","ClockworkSouvenir","Regal Pillow","Question Card","Molten Egg 2","Bag of Preparation","Mummified Hand"],"acts_visited":["Exordium","TheCity","TheBeyond","TheEnding"],"potions_floor_usage":[55,55,55],"damage_taken":[{"damage":9.0,"enemies":"Small Slimes","floor":1.0,"turns":4.0},{"damage":0.0,"enemies":"Cultist","floor":3.0,"turns":5.0},{"damage":7.0,"enemies":"Jaw Worm","floor":4.0,"turns":8.0},{"damage":4.0,"enemies":"Blue Slaver","floor":5.0,"turns":9.0},{"damage":32.0,"enemies":"Gremlin Nob","floor":7.0,"turns":7.0},{"damage":7.0,"enemies":"2 Fungi Beasts","floor":12.0,"turns":5.0},{"damage":4.0,"enemies":"Looter","floor":13.0,"turns":4.0},{"damage":43.0,"enemies":"Slime Boss","floor":16.0,"turns":9.0},{"damage":9.0,"enemies":"Shell Parasite","floor":18.0,"turns":6.0},{"damage":13.0,"enemies":"Chosen","floor":22.0,"turns":7.0},{"damage":4.0,"enemies":"Book of Stabbing","floor":23.0,"turns":5.0},{"damage":6.0,"enemies":"Shelled Parasite and Fungi","floor":28.0,"turns":6.0},{"damage":0.0,"enemies":"Snake Plant","floor":30.0,"turns":3.0},{"damage":0.0,"enemies":"3 Cultists","floor":31.0,"turns":5.0},{"damage":34.0,"enemies":"Collector","floor":33.0,"turns":8.0},{"damage":0.0,"enemies":"3 Shapes","floor":35.0,"turns":2.0},{"damage":3.0,"enemies":"Orb Walker","floor":38.0,"turns":5.0},{"damage":33.0,"enemies":"Reptomancer","floor":42.0,"turns":8.0},{"damage":33.0,"enemies":"Giant Head","floor":44.0,"turns":10.0},{"damage":5.0,"enemies":"Jaw Worm Horde","floor":46.0,"turns":6.0},{"damage":0.0,"enemies":"Maw","floor":48.0,"turns":7.0},{"damage":15.0,"enemies":"Time Eater","floor":50.0,"turns":15.0},{"damage":18.0,"enemies":"Shield and Spear","floor":54.0,"turns":11.0},{"damage":52,"enemies":"The Heart","floor":55,"turns":3}],"seed_played":"-3082315526505215922","potions_obtained":[{"floor":1.0,"key":"GhostInAJar"},{"floor":3.0,"key":"DistilledChaos"},{"floor":12.0,"key":"LiquidBronze"},{"floor":16.0,"key":"FearPotion"},{"floor":22.0,"key":"AttackPotion"},{"floor":28.0,"key":"FearPotion"},{"floor":30.0,"key":"LiquidMemories"},{"floor":31.0,"key":"Block Potion"},{"floor":35.0,"key":"AttackPotion"},{"floor":38.0,"key":"EntropicBrew"},{"floor":42.0,"key":"Poison Potion"},{"floor":48.0,"key":"Ancient Potion"},{"floor":54.0,"key":"FearPotion"}],"is_trial":false,"path_per_floor":["M","?","M","M","M","R","E","R","T","R","?","M","M","?","R","B",null,"M","$","?","?","M","E","R","?","T","R","M","T","M","M","R","B",null,"M","?","$","M","?","R","?","E","T","E","T","M","?","M","R","B",null,"R","$","E","B"],"character_chosen":"THE_SILENT","items_purchased":["Omamori","ClockworkSouvenir","Acrobatics","Bag of Preparation","Mayhem"],"campfire_rested":3,"item_purchase_floors":[19,37,37,53,53],"current_hp_per_floor":[50,50,50,43,54,54,22,22,22,41,46,39,35,35,35,14,57,48,48,48,48,35,31,31,31,31,31,25,25,25,25,46,12,56,56,56,56,53,53,53,43,10,10,15,15,10,10,10,45,45,62,62,62,44,0,0],"gold":92,"neow_bonus":"TRANSFORM_CARD","is_daily":false,"chose_seed":false,"campfire_upgraded":7,"win_rate":0.0,"timestamp":1610443945,"path_taken":["M","?","M","M","M","R","E","R","T","R","?","M","M","?","R","BOSS","M","$","?","?","M","E","R","?","T","R","?","?","M","M","R","BOSS","M","?","$","M","?","R","?","E","T","E","?","?","?","M","R","BOSS","R","$","E","BOSS"],"items_purchased_type":["Relic","Relic","Card","Relic","Card"],"build_version":"2020-12-22","purchased_purges":3,"victory":false,"max_hp_per_floor":[66,66,66,66,66,66,66,66,66,66,71,71,71,71,71,71,71,71,71,71,71,71,71,71,71,71,71,71,71,71,71,71,71,71,71,71,71,71,67,67,67,67,67,67,67,67,67,67,67,67,67,67,67,67,67,67],"card_choices":[{"not_picked":["Infinite Blades","Underhanded Strike"],"picked":"Well Laid Plans","floor":1.0},{"not_picked":["Outmaneuver","Underhanded Strike"],"picked":"Dodge and Roll","floor":3.0},{"not_picked":["Prepared","Well Laid Plans"],"picked":"Outmaneuver","floor":4.0},{"not_picked":["Reflex","Bane"],"picked":"Poisoned Stab","floor":5.0},{"not_picked":["Malaise","Dagger Throw"],"picked":"Tactician","floor":7.0},{"not_picked":["Choke","Flechettes"],"picked":"Deadly Poison","floor":12.0},{"not_picked":["Dodge and Roll","Blade Dance"],"picked":"Deadly Poison","floor":13.0},{"not_picked":["Doppelganger","Unload"],"picked":"Adrenaline","floor":16.0},{"not_picked":["Expertise","Prepared","Outmaneuver"],"picked":"SKIP","floor":18.0},{"not_picked":["Expertise","Outmaneuver"],"picked":"Prepared","floor":18.0},{"not_picked":["Expertise+1","All Out Attack","Heel Hook"],"picked":"SKIP","floor":22.0},{"not_picked":["Heel Hook","Skewer"],"picked":"Bane","floor":23.0},{"not_picked":["All Out Attack","Choke"],"picked":"PiercingWail","floor":28.0},{"not_picked":["Slice","Outmaneuver","Deadly Poison"],"picked":"SKIP","floor":30.0},{"not_picked":["All Out Attack","Sucker Punch"],"picked":"PiercingWail","floor":31.0},{"not_picked":["Storm of Steel","A Thousand Cuts"],"picked":"After Image","floor":33.0},{"not_picked":["Heel Hook","Tactician"],"picked":"Backstab","floor":35.0},{"not_picked":["Deflect","All Out Attack"],"picked":"Footwork+1","floor":38.0},{"not_picked":["HandOfGreed","Panacea"],"picked":"Master of Strategy","floor":41.0},{"not_picked":["Metamorphosis","Mind Blast"],"picked":"The Bomb","floor":41.0},{"not_picked":["Sucker Punch+1","Unload"],"picked":"Bouncing Flask","floor":42.0},{"not_picked":["Underhanded Strike","Heel Hook"],"picked":"Footwork+1","floor":44.0},{"not_picked":["Quick Slash+1","PiercingWail","Flying Knee+1","Outmaneuver+1"],"picked":"SKIP","floor":46.0},{"not_picked":["Choke+1","Escape Plan","Acrobatics"],"picked":"Backflip","floor":48.0},{"not_picked":["Deflect+1","Caltrops","Dash+1"],"picked":"Bullet Time","floor":54.0}],"player_experience":690239,"relics_obtained":[{"floor":7.0,"key":"Old Coin"},{"floor":9.0,"key":"Bottled Tornado"},{"floor":23.0,"key":"Bottled Lightning"},{"floor":26.0,"key":"Sundial"},{"floor":29.0,"key":"Whetstone"},{"floor":42.0,"key":"Regal Pillow"},{"floor":44.0,"key":"Question Card"},{"floor":45.0,"key":"Molten Egg 2"},{"floor":54.0,"key":"Mummified Hand"}],"event_choices":[{"damage_healed":0.0,"max_hp_gain":0.0,"max_hp_loss":0.0,"gold_gain":0.0,"cards_transformed":["Strike_G"],"event_name":"Living Wall","player_choice":"Change","floor":2.0,"gold_loss":0.0,"damage_taken":0.0,"cards_obtained":["Venomology"]},{"damage_healed":0.0,"max_hp_gain":5.0,"max_hp_loss":0.0,"gold_gain":0.0,"event_name":"Big Fish","player_choice":"Donut","floor":11.0,"gold_loss":0.0,"damage_taken":0.0},{"damage_healed":0.0,"max_hp_gain":0.0,"max_hp_loss":0.0,"gold_gain":0.0,"event_name":"WeMeetAgain","player_choice":"Gave Potion","floor":14.0,"gold_loss":0.0,"damage_taken":0.0,"relics_obtained":["Oddly Smooth Stone"]},{"damage_healed":0.0,"max_hp_gain":0.0,"max_hp_loss":0.0,"gold_gain":0.0,"cards_transformed":["Defend_G","Prepared"],"event_name":"Drug Dealer","player_choice":"Became Test Subject","floor":20.0,"gold_loss":0.0,"damage_taken":0.0,"cards_obtained":["All Out Attack","Venomology"]},{"damage_healed":0.0,"max_hp_gain":0.0,"max_hp_loss":0.0,"gold_gain":0.0,"event_name":"Back to Basics","player_choice":"Simplicity","floor":21.0,"gold_loss":0.0,"damage_taken":0.0,"cards_upgraded":["Defend_G","Defend_G","Defend_G","Defend_G"]},{"damage_healed":0.0,"max_hp_gain":0.0,"max_hp_loss":0.0,"gold_gain":0.0,"event_name":"Accursed Blacksmith","player_choice":"Rummage","floor":25.0,"gold_loss":0.0,"damage_taken":0.0,"relics_obtained":["WarpedTongs"],"cards_obtained":["Pain"]},{"damage_healed":0.0,"max_hp_gain":0.0,"max_hp_loss":0.0,"gold_gain":0.0,"event_name":"Tomb of Lord Red Mask","player_choice":"Ignored","floor":36.0,"gold_loss":0.0,"damage_taken":0.0},{"damage_healed":0.0,"max_hp_gain":0.0,"max_hp_loss":4.0,"gold_gain":0.0,"event_name":"Winding Halls","player_choice":"Max HP","floor":39.0,"gold_loss":0.0,"damage_taken":0.0},{"damage_healed":0.0,"max_hp_gain":0.0,"max_hp_loss":0.0,"gold_gain":0.0,"event_name":"SensoryStone","player_choice":"Memory 3","floor":41.0,"gold_loss":0.0,"damage_taken":10.0},{"cards_removed":["Neutralize"],"damage_healed":0.0,"max_hp_gain":0.0,"max_hp_loss":0.0,"gold_gain":0.0,"event_name":"Falling","player_choice":"Removed Attack","floor":47.0,"gold_loss":0.0,"damage_taken":0.0}],"is_beta":false,"boss_relics":[{"not_picked":["Fusion Hammer","Calling Bell"],"picked":"Astrolabe"},{"not_picked":["SlaversCollar","Velvet Choker"],"picked":"Ring of the Serpent"}],"items_purged_floors":[19,37,53],"is_endless":false,"potions_floor_spawned":[1,3,12,16,22,28,30,31,33,35,38,42,48,54],"killed_by":"The Heart","ascension_level":15}}