{"host":"wud4w7nw8qmq6f33","time":1610416002,"event":{"mods":["2.2 Compatiblity","Act Like it!","BaseMod","Beaked The Cultist","Better Third Choice","BetterRewards","Colored Map","Colored Powertips","Energized Spire","Gremlin Skip","Minty Spire (QoL Compilation)","Permanent Neow","Quick Restart","Rare Cards Sparkle","StSLib","everything is the same but u backflip on backflip","slay the spire mod where everything is the same but ironclad has a cowboy hat"],"gold_per_floor":[213,42,42,52,67,95,107,124,124,124,150,177,177,187,187,288,288,308,324,76,92,107,140,140,169,169,169,94,44,54,69,69,171,171,186,204,254,269,269,295,295,295,318,347,362,362,362,373,373,373,373,373,61,86,86,86],"floor_reached":55,"playtime":3431,"items_purged":["Strike_R","Defend_R","Defend_R","Defend_R"],"score":854,"play_id":"2225d394-0788-4abc-a9b6-de15a4afc428","local_time":"20210111204642","is_ascension_mode":false,"campfire_choices":[{"data":"Iron Wave","floor":10,"key":"SMITH"},{"data":"Uppercut","floor":13,"key":"SMITH"},{"data":"Iron Wave","floor":15,"key":"SMITH"},{"data":"Metallicize","floor":24,"key":"SMITH"},{"data":"Iron Wave","floor":27,"key":"SMITH"},{"data":"Shockwave","floor":32,"key":"SMITH"},{"floor":41,"key":"RECALL"},{"data":"Juggernaut","floor":47,"key":"SMITH"},{"data":"Berserk","floor":49,"key":"SMITH"},{"data":"Dropkick","floor":52,"key":"SMITH"}],"circlet_count":0,"master_deck":["Strike_R","Defend_R","Bash+1","Metallicize+1","Iron Wave+1","Shockwave+1","Iron Wave+1","Iron Wave+1","Dropkick+1","Uppercut+1","Berserk+1","Iron Wave+1","Body Slam+1","Battle Trance+1","Juggernaut+1"],"relics":["Burning Blood","Ornamental Fan","Odd Mushroom","Gremlin Horn","energizedSpire:DeadBattery","Whetstone","The Courier","Nunchaku","Smiling Mask","Philosopher\u0027s Stone","Ice Cream","StoneCalendar","Art of War","Eternal Feather","Lantern","Sundial"],"acts_visited":["Exordium","TheCity","TheBeyond","TheEnding"],"potions_floor_usage":[6,12,16,16,18,50,55,55],"damage_taken":[{"damage":4,"enemies":"Cultist","floor":1,"turns":4},{"damage":0,"enemies":"Jaw Worm","floor":4,"turns":5},{"damage":5,"enemies":"2 Louse","floor":5,"turns":3},{"damage":16,"enemies":"Gremlin Nob","floor":6,"turns":5},{"damage":0,"enemies":"Blue Slaver","floor":7,"turns":5},{"damage":1,"enemies":"2 Fungi Beasts","floor":8,"turns":5},{"damage":8,"enemies":"The Mushroom Lair","floor":11,"turns":6},{"damage":0,"enemies":"Lagavulin","floor":12,"turns":9},{"damage":6,"enemies":"Large Slime","floor":14,"turns":5},{"damage":18,"enemies":"Slime Boss","floor":16,"turns":9},{"damage":5,"enemies":"Shell Parasite","floor":18,"turns":5},{"damage":4,"enemies":"2 Thieves","floor":19,"turns":4},{"damage":3,"enemies":"Shelled Parasite and Fungi","floor":21,"turns":5},{"damage":19,"enemies":"Sentry and Sphere","floor":22,"turns":7},{"damage":3,"enemies":"Book of Stabbing","floor":23,"turns":5},{"damage":0,"enemies":"Gremlin Leader","floor":25,"turns":6},{"damage":2,"enemies":"Centurion and Healer","floor":30,"turns":5},{"damage":5,"enemies":"Snecko","floor":31,"turns":5},{"damage":0,"enemies":"Collector","floor":33,"turns":8},{"damage":4,"enemies":"3 Shapes","floor":35,"turns":5},{"damage":15,"enemies":"3 Darklings","floor":36,"turns":4},{"damage":0,"enemies":"Mind Bloom Boss Battle","floor":37,"turns":6},{"damage":0,"enemies":"Transient","floor":38,"turns":5},{"damage":6,"enemies":"Giant Head","floor":40,"turns":6},{"damage":1,"enemies":"Nemesis","floor":44,"turns":5},{"damage":34,"enemies":"4 Shapes","floor":45,"turns":5},{"damage":0,"enemies":"Spire Growth","floor":48,"turns":4},{"damage":25,"enemies":"Donu and Deca","floor":50,"turns":8},{"damage":45,"enemies":"Shield and Spear","floor":54,"turns":7},{"damage":63,"enemies":"The Heart","floor":55,"turns":3}],"seed_played":"-1115673271517487348","potions_obtained":[{"floor":1,"key":"Block Potion"},{"floor":5,"key":"DuplicationPotion"},{"floor":7,"key":"Swift Potion"},{"floor":8,"key":"LiquidMemories"},{"floor":12,"key":"FearPotion"},{"floor":16,"key":"SkillPotion"},{"floor":21,"key":"SpeedPotion"},{"floor":22,"key":"FearPotion"},{"floor":25,"key":"EssenceOfSteel"}],"is_trial":false,"path_per_floor":["M","$","?","M","M","E","M","M","T","R","?","E","R","M","R","B",null,"M","M","$","M","M","E","R","E","T","R","?","$","M","M","R","B",null,"M","M","?","M","?","E","R","?","T","E","M","?","R","M","R","B",null,"R","$","E","B"],"character_chosen":"IRONCLAD","items_purchased":["Iron Wave","Shockwave","Whetstone","CultistPotion","Lantern","Ancient Potion"],"campfire_rested":0,"item_purchase_floors":[2,2,20,53,53,53],"current_hp_per_floor":[80,80,73,79,80,70,76,80,80,80,78,80,80,80,80,68,80,80,80,80,80,67,70,70,76,76,76,76,76,80,80,80,80,80,80,71,77,80,80,80,80,80,80,80,52,52,61,67,76,57,80,80,80,41,0,0],"gold":86,"neow_bonus":"HUNDRED_GOLD","is_daily":false,"chose_seed":false,"campfire_upgraded":9,"win_rate":0.0,"timestamp":1610416002,"path_taken":["M","?","?","M","M","E","M","M","T","R","?","E","R","M","R","BOSS","M","M","$","M","M","E","R","E","T","R","?","$","M","M","R","BOSS","M","M","?","M","?","E","R","?","T","E","?","?","R","M","R","BOSS","R","$","E","BOSS"],"items_purchased_type":["Card","Card","Relic","Potion","Relic","Potion"],"build_version":"2020-12-22","purchased_purges":4,"victory":false,"max_hp_per_floor":[80,80,80,80,80,80,80,80,80,80,80,80,80,80,80,80,80,80,80,80,80,80,80,80,80,80,80,80,80,80,80,80,80,80,80,80,80,80,80,80,80,80,80,80,80,80,80,80,80,80,80,80,80,80,80,80],"card_choices":[{"not_picked":["Blood for Blood","Sword Boomerang"],"picked":"Metallicize","floor":1},{"not_picked":["Armaments","Sever Soul"],"picked":"Iron Wave","floor":4},{"not_picked":["Cleave","Warcry","Second Wind"],"picked":"SKIP","floor":5},{"not_picked":["Fiend Fire","Wild Strike","Combust"],"picked":"SKIP","floor":6},{"not_picked":["Bloodletting","Sword Boomerang"],"picked":"Iron Wave","floor":7},{"not_picked":["Reckless Charge","Wild Strike","Pommel Strike"],"picked":"SKIP","floor":8},{"not_picked":["Armaments","Flex"],"picked":"Dropkick","floor":11},{"not_picked":["Impervious","Inflame"],"picked":"Uppercut","floor":12},{"not_picked":["Clothesline","Sever Soul","Heavy Blade"],"picked":"SKIP","floor":14},{"not_picked":["Corruption","Bludgeon"],"picked":"Berserk","floor":16},{"not_picked":["Heavy Blade+1","Warcry","Perfected Strike"],"picked":"SKIP","floor":18},{"not_picked":["Bloodletting","Thunderclap+1","Warcry"],"picked":"SKIP","floor":19},{"not_picked":["Shockwave","Shrug It Off"],"picked":"Iron Wave","floor":21},{"not_picked":["Iron Wave","Shrug It Off"],"picked":"Body Slam+1","floor":22},{"not_picked":["Power Through+1","Sentinel"],"picked":"Battle Trance+1","floor":23},{"not_picked":["Battle Trance+1","Dark Embrace","Second Wind"],"picked":"SKIP","floor":25},{"not_picked":["Pommel Strike+1","Sword Boomerang","Iron Wave"],"picked":"SKIP","floor":30},{"not_picked":["Ghostly Armor","Brutality","Clothesline+1"],"picked":"SKIP","floor":31},{"not_picked":["Berserk","Fiend Fire"],"picked":"Juggernaut","floor":33},{"not_picked":["Sword Boomerang+1","Thunderclap+1","Armaments+1"],"picked":"SKIP","floor":35},{"not_picked":["Clash","Anger","Flex"],"picked":"SKIP","floor":36},{"not_picked":["Clash","Anger","Flex"],"picked":"SKIP","floor":36},{"not_picked":["Armaments","Pommel Strike+1","Sword Boomerang"],"picked":"SKIP","floor":38},{"not_picked":["Evolve","Body Slam+1","Hemokinesis+1"],"picked":"SKIP","floor":40},{"not_picked":["Infernal Blade","Twin Strike","Feed"],"picked":"SKIP","floor":44},{"not_picked":["Fire Breathing+1","Blood for Blood","Dark Embrace+1"],"picked":"SKIP","floor":45},{"not_picked":["Shrug It Off","Headbutt","True Grit+1"],"picked":"SKIP","floor":48},{"not_picked":["Cleave","Armaments","Combust"],"picked":"SKIP","floor":54}],"player_experience":626610,"relics_obtained":[{"floor":6,"key":"Ornamental Fan"},{"floor":11,"key":"Odd Mushroom"},{"floor":12,"key":"Gremlin Horn"},{"floor":23,"key":"The Courier"},{"floor":25,"key":"Nunchaku"},{"floor":26,"key":"Smiling Mask"},{"floor":37,"key":"Ice Cream"},{"floor":40,"key":"StoneCalendar"},{"floor":43,"key":"Art of War"},{"floor":44,"key":"Eternal Feather"},{"floor":54,"key":"Sundial"}],"event_choices":[{"cards_removed":["Strike_R"],"damage_healed":0,"gold_gain":0,"player_choice":"Card Removal","damage_taken":7,"max_hp_gain":0,"max_hp_loss":0,"event_name":"Golden Wing","floor":3,"gold_loss":0},{"damage_healed":0,"gold_gain":0,"player_choice":"Fought Mushrooms","damage_taken":0,"max_hp_gain":0,"max_hp_loss":0,"event_name":"Mushrooms","floor":11,"gold_loss":0},{"cards_removed":["Strike_R"],"damage_healed":0,"gold_gain":0,"player_choice":"Gave Gold","damage_taken":0,"max_hp_gain":0,"max_hp_loss":0,"event_name":"Beggar","floor":28,"gold_loss":75},{"damage_healed":0,"gold_gain":0,"player_choice":"Fight","damage_taken":0,"max_hp_gain":0,"max_hp_loss":0,"event_name":"MindBloom","floor":37,"gold_loss":0},{"cards_removed":["Strike_R"],"damage_healed":0,"gold_gain":0,"player_choice":"Removed Attack","damage_taken":0,"max_hp_gain":0,"max_hp_loss":0,"event_name":"Falling","floor":39,"gold_loss":0},{"damage_healed":0,"gold_gain":0,"player_choice":"Ignored","damage_taken":0,"max_hp_gain":0,"max_hp_loss":0,"event_name":"Tomb of Lord Red Mask","floor":42,"gold_loss":0},{"damage_healed":0,"gold_gain":0,"player_choice":"Ignored","damage_taken":0,"max_hp_gain":0,"max_hp_loss":0,"event_name":"Mysterious Sphere","floor":46,"gold_loss":0}],"is_beta":false,"boss_relics":[{"not_picked":["energizedSpire:OgreHead","energizedSpire:StickyHand"],"picked":"energizedSpire:DeadBattery"},{"not_picked":["energizedSpire:RedRose","energizedSpire:HugeHouse"],"picked":"Philosopher\u0027s Stone"}],"items_purged_floors":[2,20,29,53],"is_endless":false,"potions_floor_spawned":[1,5,7,8,12,16,21,22,23,25,33,36,40],"killed_by":"The Heart","ascension_level":0}}