{"host":"5icjlaq41ghjcr7h","time":1610447129,"event":{"mods":["AchievementEnabler","BaseMod","Colored Map","Minty Spire (QoL Compilation)","SuperFastMode","everything is the same but u backflip on backflip"],"gold_per_floor":[366,441,616,133,153,153,185,185,209,236,256,256,256],"floor_reached":12,"playtime":321,"items_purged":["Doubt"],"score":95,"play_id":"2020e758-9aa8-4e54-9535-1ab73095be1b","local_time":"20210112192529","is_ascension_mode":true,"campfire_choices":[{"data":"Storm","floor":6,"key":"SMITH"},{"data":"Static Discharge","floor":8,"key":"SMITH"}],"circlet_count":0,"master_deck":["Strike_B","Strike_B","Strike_B","Strike_B","Defend_B","Defend_B","Defend_B","Defend_B","Zap","Dualcast","Static Discharge+1","Storm+1","Turbo","BootSequence","Self Repair","Gash","Conserve Battery","Turbo"],"relics":["Cracked Core","Eternal Feather","Centennial Puzzle","Dream Catcher","Art of War"],"acts_visited":["Exordium"],"potions_floor_usage":[10,12],"damage_taken":[{"damage":7,"enemies":"Small Slimes","floor":1,"turns":3},{"damage":2,"enemies":"2 Louse","floor":5,"turns":3},{"damage":40,"enemies":"3 Sentries","floor":7,"turns":5},{"damage":22,"enemies":"Gremlin Nob","floor":10,"turns":3},{"damage":0,"enemies":"Cultist","floor":11,"turns":3},{"damage":28,"enemies":"3 Sentries","floor":12,"turns":4}],"seed_played":"3679145809982796991","potions_obtained":[{"floor":5,"key":"EssenceOfSteel"},{"floor":10,"key":"DistilledChaos"}],"is_trial":false,"path_per_floor":["M","?","?","$","M","R","E","R","T","E","M","E"],"character_chosen":"DEFECT","items_purchased":["Storm","Turbo","BootSequence","Eternal Feather"],"campfire_rested":0,"item_purchase_floors":[4,4,4,4],"current_hp_per_floor":[61,50,50,50,48,57,24,33,33,18,25,0,0],"gold":256,"neow_bonus":"TWO_FIFTY_GOLD","is_daily":false,"chose_seed":false,"campfire_upgraded":2,"win_rate":0.0,"timestamp":1610447129,"path_taken":["M","?","?","$","M","R","E","R","T","E","M","E"],"items_purchased_type":["Card","Card","Card","Relic"],"build_version":"2020-12-22","purchased_purges":1,"victory":false,"max_hp_per_floor":[68,68,68,68,68,68,68,68,68,68,68,68,68],"card_choices":[{"not_picked":["Beam Cell","Darkness"],"picked":"Static Discharge","floor":1},{"not_picked":["Lockon","Conserve Battery"],"picked":"Self Repair","floor":5},{"not_picked":["Fission","Rip and Tear"],"picked":"Gash","floor":7},{"not_picked":["Streamline","Chill"],"picked":"Conserve Battery","floor":10},{"not_picked":["Cold Snap","Rebound"],"picked":"Turbo","floor":11}],"player_experience":117331,"relics_obtained":[{"floor":7,"key":"Centennial Puzzle"},{"floor":9,"key":"Dream Catcher"},{"floor":10,"key":"Art of War"}],"event_choices":[{"damage_healed":0,"gold_gain":75,"player_choice":"Gather Gold","damage_taken":11,"max_hp_gain":0,"max_hp_loss":0,"event_name":"World of Goop","floor":2,"gold_loss":0},{"damage_healed":0,"gold_gain":175,"player_choice":"AGREE","damage_taken":0,"max_hp_gain":0,"max_hp_loss":0,"event_name":"Liars Game","floor":3,"gold_loss":0,"cards_obtained":["Doubt"]}],"is_beta":false,"boss_relics":[],"items_purged_floors":[4],"is_endless":false,"potions_floor_spawned":[5,10],"killed_by":"3 Sentries","ascension_level":2}}