{"host":"guwca93h2ke9l2g3","time":1610431623,"event":{"mods":["2.2 Compatiblity","BaseMod","Better Skull","Colored Powertips","Downfall","GungeonMod","Hermit","HololiveMod","Jorbs\u0027s Wanderer Trilogy","Lobotomy","Marked Mod","Minty Spire (QoL Compilation)","MostiFishMod","Potionbrewer","Prisma Mod","Quick Restart","Relic Stats","Replay The Spire","Spicy Shops","StSLib","The Animator","The Bug Knight","The Cursed","The Runesmith","The Servant 0.9.4","TheVacant","Waifu the Spire","WarShipGirlsR/????R mod"],"gold_per_floor":[114,129,54,74,74,74,102,102,102,133,33,52,52,70,70,174,224,243,243,257,275,285,311,311,322,322,333,352,383,383,383,383,482,482,500,511,521,287,287,287],"floor_reached":39,"playtime":2671,"items_purged":["DemoMod:Defend_Huntress","DemoMod:Defend_Huntress","DemoMod:Defend_Huntress"],"score":700,"play_id":"0ac73253-f5f4-4a02-93b6-8b878e74697b","local_time":"20210112000703","is_ascension_mode":true,"campfire_choices":[{"data":"DemoMod:TeaPot","floor":6,"key":"SMITH"},{"data":"DemoMod:Polaris","floor":8,"key":"SMITH"},{"data":"DemoMod:SniperShot","floor":13,"key":"SMITH"},{"floor":15,"key":"RECALL"},{"data":"DemoMod:SniperShot","floor":24,"key":"SMITH"},{"data":"DemoMod:TripleGun","floor":30,"key":"SMITH"},{"data":"DemoMod:FullFirepower","floor":32,"key":"SMITH"}],"circlet_count":0,"master_deck":["DemoMod:Strike_Huntress","DemoMod:Strike_Huntress+1","DemoMod:Strike_Huntress","DemoMod:Roll","DemoMod:ManualReload","DemoMod:RustySidearm","DemoMod:CrossBow","DemoMod:TeaPot+1","DemoMod:Polaris+1","DemoMod:SniperShot+1","DemoMod:FullFirepower+1","DemoMod:TripleGun+1","DemoMod:SniperShot+1","DemoMod:SniperShot","DemoMod:StrategicReserve+1","DemoMod:Polaris+1","DemoMod:FullFirepower","DemoMod:Evolver","Parasite","DemoMod:Purify"],"relics":["DaveBox","EGODaCapo","Velvet Choker","SynthV:TestCard","Replay:WaspNest","InkBottle","Tiny House","DemoMod:Metronome","Toy Ornithopter","DemoMod:MeltedRock","Runic Pyramid","BargainBundle"],"acts_visited":["Exordium","TheCity","TheBeyond"],"potions_floor_usage":[23,29],"damage_taken":[{"damage":0,"enemies":"Cultist","floor":1,"turns":3},{"damage":0,"enemies":"Small Slimes","floor":2,"turns":3},{"damage":0,"enemies":"2 Louse","floor":4,"turns":2},{"damage":10,"enemies":"Lagavulin","floor":7,"turns":5},{"damage":14,"enemies":"Gremlin Nob","floor":10,"turns":4},{"damage":0,"enemies":"Red Slaver","floor":12,"turns":2},{"damage":1,"enemies":"Exordium Thugs","floor":14,"turns":2},{"damage":0,"enemies":"Slime Boss","floor":16,"turns":2},{"damage":4,"enemies":"3 Byrds","floor":18,"turns":3},{"damage":0,"enemies":"Spheric Guardian","floor":20,"turns":2},{"damage":0,"enemies":"3 Cultists","floor":21,"turns":2},{"damage":0,"enemies":"Shelled Parasite and Fungi","floor":22,"turns":2},{"damage":18,"enemies":"Replay:Snechameleon","floor":23,"turns":4},{"damage":6,"enemies":"Snake Plant","floor":25,"turns":3},{"damage":1,"enemies":"Cultist and Chosen","floor":27,"turns":3},{"damage":0,"enemies":"Centurion and Healer","floor":28,"turns":2},{"damage":0,"enemies":"HollowMod:Nosk","floor":29,"turns":2},{"damage":0,"enemies":"Automaton","floor":33,"turns":3},{"damage":0,"enemies":"3 Shapes","floor":35,"turns":1},{"damage":20,"enemies":"3 Darklings","floor":36,"turns":3},{"damage":31,"enemies":"Writhing Mass","floor":37,"turns":6},{"damage":20,"enemies":"Transient","floor":39,"turns":3}],"seed_played":"24940660535926227","potions_obtained":[{"floor":1,"key":"Milkshake"},{"floor":2,"key":"BlessingOfTheForge"},{"floor":7,"key":"sneckomod:MuddlingPotion"},{"floor":23,"key":"potionbrewer:AcidPotion"},{"floor":36,"key":"BlessingOfTheForge"},{"floor":37,"key":"Energy Potion"}],"is_trial":false,"path_per_floor":["M","M","$","M","?","R","E","R","T","E","$","M","R","M","R","B",null,"M","?","M","M","M","E","R","M","T","M","M","E","R","?","R","B",null,"M","M","M","$","M"],"character_chosen":"HUNTRESS","items_purchased":["BargainBundle","DemoMod:Purify","Fire Potion"],"campfire_rested":0,"item_purchase_floors":[38,38,38],"current_hp_per_floor":[70,70,70,70,70,70,60,60,60,46,46,46,46,45,45,45,69,65,65,65,65,65,47,47,41,41,40,40,45,45,45,45,45,68,68,48,17,17,0,0],"gold":287,"neow_bonus":"BOSS_RELIC","is_daily":false,"chose_seed":false,"campfire_upgraded":6,"win_rate":0.0,"timestamp":1610431623,"path_taken":["M","M","$","M","?","R","E","R","T","E","$","M","R","M","R","BOSS","M","?","M","M","M","E","R","M","T","M","M","E","R","?","R","BOSS","M","M","M","$","M"],"items_purchased_type":["Relic","Card","Potion"],"build_version":"2020-12-22","purchased_purges":3,"victory":false,"max_hp_per_floor":[70,70,70,70,70,70,70,70,70,70,70,70,70,70,70,70,75,75,75,75,75,75,75,75,75,75,75,75,75,75,75,75,75,75,75,75,75,75,75,75],"relic_stats":{"counters":[22,62],"obtain_stats":[{"BargainBundle":38,"Tiny House":17,"DemoMod:Dog":0,"DaveBox":0,"Velvet Choker":0,"DemoMod:GlassGuonStoneRelic":1,"Replay:WaspNest":7,"SynthV:TestCard":1,"EGODaCapo":0,"DemoMod:Metronome":23,"DemoMod:MeltedRock":29,"InkBottle":10,"Toy Ornithopter":26,"Runic Pyramid":34},{"BargainBundle":21,"Tiny House":8,"DemoMod:Dog":0,"DaveBox":0,"Velvet Choker":0,"DemoMod:GlassGuonStoneRelic":1,"Replay:WaspNest":4,"SynthV:TestCard":1,"EGODaCapo":0,"DemoMod:Metronome":13,"DemoMod:MeltedRock":17,"InkBottle":5,"Toy Ornithopter":14,"Runic Pyramid":18},{"BargainBundle":59,"Tiny House":23,"DemoMod:Dog":0,"DaveBox":0,"Velvet Choker":0,"DemoMod:GlassGuonStoneRelic":3,"Replay:WaspNest":13,"SynthV:TestCard":3,"EGODaCapo":0,"DemoMod:Metronome":36,"DemoMod:MeltedRock":46,"InkBottle":17,"Toy Ornithopter":39,"Runic Pyramid":49}],"InkBottle":[21],"Toy Ornithopter":5},"card_choices":[{"not_picked":["DemoMod:PotionOfGunFriendShip","DemoMod:ZorGun","DemoMod:FeignSurrender"],"picked":"SKIP","floor":1},{"not_picked":["DemoMod:HardPowerCard","DemoMod:BattleInHaste","DemoMod:HighKaliber","DemoMod:Ejector","DemoMod:AC15"],"picked":"SKIP","floor":2},{"not_picked":["DemoMod:HuntsMan","DemoMod:GunstockTap","DemoMod:TableSutra","DemoMod:StickyCrossBow"],"picked":"DemoMod:TeaPot","floor":4},{"not_picked":["DemoMod:AC15","DemoMod:HungryBullets","DemoMod:Ejector","DemoMod:Desperate"],"picked":"DemoMod:Polaris","floor":7},{"not_picked":["DemoMod:StickyCrossBow","DemoMod:GunstockTap","DemoMod:HuntsMan","DemoMod:DirectionalPad"],"picked":"DemoMod:SniperShot","floor":10},{"not_picked":["DemoMod:FortunesFavor","DemoMod:GunstockTap","DemoMod:JK47","DemoMod:PotionOfGunFriendShip","DemoMod:Ejector"],"picked":"SKIP","floor":12},{"not_picked":["DemoMod:HardPowerCard","DemoMod:PotionOfGunFriendShip","DemoMod:Unity","DemoMod:FastSwitch","DemoMod:DirectionalPad"],"picked":"SKIP","floor":14},{"not_picked":["DemoMod:BSG","DemoMod:BulletBore","DemoMod:ThirdPartyController","DemoMod:Gungine"],"picked":"DemoMod:FullFirepower","floor":16},{"not_picked":["DemoMod:DoubleSwitch","DemoMod:JK47","DemoMod:HardPowerCard","DemoMod:SAA+1"],"picked":"DemoMod:TripleGun","floor":18},{"not_picked":["DemoMod:AbyssalTentacle","DemoMod:GunstockTap","DemoMod:MegaHand","DemoMod:Casey","DemoMod:HuntsMan+1"],"picked":"SKIP","floor":20},{"not_picked":["DemoMod:HardPowerCard","DemoMod:BoxingGlove","DemoMod:MegaHand","DemoMod:ProbeStrike+1"],"picked":"DemoMod:SniperShot","floor":21},{"not_picked":["DemoMod:JK47+1","DemoMod:BoxingGlove","DemoMod:GunstockTap","DemoMod:BattleInHaste","DemoMod:SpreadAmmo"],"picked":"SKIP","floor":22},{"not_picked":["DemoMod:Casey+1","DemoMod:ZorGun","DemoMod:Purify","DemoMod:HardPowerCard"],"picked":"DemoMod:SniperShot","floor":23},{"not_picked":["DemoMod:Casey","DemoMod:AC15","DemoMod:TeaPot+1","DemoMod:SAA","DemoMod:ZorGun"],"picked":"SKIP","floor":25},{"not_picked":["DemoMod:Camera+1","DemoMod:FortunesFavor","DemoMod:SAA+1","DemoMod:MegaHand","DemoMod:StickyCrossBow"],"picked":"SKIP","floor":27},{"not_picked":["DemoMod:CombinedRifle+1","DemoMod:SAA","DemoMod:MachoBrace","DemoMod:AbyssalTentacle"],"picked":"DemoMod:StrategicReserve+1","floor":28},{"not_picked":["DemoMod:GunstockTap","DemoMod:Gungine","DemoMod:BlankBullets","DemoMod:BoxingGlove","DemoMod:TeaPot"],"picked":"SKIP","floor":29},{"not_picked":["DemoMod:SuppressiveFire","DemoMod:Desperate","DemoMod:FinishedGun","DemoMod:GunslingerForm"],"picked":"DemoMod:FullFirepower","floor":33},{"not_picked":["DemoMod:ZorGun","DemoMod:HighKaliber+1","DemoMod:DoubleSwitch","DemoMod:JK47"],"picked":"DemoMod:Evolver","floor":35},{"not_picked":["DemoMod:AWP","DemoMod:HardPowerCard+1","DemoMod:FastSwitch","DemoMod:SpreadAmmo+1","DemoMod:AC15"],"picked":"SKIP","floor":36},{"not_picked":["DemoMod:ProbeStrike+1","DemoMod:BoxingGlove","DemoMod:SniperShot","DemoMod:HardPowerCard","DemoMod:StickyCrossBow+1"],"picked":"SKIP","floor":37}],"player_experience":302551,"relics_obtained":[{"floor":1,"key":"SynthV:TestCard"},{"floor":7,"key":"Replay:WaspNest"},{"floor":10,"key":"InkBottle"},{"floor":23,"key":"DemoMod:Metronome"},{"floor":26,"key":"Toy Ornithopter"},{"floor":29,"key":"DemoMod:MeltedRock"}],"event_choices":[{"damage_healed":0,"gold_gain":0,"player_choice":"Ignored","damage_taken":0,"max_hp_gain":0,"max_hp_loss":0,"event_name":"Liars Game","floor":5,"gold_loss":0},{"cards_removed":["DemoMod:Defend_Huntress"],"damage_healed":0,"gold_gain":0,"player_choice":"Elegance","damage_taken":0,"max_hp_gain":0,"max_hp_loss":0,"event_name":"Back to Basics","floor":19,"gold_loss":0},{"damage_healed":0,"gold_gain":0,"player_choice":"Copied","damage_taken":0,"max_hp_gain":0,"max_hp_loss":0,"event_name":"Duplicator","floor":31,"gold_loss":0,"cards_obtained":["DemoMod:Polaris"]}],"is_beta":false,"boss_relics":[{"not_picked":["FrostBlade","Hololive_TopUpMoneyS"],"picked":"Tiny House"},{"not_picked":["Pandora\u0027s Box","Astrolabe"],"picked":"Runic Pyramid"}],"items_purged_floors":[3,11,38],"is_endless":false,"potions_floor_spawned":[1,2,7,21,23,25,27,28,36,37],"killed_by":"Transient","ascension_level":5}}