{"host":"zksvs3x2ysy9npnz","time":1610470081,"event":{"mods":["Aspiration","BaseMod","Beaked The Cultist","BetterRewards","Clockwork Mod","Colored Map","Conspire","Downfall","Duelist Mod","Ekko","Energized Spire","Fiend Mod","Halation","Highlight Path","Hubris","Hunter ??","Infinite Spire","Jedi Mod","JesterMod","Magitek Elite","Minty Spire (QoL Compilation)","Permanent Neow","Quick Restart","Relic Stats","Replay The Spire","Retaliation","Shade Mod","Shop Mod","StSLib","The Construct","The Poker Player","The Runesmith","The Witch","thorton"],"gold_per_floor":[119,139,139,139,152,152,187,187,187,187,216,234,245,270,270,270,270],"floor_reached":16,"playtime":2905,"items_purged":[],"score":196,"play_id":"d65e38c2-e87e-4f30-aca6-110ad2b84089","local_time":"20210112174801","is_ascension_mode":true,"campfire_choices":[{"data":"ekkoTheBoyWhoShatteredTime:TimeMaster","floor":6,"key":"SMITH"},{"floor":8,"key":"REST"},{"data":"ekkoTheBoyWhoShatteredTime:IcebornGauntlet","floor":10,"key":"SMITH"},{"data":"ekkoTheBoyWhoShatteredTime:SpHit","floor":15,"key":"SMITH"}],"circlet_count":0,"master_deck":["ekkoTheBoyWhoShatteredTime:Strike","ekkoTheBoyWhoShatteredTime:Strike","ekkoTheBoyWhoShatteredTime:Strike","ekkoTheBoyWhoShatteredTime:Strike","ekkoTheBoyWhoShatteredTime:Strike","ekkoTheBoyWhoShatteredTime:Defend","ekkoTheBoyWhoShatteredTime:Defend","ekkoTheBoyWhoShatteredTime:Defend","ekkoTheBoyWhoShatteredTime:Defend","ekkoTheBoyWhoShatteredTime:TimeMaster+1","ekkoTheBoyWhoShatteredTime:Powered+1","ekkoTheBoyWhoShatteredTime:IcebornGauntlet+1","ekkoTheBoyWhoShatteredTime:Leap","ekkoTheBoyWhoShatteredTime:Dash","ekkoTheBoyWhoShatteredTime:Backtrack","ekkoTheBoyWhoShatteredTime:CommittedStrike","ekkoTheBoyWhoShatteredTime:SpHit+1","ekkoTheBoyWhoShatteredTime:Acceleration"],"relics":["ekkoTheBoyWhoShatteredTime:zDriveResonance","aspiration:Nostalgia","Burning Blood","hubris:Icosahedron","jedi:gremlinknob","hubris:PeanutButter","hubris:AstralHammer","Bag of Preparation"],"acts_visited":["Exordium"],"potions_floor_usage":[7,7,11],"damage_taken":[{"damage":0,"enemies":"2 Louse","floor":1,"turns":4},{"damage":6,"enemies":"Jaw Worm","floor":2,"turns":5},{"damage":0,"enemies":"Small Slimes","floor":5,"turns":3},{"damage":47,"enemies":"3 Sentries","floor":7,"turns":16},{"damage":0,"enemies":"Lagavulin","floor":11,"turns":9},{"damage":0,"enemies":"Exordium Wildlife","floor":12,"turns":5},{"damage":0,"enemies":"Red Slaver","floor":13,"turns":4},{"damage":0,"enemies":"Gremlin Nob","floor":14,"turns":4},{"damage":0,"enemies":"Slime Boss","floor":16,"turns":1}],"seed_played":"548216811860965315","potions_obtained":[{"floor":1,"key":"SkillPotion"},{"floor":5,"key":"Elixir"},{"floor":7,"key":"Languid Potion"},{"floor":12,"key":"FearPotion"},{"floor":13,"key":"LifebloodPotion"}],"is_trial":false,"path_per_floor":["M","M","?","?","M","R","E","R","T","R","E","M","M","E","R","B"],"character_chosen":"EKKO_THE_BOY_WHO_SHATTERED_TIME","items_purchased":[],"campfire_rested":1,"item_purchase_floors":[],"current_hp_per_floor":[78,78,78,78,78,78,37,60,60,60,66,72,78,78,78,78,78],"gold":270,"neow_bonus":"NOSTALGIA","is_daily":false,"chose_seed":false,"campfire_upgraded":3,"win_rate":0.0,"timestamp":1610470081,"path_taken":["M","M","?","?","M","R","E","R","T","R","E","M","M","E","R","BOSS"],"items_purchased_type":[],"build_version":"2020-12-22","purchased_purges":0,"victory":false,"max_hp_per_floor":[78,78,78,78,78,78,78,78,78,78,78,78,78,78,78,78,78],"relic_stats":{"counters":[9,51],"Bag of Preparation":[2],"obtain_stats":[{"hubris:Icosahedron":3,"aspiration:Nostalgia":0,"hubris:AstralHammer":11,"jedi:gremlinknob":7,"hubris:PeanutButter":9,"Bag of Preparation":14,"ekkoTheBoyWhoShatteredTime:zDriveResonance":0,"Burning Blood":0},{"hubris:Icosahedron":2,"aspiration:Nostalgia":0,"hubris:AstralHammer":5,"jedi:gremlinknob":4,"hubris:PeanutButter":4,"Bag of Preparation":8,"ekkoTheBoyWhoShatteredTime:zDriveResonance":0,"Burning Blood":0},{"hubris:Icosahedron":9,"aspiration:Nostalgia":0,"hubris:AstralHammer":37,"jedi:gremlinknob":28,"hubris:PeanutButter":28,"Bag of Preparation":50,"ekkoTheBoyWhoShatteredTime:zDriveResonance":0,"Burning Blood":0}],"Burning Blood":30},"card_choices":[{"not_picked":["ekkoTheBoyWhoShatteredTime:Dash","ekkoTheBoyWhoShatteredTime:AfterimageHit"],"picked":"ekkoTheBoyWhoShatteredTime:IcebornGauntlet","floor":1},{"not_picked":["ekkoTheBoyWhoShatteredTime:Backtrack","ekkoTheBoyWhoShatteredTime:HauntedAfterimage","ekkoTheBoyWhoShatteredTime:AfterimageBait"],"picked":"SKIP","floor":2},{"not_picked":["ekkoTheBoyWhoShatteredTime:Knowledge","ekkoTheBoyWhoShatteredTime:SpHit"],"picked":"ekkoTheBoyWhoShatteredTime:Leap","floor":5},{"not_picked":["ekkoTheBoyWhoShatteredTime:FluidEnergy","ekkoTheBoyWhoShatteredTime:Overflow"],"picked":"ekkoTheBoyWhoShatteredTime:Dash","floor":7},{"not_picked":["ekkoTheBoyWhoShatteredTime:AcademyAttraction","ekkoTheBoyWhoShatteredTime:Process"],"picked":"ekkoTheBoyWhoShatteredTime:Backtrack","floor":11},{"not_picked":["ekkoTheBoyWhoShatteredTime:QuickBreak","ekkoTheBoyWhoShatteredTime:AfterimageSetup"],"picked":"ekkoTheBoyWhoShatteredTime:CommittedStrike","floor":12},{"not_picked":["ekkoTheBoyWhoShatteredTime:AfterimageHit","ekkoTheBoyWhoShatteredTime:AfterimageBait"],"picked":"ekkoTheBoyWhoShatteredTime:SpHit","floor":13},{"not_picked":["ekkoTheBoyWhoShatteredTime:ParallelConvergence","ekkoTheBoyWhoShatteredTime:CalmingWaves"],"picked":"ekkoTheBoyWhoShatteredTime:Acceleration","floor":14}],"player_experience":2480625,"relics_obtained":[{"floor":7,"key":"jedi:gremlinknob"},{"floor":9,"key":"hubris:PeanutButter"},{"floor":11,"key":"hubris:AstralHammer"},{"floor":14,"key":"Bag of Preparation"}],"event_choices":[],"is_beta":false,"boss_relics":[],"items_purged_floors":[],"is_endless":false,"potions_floor_spawned":[1,5,7,12,13],"killed_by":"Slime Boss","ascension_level":3}}