{"host":"cv6i479uilws7tk5","time":1610475461,"event":{"mods":["BaseMod","Better Altar","Better Match","Better Note","Better Sensory Stone","Better Skull","Better Third Choice","Energized Spire","Highlight Path","Minty Spire (QoL Compilation)","Rare Cards Sparkle","Relic Stats","StSLib"],"gold_per_floor":[116,116,291,307,322,322,383,383,383],"floor_reached":8,"playtime":296,"items_purged":[],"score":58,"play_id":"ff617d52-33d1-4cbe-a585-d24a66beef01","local_time":"20210112111741","is_ascension_mode":true,"campfire_choices":[{"floor":6,"key":"REST"}],"circlet_count":0,"master_deck":["Strike_R","Strike_R","Strike_R","Strike_R","Strike_R","Defend_R","Defend_R","Defend_R","Defend_R","Bash","Demon Form","Sword Boomerang+1","Doubt","Shockwave"],"relics":["Burning Blood","Meat on the Bone"],"acts_visited":["Exordium"],"potions_floor_usage":[7],"damage_taken":[{"damage":5,"enemies":"Small Slimes","floor":1,"turns":4},{"damage":13,"enemies":"2 Louse","floor":4,"turns":3},{"damage":13,"enemies":"Jaw Worm","floor":5,"turns":4},{"damage":64,"enemies":"Lagavulin Event","floor":7,"turns":7},{"damage":25,"enemies":"3 Sentries","floor":8,"turns":4}],"seed_played":"5886998643689619611","potions_obtained":[{"floor":4,"key":"BlessingOfTheForge"}],"is_trial":false,"path_per_floor":["M","?","?","M","M","R","?","E"],"character_chosen":"IRONCLAD","items_purchased":[],"campfire_rested":1,"item_purchase_floors":[],"current_hp_per_floor":[80,80,80,73,66,80,22,0,0],"gold":383,"neow_bonus":"ONE_RANDOM_RARE_CARD","is_daily":false,"chose_seed":false,"campfire_upgraded":0,"win_rate":0.0,"timestamp":1610475461,"path_taken":["M","?","?","M","M","R","?","E"],"items_purchased_type":[],"build_version":"2020-12-22","purchased_purges":0,"victory":false,"max_hp_per_floor":[80,80,80,80,80,80,80,80,80],"relic_stats":{"counters":[5,22],"obtain_stats":[{"Burning Blood":0,"Meat on the Bone":7},{"Burning Blood":0,"Meat on the Bone":4},{"Burning Blood":0,"Meat on the Bone":18}],"Burning Blood":23,"Meat on the Bone":0},"card_choices":[{"not_picked":["Warcry","Pommel Strike"],"picked":"Sword Boomerang","floor":1},{"not_picked":["True Grit","Entrench","Warcry"],"picked":"SKIP","floor":4},{"not_picked":["Blood for Blood","Twin Strike","True Grit"],"picked":"SKIP","floor":5},{"not_picked":["Body Slam","Rage"],"picked":"Shockwave","floor":7}],"player_experience":332425,"relics_obtained":[{"floor":7,"key":"Meat on the Bone"}],"event_choices":[{"damage_healed":0,"gold_gain":0,"player_choice":"Grow","damage_taken":0,"max_hp_gain":0,"max_hp_loss":0,"event_name":"Living Wall","floor":2,"gold_loss":0,"cards_upgraded":["Sword Boomerang"]},{"damage_healed":0,"gold_gain":175,"player_choice":"AGREE","damage_taken":116,"max_hp_gain":0,"max_hp_loss":0,"event_name":"betterThird:BetterSerpent","floor":3,"gold_loss":0},{"damage_healed":0,"gold_gain":0,"player_choice":"Searched \u00272\u0027 times","damage_taken":0,"max_hp_gain":0,"max_hp_loss":0,"event_name":"Dead Adventurer","floor":7,"gold_loss":0}],"is_beta":false,"boss_relics":[],"items_purged_floors":[],"is_endless":false,"potions_floor_spawned":[4],"killed_by":"3 Sentries","ascension_level":5}}