{"host":"kz2e0ca4lw9y8gtt","time":1610477198,"event":{"mods":["100% Spire Juice","2.2 Compatiblity","A Magickal Journey","Abigail Mod","AchievementEnabler","Act Like it!","Ascension Reborn","Aspiration","Astrologer","BaseMod","Beaked The Cultist","Better Match","Better Note","Better Skull","Better Third Choice","BetterRewards","CapriCore","CatGirl Mod","Challenge The Spire","Chen","Colored Map","Colored Powertips","Conspire","Custom Start","Defuse TimeMaze Blight","Downfall","Elementarium","Energized Spire","Friendly Minions","Gensokyo","GifTheSpireLib","GungeonMod","Halation","Hallownest","Hermit","HololiveMod","Hubris","Infinite Spire","Jedi Mod","KinomotoSakuraMod(ñÿîVñ{?)","KiyohimeÅiê¥?Åj","Koishi","KomeijiMod","LagranYue(ùfäiòNÅEåé)","Lobotomy","LobotomyExtend","Luminous","Mari Mod (Legacy)","Mari\u0027s V1 Patch","MarisaÅiñ∂âJÅ@ñÇóùçπÅj","Marked Mod","Melee Mod","Menagerie","Minty Spire (QoL Compilation)","MostiFishMod","Nova Terra(?à°ÅEë◊ùf)","Onozuka Komachi Mod","Pale of the Ancients","Permanent Neow","Prisma Mod","Quick Restart","ReimuÅiîé??öÎÅj","Remilia_Scarlet MoedÅiÂQïƒ‰ª?ÅEéz?óãì¡Åj3.3.5","Replay The Spire","RumiaBox-òIïƒ?ìIê_îÈ·¥éq","SIMod","Shop Mod","Spicy Shops","StSLib","Stuff the Spire","The Administrix","The Alterego","The Animator","The Blue Laboratory","The Bug Knight","The Construct","The Cursed","The Factory","The Gatherer","The Hierophant","The Immortal","The Jungle","The Marked","The Mystic","The Runesmith","The Senshi","TheArtist","TheBandit","Trackpad","Unknown Chances","Waifu the Spire","Wandering Minibosses","WarShipGirlsR/??è≠èóR mod","Yakumo Yukari mod","Yohane!","YoumuÅiç∞ÈÆódöÎÅj","Yuyuko","vexMod","Åy?ï®?îvÅzREMEMod"],"gold_per_floor":[115,129,164,176,22,22,34,67,67,67,90,17,36,71,71,167,833,843,696,696,696,696,726,726,743,743,758,673,684,684,667,667,767,867,879,890,890,906,906,906,933,933,959,615,632,385,397,397,397,447,489,523,523,597,597,653,653,702,702,728,728],"floor_reached":60,"playtime":2795,"items_purged":["Regret","Regret"],"score":999,"play_id":"49616461-eb77-4389-9725-d7f1a6e07c8f","local_time":"20210112124638","is_ascension_mode":true,"campfire_choices":[{"data":"alterego_mod:IndependentAction","floor":6.0,"key":"SMITH"},{"data":"alterego_mod:SakuraFive","floor":15.0,"key":"SMITH"},{"data":"alterego_mod:PerceptionDisorder","floor":24,"key":"SMITH"},{"data":"alterego_mod:Rake","floor":30,"key":"SMITH"},{"data":"alterego_mod:BigMeatyClaws","floor":32,"key":"SMITH"},{"data":"Adrenaline","floor":40,"key":"SMITH"},{"data":"alterego_mod:ClassAdvantage","floor":42,"key":"SMITH"},{"data":"MostiFishMod:Galeforce","floor":49,"key":"SMITH"},{"data":"Adrenaline","floor":55,"key":"SMITH"},{"data":"alterego_mod:AlterEgo","floor":57,"key":"SMITH"}],"circlet_count":0,"master_deck":["alterego_mod:Strike","alterego_mod:Strike","alterego_mod:Strike","alterego_mod:Strike","alterego_mod:Defend","alterego_mod:Defend","alterego_mod:Defend","alterego_mod:Defend","alterego_mod:Impale","alterego_mod:BigMeatyClaws+1","alterego_mod:BrynhildrsRune","alterego_mod:Rake+1","alterego_mod:Bounce+1","alterego_mod:IndependentAction+1","alterego_mod:ClassAdvantage+1","alterego_mod:1TonWallop","alterego_mod:AlterEgo+1","alterego_mod:ChallengeComplete","RemiliaMod:CYMZW","alterego_mod:BreastValley","alterego_mod:SakuraFive+1","Adrenaline+1","alterego_mod:PerceptionDisorder+1","alterego_mod:Belts","alterego_mod:MagicResistance+1","alterego_mod:Bounce+1","Adrenaline+1","alterego_mod:SideboobHour","StuffTheSpire:CuriosityCurse","alterego_mod:Bounce+1","MostiFishMod:Galeforce+1","alterego_mod:Smother+1","alterego_mod:ChallengeComplete"],"relics":["alterego_mod:MasochisticConstitution","DaveBox","REME_ComplimentaryCards","aspiration:Nostalgia","m_SnakeBloodCore","SynthV","SynthV:TestCard","LetterFromLob","StuffTheSpire:DarkSteelAnvil","PreservedInsect","jedi:shrinkray","aspiration:DSix","Odd Mushroom","Toy Ornithopter","halation:TwoAmDonut","vexMod:RockOfEvil","Bronze Scales","conspire:DeflatedDodgeball","infinitespire:Golems Mask","hubris:TenFootPole","Replay:Wanted Poster","hubris:Potato","conspire:Dentures","Bag of Preparation","Ornamental Fan","Replay:Bandana","paleoftheancients:Timepiece","paleoftheancients:KeyRelic","Mercury Hourglass","paleoftheancients:SoulOfTheCollector","Replay:Bottled Eggs","Vajra"],"acts_visited":["Exordium","TheCity","TheBeyond","paleoftheancients:PaleOfTheAncients"],"potions_floor_usage":[23,33,33,33,41,41,45,51,60,60],"damage_taken":[{"damage":9.0,"enemies":"Jaw Worm","floor":1.0,"turns":4.0},{"damage":0.0,"enemies":"Small Slimes","floor":2.0,"turns":3.0},{"damage":2.0,"enemies":"conspire:RoseBush","floor":4.0,"turns":6.0},{"damage":4.0,"enemies":"Looter","floor":7.0,"turns":4.0},{"damage":9.0,"enemies":"Lagavulin","floor":8.0,"turns":5.0},{"damage":4.0,"enemies":"The Mushroom Lair","floor":11.0,"turns":2.0},{"damage":0.0,"enemies":"Blue Slaver","floor":13.0,"turns":3.0},{"damage":10.0,"enemies":"Gremlin Nob","floor":14.0,"turns":3.0},{"damage":1.0,"enemies":"Slime Boss","floor":16.0,"turns":5.0},{"damage":0,"enemies":"Spheric Guardian","floor":18,"turns":1},{"damage":17,"enemies":"Slavers","floor":23,"turns":3},{"damage":8,"enemies":"3 Byrds","floor":25,"turns":3},{"damage":0,"enemies":"3 Cultists","floor":27,"turns":4},{"damage":0,"enemies":"Sentry and Sphere","floor":29,"turns":3},{"damage":2,"enemies":"Cultist and Chosen","floor":31,"turns":4},{"damage":34,"enemies":"Collector","floor":33,"turns":4},{"damage":36,"enemies":"3 Shapes","floor":35,"turns":5},{"damage":0,"enemies":"Orb Walker","floor":36,"turns":3},{"damage":18,"enemies":"3 Darklings","floor":38,"turns":5},{"damage":0,"enemies":"R_Hoarder","floor":41,"turns":4},{"damage":1,"enemies":"Transient","floor":45,"turns":5},{"damage":13,"enemies":"Writhing Mass","floor":47,"turns":3},{"damage":12,"enemies":"hubris:GrandSnecko","floor":50,"turns":4},{"damage":0,"enemies":"hubris:GrandSnecko","floor":51,"turns":6},{"damage":64,"enemies":"hubris:GrandSnecko","floor":52,"turns":2},{"damage":28,"enemies":"hubris:GrandSnecko","floor":56,"turns":7},{"damage":83,"enemies":"paleoftheancients:N","floor":60,"turns":8}],"seed_played":"-2810047945917305001","potions_obtained":[{"floor":1.0,"key":"blueLaboratory:Moonshine"},{"floor":4.0,"key":"blueLaboratory:BottleOfVodka"},{"floor":8.0,"key":"blueLaboratory:FrostheartPotion"},{"floor":13.0,"key":"blueLaboratory:Moonshine"},{"floor":14.0,"key":"blueLaboratory:HorrorPotion"},{"floor":16.0,"key":"blueLaboratory:BubblePotion"},{"floor":29,"key":"Explosive Potion"},{"floor":35,"key":"Toxic Potion"},{"floor":36,"key":"blueLaboratory:BubblePotion"},{"floor":41,"key":"Weak Potion"},{"floor":47,"key":"blueLaboratory:HummingbirdPotion"},{"floor":51,"key":"SteroidPotion"},{"floor":56,"key":"blueLaboratory:FruitPunch"}],"is_trial":false,"path_per_floor":["M","M","?","M","$","R","M","E","T","?","?","$","M","E","R","B",null,"M","$","M","?","?","E","R","M","T","M","?","M","R","M","R","B",null,"M","M","?","M","?","R","E","R","T","$","M","$","M","T","R","B","M","M","?","T","R","M","R","T","?","B"],"character_chosen":"The_Alterego","items_purchased":["PreservedInsect","Toy Ornithopter","alterego_mod:PerceptionDisorder","Ornamental Fan","MostiFishMod:Galeforce"],"campfire_rested":0,"item_purchase_floors":[5,12,19,44,46],"current_hp_per_floor":[69,71,43,52,52,52,68,63,63,68,68,68,80,74,74,82,41,41,41,41,41,41,35,35,37,37,40,40,43,43,44,44,30,45,20,30,30,16,16,16,29,29,29,29,44,44,42,42,42,50,50,51,51,51,51,40,40,40,40,0,0],"gold":728,"neow_bonus":"NOSTALGIA","is_daily":false,"chose_seed":false,"campfire_upgraded":10,"win_rate":0.0,"timestamp":1610477198,"path_taken":["M","M","?","M","$","R","M","E","T","?","?","$","M","E","R","BOSS","M","$","M","?","?","E","R","M","T","M","?","?","R","M","R","BOSS","M","M","?","?","?","R","E","R","T","$","M","$","M","?","R","BOSS","M","M","?","T","R","M","R","T","?","BOSS"],"items_purchased_type":["Relic","Relic","Card","Relic","Card"],"build_version":"2020-12-22","purchased_purges":2,"victory":false,"max_hp_per_floor":[71,71,71,72,72,72,73,74,74,79,80,80,80,81,81,82,41,41,41,41,41,41,42,42,43,43,43,43,43,43,44,44,45,45,46,46,46,47,47,47,47,47,47,47,48,48,49,49,49,50,50,51,51,51,51,52,52,52,52,54,54],"card_choices":[{"not_picked":["alterego_mod:Alter","alterego_mod:RocketPunch"],"picked":"alterego_mod:Bounce","floor":1.0},{"not_picked":["alterego_mod:Cooking","alterego_mod:TrashNCrash","alterego_mod:Cushion","alterego_mod:MagicResistance"],"picked":"alterego_mod:IndependentAction","floor":2.0},{"not_picked":["alterego_mod:BreastValley","alterego_mod:Stockings","alterego_mod:Maid","Dual Wield"],"picked":"alterego_mod:ClassAdvantage","floor":3.0},{"not_picked":["Dagger Throw","alterego_mod:Skirt","alterego_mod:Support","alterego_mod:Mirror"],"picked":"alterego_mod:1TonWallop","floor":4.0},{"not_picked":["alterego_mod:MagicResistance","alterego_mod:Pet","Recycle","alterego_mod:PurpleHair"],"picked":"alterego_mod:AlterEgo","floor":7.0},{"not_picked":["alterego_mod:TrickOrTreatment","alterego_mod:Lingerie","alterego_mod:BiFurious","alterego_mod:Cooking"],"picked":"alterego_mod:ChallengeComplete","floor":8.0},{"not_picked":["alterego_mod:Mirror","Reprogram","alterego_mod:GoddessCore","alterego_mod:IdEs"],"picked":"alterego_mod:BreastValley","floor":13.0},{"not_picked":["alterego_mod:Mirror","Havoc","alterego_mod:Undulate","Burning Pact"],"picked":"alterego_mod:SakuraFive","floor":14.0},{"not_picked":["alterego_mod:BrynhildrRomantia","Amplify","Seek","Offering"],"picked":"Adrenaline","floor":16.0},{"not_picked":["alterego_mod:Rip","alterego_mod:Support","alterego_mod:BeGentle","alterego_mod:GachaTicket","alterego_mod:Clap"],"picked":"SKIP","floor":18},{"not_picked":["alterego_mod:PresenceConcealment","alterego_mod:SakuraLabyrinth","alterego_mod:Mirror","alterego_mod:IdEs"],"picked":"alterego_mod:Belts","floor":23},{"not_picked":["alterego_mod:Punishment+1","alterego_mod:PurpleHair","alterego_mod:Skirt","alterego_mod:Mirror","alterego_mod:TrashNCrash+1"],"picked":"SKIP","floor":25},{"not_picked":["alterego_mod:Punishment+1","alterego_mod:PurpleHair","alterego_mod:Skirt","alterego_mod:Mirror","alterego_mod:TrashNCrash+1"],"picked":"SKIP","floor":25},{"not_picked":["alterego_mod:Punishment+1","alterego_mod:PurpleHair","alterego_mod:Skirt","alterego_mod:Mirror","alterego_mod:TrashNCrash+1"],"picked":"SKIP","floor":25},{"not_picked":["alterego_mod:BeGentle","alterego_mod:Swimsuit","alterego_mod:Complex+1","alterego_mod:Maid","alterego_mod:Santa"],"picked":"SKIP","floor":27},{"not_picked":["alterego_mod:PerceptionDisorder","alterego_mod:DiscoLights","alterego_mod:BoobPocket","alterego_mod:Punishment"],"picked":"alterego_mod:Belle","floor":29},{"not_picked":["alterego_mod:Cooking","alterego_mod:Maid","alterego_mod:GoddessCore","alterego_mod:PerceptionDisorder+1"],"picked":"alterego_mod:MagicResistance+1","floor":31},{"not_picked":["alterego_mod:Bunnysuit+1","alterego_mod:RocketPunch","alterego_mod:BoobPocket","alterego_mod:DestructionOfProperty","alterego_mod:Lingerie"],"picked":"SKIP","floor":35},{"not_picked":["alterego_mod:Cushion+1","alterego_mod:GoddessCore","alterego_mod:Schoolgirl","alterego_mod:Punishment"],"picked":"alterego_mod:Bounce","floor":36},{"not_picked":["alterego_mod:DustData","alterego_mod:Swimsuit+1","alterego_mod:PerceptionDisorder+1","alterego_mod:Jiggle"],"picked":"alterego_mod:SideboobHour","floor":38},{"not_picked":["alterego_mod:Clones","alterego_mod:Maid+1","alterego_mod:Rip+1","alterego_mod:Lift","alterego_mod:DestructionOfProperty"],"picked":"SKIP","floor":41},{"not_picked":["alterego_mod:PerceptionDisorder+1","alterego_mod:Bloomers+1","alterego_mod:BoobPocket","alterego_mod:BreastValley"],"picked":"alterego_mod:Bounce","floor":45},{"not_picked":["alterego_mod:GoddessCore+1","alterego_mod:Schoolgirl","alterego_mod:Bounce","alterego_mod:Clap"],"picked":"alterego_mod:Smother+1","floor":47},{"not_picked":["alterego_mod:SakuraFive","alterego_mod:BoobPocket","alterego_mod:MagicResistance+1","alterego_mod:Rip"],"picked":"alterego_mod:ChallengeComplete","floor":51},{"not_picked":["alterego_mod:Belle+1","alterego_mod:GoddessCore","alterego_mod:MagicResistance","alterego_mod:Lingerie+1","alterego_mod:DeftHands+1"],"picked":"SKIP","floor":56}],"player_experience":863896,"relics_obtained":[{"floor":1.0,"key":"SynthV:TestCard"},{"floor":1.0,"key":"LetterFromLob"},{"floor":3.0,"key":"StuffTheSpire:DarkSteelAnvil"},{"floor":8.0,"key":"jedi:shrinkray"},{"floor":9.0,"key":"aspiration:DSix"},{"floor":11.0,"key":"Odd Mushroom"},{"floor":14.0,"key":"halation:TwoAmDonut"},{"floor":22,"key":"Bronze Scales"},{"floor":23,"key":"conspire:DeflatedDodgeball"},{"floor":26,"key":"infinitespire:Golems Mask"},{"floor":41,"key":"conspire:Dentures"},{"floor":43,"key":"Bag of Preparation"},{"floor":48,"key":"Replay:Bandana"},{"floor":51,"key":"paleoftheancients:SoulOfTheCollector"},{"floor":54,"key":"Replay:Bottled Eggs"},{"floor":58,"key":"Vajra"}],"event_choices":[{"damage_healed":0.0,"max_hp_gain":5.0,"max_hp_loss":0.0,"gold_gain":0.0,"event_name":"Remilia_CDSJ09","player_choice":"CYMZW","floor":10.0,"gold_loss":0.0,"damage_taken":0.0},{"damage_healed":0.0,"max_hp_gain":0.0,"max_hp_loss":0.0,"gold_gain":0.0,"event_name":"Mushrooms","player_choice":"Fought Mushrooms","floor":11.0,"gold_loss":0.0,"damage_taken":0.0},{"cards_removed":["alterego_mod:ClassAdvantage"],"damage_healed":0,"gold_gain":0,"player_choice":"Give","damage_taken":0,"max_hp_gain":0,"max_hp_loss":0,"event_name":"betterNote:BetterNote","floor":21,"gold_loss":0,"cards_obtained":["Hololive_Teleport"]},{"damage_healed":0,"gold_gain":0,"player_choice":"Obtained Relic","damage_taken":0,"relics_obtained":["hubris:TenFootPole"],"max_hp_gain":0,"max_hp_loss":0,"event_name":"Addict","floor":28,"gold_loss":85},{"damage_healed":0,"gold_gain":0,"player_choice":"Copied","damage_taken":0,"max_hp_gain":0,"max_hp_loss":0,"event_name":"Duplicator","floor":37,"gold_loss":0,"cards_obtained":["Adrenaline"]}],"is_beta":false,"boss_relics":[{"not_picked":["trackpad:Coffee","Hololive_TopUpMoneyS"],"picked":"vexMod:RockOfEvil"},{"not_picked":["hubris:VirtuousBlindfold","aspiration:RitualDagger"],"picked":"Replay:Wanted Poster"}],"items_purged_floors":[19,44],"is_endless":false,"potions_floor_spawned":[1,4,8,13,14,16,18,29,35,36,41,47,51,56],"killed_by":"paleoftheancients:N","ascension_level":0}}