{"host":"cwd5s03r1oaxs6mx","time":1610456944,"event":{"mods":["Act Like it!","BaseMod","Better Third Choice","BetterRewards","CapriCore","Card Filter","Colored Map","Custom Start","DeckTracker","Friendly Minions","Hubris","Infinite Spire","Marisa£¨Ùöéë¡¡Øª×âÞÞ£©","Minty Spire (QoL Compilation)","Quick Restart","Relic Stats","Shop Mod","Spicy Shops","StSLib","SuperFastMode"],"gold_per_floor":[118,50,63,83,95,126,126,161,243,243,243],"floor_reached":10,"playtime":250,"items_purged":["Strike_B","Strike_B"],"score":156,"play_id":"0a3a153e-7e85-44d6-9970-5fdc8a44346a","local_time":"20210112220904","is_ascension_mode":true,"campfire_choices":[{"floor":7,"key":"REST"}],"circlet_count":0,"master_deck":["AscendersBane","Strike_B","Strike_B","Defend_B","Defend_B","Defend_B","Defend_B","Zap","Dualcast","Conserve Battery","Lockon","Ball Lightning","Loop","Madness","Defragment","Hologram","Redo","Ball Lightning"],"relics":["Cracked Core","Chemical X","Membership Card","Medical Kit","DataDisk","infinitespire:EmpoweringShard","hubris:BallOfYels","Cables"],"acts_visited":["Exordium"],"potions_floor_usage":[8,10],"damage_taken":[{"damage":1,"enemies":"Cultist","floor":1,"turns":3},{"damage":10,"enemies":"Small Slimes","floor":3,"turns":3},{"damage":7,"enemies":"Jaw Worm","floor":4,"turns":4},{"damage":7,"enemies":"Looter","floor":5,"turns":3},{"damage":38,"enemies":"Gremlin Nob","floor":6,"turns":4},{"damage":16,"enemies":"Lagavulin","floor":8,"turns":5},{"damage":15,"enemies":"3 Sentries","floor":10,"turns":2}],"seed_played":"-3584944505247394530","potions_obtained":[{"floor":1,"key":"Dexterity Potion"},{"floor":4,"key":"SpeedPotion"}],"is_trial":false,"path_per_floor":["M","$","M","M","M","E","R","E","T","E"],"character_chosen":"DEFECT","items_purchased":["Chemical X","Conserve Battery","Lockon","Ball Lightning","Membership Card","Medical Kit","DataDisk","Loop","Madness","Defragment","Hologram"],"campfire_rested":1,"item_purchase_floors":[0,0,0,0,0,0,0,0,0,2,2],"current_hp_per_floor":[63,63,53,46,39,1,22,6,6,0,0],"gold":243,"neow_bonus":"","is_daily":false,"chose_seed":false,"campfire_upgraded":0,"win_rate":0.0,"timestamp":1610456944,"path_taken":["M","$","M","M","M","E","R","E","T","E"],"items_purchased_type":["Relic","Card","Card","Card","Relic","Relic","Relic","Card","Card","Card","Card"],"build_version":"2020-12-22","purchased_purges":2,"victory":false,"max_hp_per_floor":[71,71,71,71,71,71,71,71,71,71,71],"relic_stats":{"counters":[165,611],"Chemical X":[1],"Medical Kit":[1],"obtain_stats":[{"Ice Cream":40,"hubris:BallOfYels":0,"infinitespire:BottledMercury":0,"Calipers":54,"Gremlin Horn":9,"hubris:VirtuousBlindfold":17,"infinitespire:Cubic Diamond":3,"Runic Capacitor":0,"Whetstone":6,"hubris:MysteriousPyramids":40,"Boot":25,"Sozu":34,"Centennial Puzzle":6,"infinitespire:ShieldingShard":26,"DollysMirror":0,"Strawberry":46,"MealTicket":10,"Kunai":0,"Toxic Egg 2":0,"hubris:RGBLights":47,"hubris:MobiusCoin":12,"Girya":8,"MerchantsRug":54,"Happy Flower":8,"Blue Candle":55,"Oddly Smooth Stone":8,"hubris:HollowSoul":17,"Pen Nib":55,"infinitespire:Beetle Shell":5,"Letter Opener":0,"War Paint":26,"Question Card":23,"Akabeko":40,"Cables":23,"hubris:Zylophone":4,"Du-Vu Doll":43,"Shuriken":0,"Bird Faced Urn":41,"Molten Egg 2":0,"hubris:PeanutButter":55,"infinitespire:EmpoweringShard":30,"Symbiotic Virus":0,"infinitespire:PuzzleCube":55,"Meat on the Bone":28,"Lantern":43,"Torii":42,"Incense Burner":27,"Bag of Preparation":44,"Smiling Mask":0,"Ancient Tea Set":13,"Empty Cage":29,"hubris:BlackHole":34,"Nunchaku":28,"Emotion Chip":0,"hubris:Icosahedron":7,"Pantograph":54,"Gambling Chip":30,"hubris:ScarierMask":17,"Tiny Chest":26,"Chemical X":31,"infinitespire:Eraser":11,"Cracked Core":0,"InkBottle":26,"Runic Pyramid":17,"Lee\u0027s Waffle":13,"infinitespire:Joker Card":3,"The Courier":8,"infinitespire:CheckeredPen":9,"Orichalcum":26,"Frozen Egg 2":44,"Odd Mushroom":10,"Medical Kit":0,"Nuclear Battery":34,"Anchor":54,"infinitespire:DarkRift":3,"DataDisk":20,"Busted Crown":34,"Ornamental Fan":11,"infinitespire:Satchel":28,"Turnip":0,"hubris:BundleOfHerbs":7,"Bag of Marbles":13,"Art of War":10,"Membership Card":0,"Bottled Lightning":9,"hubris:CrackedHourglass":17,"hubris:OldNail":6,"hubris:Potato":0,"TungstenRod":41,"hubris:NiceRug":0,"infinitespire:Freezer":11,"infinitespire:Midas Blood":14},{"Ice Cream":129,"hubris:BallOfYels":14,"infinitespire:BottledMercury":78,"Calipers":76,"Gremlin Horn":82,"hubris:VirtuousBlindfold":10,"infinitespire:Cubic Diamond":80,"Runic Capacitor":22,"Whetstone":141,"hubris:MysteriousPyramids":39,"Boot":62,"Sozu":37,"Centennial Puzzle":20,"infinitespire:ShieldingShard":122,"DollysMirror":111,"Strawberry":133,"MealTicket":53,"Kunai":78,"Toxic Egg 2":46,"hubris:RGBLights":73,"hubris:MobiusCoin":7,"Girya":21,"MerchantsRug":76,"Happy Flower":52,"Blue Candle":77,"Oddly Smooth Stone":5,"hubris:HollowSoul":86,"Pen Nib":110,"infinitespire:Beetle Shell":113,"Letter Opener":78,"War Paint":35,"Question Card":61,"Akabeko":101,"Cables":91,"hubris:Zylophone":25,"Du-Vu Doll":132,"Shuriken":46,"Bird Faced Urn":131,"Molten Egg 2":46,"hubris:PeanutButter":136,"infinitespire:EmpoweringShard":65,"Symbiotic Virus":137,"infinitespire:PuzzleCube":45,"Meat on the Bone":123,"Lantern":40,"Torii":132,"Incense Burner":63,"Bag of Preparation":133,"Smiling Mask":0,"Ancient Tea Set":27,"Empty Cage":64,"hubris:BlackHole":126,"Nunchaku":14,"Emotion Chip":111,"hubris:Icosahedron":4,"Pantograph":76,"Gambling Chip":94,"hubris:ScarierMask":118,"Tiny Chest":92,"Chemical X":36,"infinitespire:Eraser":21,"Cracked Core":0,"InkBottle":13,"Runic Pyramid":57,"Lee\u0027s Waffle":145,"infinitespire:Joker Card":3,"The Courier":27,"infinitespire:CheckeredPen":52,"Orichalcum":62,"Frozen Egg 2":104,"Odd Mushroom":114,"Medical Kit":46,"Nuclear Battery":96,"Anchor":76,"infinitespire:DarkRift":80,"DataDisk":119,"Busted Crown":66,"Ornamental Fan":115,"infinitespire:Satchel":151,"Turnip":78,"hubris:BundleOfHerbs":82,"Bag of Marbles":55,"Art of War":144,"Membership Card":2,"Bottled Lightning":21,"hubris:CrackedHourglass":30,"hubris:OldNail":26,"hubris:Potato":46,"TungstenRod":71,"hubris:NiceRug":0,"infinitespire:Freezer":83,"infinitespire:Midas Blood":117},{"Ice Cream":467,"hubris:BallOfYels":86,"infinitespire:BottledMercury":323,"Calipers":313,"Gremlin Horn":331,"hubris:VirtuousBlindfold":59,"infinitespire:Cubic Diamond":327,"Runic Capacitor":120,"Whetstone":530,"hubris:MysteriousPyramids":194,"Boot":272,"Sozu":187,"Centennial Puzzle":110,"infinitespire:ShieldingShard":431,"DollysMirror":380,"Strawberry":485,"MealTicket":252,"Kunai":323,"Toxic Egg 2":237,"hubris:RGBLights":303,"hubris:MobiusCoin":33,"Girya":116,"MerchantsRug":313,"Happy Flower":249,"Blue Candle":318,"Oddly Smooth Stone":21,"hubris:HollowSoul":339,"Pen Nib":374,"infinitespire:Beetle Shell":386,"Letter Opener":323,"War Paint":176,"Question Card":270,"Akabeko":360,"Cables":346,"hubris:Zylophone":129,"Du-Vu Doll":480,"Shuriken":237,"Bird Faced Urn":478,"Molten Egg 2":237,"hubris:PeanutButter":504,"infinitespire:EmpoweringShard":279,"Symbiotic Virus":518,"infinitespire:PuzzleCube":228,"Meat on the Bone":436,"Lantern":199,"Torii":480,"Incense Burner":273,"Bag of Preparation":485,"Smiling Mask":0,"Ancient Tea Set":143,"Empty Cage":276,"hubris:BlackHole":453,"Nunchaku":86,"Emotion Chip":380,"hubris:Icosahedron":16,"Pantograph":313,"Gambling Chip":350,"hubris:ScarierMask":411,"Tiny Chest":347,"Chemical X":181,"infinitespire:Eraser":116,"Cracked Core":0,"InkBottle":75,"Runic Pyramid":262,"Lee\u0027s Waffle":544,"infinitespire:Joker Card":13,"The Courier":143,"infinitespire:CheckeredPen":249,"Orichalcum":272,"Frozen Egg 2":364,"Odd Mushroom":390,"Medical Kit":237,"Nuclear Battery":352,"Anchor":313,"infinitespire:DarkRift":327,"DataDisk":415,"Busted Crown":282,"Ornamental Fan":397,"infinitespire:Satchel":564,"Turnip":323,"hubris:BundleOfHerbs":331,"Bag of Marbles":255,"Art of War":542,"Membership Card":8,"Bottled Lightning":116,"hubris:CrackedHourglass":156,"hubris:OldNail":137,"hubris:Potato":237,"TungstenRod":297,"hubris:NiceRug":0,"infinitespire:Freezer":333,"infinitespire:Midas Blood":404}],"Cables":[2,2,0,0,0]},"card_choices":[{"not_picked":["Leap","Steam","Streamline"],"picked":"SKIP","floor":1},{"not_picked":["Go for the Eyes","BootSequence","Heatsinks"],"picked":"SKIP","floor":3},{"not_picked":["Doom and Gloom","Coolheaded"],"picked":"Redo","floor":4},{"not_picked":["Doom and Gloom","Skim","Rip and Tear"],"picked":"SKIP","floor":5},{"not_picked":["Doom and Gloom","Stack","Rebound"],"picked":"SKIP","floor":6},{"not_picked":["Hologram","Compile Driver"],"picked":"Ball Lightning","floor":8}],"player_experience":1033381,"relics_obtained":[{"floor":6,"key":"infinitespire:EmpoweringShard"},{"floor":8,"key":"hubris:BallOfYels"},{"floor":9,"key":"Cables"}],"event_choices":[],"is_beta":false,"boss_relics":[],"items_purged_floors":[0,0],"is_endless":false,"potions_floor_spawned":[1,4,6],"killed_by":"3 Sentries","ascension_level":20}}