{"host":"38maufg2dcy7va3m","time":1610442334,"event":{"mods":["Act Like it!","BaseMod","Downfall","Hermit","Hubris","Infinite Spire","Minty Spire (QoL Compilation)","Replay The Spire","StSLib"],"gold_per_floor":[99,116,132,145,158,158,158,174,192,211,211,223,223,51,71,176,176,176,190,175,175,175],"floor_reached":21,"playtime":1434,"items_purged":[],"score":175,"play_id":"79e3551d-c59d-48e9-aa0b-5f869d012fa3","local_time":"20210112010534","is_ascension_mode":false,"campfire_choices":[{"data":"Neutralize","floor":1,"key":"SMITH"},{"floor":6,"key":"REST"},{"data":"Bouncing Flask","floor":13,"key":"SMITH"},{"data":"Blade Dance","floor":18,"key":"SMITH"}],"circlet_count":0,"master_deck":["Strike_G","Strike_G","Strike_G","Strike_G","Defend_G","Defend_G","Defend_G","Defend_G","Survivor","Neutralize+1","Doppelganger","Dagger Spray","Underhanded Strike","Bouncing Flask+1","Predator","Cloak And Dagger","Blade Dance+1","Deflect","PiercingWail","Underhanded Strike","Backflip","All Out Attack","Footwork","Hidden Blade","Bullet Time","Leg Sweep+1","Accuracy"],"relics":["Slimebound:AbsorbEndCombat","infinitespire:Cubic Diamond","Empty Cage"],"acts_visited":["Exordium","TheCity"],"potions_floor_usage":[8,12,21],"damage_taken":[{"damage":0,"enemies":"Cultist","floor":2,"turns":4},{"damage":0,"enemies":"Small Slimes","floor":3,"turns":4},{"damage":0,"enemies":"2 Louse","floor":4,"turns":2},{"damage":22,"enemies":"Exordium Thugs","floor":5,"turns":7},{"damage":0,"enemies":"3 Louse","floor":8,"turns":3},{"damage":8,"enemies":"Large Slime","floor":9,"turns":6},{"damage":2,"enemies":"2 Fungi Beasts","floor":10,"turns":3},{"damage":0,"enemies":"3 Louse","floor":12,"turns":3},{"damage":1,"enemies":"downfall:FleeingMerchant","floor":14,"turns":4},{"damage":16,"enemies":"Exordium Thugs","floor":15,"turns":4},{"damage":17,"enemies":"Slime Boss","floor":16,"turns":12},{"damage":37,"enemies":"Spheric Guardian","floor":19,"turns":8},{"damage":0,"enemies":"downfall:FleeingMerchant","floor":20,"turns":4},{"damage":58,"enemies":"downfall:LadyInBlue","floor":21,"turns":11}],"seed_played":"-4720189577982303336","potions_obtained":[{"floor":2,"key":"Elixir"},{"floor":5,"key":"BlessingOfTheForge"},{"floor":10,"key":"Poison Potion"},{"floor":12,"key":"FearPotion"},{"floor":19,"key":"Strength Potion"}],"is_trial":false,"path_per_floor":["R","M","M","M","M","R","T","M","M","M","?","M","R","$","M","B",null,"R","M","$","?"],"character_chosen":"THE_SILENT","items_purchased":["Backflip","All Out Attack","Footwork"],"campfire_rested":1,"item_purchase_floors":[14,14,14],"current_hp_per_floor":[70,70,70,70,48,69,69,69,61,59,59,59,59,58,42,25,70,70,33,33,0,0],"gold":175,"neow_bonus":"ONE_RANDOM_RARE_CARD","is_daily":false,"chose_seed":false,"campfire_upgraded":3,"win_rate":0.0,"timestamp":1610442334,"path_taken":["R","M","M","M","M","R","T","M","M","?","?","M","R","$","M","BOSS","R","M","$","?"],"items_purchased_type":["Card","Card","Card"],"build_version":"2020-12-22","purchased_purges":0,"victory":false,"max_hp_per_floor":[70,70,70,70,70,70,70,70,70,70,70,70,70,70,70,70,70,70,70,70,70,70],"card_choices":[{"not_picked":["Hidden Blade","Quick Slash"],"picked":"Dagger Spray","floor":2},{"not_picked":["ReplayTheSpireMod:Scrap Shanks","Escape Plan"],"picked":"Underhanded Strike","floor":3},{"not_picked":["Terror","Bane"],"picked":"Bouncing Flask","floor":4},{"not_picked":["ReplayTheSpireMod:Speed Training","ReplayTheSpireMod:Shiv Toss"],"picked":"Predator","floor":5},{"not_picked":["Dagger Throw","Hidden Blade"],"picked":"Cloak And Dagger","floor":8},{"not_picked":["Hidden Blade","Envenom"],"picked":"Blade Dance","floor":9},{"not_picked":["ReplayTheSpireMod:The Works","Setup"],"picked":"Deflect","floor":10},{"not_picked":["Predator","Dodge and Roll"],"picked":"PiercingWail","floor":12},{"not_picked":["Predator","Grand Finale"],"picked":"Underhanded Strike","floor":14},{"not_picked":["Underhanded Strike","ReplayTheSpireMod:Exploit Weakness"],"picked":"Hidden Blade","floor":15},{"not_picked":["ReplayTheSpireMod:From All Sides","Burst"],"picked":"Bullet Time","floor":16},{"not_picked":["Slice","Quick Slash+1"],"picked":"Leg Sweep+1","floor":19},{"not_picked":["Deadly Poison","ReplayTheSpireMod:Shiv Toss"],"picked":"Accuracy","floor":20}],"player_experience":235178,"relics_obtained":[],"event_choices":[],"is_beta":false,"boss_relics":[{"not_picked":["Coffee Dripper","Fusion Hammer"],"picked":"Empty Cage"}],"items_purged_floors":[],"is_endless":false,"potions_floor_spawned":[2,5,10,12,19],"killed_by":"downfall:LadyInBlue","ascension_level":0}}