{"host":"sian7qp8a9pc9xwd","time":1610412742,"event":{"mods":["BaseMod","Minty Spire (QoL Compilation)","StSLib","SuperFastMode"],"gold_per_floor":[117,117,42,56,56,56,76,105,152,184,195,205,216,274,274,379,379,398,398,398,18,30,30,63,63,109,140,150,164,164,189,189,288,288,308,354,369,35,45,45,80,97,97,97,97,109,159,169,169,169,169,169,4,30,30],"floor_reached":56,"playtime":4133,"items_purged":["Defend_R"],"score":1705,"play_id":"1fcc5b5a-b9de-412f-acca-7a6d1e27a4f1","local_time":"20210111195222","is_ascension_mode":true,"campfire_choices":[{"data":"Armaments","floor":6.0,"key":"SMITH"},{"data":"Body Slam","floor":15.0,"key":"SMITH"},{"data":"RitualDagger","floor":23.0,"key":"SMITH"},{"floor":25.0,"key":"REST"},{"data":"Body Slam","floor":32.0,"key":"SMITH"},{"data":"Body Slam","floor":40.0,"key":"SMITH"},{"floor":44.0,"key":"RECALL"},{"data":"Shrug It Off","floor":49.0,"key":"SMITH"},{"data":"Bash","floor":52.0,"key":"SMITH"}],"circlet_count":0,"master_deck":["Strike_R+1","Strike_R+1","Strike_R","Strike_R","Defend_R","Defend_R","Bash+1","Armaments+1","Shrug It Off+1","Flame Barrier+1","Body Slam+1","Rage+1","Warcry+1","Havoc+1","RitualDagger+1","Offering+1","Secret Technique+1","True Grit+1","Clothesline+1","Seeing Red+1","Body Slam+1","Shrug It Off+1","Writhe","Bloodletting+1","Iron Wave+1","Iron Wave","Good Instincts+1","Rage+1","Thinking Ahead+1","Body Slam+1","Shrug It Off+1","Body Slam+1","Headbutt+1","Rage+1","Barricade","Shrug It Off+1","Bloodletting+1"],"relics":["Black Blood","Oddly Smooth Stone","Art of War","Toxic Egg 2","Mummified Hand","Shuriken","Pocketwatch","Mango","Ice Cream","Bag of Marbles","Black Star","Torii","Darkstone Periapt","Question Card","Kunai","Unceasing Top","InkBottle","Ornamental Fan"],"acts_visited":["Exordium","TheCity","TheBeyond","TheEnding"],"potions_floor_usage":[55,55,55],"damage_taken":[{"damage":2.0,"enemies":"Jaw Worm","floor":1.0,"turns":3.0},{"damage":1.0,"enemies":"Cultist","floor":4.0,"turns":3.0},{"damage":0.0,"enemies":"Small Slimes","floor":7.0,"turns":3.0},{"damage":29.0,"enemies":"3 Sentries","floor":8.0,"turns":9.0},{"damage":8.0,"enemies":"Gremlin Nob","floor":10.0,"turns":3.0},{"damage":0.0,"enemies":"2 Fungi Beasts","floor":11.0,"turns":3.0},{"damage":5.0,"enemies":"Exordium Thugs","floor":12.0,"turns":4.0},{"damage":0.0,"enemies":"Red Slaver","floor":13.0,"turns":2.0},{"damage":4.0,"enemies":"Lagavulin Event","floor":14.0,"turns":5.0},{"damage":15.0,"enemies":"Slime Boss","floor":16.0,"turns":9.0},{"damage":6.0,"enemies":"Chosen","floor":18.0,"turns":5.0},{"damage":6.0,"enemies":"3 Byrds","floor":22.0,"turns":3.0},{"damage":56.0,"enemies":"Book of Stabbing","floor":24.0,"turns":8.0},{"damage":38.0,"enemies":"Slavers","floor":27.0,"turns":7.0},{"damage":13.0,"enemies":"Snecko","floor":28.0,"turns":3.0},{"damage":2.0,"enemies":"Snake Plant","floor":29.0,"turns":3.0},{"damage":6.0,"enemies":"Book of Stabbing","floor":31.0,"turns":2.0},{"damage":66.0,"enemies":"Champ","floor":33.0,"turns":11.0},{"damage":8.0,"enemies":"3 Darklings","floor":35.0,"turns":4.0},{"damage":39.0,"enemies":"2 Orb Walkers","floor":36.0,"turns":6.0},{"damage":0.0,"enemies":"Orb Walker","floor":37.0,"turns":3.0},{"damage":9.0,"enemies":"4 Shapes","floor":39.0,"turns":6.0},{"damage":9.0,"enemies":"Reptomancer","floor":41.0,"turns":2.0},{"damage":13.0,"enemies":"Maw","floor":42.0,"turns":7.0},{"damage":20.0,"enemies":"Jaw Worm Horde","floor":46.0,"turns":2.0},{"damage":0.0,"enemies":"Mind Bloom Boss Battle","floor":47.0,"turns":4.0},{"damage":10.0,"enemies":"Transient","floor":48.0,"turns":5.0},{"damage":45.0,"enemies":"Awakened One","floor":50.0,"turns":18.0},{"damage":9,"enemies":"Shield and Spear","floor":54,"turns":4},{"damage":34,"enemies":"The Heart","floor":55,"turns":7}],"seed_played":"7267681393600668336","potions_obtained":[{"floor":1.0,"key":"Dexterity Potion"},{"floor":7.0,"key":"GamblersBrew"},{"floor":8.0,"key":"DistilledChaos"},{"floor":13.0,"key":"EntropicBrew"},{"floor":27.0,"key":"Regen Potion"},{"floor":28.0,"key":"Energy Potion"},{"floor":29.0,"key":"DistilledChaos"},{"floor":33.0,"key":"Strength Potion"},{"floor":35.0,"key":"AttackPotion"},{"floor":42.0,"key":"Weak Potion"},{"floor":47.0,"key":"LiquidMemories"},{"floor":48.0,"key":"LiquidBronze"},{"floor":54,"key":"AttackPotion"}],"is_trial":false,"path_per_floor":["M","?","$","M","?","R","M","E","T","E","M","M","M","?","R","B",null,"M","?","T","$","M","R","E","R","T","E","M","M","?","E","R","B",null,"M","?","M","$","M","R","E","M","T","R","?","M","?","M","R","B",null,"R","$","E","B",null],"character_chosen":"IRONCLAD","items_purchased":["Offering+1","Secret Technique+1","True Grit+1","Good Instincts+1","Rage+1","Thinking Ahead+1","Barricade","Shrug It Off+1"],"campfire_rested":1,"item_purchase_floors":[21,21,21,38,38,38,53,53],"current_hp_per_floor":[72,58,58,63,72,72,72,49,49,47,53,54,60,62,62,53,67,72,66,66,66,72,72,28,49,49,37,45,55,55,61,61,24,71,75,48,60,60,63,63,66,65,65,65,65,57,69,71,71,38,74,74,74,77,55],"gold":30,"neow_bonus":"REMOVE_TWO","is_daily":false,"chose_seed":false,"campfire_upgraded":7,"win_rate":0.0,"timestamp":1610412742,"path_taken":["M","?","$","M","?","R","M","E","T","E","M","?","M","?","R","BOSS","M","?","?","$","M","R","E","R","T","E","?","M","?","E","R","BOSS","M","?","M","$","M","R","E","M","T","R","?","M","?","M","R","BOSS","R","$","E","BOSS"],"items_purchased_type":["Card","Card","Card","Card","Card","Card","Card","Card"],"build_version":"2020-12-22","purchased_purges":1,"victory":true,"max_hp_per_floor":[72,72,72,72,72,72,72,72,72,72,72,72,72,72,72,72,72,72,72,72,72,72,72,72,72,72,86,86,86,86,86,86,86,86,86,86,86,86,86,86,86,86,86,86,86,86,86,86,86,86,86,86,86,86,86],"card_choices":[{"not_picked":["Headbutt","Warcry"],"picked":"Armaments","floor":1.0},{"not_picked":["Warcry","Iron Wave"],"picked":"Uppercut","floor":4.0},{"not_picked":["Dark Embrace","Anger"],"picked":"Shrug It Off","floor":7.0},{"not_picked":["Flex","Juggernaut","Entrench"],"picked":"SKIP","floor":8.0},{"not_picked":["Pummel","Body Slam"],"picked":"Flame Barrier+1","floor":10.0},{"not_picked":["Blood for Blood","Heavy Blade"],"picked":"Body Slam","floor":11.0},{"not_picked":["Wild Strike","Clothesline"],"picked":"Rage+1","floor":12.0},{"not_picked":["Spot Weakness+1","Dual Wield+1","Twin Strike"],"picked":"SKIP","floor":13.0},{"not_picked":["Heavy Blade","Dual Wield+1"],"picked":"Warcry+1","floor":14.0},{"not_picked":["Feel No Pain+1","Bloodletting+1"],"picked":"Havoc+1","floor":18.0},{"not_picked":["Dual Wield+1","Headbutt"],"picked":"Clothesline+1","floor":22.0},{"not_picked":["Cleave","Entrench+1"],"picked":"Seeing Red+1","floor":24.0},{"not_picked":["Disarm+1","Evolve"],"picked":"Body Slam","floor":27.0},{"not_picked":["Pummel","Anger"],"picked":"Shrug It Off+1","floor":28.0},{"not_picked":["Twin Strike+1","Headbutt","Uppercut"],"picked":"SKIP","floor":29.0},{"not_picked":["Blood for Blood+1","Clash","Combust"],"picked":"SKIP","floor":31.0},{"not_picked":["Bludgeon","Reaper"],"picked":"Brutality","floor":33.0},{"not_picked":["Clash","Body Slam"],"picked":"Bloodletting+1","floor":35.0},{"not_picked":["Disarm+1","Headbutt"],"picked":"Iron Wave+1","floor":36.0},{"not_picked":["Wild Strike+1","Inflame"],"picked":"Iron Wave","floor":37.0},{"not_picked":["Fire Breathing","Sword Boomerang+1"],"picked":"Body Slam","floor":39.0},{"not_picked":["Clothesline+1","Sword Boomerang+1"],"picked":"Shrug It Off+1","floor":41.0},{"not_picked":["Double Tap+1","Uppercut+1","Clothesline"],"picked":"Body Slam+1","floor":42.0},{"not_picked":["Sever Soul","Armaments+1","Second Wind+1","Clash"],"picked":"SKIP","floor":46.0},{"not_picked":["Armaments+1","Hemokinesis+1","Thunderclap+1"],"picked":"Headbutt+1","floor":47.0},{"not_picked":["Headbutt+1","Feel No Pain","Clash"],"picked":"Rage+1","floor":48.0},{"not_picked":["Sever Soul+1","Second Wind+1","Intimidate+1"],"picked":"Bloodletting+1","floor":54}],"player_experience":705530,"relics_obtained":[{"floor":8.0,"key":"Oddly Smooth Stone"},{"floor":9.0,"key":"Art of War"},{"floor":10.0,"key":"Toxic Egg 2"},{"floor":14.0,"key":"Mummified Hand"},{"floor":20.0,"key":"Shuriken"},{"floor":24.0,"key":"Pocketwatch"},{"floor":27.0,"key":"Mango"},{"floor":31.0,"key":"Bag of Marbles"},{"floor":36.0,"key":"Torii"},{"floor":41.0,"key":"Darkstone Periapt"},{"floor":41.0,"key":"Question Card"},{"floor":43.0,"key":"Kunai"},{"floor":47.0,"key":"Unceasing Top"},{"floor":54,"key":"InkBottle"},{"floor":54,"key":"Ornamental Fan"}],"event_choices":[{"damage_healed":0.0,"max_hp_gain":0.0,"max_hp_loss":0.0,"gold_gain":0.0,"event_name":"Shining Light","player_choice":"Entered Light","floor":2.0,"gold_loss":0.0,"damage_taken":14.0,"cards_upgraded":["Strike_R","Strike_R"]},{"cards_removed":["Uppercut"],"damage_healed":9.0,"max_hp_gain":0.0,"max_hp_loss":0.0,"gold_gain":0.0,"event_name":"Bonfire Elementals","player_choice":"Offered Uncommon","floor":5.0,"gold_loss":0.0,"damage_taken":0.0},{"damage_healed":0.0,"max_hp_gain":0.0,"max_hp_loss":0.0,"gold_gain":30.0,"event_name":"Dead Adventurer","player_choice":"Searched \u00273\u0027 times","floor":14.0,"gold_loss":0.0,"damage_taken":0.0},{"damage_healed":0.0,"max_hp_gain":0.0,"max_hp_loss":0.0,"gold_gain":0.0,"event_name":"Nest","player_choice":"Joined the Cult","floor":19.0,"gold_loss":0.0,"damage_taken":6.0,"cards_obtained":["RitualDagger"]},{"damage_healed":0.0,"max_hp_gain":0.0,"max_hp_loss":0.0,"gold_gain":0.0,"event_name":"The Mausoleum","player_choice":"Opened","floor":30.0,"gold_loss":0.0,"damage_taken":0.0,"relics_obtained":["Ice Cream"],"cards_obtained":["Writhe"]},{"damage_healed":0.0,"max_hp_gain":0.0,"max_hp_loss":0.0,"gold_gain":0.0,"event_name":"Mysterious Sphere","player_choice":"Fight","floor":36.0,"gold_loss":0.0,"damage_taken":0.0},{"cards_removed":["Brutality"],"damage_healed":0.0,"max_hp_gain":0.0,"max_hp_loss":0.0,"gold_gain":0.0,"event_name":"Falling","player_choice":"Removed Power","floor":45.0,"gold_loss":0.0,"damage_taken":0.0},{"damage_healed":0.0,"max_hp_gain":0.0,"max_hp_loss":0.0,"gold_gain":0.0,"event_name":"MindBloom","player_choice":"Fight","floor":47.0,"gold_loss":0.0,"damage_taken":0.0}],"is_beta":false,"boss_relics":[{"not_picked":["Runic Pyramid","Fusion Hammer"],"picked":"Black Blood"},{"not_picked":["Philosopher\u0027s Stone","Tiny House"],"picked":"Black Star"}],"items_purged_floors":[3],"is_endless":false,"potions_floor_spawned":[1,7,8,13,27,28,29,33,35,42,47,48,54],"ascension_level":7}}