{"host":"eu5wvbbtjeiar27l","time":1610479669,"event":{"mods":["BaseMod","Colored Powertips","Conspire","Hubris","Infinite Spire","Minty Spire (QoL Compilation)","Rare Cards Sparkle","StSLib","The Factory","The Jungle","vexMod"],"gold_per_floor":[112,126,26,26,90,90,163,202,202,202,202],"floor_reached":10,"playtime":4956,"items_purged":[],"score":68,"play_id":"2fff7aa1-910c-4282-8e50-5446bc507beb","local_time":"20210112192749","is_ascension_mode":false,"campfire_choices":[{"data":"Barrage","floor":6,"key":"SMITH"}],"circlet_count":0,"master_deck":["Strike_B","Strike_B","Strike_B","Strike_B","Defend_B","Defend_B","Defend_B","Defend_B","Zap","Dualcast","conspire:SpireCoStock","conspire:SpireCoStock","Barrage+1","Fusion"],"relics":["Cracked Core","hubris:MedicalManual","Golden Idol","Ice Cream","Cables"],"acts_visited":["Exordium"],"potions_floor_usage":[7,10,10],"damage_taken":[{"damage":7,"enemies":"2 Louse","floor":1,"turns":2},{"damage":0,"enemies":"Small Slimes","floor":2,"turns":3},{"damage":4,"enemies":"Jaw Worm","floor":5,"turns":4},{"damage":20,"enemies":"3 Sentries","floor":7,"turns":7},{"damage":7,"enemies":"3 Louse","floor":8,"turns":2},{"damage":20,"enemies":"Gremlin Nob","floor":10,"turns":2}],"seed_played":"9199978265985467876","potions_obtained":[{"floor":2,"key":"DistilledChaos"},{"floor":5,"key":"LiquidMemories"},{"floor":7,"key":"Strength Potion"}],"is_trial":false,"path_per_floor":["M","M","?","?","M","R","E","M","T","E"],"character_chosen":"DEFECT","items_purchased":[],"campfire_rested":0,"item_purchase_floors":[],"current_hp_per_floor":[61,61,61,44,40,40,20,13,13,0,0],"gold":202,"neow_bonus":"ONE_RARE_RELIC","is_daily":false,"chose_seed":false,"campfire_upgraded":1,"win_rate":0.0,"timestamp":1610479669,"path_taken":["M","M","?","?","M","R","E","M","T","E"],"items_purchased_type":[],"build_version":"2020-12-22","purchased_purges":0,"victory":false,"max_hp_per_floor":[68,68,68,68,68,68,68,68,68,68,68],"card_choices":[{"not_picked":["Steam","Reprogram","Aggregate"],"picked":"SKIP","floor":1},{"not_picked":["Stack","conspire:SharedLibrary","Cold Snap"],"picked":"SKIP","floor":2},{"not_picked":["Aggregate","FTL"],"picked":"Barrage","floor":5},{"not_picked":["Cold Snap","conspire:Rain","Force Field"],"picked":"SKIP","floor":7},{"not_picked":["Leap","Hyperbeam"],"picked":"Fusion","floor":8}],"player_experience":114101,"relics_obtained":[{"floor":7,"key":"Ice Cream"},{"floor":9,"key":"Cables"}],"event_choices":[{"damage_healed":0,"gold_gain":0,"player_choice":"Invest 2","damage_taken":0,"max_hp_gain":0,"max_hp_loss":0,"event_name":"conspire:Investor","floor":3,"gold_loss":0},{"damage_healed":0,"gold_gain":0,"player_choice":"Take Damage","damage_taken":17,"relics_obtained":["Golden Idol"],"max_hp_gain":0,"max_hp_loss":0,"event_name":"Golden Idol","floor":4,"gold_loss":0}],"is_beta":false,"boss_relics":[],"items_purged_floors":[],"is_endless":false,"potions_floor_spawned":[2,5,7],"killed_by":"Gremlin Nob","ascension_level":0}}