{"host":"dhr6iszse2qz12e2","time":1610472082,"event":{"mods":["100% Spire Juice","2.2 Compatiblity","A Magickal Journey","Act Like it!","BaseMod","Bestiary","Better Note","BetterRewards","Colored Map","Downfall","Gensokyo","Hermit","Hubris","Infinite Spire","Marisa????????","Minty Spire (QoL Compilation)","Permanent Neow","Quick Restart","Reimu??????","Replay The Spire","Shop Mod","StSLib","Td1madao Mod","The Administrix","The Animator","The Bug Knight","The Cursed","The Gatherer","The Hierophant","The IronCluck","The Jungle","The Servant 0.9.4","everything is the same but u backflip on backflip","slay the spire mod where everything is the same but ironclad has a cowboy hat","??????REMEMod"],"gold_per_floor":[19,19,19,39,56,56,70,103,103,121,121,121,141,176,176,275,275,295,295,220,237,105,105,137,137,137,149,182,55,75,75,75,171,171,189,189,207,207,223,258,258,271,298,310,310,161,353,371,371,371],"floor_reached":51,"playtime":2399,"items_purged":["Strike_S","Defend_S"],"score":827,"play_id":"15be9b59-8b92-401a-bb35-c7a4e98c2124","local_time":"20210112192122","is_ascension_mode":false,"campfire_choices":[{"data":"SilverBlades","floor":6,"key":"SMITH"},{"data":"Starlight","floor":12,"key":"SMITH"},{"data":"KidneyShot","floor":15,"key":"SMITH"},{"data":"Defend_S","floor":23,"key":"SMITH"},{"data":"Here Defend Chip+4","floor":25,"key":"SMITH"},{"floor":32,"key":"REST"},{"data":"Here Defend Chip+6","floor":41,"key":"SMITH"},{"data":"Here Defend Chip+7","floor":45,"key":"SMITH"},{"data":"Here Defend Chip+8","floor":49,"key":"SMITH"}],"circlet_count":0,"master_deck":["Defend_S+1","KidneyShot+1","Exchange+1","Moonlight+1","Starlight+1","Spin","SilverBlades+1","LightFlow+1","Solidify+1","BottledTime+1","Here Defend Chip+9","FloweringNight+1","Initiator+1","GearUp+1","Dilation+1","infinitespire:SealOfDarkness+","SpecialFormula+1","ShatteredReality+1","Spin+1","SpecialFormula+1"],"relics":["Uniform","REME_ComplimentaryCards","Ginger","Golden Egg","Smiling Mask","hubris:Icosahedron","Ice Cream","Philosopher\u0027s Stone","infinitespire:PuzzleCube","Vajra","Replay:Drink Me","hubris:DeckOfHolding","infinitespire:Satchel","MerchantsRug"],"acts_visited":["Exordium","TheCity","TheBeyond"],"potions_floor_usage":[14,16,28,30,30,50],"damage_taken":[{"damage":8,"enemies":"Cultist","floor":1,"turns":4},{"damage":0,"enemies":"Small Slimes","floor":4,"turns":2},{"damage":0,"enemies":"2 Louse","floor":5,"turns":1},{"damage":2,"enemies":"Exordium Thugs","floor":7,"turns":3},{"damage":21,"enemies":"Lagavulin","floor":8,"turns":6},{"damage":0,"enemies":"3 Louse","floor":10,"turns":2},{"damage":0,"enemies":"Exordium Wildlife","floor":13,"turns":2},{"damage":8,"enemies":"3 Sentries","floor":14,"turns":3},{"damage":0,"enemies":"Fading Forest","floor":16,"turns":11},{"damage":6,"enemies":"2 Thieves","floor":18,"turns":2},{"damage":0,"enemies":"Spheric Guardian","floor":21,"turns":2},{"damage":30,"enemies":"Book of Stabbing","floor":24,"turns":3},{"damage":0,"enemies":"Snake Plant","floor":27,"turns":3},{"damage":23,"enemies":"Slavers","floor":28,"turns":2},{"damage":0,"enemies":"Chosen and Byrds","floor":30,"turns":2},{"damage":0,"enemies":"Automaton","floor":33,"turns":7},{"damage":0,"enemies":"Orb Walker","floor":35,"turns":2},{"damage":0,"enemies":"3 Shapes","floor":37,"turns":2},{"damage":0,"enemies":"Spire Growth","floor":39,"turns":3},{"damage":4,"enemies":"Reptomancer","floor":40,"turns":3},{"damage":0,"enemies":"Transient","floor":42,"turns":5},{"damage":0,"enemies":"Sphere and 2 Shapes","floor":44,"turns":2},{"damage":0,"enemies":"Maw","floor":48,"turns":4},{"damage":24,"enemies":"Donu and Deca","floor":50,"turns":5}],"seed_played":"-1733878983163392468","potions_obtained":[{"floor":5,"key":"Explosive Potion"},{"floor":7,"key":"infinitespire:BlackPotion"},{"floor":13,"key":"Fire Potion"},{"floor":14,"key":"GamblersBrew"},{"floor":16,"key":"Dexterity Potion"},{"floor":24,"key":"Death Potion"},{"floor":28,"key":"Strength Potion"},{"floor":35,"key":"Adrenaline Potion"},{"floor":40,"key":"Flashbang"}],"is_trial":false,"path_per_floor":["M","?","?","M","M","R","M","E","T","M","?","R","M","E","R","B",null,"M","?","?","M","$","R","E","R","T","M","E","$","M","?","R","B",null,"M","AVR","M","?","M","E","R","M","T","M","R","$","?","M","R","B",null],"character_chosen":"THE_SERVANT","items_purchased":["FloweringNight","GearUp","MerchantsRug"],"campfire_rested":1,"item_purchase_floors":[22,29,46],"current_hp_per_floor":[57,44,44,44,44,44,42,21,21,21,21,21,21,13,13,23,65,59,59,59,59,59,59,29,29,29,29,6,6,6,6,25,25,49,49,49,49,49,49,45,45,45,45,45,45,45,33,41,41,33],"gold":371,"neow_bonus":"ONE_RARE_RELIC","is_daily":false,"chose_seed":false,"campfire_upgraded":8,"win_rate":0.0,"timestamp":1610472082,"path_taken":["M","?","?","M","?","R","M","E","T","M","?","R","M","E","R","BOSS","M","?","?","M","$","R","E","R","T","M","E","?","?","?","R","BOSS","M","AVR","M","?","M","E","R","M","T","M","R","?","?","?","R","BOSS"],"items_purchased_type":["Card","Card","Relic"],"build_version":"2020-12-22","purchased_purges":2,"victory":true,"max_hp_per_floor":[65,65,65,65,65,65,65,65,65,65,65,65,65,65,65,65,65,65,65,65,65,65,65,65,65,65,65,65,65,65,65,65,65,49,49,49,49,49,49,49,49,49,49,49,49,49,49,49,49,49],"card_choices":[{"not_picked":["Read","Replace"],"picked":"Moonlight","floor":1},{"not_picked":["DoubleEdge","Spin","Luminosity"],"picked":"SKIP","floor":4},{"not_picked":["DoubleEdge","Luminosity"],"picked":"Spin","floor":4},{"not_picked":["ShiftingGears","Luminosity"],"picked":"SilverBlades","floor":5},{"not_picked":["Starlight","DoubleEdge","Replace"],"picked":"SKIP","floor":7},{"not_picked":["ForgedInTime","InstantArmor"],"picked":"LightFlow","floor":8},{"not_picked":["Gouge","Foresight","ShatteredReality"],"picked":"SKIP","floor":10},{"not_picked":["Collapse","Unruled","FastForward"],"picked":"SKIP","floor":13},{"not_picked":["Ricochet","ShiftingGears","Alleviate"],"picked":"SKIP","floor":14},{"not_picked":["ForgedInTime","Deny"],"picked":"Solidify","floor":16},{"not_picked":["Replace","Snipe"],"picked":"BottledTime+1","floor":18},{"not_picked":["Defy+1","DoubleEdge+1","ShiftingGears"],"picked":"SKIP","floor":21},{"not_picked":["Unruled","Rewind","FastForward"],"picked":"SKIP","floor":24},{"not_picked":["Unruled","Shuttle","StarChef"],"picked":"SKIP","floor":27},{"not_picked":["Comet","SpecialFormula"],"picked":"Initiator","floor":28},{"not_picked":["Unruled","Shuttle+1","Defy"],"picked":"SKIP","floor":30},{"not_picked":["LightFlow","FloweringNight"],"picked":"Dilation","floor":33},{"not_picked":["Shuttle","Alleviate","TimeWarp"],"picked":"SKIP","floor":35},{"not_picked":["Shuttle","Alleviate","TimeWarp"],"picked":"SKIP","floor":35},{"not_picked":["Sabotage+1","Alleviate+1","FastForward"],"picked":"SKIP","floor":37},{"not_picked":["Defy+1","TimeWarp","Rewind"],"picked":"SKIP","floor":39},{"not_picked":["Potential","Replace+1","Alleviate"],"picked":"SKIP","floor":40},{"not_picked":["Unruled","InstantArmor"],"picked":"SpecialFormula+1","floor":42},{"not_picked":["Reset+1","Gouge"],"picked":"ShatteredReality+1","floor":44},{"not_picked":["BottledTime+1","ForgedInTime"],"picked":"Spin+1","floor":47},{"not_picked":["TimeWarp+1","Starlight"],"picked":"SpecialFormula+1","floor":48}],"player_experience":465658,"relics_obtained":[{"floor":8,"key":"Golden Egg"},{"floor":9,"key":"Smiling Mask"},{"floor":14,"key":"Ice Cream"},{"floor":24,"key":"infinitespire:PuzzleCube"},{"floor":28,"key":"Vajra"},{"floor":40,"key":"hubris:DeckOfHolding"},{"floor":43,"key":"infinitespire:Satchel"}],"event_choices":[{"damage_healed":0,"gold_gain":0,"player_choice":"Entered Light","damage_taken":13,"max_hp_gain":0,"max_hp_loss":0,"event_name":"Shining Light","floor":2,"gold_loss":0,"cards_upgraded":["Exchange","Moonlight"]},{"damage_healed":0,"gold_gain":0,"cards_transformed":["Strike_S"],"player_choice":"Transformed","damage_taken":0,"max_hp_gain":0,"max_hp_loss":0,"event_name":"Transmorgrifier","floor":3,"gold_loss":0,"cards_obtained":["Starlight"]},{"damage_healed":0,"gold_gain":0,"player_choice":"Take","damage_taken":0,"max_hp_gain":0,"max_hp_loss":0,"event_name":"betterNote:BetterNote","floor":19,"gold_loss":0,"cards_obtained":["Here Defend Chip"]},{"cards_removed":["Defend_S"],"damage_healed":0,"gold_gain":0,"player_choice":"Gave Gold","damage_taken":0,"max_hp_gain":0,"max_hp_loss":0,"event_name":"Beggar","floor":20,"gold_loss":75}],"is_beta":false,"boss_relics":[{"not_picked":["SlaversCollar","Calling Bell"],"picked":"Philosopher\u0027s Stone"},{"not_picked":["ChewingGum","hubris:BlackHole"],"picked":"Replay:Drink Me"}],"items_purged_floors":[22,29],"is_endless":false,"potions_floor_spawned":[5,7,13,14,16,21,24,28,35,40,42,48],"ascension_level":0}}