{"host":"c7yluuzpqlymemjk","time":1610434030,"event":{"mods":["BaseMod","Colored Map","GifTheSpireLib","Minty Spire (QoL Compilation)","Relic Stats","StSLib","slay the spire mod where everything is the same but ironclad has a cowboy hat"],"gold_per_floor":[117,129,143,155,105,105,139,35,35,53,33,33,63,73,73,73,73],"floor_reached":16,"playtime":815,"items_purged":[],"score":123,"play_id":"f8146185-1ceb-4f52-9530-a28c52aa40ef","local_time":"20210111224710","is_ascension_mode":true,"campfire_choices":[{"data":"Skim","floor":6,"key":"SMITH"},{"floor":12,"key":"RECALL"},{"floor":15,"key":"REST"}],"circlet_count":0,"master_deck":["Strike_B","Strike_B","Strike_B","Defend_B","Defend_B","Defend_B","Zap","Dualcast","Streamline","BootSequence","Skim+1","Self Repair","Redo","Sunder","Capacitor","Chill","Hologram","Reprogram","Conserve Battery"],"relics":["Cracked Core","Bottled Lightning","Frozen Egg 2","Unceasing Top"],"acts_visited":["Exordium"],"potions_floor_usage":[13,13],"damage_taken":[{"damage":2,"enemies":"Jaw Worm","floor":1,"turns":3},{"damage":0,"enemies":"Small Slimes","floor":2,"turns":3},{"damage":1,"enemies":"Cultist","floor":3,"turns":3},{"damage":15,"enemies":"2 Fungi Beasts","floor":4,"turns":4},{"damage":16,"enemies":"Lagavulin","floor":7,"turns":6},{"damage":4,"enemies":"Exordium Thugs","floor":10,"turns":5},{"damage":16,"enemies":"Gremlin Nob","floor":13,"turns":4},{"damage":5,"enemies":"3 Louse","floor":14,"turns":4},{"damage":60,"enemies":"Hexaghost","floor":16,"turns":9}],"seed_played":"-730761438149063562","potions_obtained":[{"floor":2,"key":"Ancient Potion"},{"floor":10,"key":"SneckoOil"},{"floor":11,"key":"SneckoOil"},{"floor":13,"key":"BlessingOfTheForge"}],"is_trial":false,"path_per_floor":["M","M","M","M","?","R","E","$","T","M","?","R","E","M","R","B"],"character_chosen":"DEFECT","items_purchased":["Capacitor","Chill"],"campfire_rested":1,"item_purchase_floors":[8,8],"current_hp_per_floor":[73,73,72,64,64,64,55,55,55,51,51,51,35,37,59,0,0],"gold":73,"neow_bonus":"TRANSFORM_CARD","is_daily":false,"chose_seed":false,"campfire_upgraded":1,"win_rate":0.0,"timestamp":1610434030,"path_taken":["M","M","M","M","?","R","E","$","T","M","?","R","E","?","R","BOSS"],"items_purchased_type":["Card","Card"],"build_version":"2020-12-22","purchased_purges":0,"victory":false,"max_hp_per_floor":[75,75,75,75,75,75,75,75,75,75,75,75,75,75,75,75,75],"relic_stats":{"counters":[9,41],"obtain_stats":[{"Bottled Lightning":7,"Frozen Egg 2":9,"Cracked Core":0,"Unceasing Top":13},{"Bottled Lightning":5,"Frozen Egg 2":5,"Cracked Core":0,"Unceasing Top":7},{"Bottled Lightning":19,"Frozen Egg 2":19,"Cracked Core":0,"Unceasing Top":28}],"Unceasing Top":[1]},"card_choices":[{"not_picked":["Hologram","Steam"],"picked":"BootSequence","floor":1},{"not_picked":["Conserve Battery","Hologram"],"picked":"Skim","floor":2},{"not_picked":["Leap","Barrage"],"picked":"Self Repair","floor":3},{"not_picked":["Ball Lightning","Cold Snap"],"picked":"Redo","floor":4},{"not_picked":["Hyperbeam","Barrage"],"picked":"Sunder","floor":7},{"not_picked":["Recycle","Barrage"],"picked":"Hologram","floor":10},{"not_picked":["Gash","Barrage"],"picked":"Reprogram","floor":13},{"not_picked":["Compile Driver","Tempest"],"picked":"Conserve Battery","floor":14}],"player_experience":340983,"relics_obtained":[{"floor":7,"key":"Bottled Lightning"},{"floor":9,"key":"Frozen Egg 2"},{"floor":13,"key":"Unceasing Top"}],"event_choices":[{"cards_removed":["Defend_B"],"damage_healed":0,"gold_gain":0,"player_choice":"Card Removal","damage_taken":0,"max_hp_gain":0,"max_hp_loss":0,"event_name":"The Cleric","floor":5,"gold_loss":50},{"damage_healed":0,"gold_gain":0,"player_choice":"Bought 1 Potion","damage_taken":0,"max_hp_gain":0,"max_hp_loss":0,"event_name":"The Woman in Blue","floor":11,"gold_loss":0}],"is_beta":false,"boss_relics":[],"items_purged_floors":[],"is_endless":false,"potions_floor_spawned":[2,10,13],"killed_by":"Hexaghost","ascension_level":2}}