{"host":"wy5pcbg592uilh9l","time":1610488536,"event":{"mods":["AchievementEnabler","Act Like it!","BaseMod","BetterRewards","Curses Come First","Gensokyo","Hubris","Infinite Spire","Marisa????????","Minty Spire (QoL Compilation)","Permanent Neow","Replay The Spire","StSLib","The Runesmith"],"gold_per_floor":[109,3,18,335,551,578,589,589,589,589,599,627,637,169,169,267,267,282,22,42,292,303,303,628,628,653,208,257,257,276,276,276,381,381,399,23,23,23,23,69,97,115,165,190,206,206,221,236,236,236],"floor_reached":51,"language":"ENG","playtime":5311,"items_purged":["Runesmith:Strike_RS","Runesmith:Defend_RS","Runesmith:Strike_RS"],"score":942,"play_id":"d82997b6-d70e-4929-980a-7dcf3cd63d7f","local_time":"20210112155536","is_ascension_mode":false,"campfire_choices":[{"floor":10,"key":"REST"},{"floor":15,"key":"REST"},{"data":"Runesmith:BackupBattery","floor":23,"key":"SMITH"},{"data":"Runesmith:BackupBattery+1","floor":25,"key":"SMITH"},{"floor":29,"key":"REST"},{"data":"Runesmith:BackupBattery+2","floor":32,"key":"SMITH"},{"data":"Runesmith:ArcReactor","floor":46,"key":"SMITH"},{"data":"Voices","floor":49,"key":"PURGE"}],"circlet_count":0,"master_deck":["Runesmith:CraftFirestone","Runesmith:Fortify+1","Runesmith:CraftProtectio","Runesmith:GoWithTheFlow+1","Runesmith:HeatedChisel","Runesmith:Firewall+1","Runesmith:BackupBattery+3","Runesmith:CraftIncendium","Runesmith:EarthShield","Runesmith:CraftProtectio","Runesmith:CraftProtectio","Runesmith:PoweredAnvil","Runesmith:ChiselStab","Runesmith:StaticCage","Runesmith:OneForEveryone+1","Runesmith:ArcReactor+1","Runesmith:Retool","Runesmith:CraftMagma","Gensokyo:LittleGreenMen","Runesmith:FissionHammer","Runesmith:WhiteBalance+1","Runesmith:HeatExchange+1","Runesmith:RuneHurl+1","Runesmith:NanitesCloud+1","Runesmith:LithiumIon","Runesmith:EarthShield+1","Pot Of Greed","Pot Of Greed","Pot Of Greed","Runesmith:CraftVitae","Runesmith:FrozenChisel+1","Runesmith:GrandSlam","Runesmith:BackupBattery","Runesmith:CraftObretio"],"relics":["Runesmith:BrokenRuby","Peace Pipe","Lee\u0027s Waffle","Runesmith:MiniCore","PreservedInsect","Replay:Ringing Soul","Snack Pack","Gremlin Food","Replay:Grab Bag","Replay:Bronze Core","ChewingGum","hubris:ScarierMask","Guide Book","Blood Vial","Replay:Baseball","Juzu Bracelet","Anchor","TungstenRod","Astrolabe","hubris:EmptyBottle","Ring of Chaos","ReplayTheSpireMod:Ring of Collecting","Grinning Jar","Ring of Peace","Pet Ghost","hubris:64BitClover"],"acts_visited":["Exordium","Gensokyo:Gensokyo","TheBeyond"],"potions_floor_usage":[4,7,16,16,35,44,47,47,50],"damage_taken":[{"damage":6,"enemies":"Gensokyo:Python","floor":1,"turns":3},{"damage":10,"enemies":"Gensokyo:3_Fairies","floor":3,"turns":7},{"damage":0,"enemies":"Gensokyo:2_Kodama","floor":4,"turns":5},{"damage":7,"enemies":"Gensokyo:Gryphon_and_Rabbit","floor":5,"turns":4},{"damage":11,"enemies":"Gensokyo:Cirno","floor":6,"turns":5},{"damage":0,"enemies":"Gensokyo:VengefulSpirit","floor":7,"turns":2},{"damage":7,"enemies":"Gensokyo:Kitsune","floor":11,"turns":3},{"damage":0,"enemies":"Gensokyo:Mamizou","floor":12,"turns":5},{"damage":8,"enemies":"Gensokyo:Gryphon_and_Rabbit","floor":13,"turns":4},{"damage":18,"enemies":"Gensokyo:Yukari","floor":16,"turns":7},{"damage":3,"enemies":"Gensokyo:Chomper","floor":18,"turns":6},{"damage":0,"enemies":"Gensokyo:2_Gloops","floor":20,"turns":4},{"damage":24,"enemies":"Gensokyo:Slime_Group","floor":22,"turns":6},{"damage":0,"enemies":"Gensokyo:Swordslinger","floor":30,"turns":6},{"damage":9,"enemies":"Gensokyo:Eternal_Rivals","floor":33,"turns":9},{"damage":0,"enemies":"3 Darklings","floor":35,"turns":3},{"damage":26,"enemies":"2 Orb Walkers","floor":40,"turns":4},{"damage":0,"enemies":"Giant Head","floor":41,"turns":5},{"damage":0,"enemies":"Orb Walker","floor":42,"turns":3},{"damage":0,"enemies":"Reptomancer","floor":44,"turns":3},{"damage":0,"enemies":"Maw","floor":45,"turns":8},{"damage":0,"enemies":"Writhing Mass","floor":47,"turns":7},{"damage":0,"enemies":"Jaw Worm Horde","floor":48,"turns":2},{"damage":0,"enemies":"Time Eater","floor":50,"turns":12}],"seed_played":"829041269039254916","potions_obtained":[{"floor":3,"key":"Fire Potion"},{"floor":5,"key":"GamblersBrew"},{"floor":6,"key":"SteroidPotion"},{"floor":12,"key":"LiquidBronze"},{"floor":13,"key":"Languid Potion"},{"floor":20,"key":"Ancient Potion"},{"floor":30,"key":"Block Potion"},{"floor":33,"key":"PowerPotion"},{"floor":35,"key":"FearPotion"},{"floor":48,"key":"FearPotion"}],"is_trial":false,"path_per_floor":["M","COS","M","M","M","E","M","?","T","R","M","E","M","$","R","B",null,"M","COS","M","?","M","R","?","R","T","$","T","R","M","?","R","B",null,"M","$","?","?","?","?","E","M","T","E","M","R","M","M","R","B",null],"character_chosen":"RUNESMITH_CLASS","items_purchased":["Peace Pipe","Lee\u0027s Waffle","Runesmith:CraftProtectio","Runesmith:MiniCore","Runesmith:HeatExchange","Gremlin Food","Runesmith:PoweredAnvil","infinitespire:BlackPotion","Juzu Bracelet","Runesmith:OneForEveryone","Runesmith:ArcReactor","Runesmith:Retool","hubris:EmptyBottle","DuplicationPotion","Regen Potion","Runesmith:LithiumIon"],"campfire_rested":3,"item_purchase_floors":[0,0,0,0,0,14,14,14,27,27,27,27,36,36,36,36],"current_hp_per_floor":[71,71,61,61,54,46,49,17,17,41,37,40,35,38,66,50,95,95,98,98,95,74,74,74,74,74,77,77,101,104,97,97,91,103,106,109,109,109,112,91,98,103,103,108,118,118,127,130,130,130],"gold":236,"neow_bonus":"","is_daily":false,"chose_seed":false,"campfire_upgraded":4,"win_rate":0.0,"timestamp":1610488536,"path_taken":["M","COS","M","M","?","E","M","?","T","R","M","E","M","$","R","BOSS","M","COS","M","?","M","R","?","R","T","$","?","R","M","?","R","BOSS","M","$","?","?","?","?","E","M","T","E","M","R","M","M","R","BOSS"],"items_purchased_type":["Relic","Relic","Card","Relic","Card","Relic","Card","Potion","Relic","Card","Card","Card","Relic","Potion","Potion","Card"],"build_version":"2020-12-22","purchased_purges":3,"victory":true,"max_hp_per_floor":[77,77,77,77,77,80,83,83,83,83,86,89,92,95,95,95,95,98,101,101,95,98,98,98,98,98,101,101,101,104,97,97,100,103,106,109,109,109,112,115,118,121,121,124,124,124,127,130,130,130],"card_choices":[{"not_picked":["Runesmith:Repurpose","Runesmith:LithiumIon"],"picked":"Runesmith:GoWithTheFlow","floor":1},{"not_picked":["Runesmith:HeatedChisel","Runesmith:Overpower"],"picked":"Runesmith:CraftMagma","floor":3},{"not_picked":["Runesmith:CraftSpiculum","Runesmith:EnergizedChisel"],"picked":"Runesmith:HeatedChisel","floor":4},{"not_picked":["Runesmith:Electrocute","Runesmith:CraftReservo"],"picked":"Runesmith:Firewall","floor":5},{"not_picked":["Runesmith:Grindstone","Runesmith:HeatedChisel"],"picked":"Runesmith:BackupBattery","floor":6},{"not_picked":["Runesmith:UnstableHammer","Runesmith:CraftIndustria"],"picked":"Runesmith:CraftIncendium","floor":7},{"not_picked":["Runesmith:ShiftingStrike","Runesmith:Accelerate"],"picked":"Runesmith:EarthShield","floor":11},{"not_picked":["Runesmith:CreatorForm","Runesmith:EarthShield"],"picked":"Runesmith:CraftProtectio","floor":12},{"not_picked":["Runesmith:MakeshiftArmor","Runesmith:DoubleUp"],"picked":"Runesmith:CraftProtectio","floor":13},{"not_picked":["Runesmith:MakeshiftArmor+1","Runesmith:HammerThrow+1"],"picked":"Runesmith:ChiselStab","floor":18},{"not_picked":["Runesmith:HeatedChisel","Runesmith:Terraform","Runesmith:EarthShield"],"picked":"SKIP","floor":20},{"not_picked":["Runesmith:HeatExchange","Runesmith:MakeshiftArmor"],"picked":"Runesmith:StaticCage","floor":22},{"not_picked":["Runesmith:EarthShield","Runesmith:OneForEveryone"],"picked":"Runesmith:CraftMagma","floor":30},{"not_picked":["Gensokyo:SlitMouthedWoman","Gensokyo:EightFeetTall"],"picked":"Gensokyo:LittleGreenMen","floor":31},{"not_picked":["Runesmith:DuctTape","Runesmith:UnlimitedPower"],"picked":"Runesmith:FissionHammer","floor":33},{"not_picked":["Runesmith:Malloc","Runesmith:Repurpose"],"picked":"Runesmith:NanitesCloud+1","floor":35},{"not_picked":["Runesmith:Grindstone","Runesmith:HeatExchange+1"],"picked":"Runesmith:EarthShield+1","floor":40},{"not_picked":["Runesmith:Firewall","Runesmith:Attraction"],"picked":"Runesmith:CraftVitae","floor":41},{"not_picked":["Runesmith:FieryHammer+1","Runesmith:CraftProtectio"],"picked":"Runesmith:FrozenChisel+1","floor":42},{"not_picked":["Runesmith:Grindstone","Runesmith:ShiftingStrike+1"],"picked":"Runesmith:GrandSlam","floor":44},{"not_picked":["Runesmith:ShiftingStrike","Runesmith:Repurpose+1","Runesmith:MakeshiftArmor"],"picked":"SKIP","floor":45},{"not_picked":["Runesmith:CraftMagma+1","Runesmith:ChiselStab"],"picked":"Runesmith:BackupBattery","floor":47},{"not_picked":["Runesmith:WhiteBalance","Runesmith:LightningRod"],"picked":"Runesmith:CraftObretio","floor":48}],"player_experience":260427,"relics_obtained":[{"floor":6,"key":"Replay:Ringing Soul"},{"floor":9,"key":"Snack Pack"},{"floor":12,"key":"infinitespire:Broken Mirror"},{"floor":26,"key":"Replay:Baseball"},{"floor":28,"key":"Anchor"},{"floor":39,"key":"Ring of Chaos"},{"floor":39,"key":"ReplayTheSpireMod:Ring of Collecting"},{"floor":41,"key":"Grinning Jar"},{"floor":43,"key":"Ring of Peace"},{"floor":43,"key":"Pet Ghost"},{"floor":44,"key":"hubris:64BitClover"}],"event_choices":[{"damage_healed":0,"gold_gain":0,"player_choice":"Full Heal","damage_taken":0,"max_hp_gain":0,"max_hp_loss":0,"event_name":"Wheel of Change","floor":37,"gold_loss":0},{"cards_removed":["Runesmith:CraftMagma"],"damage_healed":0,"gold_gain":0,"player_choice":"Removed Skill","damage_taken":0,"max_hp_gain":0,"max_hp_loss":0,"event_name":"Falling","floor":38,"gold_loss":0},{"damage_healed":0,"gold_gain":0,"player_choice":"Fight","damage_taken":0,"max_hp_gain":0,"max_hp_loss":0,"event_name":"Mysterious Sphere","floor":40,"gold_loss":0}],"is_beta":false,"boss_relics":[{"not_picked":["infinitespire:Cupcake","Snecko Eye"],"picked":"Replay:Grab Bag"},{"not_picked":["hubris:VirtuousBlindfold","Painkiller Herb"],"picked":"Replay:Bronze Core"},{"not_picked":["Coffee Dripper","Abe\u0027s Treasure"],"picked":"ChewingGum"},{"not_picked":["Runesmith:CoreCrystal","hubris:Backtick"],"picked":"hubris:ScarierMask"},{"not_picked":["Runesmith:PocketReactor","Runic Pyramid"],"picked":"Astrolabe"}],"items_purged_floors":[0,0,14],"is_endless":false,"potions_floor_spawned":[3,5,6,12,13,20,30,33,35,41,42,48],"ascension_level":0}}