{"host":"j0pfm12paoskip8g","time":1610452018,"event":{"mods":["AchievementEnabler","BaseMod","Colored Map","Hermit","Marisa????????","Minty Spire (QoL Compilation)","Rare Cards Sparkle","StSLib","SuperFastMode","The Animator","The Bug Knight","The Cursed","The Necromancer","The Runesmith","The Servant 0.9.4"],"gold_per_floor":[10,10,10,10,10,10,22,35,35,55,55,70,70,82,82,178,178,207,222,147,147,147,179,179,278,303,303,318,318,318],"floor_reached":29,"playtime":970,"items_purged":["hermit:Strike_Hermit"],"score":258,"play_id":"43dc7c85-f55b-455d-8d33-0aac811d332e","local_time":"20210112124658","is_ascension_mode":false,"campfire_choices":[{"data":"hermit:Snapshot","floor":6,"key":"SMITH"},{"data":"hermit:Virtue","floor":11,"key":"SMITH"},{"floor":15,"key":"REST"},{"data":"hermit:DeadOrAlive","floor":24,"key":"SMITH"},{"floor":27,"key":"RECALL"}],"circlet_count":0,"master_deck":["hermit:Defend_Hermit","hermit:Defend_Hermit","hermit:Defend_Hermit","hermit:Defend_Hermit","hermit:Snapshot+1","hermit:Covet+1","hermit:Desperado+1","hermit:Virtue+1","hermit:GoldenBullet","hermit:DeadOrAlive+1","hermit:Ricochet+1","Bite","Bite","Bite","Bite","Bite"],"relics":["hermit:Momento","Torii","Regal Pillow","SlaversCollar","MutagenicStrength","hermit:RedScarf"],"acts_visited":["Exordium","TheCity"],"potions_floor_usage":[16,16,16,19,23],"damage_taken":[{"damage":2,"enemies":"Jaw Worm","floor":1,"turns":4},{"damage":1,"enemies":"Small Slimes","floor":7,"turns":3},{"damage":0,"enemies":"Cultist","floor":8,"turns":2},{"damage":2,"enemies":"Gremlin Gang","floor":10,"turns":3},{"damage":2,"enemies":"Blue Slaver","floor":12,"turns":3},{"damage":2,"enemies":"Looter","floor":14,"turns":3},{"damage":32,"enemies":"Slime Boss","floor":16,"turns":9},{"damage":0,"enemies":"Chosen","floor":18,"turns":4},{"damage":20,"enemies":"3 Byrds","floor":19,"turns":4},{"damage":19,"enemies":"HollowMod:Nosk","floor":23,"turns":6},{"damage":48,"enemies":"Snecko","floor":28,"turns":6},{"damage":14,"enemies":"Centurion and Healer","floor":29,"turns":2}],"seed_played":"-3920900314630026740","potions_obtained":[{"floor":1,"key":"SpeedPotion"},{"floor":10,"key":"Block Potion"},{"floor":14,"key":"Fire Potion"},{"floor":18,"key":"Explosive Potion"},{"floor":19,"key":"Block Potion"}],"is_trial":false,"path_per_floor":["M","?","$","?","?","R","M","M","T","M","R","M","$","M","R","B",null,"M","M","$","?","?","E","R","?","T","R","M","M"],"character_chosen":"HERMIT","items_purchased":[],"campfire_rested":1,"item_purchase_floors":[],"current_hp_per_floor":[73,73,73,66,66,66,65,65,65,63,63,61,61,59,75,43,75,75,55,55,52,52,44,44,44,44,44,10,0,0],"gold":318,"neow_bonus":"ONE_RARE_RELIC","is_daily":false,"chose_seed":false,"campfire_upgraded":3,"win_rate":0.0,"timestamp":1610452018,"path_taken":["M","?","$","?","?","R","M","?","T","M","R","?","$","M","R","BOSS","M","M","$","?","?","E","R","?","T","R","M","M"],"items_purchased_type":[],"build_version":"2020-12-22","purchased_purges":1,"victory":false,"max_hp_per_floor":[75,75,75,75,75,75,75,75,75,75,75,75,75,75,75,75,75,75,75,75,52,52,52,52,52,52,52,52,52,52],"card_choices":[{"not_picked":["hermit:Cheat","hermit:TrackingShot"],"picked":"hermit:Desperado","floor":1},{"not_picked":["hermit:Dive","hermit:Glare","hermit:Combo"],"picked":"SKIP","floor":7},{"not_picked":["hermit:Feint","hermit:LuckOfTheDraw","hermit:Manifest"],"picked":"SKIP","floor":8},{"not_picked":["hermit:FlashPowder","hermit:Coalescence"],"picked":"hermit:Virtue","floor":10},{"not_picked":["hermit:Quickdraw","hermit:Ricochet"],"picked":"hermit:GoldenBullet","floor":12},{"not_picked":["hermit:TrackingShot","hermit:BigShot","hermit:Combo"],"picked":"SKIP","floor":14},{"not_picked":["hermit:Reprieve","hermit:Dissolve"],"picked":"hermit:DeadOrAlive","floor":16},{"not_picked":["hermit:CalledShot","hermit:LowProfile","hermit:Misfire+1"],"picked":"SKIP","floor":18},{"not_picked":["hermit:ShadowCloak","hermit:Headshot"],"picked":"hermit:Ricochet+1","floor":19},{"not_picked":["hermit:WideOpen","hermit:Showdown","hermit:Manifest+1"],"picked":"SKIP","floor":23},{"not_picked":["hermit:Gestalt","hermit:Combo","hermit:Feint"],"picked":"SKIP","floor":28}],"player_experience":22799,"relics_obtained":[{"floor":9,"key":"Regal Pillow"},{"floor":23,"key":"hermit:RedScarf"}],"event_choices":[{"damage_healed":0,"gold_gain":0,"player_choice":"Grow","damage_taken":0,"max_hp_gain":0,"max_hp_loss":0,"event_name":"Living Wall","floor":2,"gold_loss":0,"cards_upgraded":["hermit:Desperado"]},{"cards_removed":["hermit:Strike_Hermit"],"damage_healed":0,"gold_gain":0,"player_choice":"Card Removal","damage_taken":7,"max_hp_gain":0,"max_hp_loss":0,"event_name":"Golden Wing","floor":4,"gold_loss":0},{"damage_healed":0,"gold_gain":0,"player_choice":"Forge","damage_taken":0,"max_hp_gain":0,"max_hp_loss":0,"event_name":"Accursed Blacksmith","floor":5,"gold_loss":0,"cards_upgraded":["hermit:Covet"]},{"damage_healed":0,"gold_gain":0,"player_choice":"Became a vampire","damage_taken":0,"max_hp_gain":0,"max_hp_loss":23,"event_name":"Vampires","floor":21,"gold_loss":0,"cards_obtained":["Bite","Bite","Bite","Bite","Bite"]},{"damage_healed":0,"gold_gain":0,"player_choice":"Inject Mutagens","damage_taken":0,"relics_obtained":["MutagenicStrength"],"max_hp_gain":0,"max_hp_loss":0,"event_name":"Drug Dealer","floor":22,"gold_loss":0},{"damage_healed":0,"gold_gain":99,"player_choice":"Stole From Cult","damage_taken":0,"max_hp_gain":0,"max_hp_loss":0,"event_name":"Nest","floor":25,"gold_loss":0}],"is_beta":false,"boss_relics":[{"not_picked":["Coffee Dripper","hermit:BartenderGlass"],"picked":"SlaversCollar"}],"items_purged_floors":[20],"is_endless":false,"potions_floor_spawned":[1,10,14,18,19],"killed_by":"Centurion and Healer","ascension_level":0}}