{"host":"19r1ww88x2tc73i0","time":1610437902,"event":{"mods":["BaseMod","BetterRewards","Colored Map","Minty Spire (QoL Compilation)","Relic Stats","StSLib","SuperFastMode","slay the spire mod where everything is the same but ironclad has a cowboy hat"],"gold_per_floor":[114,132,97,22,97,97,97,117,117,117,29,29,64,79,79,156,156,170,184,84,84,108,108,108,108],"floor_reached":24,"playtime":674,"items_purged":["Strike_B","Strike_B"],"score":384,"play_id":"c26a5d1e-f22a-4399-bc8f-197c49e98d6b","local_time":"25640112145142","is_ascension_mode":true,"campfire_choices":[{"floor":6.0,"key":"DIG"},{"floor":10.0,"key":"DIG"},{"floor":15,"key":"DIG"},{"floor":23,"key":"DIG"}],"circlet_count":0,"master_deck":["AscendersBane","Strike_B","Strike_B","Defend_B","Defend_B","Defend_B","Defend_B","Zap","Dualcast","Streamline","Echo Form","Conserve Battery","Sweeping Beam","Gash","Hologram","Leap","All For One","Amplify","BootSequence","Ball Lightning","Thunder Strike","Cold Snap","Coolheaded","Reinforced Body+1"],"relics":["Cracked Core","Shovel","Prayer Wheel","Bottled Lightning","Centennial Puzzle","DataDisk","Du-Vu Doll","Mango","Black Star","Toy Ornithopter","Juzu Bracelet"],"acts_visited":["Exordium","TheCity"],"potions_floor_usage":[13,19,24],"damage_taken":[{"damage":0.0,"enemies":"2 Louse","floor":1.0,"turns":2.0},{"damage":2.0,"enemies":"Small Slimes","floor":2.0,"turns":3.0},{"damage":1.0,"enemies":"Cultist","floor":8.0,"turns":3.0},{"damage":11,"enemies":"Lagavulin","floor":13,"turns":7},{"damage":1,"enemies":"2 Fungi Beasts","floor":14,"turns":3},{"damage":43,"enemies":"Hexaghost","floor":16,"turns":9},{"damage":14,"enemies":"Spheric Guardian","floor":18,"turns":5},{"damage":24,"enemies":"2 Thieves","floor":19,"turns":4},{"damage":5,"enemies":"Gremlin Leader","floor":24,"turns":2}],"seed_played":"-3466432054147882019","potions_obtained":[{"floor":1.0,"key":"Energy Potion"},{"floor":13,"key":"PotionOfCapacity"},{"floor":16,"key":"SkillPotion"},{"floor":19,"key":"SpeedPotion"}],"is_trial":false,"path_per_floor":["M","M","?","$","?","R","?","M","T","R","$","?","E","M","R","B",null,"M","M","$","?","T","R","E"],"character_chosen":"DEFECT","items_purchased":["Shovel","Streamline","All For One"],"campfire_rested":0,"item_purchase_floors":[0,0,11],"current_hp_per_floor":[32,30,47,47,36,36,36,35,35,35,35,71,60,59,73,30,71,57,33,33,33,33,33,33,33],"gold":108,"neow_bonus":"","is_daily":false,"chose_seed":false,"campfire_upgraded":0,"win_rate":0.0,"timestamp":1610437902,"path_taken":["M","M","?","$","?","R","?","?","T","R","$","?","E","M","R","BOSS","M","?","$","?","?","R","E"],"items_purchased_type":["Relic","Card","Card"],"build_version":"2020-12-22","purchased_purges":2,"victory":false,"max_hp_per_floor":[71,71,71,71,71,71,71,71,71,71,71,71,71,71,85,85,85,85,85,85,85,85,85,85,85],"relic_stats":{"Centennial Puzzle":[18],"Shovel":4,"counters":[242,1106],"Prayer Wheel":6,"Black Star":0,"Juzu Bracelet":0,"obtain_stats":[{"Spirit Poop":45,"Ginger":37,"Whetstone":9,"Bottled Tornado":21,"Boot":9,"Old Coin":48,"Blood Vial":24,"MealTicket":46,"Fusion Hammer":34,"Kunai":44,"Blue Candle":40,"Eternal Feather":28,"Akabeko":8,"Cables":46,"SlaversCollar":17,"Bird Faced Urn":4,"Pandora\u0027s Box":17,"StrikeDummy":8,"Unceasing Top":0,"Lantern":36,"Regal Pillow":6,"Singing Bowl":0,"Torii":0,"StoneCalendar":0,"Bag of Preparation":29,"Ancient Tea Set":44,"Cursed Key":34,"Smiling Mask":40,"Matryoshka":4,"Shovel":0,"WingedGreaves":0,"Chemical X":38,"Potion Belt":20,"Lee\u0027s Waffle":0,"Inserter":17,"Golden Idol":10,"Thread and Needle":0,"PreservedInsect":26,"Omamori":0,"Frozen Egg 2":0,"MawBank":8,"Nuclear Battery":17,"Ornamental Fan":29,"Turnip":0,"Art of War":23,"Bottled Lightning":32,"Toy Ornithopter":22,"Ice Cream":0,"Calipers":31,"Nilry\u0027s Codex":19,"CeramicFish":0,"Vajra":31,"Runic Capacitor":21,"Sozu":17,"Lizard Tail":0,"Centennial Puzzle":40,"Strawberry":23,"Prayer Wheel":0,"Toxic Egg 2":0,"Girya":0,"Happy Flower":0,"Dead Branch":0,"Astrolabe":17,"Oddly Smooth Stone":0,"Letter Opener":9,"War Paint":27,"Question Card":39,"Du-Vu Doll":13,"OrangePellets":39,"Bottled Flame":30,"Shuriken":43,"Bronze Scales":9,"Molten Egg 2":0,"Black Star":17,"Symbiotic Virus":0,"Pocketwatch":0,"Darkstone Periapt":20,"Enchiridion":20,"Mango":0,"Incense Burner":10,"Juzu Bracelet":14,"ClockworkSouvenir":0,"Emotion Chip":26,"Dream Catcher":27,"Nunchaku":27,"Mummified Hand":9,"Gambling Chip":0,"Tiny Chest":12,"Cracked Core":0,"Runic Pyramid":17,"Orichalcum":41,"Medical Kit":0,"White Beast Statue":40,"Mercury Hourglass":26,"Peace Pipe":45,"Anchor":0,"CaptainsWheel":0,"DataDisk":39,"Coffee Dripper":34,"Bag of Marbles":42,"Membership Card":0,"TungstenRod":43,"FossilizedHelix":0},{"Spirit Poop":105,"Ginger":19,"Whetstone":192,"Bottled Tornado":9,"Boot":229,"Old Coin":24,"Blood Vial":11,"MealTicket":80,"Fusion Hammer":75,"Kunai":54,"Blue Candle":52,"Eternal Feather":71,"Akabeko":31,"Cables":105,"SlaversCollar":160,"Bird Faced Urn":142,"Pandora\u0027s Box":92,"StrikeDummy":229,"Unceasing Top":57,"Lantern":18,"Regal Pillow":87,"Singing Bowl":57,"Torii":83,"StoneCalendar":0,"Bag of Preparation":14,"Ancient Tea Set":79,"Cursed Key":101,"Smiling Mask":104,"Matryoshka":2,"Shovel":57,"WingedGreaves":0,"Chemical X":51,"Potion Belt":9,"Lee\u0027s Waffle":26,"Inserter":36,"Golden Idol":87,"Thread and Needle":26,"PreservedInsect":42,"Omamori":0,"Frozen Egg 2":0,"MawBank":4,"Nuclear Battery":148,"Ornamental Fan":180,"Turnip":108,"Art of War":69,"Bottled Lightning":74,"Toy Ornithopter":241,"Ice Cream":57,"Calipers":47,"Nilry\u0027s Codex":119,"CeramicFish":83,"Vajra":16,"Runic Capacitor":9,"Sozu":66,"Lizard Tail":0,"Centennial Puzzle":21,"Strawberry":41,"Prayer Wheel":233,"Toxic Egg 2":0,"Girya":140,"Happy Flower":0,"Dead Branch":26,"Astrolabe":206,"Oddly Smooth Stone":26,"Letter Opener":113,"War Paint":70,"Question Card":20,"Du-Vu Doll":237,"OrangePellets":103,"Bottled Flame":125,"Shuriken":22,"Bronze Scales":4,"Molten Egg 2":26,"Black Star":239,"Symbiotic Virus":26,"Pocketwatch":26,"Darkstone Periapt":9,"Enchiridion":221,"Mango":0,"Incense Burner":5,"Juzu Bracelet":7,"ClockworkSouvenir":26,"Emotion Chip":11,"Dream Catcher":12,"Nunchaku":43,"Mummified Hand":4,"Gambling Chip":57,"Tiny Chest":33,"Cracked Core":0,"Runic Pyramid":8,"Orichalcum":22,"Medical Kit":57,"White Beast Statue":132,"Mercury Hourglass":70,"Peace Pipe":23,"Anchor":0,"CaptainsWheel":26,"DataDisk":51,"Coffee Dripper":17,"Bag of Marbles":133,"Membership Card":0,"TungstenRod":53,"FossilizedHelix":57},{"Spirit Poop":498,"Ginger":98,"Whetstone":901,"Bottled Tornado":46,"Boot":1053,"Old Coin":129,"Blood Vial":56,"MealTicket":380,"Fusion Hammer":360,"Kunai":264,"Blue Candle":255,"Eternal Feather":339,"Akabeko":169,"Cables":498,"SlaversCollar":740,"Bird Faced Urn":638,"Pandora\u0027s Box":446,"StrikeDummy":1053,"Unceasing Top":287,"Lantern":93,"Regal Pillow":418,"Singing Bowl":287,"Torii":402,"StoneCalendar":0,"Bag of Preparation":69,"Ancient Tea Set":377,"Cursed Key":484,"Smiling Mask":494,"Matryoshka":7,"Shovel":287,"WingedGreaves":0,"Chemical X":250,"Potion Belt":46,"Lee\u0027s Waffle":155,"Inserter":183,"Golden Idol":418,"Thread and Needle":155,"PreservedInsect":210,"Omamori":0,"Frozen Egg 2":0,"MawBank":15,"Nuclear Battery":676,"Ornamental Fan":850,"Turnip":518,"Art of War":330,"Bottled Lightning":349,"Toy Ornithopter":1104,"Ice Cream":287,"Calipers":231,"Nilry\u0027s Codex":549,"CeramicFish":402,"Vajra":80,"Runic Capacitor":46,"Sozu":316,"Lizard Tail":0,"Centennial Puzzle":109,"Strawberry":206,"Prayer Wheel":1068,"Toxic Egg 2":0,"Girya":633,"Happy Flower":0,"Dead Branch":155,"Astrolabe":956,"Oddly Smooth Stone":155,"Letter Opener":530,"War Paint":334,"Question Card":102,"Du-Vu Doll":1083,"OrangePellets":489,"Bottled Flame":571,"Shuriken":116,"Bronze Scales":15,"Molten Egg 2":155,"Black Star":1095,"Symbiotic Virus":155,"Pocketwatch":155,"Darkstone Periapt":46,"Enchiridion":1026,"Mango":0,"Incense Burner":22,"Juzu Bracelet":32,"ClockworkSouvenir":155,"Emotion Chip":56,"Dream Catcher":61,"Nunchaku":214,"Mummified Hand":15,"Gambling Chip":287,"Tiny Chest":174,"Cracked Core":0,"Runic Pyramid":41,"Orichalcum":116,"Medical Kit":287,"White Beast Statue":595,"Mercury Hourglass":334,"Peace Pipe":123,"Anchor":0,"CaptainsWheel":155,"DataDisk":250,"Coffee Dripper":88,"Bag of Marbles":599,"Membership Card":0,"TungstenRod":259,"FossilizedHelix":287}],"Toy Ornithopter":5},"card_choices":[{"not_picked":["Ball Lightning","Loop"],"picked":"Echo Form","floor":1.0},{"not_picked":["Redo","Force Field","Streamline"],"picked":"SKIP","floor":1.0},{"not_picked":["Lockon","Coolheaded"],"picked":"Conserve Battery","floor":2.0},{"not_picked":["Gash","Barrage"],"picked":"Sweeping Beam","floor":2.0},{"not_picked":["Turbo","Compile Driver"],"picked":"Hologram","floor":8.0},{"not_picked":["Darkness","Compile Driver"],"picked":"Leap","floor":8.0},{"not_picked":["Stack","Heatsinks"],"picked":"Amplify","floor":13},{"not_picked":["Doom and Gloom","Loop"],"picked":"BootSequence","floor":14},{"not_picked":["Stack","Turbo"],"picked":"Ball Lightning","floor":14},{"not_picked":["Echo Form","Core Surge"],"picked":"Thunder Strike","floor":16},{"not_picked":["Doom and Gloom","Steam"],"picked":"Cold Snap","floor":18},{"not_picked":["Sweeping Beam","Streamline"],"picked":"Coolheaded","floor":18},{"not_picked":["Hologram","Seek"],"picked":"Reinforced Body+1","floor":19},{"not_picked":["Conserve Battery","Redo","Sweeping Beam"],"picked":"SKIP","floor":19}],"player_experience":893712,"relics_obtained":[{"floor":6.0,"key":"Bottled Lightning"},{"floor":9.0,"key":"Centennial Puzzle"},{"floor":10.0,"key":"DataDisk"},{"floor":13,"key":"Du-Vu Doll"},{"floor":15,"key":"Mango"},{"floor":22,"key":"Toy Ornithopter"},{"floor":23,"key":"Juzu Bracelet"}],"event_choices":[{"damage_healed":17.0,"max_hp_gain":0.0,"max_hp_loss":0.0,"gold_gain":0.0,"event_name":"The Cleric","player_choice":"Healed","floor":3.0,"gold_loss":35.0,"damage_taken":0.0},{"damage_healed":0.0,"max_hp_gain":0.0,"max_hp_loss":0.0,"gold_gain":75.0,"event_name":"World of Goop","player_choice":"Gather Gold","floor":5.0,"gold_loss":0.0,"damage_taken":11.0},{"damage_healed":0.0,"max_hp_gain":0.0,"max_hp_loss":0.0,"gold_gain":0.0,"event_name":"Match and Keep!","player_choice":"1 cards matched","floor":7.0,"gold_loss":0.0,"damage_taken":0.0,"cards_obtained":["Gash"]},{"damage_healed":36.0,"max_hp_gain":0.0,"max_hp_loss":0.0,"gold_gain":0.0,"event_name":"Wheel of Change","player_choice":"Full Heal","floor":12.0,"gold_loss":0.0,"damage_taken":0.0},{"damage_healed":0,"gold_gain":0,"player_choice":"Ignored","damage_taken":0,"max_hp_gain":0,"max_hp_loss":0,"event_name":"Vampires","floor":21,"gold_loss":0}],"is_beta":false,"boss_relics":[{"not_picked":["Empty Cage","Ectoplasm"],"picked":"Black Star"}],"items_purged_floors":[4,20],"is_endless":false,"potions_floor_spawned":[1,13,16,19],"killed_by":"Gremlin Leader","ascension_level":20}}