{"host":"y3iy5gb13b300rns","time":1610427859,"event":{"mods":["BaseMod","Bestiary","Curses Come First","Minty Spire (QoL Compilation)","Replay The Spire","StSLib","The Runesmith"],"gold_per_floor":[114,129,144,159,9,9,9,39,39,39,54,84,99,114,114,214,214,229,229,254,104,134,134,164,164,164,179,209,224,239,254,254,354,354,369,419,434,175,190,220,235,235,235,235,15,15,15,30,30,30],"floor_reached":51,"playtime":4935,"items_purged":[],"score":1124,"play_id":"19023945-a52d-465b-a9d1-72bcd0b149f2","local_time":"20210111230419","daily_mods":["Cursed Run","Hoarder","DeadlyEvents"],"is_ascension_mode":false,"campfire_choices":[{"data":"Consecrate","floor":6,"key":"SMITH"},{"floor":15,"key":"REST"},{"data":"DevaForm","floor":23,"key":"SMITH"},{"floor":25,"key":"REST"},{"floor":32,"key":"REST"},{"floor":42,"key":"REST"},{"data":"Blasphemy","floor":44,"key":"SMITH"},{"floor":49,"key":"REST"}],"circlet_count":0,"master_deck":["Strike_P","Strike_P","Strike_P","Strike_P","Defend_P","Defend_P","Defend_P","Defend_P","Eruption+1","Vigilance","Wireheading","Wireheading","Wireheading+1","ForeignInfluence","ForeignInfluence","ForeignInfluence","PathToVictory","PathToVictory","PathToVictory","Consecrate+1","Consecrate","Consecrate","Protect","Protect","Protect","Shame","Shame","Shame","Protect","Protect","Protect","Vault","Vault","Vault","WindmillStrike","WindmillStrike","WindmillStrike","EmptyBody","EmptyBody","EmptyBody","ReplayTheSpireMod:IOU","ReplayTheSpireMod:IOU","ReplayTheSpireMod:IOU","DevaForm","DevaForm","DevaForm+1","LikeWater+1","LikeWater","LikeWater","ReplayTheSpireMod:IOU","ReplayTheSpireMod:IOU","ReplayTheSpireMod:IOU","Crescendo+1","Crescendo+1","Crescendo+1","Pot Of Greed","Pot Of Greed","Pot Of Greed","Pot Of Greed","Pot Of Greed","Pot Of Greed","Pot Of Greed","Pot Of Greed","Pot Of Greed","Pot Of Greed","Pot Of Greed","Pot Of Greed","Pot Of Greed","Pot Of Greed","Pot Of Greed","Brilliance","Brilliance","Brilliance","Decay","Decay","Decay","PathToVictory","PathToVictory","PathToVictory","SandsOfTime","SandsOfTime","SandsOfTime","Indignation","Indignation","Indignation","Pot Of Greed","Pot Of Greed","Pot Of Greed","WheelKick","WheelKick","WheelKick","Replay:AtTheReady","Replay:AtTheReady","Replay:AtTheReady","ReplayTheSpireMod:Faulty Equipment","ReplayTheSpireMod:Faulty Equipment","ReplayTheSpireMod:Faulty Equipment","Devotion","Devotion","Devotion","PathToVictory+1","PathToVictory+1","PathToVictory+1","Indignation+1","Indignation+1","Indignation+1","Pray","Pray","Pray","PathToVictory+1","PathToVictory+1","PathToVictory+1","Nirvana","Nirvana","Nirvana","CrushJoints+1","CrushJoints+1","CrushJoints+1","InnerPeace+1","InnerPeace+1","InnerPeace+1","Blasphemy","Blasphemy+1","Blasphemy","Pot Of Greed","Pot Of Greed","Pot Of Greed","Spreading Infection","Spreading Infection","Spreading Infection","BattleHymn","BattleHymn","BattleHymn","Spreading Infection","Spreading Infection","Spreading Infection","Consecrate+1","Consecrate+1","Consecrate+1","Sickly","Sickly","Sickly"],"relics":["Cursed Key","Darkstone Periapt","Du-Vu Doll","Happy Flower","Blue Candle","MealTicket","CaptainsWheel","Sozu","Simple Rune","Boot","Ginger","Grinning Jar","Lantern","Shuriken","Black Star","FossilizedHelix","Potion Belt","Strawberry","Gremlin Food","Thread and Needle","Bronze Scales","Pet Ghost"],"acts_visited":["Exordium","TheCity","TheBeyond"],"potions_floor_usage":[8,12,16],"damage_taken":[{"damage":0,"enemies":"Cultist","floor":1,"turns":2},{"damage":0,"enemies":"2 Louse","floor":2,"turns":2},{"damage":1,"enemies":"Jaw Worm","floor":3,"turns":4},{"damage":10,"enemies":"Looter","floor":4,"turns":2},{"damage":8,"enemies":"Lagavulin","floor":8,"turns":5},{"damage":0,"enemies":"Gremlin Gang","floor":11,"turns":3},{"damage":18,"enemies":"Gremlin Nob","floor":12,"turns":5},{"damage":0,"enemies":"Large Slime","floor":13,"turns":5},{"damage":0,"enemies":"Red Slaver","floor":14,"turns":4},{"damage":20,"enemies":"The Guardian","floor":16,"turns":8},{"damage":0,"enemies":"3 Byrds","floor":18,"turns":3},{"damage":1,"enemies":"Gremlin Leader","floor":22,"turns":3},{"damage":40,"enemies":"Replay:Snechameleon","floor":24,"turns":6},{"damage":15,"enemies":"2 Thieves","floor":27,"turns":3},{"damage":26,"enemies":"Gremlin Leader","floor":28,"turns":4},{"damage":12,"enemies":"Cultist and Chosen","floor":29,"turns":4},{"damage":10,"enemies":"Snake Plant","floor":30,"turns":3},{"damage":9,"enemies":"Centurion and Healer","floor":31,"turns":4},{"damage":46,"enemies":"Champ","floor":33,"turns":9},{"damage":9,"enemies":"3 Shapes","floor":35,"turns":3},{"damage":0,"enemies":"Mind Bloom Boss Battle","floor":36,"turns":3},{"damage":17,"enemies":"3 Darklings","floor":37,"turns":6},{"damage":2,"enemies":"Transient","floor":39,"turns":6},{"damage":28,"enemies":"Giant Head","floor":40,"turns":8},{"damage":7,"enemies":"4 Shapes","floor":41,"turns":3},{"damage":18,"enemies":"Maw","floor":48,"turns":6},{"damage":73,"enemies":"Time Eater","floor":50,"turns":3}],"seed_played":"-5514344210177769252","potions_obtained":[{"floor":1,"key":"DuplicationPotion"},{"floor":2,"key":"Weak Potion"},{"floor":4,"key":"FearPotion"}],"is_trial":false,"path_per_floor":["M","M","M","M","$","R","?","E","T","$","M","E","M","M","R","B",null,"M","?","T","$","E","R","E","R","T","M","E","M","M","M","R","B",null,"M","?","M","$","M","E","M","R","T","R","$","$","T","M","R","B",null],"character_chosen":"WATCHER","items_purchased":["Happy Flower","Boot","Potion Belt","PathToVictory+1","Nirvana","Bronze Scales","BattleHymn"],"campfire_rested":5,"item_purchase_floors":[5,21,38,38,38,45,45],"current_hp_per_floor":[72,72,71,61,61,61,61,53,71,86,86,68,68,68,90,88,108,108,108,126,126,125,125,85,122,140,125,99,87,77,68,111,83,162,153,153,136,151,149,128,121,169,187,187,187,187,205,187,205,150],"gold":30,"neow_bonus":"","is_daily":true,"chose_seed":false,"campfire_upgraded":3,"win_rate":0.0,"timestamp":1610427859,"path_taken":["M","M","?","M","$","R","?","?","T","?","M","?","?","M","R","BOSS","M","?","?","$","?","R","E","R","T","M","E","M","M","?","R","BOSS","M","?","M","$","M","E","M","R","T","R","?","$","?","M","R","BOSS"],"items_purchased_type":["Relic","Relic","Relic","Card","Card","Relic","Card"],"build_version":"2020-12-22","purchased_purges":0,"victory":true,"max_hp_per_floor":[72,72,72,72,72,72,72,72,90,90,90,90,90,90,90,108,108,108,108,126,126,126,126,126,126,144,144,144,144,144,144,144,162,162,162,162,162,162,162,169,169,169,187,187,187,187,205,205,205,223],"card_choices":[{"not_picked":["Replay:BluntJabs","Replay:Battleflow"],"picked":"Wireheading","floor":1},{"not_picked":["ClearTheMind","Collect"],"picked":"ForeignInfluence","floor":2},{"not_picked":["FollowUp","LikeWater"],"picked":"PathToVictory","floor":3},{"not_picked":["CutThroughFate","Protect"],"picked":"Consecrate","floor":4},{"not_picked":["Study","Evaluate"],"picked":"Protect","floor":8},{"not_picked":["Evaluate","EmptyMind"],"picked":"Protect","floor":11},{"not_picked":["Replay:AtTheReady","DeceiveReality"],"picked":"Vault","floor":12},{"not_picked":["CarveReality","Meditate"],"picked":"WindmillStrike","floor":13},{"not_picked":["ClearTheMind","Nirvana"],"picked":"EmptyBody","floor":14},{"not_picked":["MasterReality","Alpha"],"picked":"DevaForm","floor":16},{"not_picked":["EmptyFist","EmptyBody+1"],"picked":"LikeWater","floor":18},{"not_picked":["ClearTheMind","ThirdEye"],"picked":"Crescendo+1","floor":22},{"not_picked":["EmptyBody","WindmillStrike+1"],"picked":"Brilliance","floor":24},{"not_picked":["Study+1","EmptyFist"],"picked":"PathToVictory","floor":27},{"not_picked":["Replay:AtTheReady","BowlingBash"],"picked":"SandsOfTime","floor":28},{"not_picked":["PathToVictory","Conclude+1"],"picked":"Indignation","floor":29},{"not_picked":["FlurryOfBlows+1","ThirdEye"],"picked":"WheelKick","floor":30},{"not_picked":["Halt","Replay:BluntJabs"],"picked":"Replay:AtTheReady","floor":31},{"not_picked":["Omniscience","ConjureBlade"],"picked":"Devotion","floor":33},{"not_picked":["Consecrate+1","Sanctity+1"],"picked":"PathToVictory+1","floor":35},{"not_picked":["EmptyBody","Sanctity+1"],"picked":"Indignation+1","floor":36},{"not_picked":["Replay:BluntJabs","Replay:Battleflow"],"picked":"Pray","floor":37},{"not_picked":["Replay:BluntJabs","Consecrate"],"picked":"CrushJoints+1","floor":39},{"not_picked":["Replay:ManipulateFuture+1","Indignation"],"picked":"InnerPeace+1","floor":40},{"not_picked":["Replay:AtTheReady","MentalFortress+1"],"picked":"Blasphemy","floor":41},{"not_picked":["Halt+1","CrushJoints"],"picked":"Consecrate+1","floor":48}],"player_experience":403117,"relics_obtained":[{"floor":8,"key":"Blue Candle"},{"floor":9,"key":"MealTicket"},{"floor":12,"key":"CaptainsWheel"},{"floor":20,"key":"Simple Rune"},{"floor":22,"key":"Ginger"},{"floor":24,"key":"Grinning Jar"},{"floor":26,"key":"Lantern"},{"floor":28,"key":"Shuriken"},{"floor":36,"key":"FossilizedHelix"},{"floor":40,"key":"Strawberry"},{"floor":40,"key":"Gremlin Food"},{"floor":43,"key":"Thread and Needle"},{"floor":47,"key":"Pet Ghost"}],"event_choices":[{"damage_healed":0,"gold_gain":0,"player_choice":"Ignored","damage_taken":0,"max_hp_gain":0,"max_hp_loss":0,"event_name":"Ghosts","floor":19,"gold_loss":0},{"damage_healed":0,"gold_gain":0,"player_choice":"Fight","damage_taken":0,"max_hp_gain":0,"max_hp_loss":0,"event_name":"MindBloom","floor":36,"gold_loss":0}],"is_beta":false,"boss_relics":[{"not_picked":["Honey Jar","Busted Crown"],"picked":"Sozu"},{"not_picked":["Replay:Wanted Poster","ReplayTheSpireMod:DimensionalGlitch"],"picked":"Black Star"}],"items_purged_floors":[],"is_endless":false,"potions_floor_spawned":[1,2,4,18,22,27,33,35,37,40],"ascension_level":0}}