{"host":"0vlubjftylzdr3ny","time":1610478643,"event":{"mods":["Always Whale","BaseMod","GifTheSpireLib","Minty Spire (QoL Compilation)","Relic Filter","StSLib","Stuff the Spire"],"gold_per_floor":[113,125,50,62,62,62,98,98,98,98,98,129,147,161,161,286,286,311,326,69,93,93,128,128,168,168,168,182,182,206,305,305,305,305],"floor_reached":33,"playtime":1156,"items_purged":["Dualcast","Strike_B"],"score":310,"play_id":"a968bf48-8278-4f1d-8a20-72813fa53e73","local_time":"20210112201043","is_ascension_mode":true,"campfire_choices":[{"data":"Zap","floor":6,"key":"SMITH"},{"data":"1","floor":8,"key":"LIFT"},{"data":"2","floor":10,"key":"LIFT"},{"floor":15,"key":"REST"},{"data":"Fission","floor":24,"key":"SMITH"},{"data":"Scrape","floor":27,"key":"SMITH"},{"data":"3","floor":29,"key":"LIFT"},{"data":"Scrape","floor":32,"key":"SMITH"}],"circlet_count":0,"master_deck":["Strike_B","Strike_B","Strike_B","Defend_B","Defend_B","Defend_B","Zap+1","Cold Snap","Genetic Algorithm","Gash","Cold Snap","Fission+1","Leap+1","Writhe","Reinforced Body","Scrape+1","Scrape+1"],"relics":["Cracked Core","StuffTheSpire:GrapeVine","Golden Idol","Girya","Ancient Tea Set","MealTicket","Cursed Key","Sling","StuffTheSpire:Mouthbags","Vajra","Pen Nib"],"acts_visited":["Exordium","TheCity"],"potions_floor_usage":[12,16,21,33,33],"damage_taken":[{"damage":5,"enemies":"Small Slimes","floor":1,"turns":3},{"damage":0,"enemies":"2 Louse","floor":2,"turns":2},{"damage":0,"enemies":"Jaw Worm","floor":4,"turns":4},{"damage":6,"enemies":"3 Sentries","floor":7,"turns":8},{"damage":23,"enemies":"Gremlin Nob","floor":12,"turns":4},{"damage":5,"enemies":"Looter","floor":13,"turns":3},{"damage":2,"enemies":"2 Fungi Beasts","floor":14,"turns":3},{"damage":2,"enemies":"Slime Boss","floor":16,"turns":11},{"damage":0,"enemies":"3 Byrds","floor":18,"turns":5},{"damage":9,"enemies":"Spheric Guardian","floor":19,"turns":4},{"damage":7,"enemies":"3 Cultists","floor":21,"turns":7},{"damage":20,"enemies":"Slavers","floor":23,"turns":7},{"damage":19,"enemies":"Book of Stabbing","floor":25,"turns":5},{"damage":0,"enemies":"Snake Plant","floor":28,"turns":4},{"damage":0,"enemies":"Snecko","floor":30,"turns":3},{"damage":34,"enemies":"Automaton","floor":33,"turns":6}],"seed_played":"633609294174769462","potions_obtained":[{"floor":1,"key":"SkillPotion"},{"floor":12,"key":"PowerPotion"},{"floor":14,"key":"LiquidMemories"},{"floor":19,"key":"Ancient Potion"},{"floor":23,"key":"Energy Potion"},{"floor":28,"key":"FocusPotion"}],"is_trial":false,"path_per_floor":["M","M","$","M","?","R","E","R","T","R","?","E","M","M","R","B",null,"M","M","$","M","?","E","R","E","T","R","M","R","M","?","R","B"],"character_chosen":"DEFECT","items_purchased":["Sling"],"campfire_rested":1,"item_purchase_floors":[20],"current_hp_per_floor":[70,70,70,70,52,52,46,46,46,46,39,16,11,9,31,29,75,75,66,75,68,68,48,48,29,29,29,29,29,29,29,29,0,0],"gold":305,"neow_bonus":"RANDOM_COMMON_RELIC","is_daily":false,"chose_seed":false,"campfire_upgraded":4,"win_rate":0.0,"timestamp":1610478643,"path_taken":["M","M","$","M","?","R","E","R","T","R","?","E","M","M","R","BOSS","M","M","$","M","?","E","R","E","T","R","M","R","M","?","R","BOSS"],"items_purchased_type":["Relic"],"build_version":"2020-12-22","purchased_purges":2,"victory":false,"max_hp_per_floor":[75,75,75,75,75,75,75,75,75,75,75,75,75,75,75,75,75,75,75,75,75,75,75,75,75,75,75,75,75,75,75,75,75,75],"card_choices":[{"not_picked":["Tempest","StuffTheSpire:CleanHardDrive","Darkness"],"picked":"SKIP","floor":1},{"not_picked":["StuffTheSpire:NuclearReactor","Skim"],"picked":"Cold Snap","floor":2},{"not_picked":["Ball Lightning","StuffTheSpire:CleanHardDrive"],"picked":"Reinforced Body","floor":4},{"not_picked":["Barrage","Rebound"],"picked":"Genetic Algorithm","floor":7},{"not_picked":["White Noise","Static Discharge"],"picked":"Gash","floor":12},{"not_picked":["Redo","StuffTheSpire:ForEach","Sunder"],"picked":"SKIP","floor":13},{"not_picked":["Compile Driver","StuffTheSpire:LoadUp"],"picked":"Cold Snap","floor":14},{"not_picked":["StuffTheSpire:LaunchingStrike","Hyperbeam"],"picked":"Fission","floor":16},{"not_picked":["Capacitor","Compile Driver","Rebound+1"],"picked":"SKIP","floor":18},{"not_picked":["Barrage+1","Steam","StuffTheSpire:CleanHardDrive"],"picked":"SKIP","floor":19},{"not_picked":["StuffTheSpire:LoadUp","Skim"],"picked":"Leap+1","floor":21},{"not_picked":["Fusion","Lockon+1"],"picked":"Scrape","floor":23},{"not_picked":["Go for the Eyes","Barrage","Skim"],"picked":"SKIP","floor":25},{"not_picked":["Compile Driver+1","StuffTheSpire:LoadUp+1"],"picked":"Scrape","floor":28},{"not_picked":["Barrage+1","Meteor Strike","Streamline"],"picked":"SKIP","floor":30}],"player_experience":829496,"relics_obtained":[{"floor":7,"key":"Girya"},{"floor":9,"key":"Ancient Tea Set"},{"floor":12,"key":"MealTicket"},{"floor":23,"key":"Vajra"},{"floor":25,"key":"Pen Nib"}],"event_choices":[{"damage_healed":0,"gold_gain":0,"player_choice":"Take Damage","damage_taken":18,"relics_obtained":["Golden Idol"],"max_hp_gain":0,"max_hp_loss":0,"event_name":"Golden Idol","floor":5,"gold_loss":0},{"cards_removed":["Defend_B"],"damage_healed":0,"gold_gain":0,"player_choice":"Card Removal","damage_taken":7,"max_hp_gain":0,"max_hp_loss":0,"event_name":"Golden Wing","floor":11,"gold_loss":0},{"damage_healed":0,"gold_gain":0,"player_choice":"Opened","damage_taken":0,"relics_obtained":["StuffTheSpire:Mouthbags"],"max_hp_gain":0,"max_hp_loss":0,"event_name":"The Mausoleum","floor":22,"gold_loss":0,"cards_obtained":["Writhe"]},{"damage_healed":0,"gold_gain":99,"player_choice":"Stole From Cult","damage_taken":0,"max_hp_gain":0,"max_hp_loss":0,"event_name":"Nest","floor":31,"gold_loss":0}],"is_beta":false,"boss_relics":[{"not_picked":["SlaversCollar","Nuclear Battery"],"picked":"Cursed Key"}],"items_purged_floors":[3,20],"is_endless":false,"potions_floor_spawned":[1,12,14,19,23,28],"killed_by":"Automaton","ascension_level":1}}