{"host":"ucb2bgl3b4dpz2q7","time":1610417816,"event":{"mods":["Act Like it!","BaseMod","Custom Start","Gensokyo","Hallownest","Hermit","Koishi","Lobotomy","LobotomyExtend","Marisa£®ÏF”Í°°ƒß¿Ì…≥£©","Minty Spire (QoL Compilation)","Reimu£®≤©¿ˆ¡È√Œ£©","Remilia£®¿Ÿ√◊¿Ú—«£©","StSLib","The Administrix","The Bug Knight","The Servant 0.9.4","Waifu the Spire","Yakumo Yukari mod","Youmu£®ªÍ∆«—˝√Œ£©"],"gold_per_floor":[136,211,224,224,224,224,238,238,265,277,290,465,481,54,54,159,159,175,175,175,191,191,191,191],"floor_reached":23,"playtime":1161,"items_purged":["Doubt"],"score":181,"play_id":"7c8d4579-a032-446b-b689-cfabb173f01c","local_time":"20210112101656","is_ascension_mode":false,"campfire_choices":[{"data":"Observe_purple_1","floor":6,"key":"SMITH"},{"floor":15,"key":"REST"}],"circlet_count":0,"master_deck":["AT_purpleEX","AT_purpleEX","AT_purpleEX","Defend_purpleEX","Defend_purpleEX","Defend_purpleEX","Observe_purple_1+1","Observe_purple_2","MeetDecomposer_purple","Photoelasticity_Doppler_Effect_purple","Bait_HighSpeedFlying_purple","Mirror_WaveAndshot_purple","Fantasy_PerpetualMotionMachine_purple","ProofOfUnderstanding_purple+1"],"relics":["Boundary_crack","Memoryfragments_purpleEX","RabbitCall","LetterFromLob","Potion Belt","HollowMod:PaleOreRelic","Strawberry","Philosopher\u0027s Stone"],"acts_visited":["Exordium","TheCity"],"potions_floor_usage":[11,16],"damage_taken":[{"damage":11,"enemies":"Jaw Worm","floor":1,"turns":6},{"damage":7,"enemies":"2 Louse","floor":3,"turns":3},{"damage":10,"enemies":"Small Slimes","floor":7,"turns":6},{"damage":0,"enemies":"2 Fungi Beasts","floor":10,"turns":3},{"damage":3,"enemies":"Lots of Slimes","floor":11,"turns":4},{"damage":4,"enemies":"Blue Slaver","floor":13,"turns":2},{"damage":21,"enemies":"Slime Boss","floor":16,"turns":11},{"damage":26,"enemies":"2 Thieves","floor":18,"turns":4},{"damage":7,"enemies":"Chosen","floor":21,"turns":3},{"damage":52,"enemies":"Book of Stabbing","floor":23,"turns":4}],"seed_played":"1737775705736248838","potions_obtained":[{"floor":1,"key":"Fire Potion"},{"floor":3,"key":"Energy Potion"},{"floor":11,"key":"Explosive Potion"},{"floor":13,"key":"FearPotion"},{"floor":21,"key":"Explosive Potion"}],"is_trial":false,"path_per_floor":["M","?","M","?","?","R","M","?","T","M","M","?","M","$","R","B",null,"M","?","?","M","?","E"],"character_chosen":"Youkari","items_purchased":["Mirror_WaveAndshot_purple","Fantasy_PerpetualMotionMachine_purple","PowerPotion","Strawberry"],"campfire_rested":1,"item_purchase_floors":[14,14,14,14],"current_hp_per_floor":[62,51,45,38,27,27,20,20,20,20,18,18,14,21,44,24,77,53,53,53,47,47,0,0],"gold":191,"neow_bonus":"","is_daily":false,"chose_seed":false,"campfire_upgraded":1,"win_rate":0.0,"timestamp":1610417816,"path_taken":["M","?","M","?","?","R","M","?","T","?","M","?","M","$","R","BOSS","M","?","?","?","?","E"],"items_purchased_type":["Card","Card","Potion","Relic"],"build_version":"2020-12-22","purchased_purges":1,"victory":false,"max_hp_per_floor":[70,70,70,70,70,70,70,70,70,70,70,70,70,77,77,77,77,77,77,77,77,77,77,77],"card_choices":[{"not_picked":["DimensionStaggered_purple","Mirror_FormAndEmptin_purple","MonsterNeedle_purple"],"picked":"SKIP","floor":1},{"not_picked":["DarkRealmRedLine_purple","RealityDreamConfluencek_purple","MetroBOOM_purple"],"picked":"SKIP","floor":3},{"not_picked":["RuleDissolution_purple","DimensionStaggered_purple"],"picked":"MeetDecomposer_purple","floor":7},{"not_picked":["RuleDissolution_purple","Worldmountain_purple","Mirror_FormAndEmptin_purple"],"picked":"SKIP","floor":10},{"not_picked":["Umbrella_purple","OpenedBox_purple"],"picked":"Photoelasticity_Doppler_Effect_purple","floor":11},{"not_picked":["Boundary_ObjectiveBoundary_purple","OmniscientAndOmnipotent_Monster_purple"],"picked":"Bait_HighSpeedFlying_purple","floor":13},{"not_picked":["Price_of_realm_purpleEX","D_absorption_purple"],"picked":"ProofOfUnderstanding_purple","floor":16},{"not_picked":["ExistenceContinue_purple","SfantasyHide_purple","StateErode_purple"],"picked":"SKIP","floor":18},{"not_picked":["MonsterNeedle_purple+1","RuptureOfTimeAndSpace_purple","Mirror_FormAndEmptin_purple"],"picked":"SKIP","floor":21}],"player_experience":605313,"relics_obtained":[{"floor":1,"key":"LetterFromLob"},{"floor":9,"key":"HollowMod:PaleOreRelic"}],"event_choices":[{"damage_healed":0,"gold_gain":75,"player_choice":"Gather Gold","damage_taken":11,"max_hp_gain":0,"max_hp_loss":0,"event_name":"World of Goop","floor":2,"gold_loss":0},{"cards_removed":["AT_purpleEX"],"damage_healed":0,"gold_gain":0,"player_choice":"Card Removal","damage_taken":7,"max_hp_gain":0,"max_hp_loss":0,"event_name":"Golden Wing","floor":4,"gold_loss":0},{"damage_healed":0,"gold_gain":0,"player_choice":"Gave Potion","damage_taken":0,"relics_obtained":["Potion Belt"],"max_hp_gain":0,"max_hp_loss":0,"event_name":"WeMeetAgain","floor":8,"gold_loss":0},{"damage_healed":0,"gold_gain":175,"player_choice":"AGREE","damage_taken":0,"max_hp_gain":0,"max_hp_loss":0,"event_name":"Liars Game","floor":12,"gold_loss":0,"cards_obtained":["Doubt"]},{"damage_healed":0,"gold_gain":0,"player_choice":"Ignored","damage_taken":0,"max_hp_gain":0,"max_hp_loss":0,"event_name":"Ghosts","floor":19,"gold_loss":0},{"cards_removed":["Defend_purpleEX"],"damage_healed":0,"gold_gain":0,"player_choice":"Offered Basic","damage_taken":0,"max_hp_gain":0,"max_hp_loss":0,"event_name":"Bonfire Elementals","floor":20,"gold_loss":0},{"damage_healed":0,"gold_gain":0,"player_choice":"Forge","damage_taken":0,"max_hp_gain":0,"max_hp_loss":0,"event_name":"Accursed Blacksmith","floor":22,"gold_loss":0,"cards_upgraded":["ProofOfUnderstanding_purple"]}],"is_beta":false,"boss_relics":[{"not_picked":["Sozu","Ectoplasm"],"picked":"Philosopher\u0027s Stone"}],"items_purged_floors":[14],"is_endless":false,"potions_floor_spawned":[1,3,11,13,21],"killed_by":"Book of Stabbing","ascension_level":0}}