{"host":"oy4pyvr762z5n0bb","time":1610430192,"event":{"mods":["AchievementEnabler","BaseMod","Colored Map","Colored Powertips","Googly Eyes","Key Reminder","Minty Spire (QoL Compilation)","Quick Restart","Relic Sorter","Slay the Relics Exporter","StSLib","SuperFastMode","Unceasing Turn Reminder","slay the spire mod where everything is the same but ironclad has a cowboy hat"],"gold_per_floor":[359,107,123,137,63,90,90,125,152,190,204,204,204,227,227,334,343,363,363,55,64,90,90,132,132,132,0,11,11,11,111,111,111,111],"floor_reached":33,"playtime":769,"items_purged":[],"score":407,"play_id":"fb203768-bca8-46c3-b171-4d80a4377f67","local_time":"20210111214312","is_ascension_mode":true,"campfire_choices":[{"floor":13,"key":"REST"},{"data":"Whirlwind","floor":15,"key":"SMITH"},{"data":"Corruption","floor":23,"key":"SMITH"},{"floor":25,"key":"REST"},{"data":"Dark Embrace","floor":30,"key":"SMITH"},{"floor":32,"key":"REST"}],"circlet_count":0,"master_deck":["Strike_R+1","Strike_R+1","Strike_R+1","Strike_R+1","Defend_R+1","Defend_R+1","Defend_R+1","Defend_R+1","Bash","Twin Strike","Thunderclap","Cleave","Whirlwind+1","Thunderclap","Cleave","Battle Trance","Spot Weakness","Reaper","CurseOfTheBell","Dark Embrace+1","Iron Wave","Corruption+1","Burning Pact+1"],"relics":["Burning Blood","Question Card","Bag of Preparation","Red Skull","Strawberry","CeramicFish","Dead Branch","Calling Bell","MealTicket","InkBottle","Prayer Wheel","Mercury Hourglass","Letter Opener","Darkstone Periapt","Eternal Feather","Ginger","Pear"],"acts_visited":["Exordium","TheCity"],"potions_floor_usage":[8,16,22,31,31,33],"damage_taken":[{"damage":4,"enemies":"Small Slimes","floor":1,"turns":4},{"damage":3,"enemies":"2 Louse","floor":3,"turns":3},{"damage":1,"enemies":"Cultist","floor":4,"turns":3},{"damage":32,"enemies":"Gremlin Nob","floor":6,"turns":4},{"damage":20,"enemies":"3 Sentries","floor":8,"turns":4},{"damage":16,"enemies":"Gremlin Nob","floor":10,"turns":3},{"damage":11,"enemies":"Looter","floor":11,"turns":2},{"damage":16,"enemies":"Blue Slaver","floor":14,"turns":3},{"damage":20,"enemies":"Hexaghost","floor":16,"turns":7},{"damage":6,"enemies":"3 Byrds","floor":18,"turns":3},{"damage":36,"enemies":"2 Thieves","floor":22,"turns":3},{"damage":35,"enemies":"Gremlin Leader","floor":24,"turns":3},{"damage":7,"enemies":"Cultist and Chosen","floor":28,"turns":6},{"damage":29,"enemies":"Colosseum Slavers","floor":31,"turns":5},{"damage":24,"enemies":"Colosseum Nobs","floor":31,"turns":4},{"damage":91,"enemies":"Champ","floor":33,"turns":12}],"seed_played":"8787926116517914764","potions_obtained":[{"floor":6,"key":"SkillPotion"},{"floor":10,"key":"SteroidPotion"},{"floor":11,"key":"SneckoOil"},{"floor":16,"key":"DuplicationPotion"},{"floor":24,"key":"Energy Potion"},{"floor":31,"key":"Fire Potion"}],"is_trial":false,"path_per_floor":["M","$","M","M","$","E","?","E","T","E","M","?","R","M","R","B",null,"M","?","$","?","M","R","E","R","T","?","M","T","R","?","R","B"],"character_chosen":"IRONCLAD","items_purchased":["Question Card","Whirlwind","Dark Embrace","Mercury Hourglass"],"campfire_rested":3,"item_purchase_floors":[2,5,20,20],"current_hp_per_floor":[72,72,72,72,72,46,46,32,39,29,24,17,40,30,30,16,63,63,63,78,78,63,63,34,57,57,57,56,56,68,55,89,0,0],"gold":111,"neow_bonus":"TWO_FIFTY_GOLD","is_daily":false,"chose_seed":false,"campfire_upgraded":3,"win_rate":0.0,"timestamp":1610430192,"path_taken":["M","$","M","M","$","E","?","E","T","E","M","?","R","M","R","BOSS","M","?","$","?","?","R","E","R","T","?","M","?","R","?","R","BOSS"],"items_purchased_type":["Relic","Card","Card","Relic"],"build_version":"2020-12-22","purchased_purges":0,"victory":false,"max_hp_per_floor":[72,72,72,72,72,72,72,72,79,79,79,79,79,79,79,79,79,79,79,79,79,79,79,79,79,79,79,79,79,79,89,89,89,89],"card_choices":[{"not_picked":["Armaments","Clash"],"picked":"Twin Strike","floor":1},{"not_picked":["Rupture","Body Slam","Bloodletting"],"picked":"Thunderclap","floor":3},{"not_picked":["Blood for Blood","Impervious","Shrug It Off"],"picked":"Cleave","floor":4},{"not_picked":["Flex","Brutality","Barricade"],"picked":"Thunderclap","floor":6},{"not_picked":["Berserk","Entrench","Armaments"],"picked":"Cleave","floor":8},{"not_picked":["True Grit","Corruption","Clothesline"],"picked":"Battle Trance","floor":10},{"not_picked":["Clash","True Grit","Burning Pact","Headbutt"],"picked":"SKIP","floor":11},{"not_picked":["Feel No Pain","Warcry","Clash"],"picked":"Spot Weakness","floor":14},{"not_picked":["Juggernaut","Berserk","Brutality"],"picked":"Reaper","floor":16},{"not_picked":["Pommel Strike","Thunderclap+1","Armaments","Searing Blow"],"picked":"SKIP","floor":18},{"not_picked":["Clothesline+1","Clash+1","Rupture","Warcry+1"],"picked":"SKIP","floor":18},{"not_picked":["Twin Strike+1","Sentinel","Clash"],"picked":"Corruption","floor":22},{"not_picked":["Perfected Strike+1","Cleave","Havoc","Pommel Strike"],"picked":"SKIP","floor":22},{"not_picked":["Pummel+1","Metallicize","Anger"],"picked":"Burning Pact+1","floor":24},{"not_picked":["Sword Boomerang","Heavy Blade","Pommel Strike","Iron Wave+1"],"picked":"SKIP","floor":28},{"not_picked":["Clash+1","Heavy Blade","Warcry","Rage+1"],"picked":"SKIP","floor":28}],"player_experience":734639,"relics_obtained":[{"floor":6,"key":"Bag of Preparation"},{"floor":8,"key":"Red Skull"},{"floor":9,"key":"Strawberry"},{"floor":10,"key":"CeramicFish"},{"floor":17,"key":"MealTicket"},{"floor":17,"key":"InkBottle"},{"floor":17,"key":"Prayer Wheel"},{"floor":24,"key":"Letter Opener"},{"floor":26,"key":"Darkstone Periapt"},{"floor":29,"key":"Eternal Feather"},{"floor":31,"key":"Ginger"},{"floor":31,"key":"Pear"}],"event_choices":[{"damage_healed":0,"gold_gain":0,"player_choice":"Ignored","damage_taken":0,"max_hp_gain":0,"max_hp_loss":0,"event_name":"Golden Wing","floor":7,"gold_loss":0},{"damage_healed":0,"gold_gain":0,"player_choice":"Success","damage_taken":7,"relics_obtained":["Dead Branch"],"max_hp_gain":0,"max_hp_loss":0,"event_name":"Scrap Ooze","floor":12,"gold_loss":0},{"damage_healed":0,"gold_gain":0,"player_choice":"Simplicity","damage_taken":0,"max_hp_gain":0,"max_hp_loss":0,"event_name":"Back to Basics","floor":19,"gold_loss":0,"cards_upgraded":["Strike_R","Strike_R","Strike_R","Strike_R","Strike_R","Defend_R","Defend_R","Defend_R","Defend_R"]},{"damage_healed":0,"gold_gain":0,"cards_transformed":["Strike_R"],"player_choice":"Transformed","damage_taken":0,"max_hp_gain":0,"max_hp_loss":0,"event_name":"Transmorgrifier","floor":21,"gold_loss":0,"cards_obtained":["Iron Wave"]},{"damage_healed":0,"gold_gain":0,"player_choice":"Paid Fearfully","damage_taken":0,"max_hp_gain":0,"max_hp_loss":0,"event_name":"Masked Bandits","floor":27,"gold_loss":132},{"damage_healed":0,"gold_gain":0,"player_choice":"Fight","damage_taken":0,"max_hp_gain":0,"max_hp_loss":0,"event_name":"Colosseum","floor":31,"gold_loss":0},{"damage_healed":0,"gold_gain":0,"player_choice":"Fought Nobs","damage_taken":0,"max_hp_gain":0,"max_hp_loss":0,"event_name":"Colosseum","floor":31,"gold_loss":0}],"is_beta":false,"boss_relics":[{"not_picked":["Tiny House","Black Blood"],"picked":"Calling Bell"}],"items_purged_floors":[],"is_endless":false,"potions_floor_spawned":[6,10,11,16,24,31,31],"killed_by":"Champ","ascension_level":9}}