{"host":"qvm8mnkwg7phaqzl","time":1610487715,"event":{"mods":["2.2 Compatiblity","Act Like it!","Aspiration","Astrologer","Bard","BaseMod","Beaked The Cultist","Better Altar","Better Match","Better Note","Better Sensory Stone","Better Skull","Better Third Choice","CCEM","CapriCore","CatGirl Mod","Chen","Colored Map","Colored Powertips","Conspire","DeckTracker","Downfall","Elementarium","Friendly Minions","Gensokyo","GifTheSpireLib","Gremlin Mod","Halation","Hermit","Hubris","Koishi","Marisa（霧雨　魔理沙）","Marked Mod","Mathematician","Minty Spire (QoL Compilation)","Onozuka Komachi Mod","Potionbrewer","Random Character Button","Rare Cards Sparkle","Reimu（博??梦）","Replay The Spire","Shade Mod","Somnambulant","StSLib","The Accelerator","The Administrix","The Alterego","The Blackbeard","The Bladedancer","The Bug Knight","The Caster","The Construct","The Cursed","The Disciple","The Dragon Tamer","The Druid","The Elementalist","The Factory","The Florist","The Forsaken","The Gatherer","The Hierophant","The Immortal","The Judge","The Juggle","The Jungle","The Marked","The Mystic","The Necromancer","The Poker Player","The Problem Sleuth","The Runesmith","The Sage","The Servant 0.9.4","The Spell Scribe","The Valiant","The Witch","TheArtist","TheBandit","TheFirefly","Wandering Minibosses","Yakumo Yukari mod","Yuyuko","vexMod","yUi"],"gold_per_floor":[119,47,47,47,47,47,78,94,94,94,106,31,46,64,64,169,169,184,29,49,49,78,107,121,151,151,166,166,166],"floor_reached":28,"language":"ENG","playtime":3939,"items_purged":["hermit:Defend_Hermit"],"score":310,"play_id":"9177d3a7-a786-4e1d-b3cc-d6bd8aca9242","local_time":"20210112154155","is_ascension_mode":false,"campfire_choices":[{"floor":6,"key":"RECALL"},{"data":"hermit:Covet","floor":10,"key":"SMITH"},{"data":"hermit:EyeOfTheStorm","floor":15,"key":"SMITH"}],"circlet_count":0,"master_deck":["hermit:Strike_Hermit","hermit:Strike_Hermit","hermit:Defend_Hermit","hermit:Defend_Hermit","hermit:Snapshot","hermit:Covet+1","hermit:Gestalt","hermit:Determination+1","theSleuth:OglogMRubbit","hermit:LowProfile","hermit:LuckOfTheDraw","hermit:EyeOfTheStorm+1","hermit:Magnum","hermit:BlackWind+1","hermit:FinalCanter+1","hermit:Snipe+1","hermit:GoldenBullet","hermit:FatalDesire+1","hermit:Glare+1","hermit:FlashPowder"],"relics":["hermit:Momento","NeowsBlessing","halation:OrihimeAndHikoboshiSamaAndTears","theCatGirl:Ambush","Astrolabe","CCEMRelics:JestersCrown","vexMod:BarristanHead"],"acts_visited":["Exordium","TheCity"],"potions_floor_usage":[14,14,16,22,23,28],"damage_taken":[{"damage":0,"enemies":"Cultist","floor":1,"turns":1},{"damage":0,"enemies":"Lagavulin","floor":7,"turns":2},{"damage":0,"enemies":"conspire:RoseBush","floor":8,"turns":1},{"damage":1,"enemies":"Jaw Worm","floor":11,"turns":3},{"damage":6,"enemies":"Large Slime","floor":13,"turns":5},{"damage":4,"enemies":"Looter","floor":14,"turns":4},{"damage":21,"enemies":"The Guardian","floor":16,"turns":15},{"damage":1,"enemies":"2 Thieves","floor":18,"turns":3},{"damage":2,"enemies":"Shell Parasite","floor":20,"turns":4},{"damage":23,"enemies":"Shelled Parasite and Fungi","floor":22,"turns":3},{"damage":40,"enemies":"Slavers","floor":23,"turns":5},{"damage":0,"enemies":"Snecko","floor":24,"turns":2},{"damage":1,"enemies":"conspire:SneckoGhost","floor":25,"turns":3},{"damage":1,"enemies":"Sentry and Sphere","floor":27,"turns":3},{"damage":8,"enemies":"conspire:HollyBat","floor":28,"turns":3}],"seed_played":"-3830097914733668537","potions_obtained":[{"floor":1,"key":"potionbrewer:AcidPotion"},{"floor":8,"key":"Block Potion"},{"floor":13,"key":"Swift Potion"},{"floor":14,"key":"Weak Potion"},{"floor":20,"key":"potionbrewer:MidasPotion"},{"floor":23,"key":"BlessingOfTheForge"},{"floor":27,"key":"potionbrewer:AcidPotion"}],"is_trial":false,"path_per_floor":["M","$","$","?","?","R","E","M","T","R","M","$","M","M","R","B",null,"M","$","M","?","M","E","M","E","T","M","M"],"character_chosen":"HERMIT","items_purchased":["hermit:Determination","hermit:FatalDesire"],"campfire_rested":0,"item_purchase_floors":[2,19],"current_hp_per_floor":[75,75,75,75,75,75,75,75,75,75,74,74,68,64,64,43,75,74,74,72,72,49,9,9,8,8,7,0,0],"gold":166,"neow_bonus":"THREE_ENEMY_KILL","is_daily":false,"chose_seed":false,"campfire_upgraded":2,"win_rate":0.0,"timestamp":1610487715,"path_taken":["M","?","$","?","?","R","E","M","T","R","M","$","M","?","R","BOSS","M","$","M","?","M","E","?","E","T","M","M"],"items_purchased_type":["Card","Card"],"build_version":"2020-12-22","purchased_purges":1,"victory":false,"max_hp_per_floor":[75,75,75,75,75,75,75,75,75,75,75,75,75,75,75,75,75,75,75,75,75,75,75,75,75,75,75,75,75],"card_choices":[{"not_picked":["hermit:LowProfile","hermit:ItchyTrigger"],"picked":"hermit:Gestalt","floor":1},{"not_picked":["hermit:Snipe","hermit:Virtue","hermit:Vantage"],"picked":"SKIP","floor":7},{"not_picked":["hermit:Coalescence","hermit:Purgatory","hermit:Headshot"],"picked":"SKIP","floor":8},{"not_picked":["hermit:BodyArmor","hermit:Quickdraw"],"picked":"hermit:LowProfile","floor":11},{"not_picked":["hermit:Determination","hermit:TakeAim"],"picked":"hermit:LuckOfTheDraw","floor":13},{"not_picked":["hermit:ShadowCloak","hermit:Headshot"],"picked":"hermit:EyeOfTheStorm","floor":14},{"not_picked":["hermit:FatalDesire","hermit:OverwhelmingPower"],"picked":"hermit:Magnum","floor":16},{"not_picked":["hermit:Dive","hermit:Misfire+1"],"picked":"hermit:GoldenBullet","floor":18},{"not_picked":["hermit:GhostlyPresence","hermit:ShadowCloak"],"picked":"hermit:Glare+1","floor":20},{"not_picked":["hermit:LoneWolf+1","hermit:BigShot+1","hermit:Combo"],"picked":"SKIP","floor":22},{"not_picked":["hermit:Scavenge","hermit:Deadeye","hermit:Cheat"],"picked":"SKIP","floor":23},{"not_picked":["hermit:Determination","hermit:Desperado","hermit:Snipe"],"picked":"SKIP","floor":24},{"not_picked":["hermit:ItchyTrigger","hermit:Manifest"],"picked":"hermit:FlashPowder","floor":25},{"not_picked":["hermit:SprayPray","hermit:Desperado+1","hermit:Quickdraw"],"picked":"SKIP","floor":27},{"not_picked":["hermit:SprayPray","hermit:Desperado+1","hermit:Quickdraw"],"picked":"SKIP","floor":27}],"player_experience":717197,"relics_obtained":[{"floor":7,"key":"halation:OrihimeAndHikoboshiSamaAndTears"},{"floor":9,"key":"theCatGirl:Ambush"},{"floor":23,"key":"CCEMRelics:JestersCrown"},{"floor":25,"key":"vexMod:BarristanHead"}],"event_choices":[{"damage_healed":0,"gold_gain":0,"player_choice":"Upgraded","damage_taken":0,"max_hp_gain":0,"max_hp_loss":0,"event_name":"Upgrade Shrine","floor":21,"gold_loss":0,"cards_upgraded":["hermit:FatalDesire"]}],"is_beta":false,"boss_relics":[{"not_picked":["conspire:SeveredTorchhead","halation:PinkAlligatorPlush"],"picked":"Astrolabe"}],"items_purged_floors":[12],"is_endless":false,"potions_floor_spawned":[1,8,13,14,20,23,27],"killed_by":"conspire:HollyBat","ascension_level":0}}