{"host":"lsq35p0sdkx2xifo","time":1610429612,"event":{"mods":["AchievementEnabler","BaseMod","Highlight Path","Minty Spire (QoL Compilation)","StSLib","The Senshi"],"gold_per_floor":[19,31,44,44,61,61,61,61],"floor_reached":7,"playtime":430,"items_purged":[],"score":71,"play_id":"9166d8a4-b281-4b04-9d3b-58d3c27f275b","local_time":"20210111213332","is_ascension_mode":true,"campfire_choices":[{"floor":6,"key":"REST"}],"circlet_count":0,"master_deck":["AscendersBane","Strike_G","Strike_G","Strike_G","Strike_G+1","Strike_G","Defend_G","Defend_G","Defend_G","Defend_G+1","Defend_G","Survivor","Neutralize","Bullet Time","Expertise","Dagger Throw","Flying Knee","Leg Sweep"],"relics":["Ring of the Snake"],"acts_visited":["Exordium"],"potions_floor_usage":[5,7],"damage_taken":[{"damage":6,"enemies":"Jaw Worm","floor":1,"turns":5},{"damage":7,"enemies":"2 Louse","floor":2,"turns":3},{"damage":5,"enemies":"Cultist","floor":3,"turns":4},{"damage":8,"enemies":"Exordium Thugs","floor":5,"turns":6},{"damage":59,"enemies":"Lagavulin","floor":7,"turns":8}],"seed_played":"-4141365679562640653","potions_obtained":[{"floor":2,"key":"BlessingOfTheForge"},{"floor":5,"key":"Swift Potion"}],"is_trial":false,"path_per_floor":["M","M","M","?","M","R","E"],"character_chosen":"THE_SILENT","items_purchased":[],"campfire_rested":1,"item_purchase_floors":[],"current_hp_per_floor":[57,50,45,31,23,44,0,0],"gold":61,"neow_bonus":"THREE_RARE_CARDS","is_daily":false,"chose_seed":false,"campfire_upgraded":0,"win_rate":0.0,"timestamp":1610429612,"path_taken":["M","M","M","?","M","R","E"],"items_purchased_type":[],"build_version":"2020-12-22","purchased_purges":0,"victory":false,"max_hp_per_floor":[70,70,70,70,70,70,70,70],"card_choices":[{"not_picked":["Grand Finale","Die Die Die"],"picked":"Bullet Time","floor":0},{"not_picked":["Deadly Poison","Bane"],"picked":"Expertise","floor":1},{"not_picked":["Prepared","Bane"],"picked":"Dagger Throw","floor":2},{"not_picked":["Deflect","Prepared"],"picked":"Flying Knee","floor":3},{"not_picked":["Bane","Deadly Poison"],"picked":"Leg Sweep","floor":5}],"player_experience":1332002,"relics_obtained":[],"event_choices":[{"damage_healed":0,"gold_gain":0,"player_choice":"Entered Light","damage_taken":14,"max_hp_gain":0,"max_hp_loss":0,"event_name":"Shining Light","floor":4,"gold_loss":0,"cards_upgraded":["Defend_G","Strike_G"]}],"is_beta":false,"boss_relics":[],"items_purged_floors":[],"is_endless":false,"potions_floor_spawned":[2,5],"killed_by":"Lagavulin","ascension_level":13}}