{"host":"y3h3n3f7seyagppx","time":1610467337,"event":{"mods":["AlwaysNeverKeys","BaseMod","Better Vampires","Colored Powertips","DeckTracker","Emptier Cage","Minty Spire (QoL Compilation)","Permanent Neow","Quick Restart","Rare Cards Sparkle","Relic Sorter","Relic Stats","StSLib","Transform Curses"],"gold_per_floor":[365,7,7,19,19,49,49,49,102,131,146,164,196,271,271,349,349,359,373,388,70,70,70,99,119,119,119,135,135,161,29,29,29,29],"floor_reached":33,"playtime":2837,"items_purged":["Injury"],"score":656,"play_id":"f95f6d04-92c3-4004-8125-12a2d6b71637","local_time":"20210112110217","is_ascension_mode":true,"campfire_choices":[{"data":"Blood for Blood","floor":7.0,"key":"SMITH"},{"data":"Immolate","floor":15.0,"key":"SMITH"},{"floor":23.0,"key":"REST"},{"data":"Fiend Fire","floor":27,"key":"SMITH"},{"floor":29,"key":"REST"},{"data":"Bash","floor":32,"key":"SMITH"}],"circlet_count":0,"master_deck":["AscendersBane","Strike_R","Strike_R+1","Strike_R","Strike_R","Strike_R","Defend_R","Defend_R","Defend_R","Defend_R","Bash+1","Clothesline+1","Spot Weakness","Battle Trance","Feel No Pain","Blood for Blood+1","Immolate+1","Evolve","Havoc+1","Warcry+1","Feed","Fiend Fire+1","Armaments+1","Body Slam+1","Pommel Strike+1"],"relics":["Burning Blood","Medical Kit","Toy Ornithopter","Whetstone","Juzu Bracelet","Akabeko","Cursed Key","Nunchaku","Matryoshka","Self Forming Clay","PreservedInsect","Singing Bowl"],"acts_visited":["Exordium","TheCity"],"potions_floor_usage":[25,28,33],"damage_taken":[{"damage":1.0,"enemies":"Cultist","floor":1.0,"turns":3.0},{"damage":5.0,"enemies":"2 Louse","floor":4.0,"turns":4.0},{"damage":23.0,"enemies":"3 Sentries","floor":6.0,"turns":13.0},{"damage":24.0,"enemies":"Gremlin Nob","floor":10.0,"turns":4.0},{"damage":1.0,"enemies":"Small Slimes","floor":11.0,"turns":3.0},{"damage":7.0,"enemies":"2 Fungi Beasts","floor":12.0,"turns":3.0},{"damage":20.0,"enemies":"Lagavulin","floor":13.0,"turns":7.0},{"damage":12.0,"enemies":"Hexaghost","floor":16.0,"turns":7.0},{"damage":9.0,"enemies":"Chosen","floor":18.0,"turns":3.0},{"damage":9.0,"enemies":"3 Byrds","floor":19.0,"turns":3.0},{"damage":43.0,"enemies":"Shelled Parasite and Fungi","floor":20.0,"turns":4.0},{"damage":30.0,"enemies":"Gremlin Leader","floor":24.0,"turns":4.0},{"damage":19,"enemies":"3 Cultists","floor":25,"turns":4},{"damage":5,"enemies":"Snecko","floor":28,"turns":4},{"damage":0,"enemies":"Slavers","floor":30,"turns":2},{"damage":81,"enemies":"Champ","floor":33,"turns":10}],"seed_played":"-3949034304966374740","potions_obtained":[{"floor":11.0,"key":"PowerPotion"},{"floor":16.0,"key":"DistilledChaos"},{"floor":20.0,"key":"SpeedPotion"},{"floor":24.0,"key":"ElixirPotion"},{"floor":28,"key":"EssenceOfSteel"}],"is_trial":false,"path_per_floor":["M","$","?","M","?","E","R","$","T","E","M","M","E","?","R","B",null,"M","M","M","$","?","R","E","M","T","R","M","R","E","$","R","B"],"character_chosen":"IRONCLAD","items_purchased":["Medical Kit","Spot Weakness","Battle Trance","Feel No Pain","Nunchaku","Feed","AttackPotion"],"campfire_rested":2,"item_purchase_floors":[2,2,2,2,21,21,31],"current_hp_per_floor":[68,68,68,68,68,51,51,51,51,33,38,37,23,12,12,11,54,51,48,11,11,11,31,15,11,11,11,17,39,45,45,45,0,0],"gold":29,"neow_bonus":"TWO_FIFTY_GOLD","is_daily":false,"chose_seed":false,"campfire_upgraded":4,"win_rate":0.0,"timestamp":1610467337,"path_taken":["M","?","?","?","?","E","R","?","T","E","M","M","E","?","R","BOSS","M","M","M","$","?","R","E","M","T","R","M","R","E","$","R","BOSS"],"items_purchased_type":["Relic","Card","Card","Card","Relic","Card","Potion"],"build_version":"2020-12-22","purchased_purges":1,"victory":false,"max_hp_per_floor":[68,68,68,68,68,68,68,68,68,68,68,68,68,68,68,68,68,68,68,68,68,68,68,71,75,75,75,75,75,75,75,75,75,75],"relic_stats":{"Nunchaku":[5],"Singing Bowl":0,"counters":[16,78],"Self Forming Clay":[15],"PreservedInsect":42,"Juzu Bracelet":0,"Whetstone":["Strike_R","Clothesline"],"Medical Kit":[4],"Cursed Key":1,"obtain_stats":[{"Nunchaku":21,"Matryoshka":24,"Singing Bowl":30,"Self Forming Clay":26,"PreservedInsect":26,"Juzu Bracelet":10,"Whetstone":9,"Medical Kit":2,"Cursed Key":17,"Burning Blood":0,"Toy Ornithopter":6,"Akabeko":13},{"Nunchaku":11,"Matryoshka":12,"Singing Bowl":15,"Self Forming Clay":13,"PreservedInsect":13,"Juzu Bracelet":4,"Whetstone":3,"Medical Kit":1,"Cursed Key":8,"Burning Blood":0,"Toy Ornithopter":3,"Akabeko":7},{"Nunchaku":54,"Matryoshka":58,"Singing Bowl":68,"Self Forming Clay":62,"PreservedInsect":62,"Juzu Bracelet":24,"Whetstone":20,"Medical Kit":3,"Cursed Key":44,"Burning Blood":0,"Toy Ornithopter":20,"Akabeko":37}],"Burning Blood":84,"Toy Ornithopter":25},"card_choices":[{"not_picked":["Havoc","Rampage"],"picked":"Clothesline","floor":1.0},{"not_picked":["Reckless Charge","Clash","Havoc"],"picked":"SKIP","floor":4.0},{"not_picked":["Cleave","Iron Wave","Blood for Blood"],"picked":"SKIP","floor":6.0},{"not_picked":["Cleave","Iron Wave"],"picked":"Blood for Blood","floor":6.0},{"not_picked":["Reckless Charge","Wild Strike","Body Slam"],"picked":"SKIP","floor":10.0},{"not_picked":["Reckless Charge","Clothesline"],"picked":"Immolate","floor":11.0},{"not_picked":["Perfected Strike","Combust"],"picked":"Evolve","floor":12.0},{"not_picked":["Seeing Red","Havoc","Iron Wave"],"picked":"SKIP","floor":13.0},{"not_picked":["Pommel Strike","Seeing Red"],"picked":"Havoc+1","floor":18.0},{"not_picked":["Blood for Blood","Twin Strike+1"],"picked":"Warcry+1","floor":19.0},{"not_picked":["Reckless Charge","Feel No Pain","Havoc"],"picked":"SKIP","floor":20.0},{"not_picked":["Bludgeon","Sword Boomerang+1"],"picked":"Armaments+1","floor":24.0},{"not_picked":["Flex","Hemokinesis+1","Armaments"],"picked":"SKIP","floor":25},{"not_picked":["Warcry","Armaments"],"picked":"Body Slam+1","floor":28},{"not_picked":["Anger","Body Slam+1"],"picked":"Pommel Strike+1","floor":30}],"player_experience":20725412,"relics_obtained":[{"floor":6.0,"key":"Toy Ornithopter"},{"floor":9.0,"key":"Whetstone"},{"floor":10.0,"key":"Juzu Bracelet"},{"floor":13.0,"key":"Akabeko"},{"floor":24.0,"key":"Matryoshka"},{"floor":26,"key":"Self Forming Clay"},{"floor":26,"key":"PreservedInsect"},{"floor":30,"key":"Singing Bowl"}],"event_choices":[{"damage_healed":0.0,"max_hp_gain":0.0,"max_hp_loss":0.0,"gold_gain":0.0,"event_name":"Wheel of Change","player_choice":"Full Heal","floor":3.0,"gold_loss":0.0,"damage_taken":0.0},{"damage_healed":0.0,"max_hp_gain":0.0,"max_hp_loss":0.0,"gold_gain":0.0,"event_name":"Match and Keep!","player_choice":"0 cards matched","floor":5.0,"gold_loss":0.0,"damage_taken":0.0,"cards_obtained":[]},{"damage_healed":0.0,"max_hp_gain":0.0,"max_hp_loss":0.0,"gold_gain":75.0,"event_name":"World of Goop","player_choice":"Gather Gold","floor":14.0,"gold_loss":0.0,"damage_taken":11.0},{"damage_healed":0.0,"max_hp_gain":0.0,"max_hp_loss":0.0,"gold_gain":0.0,"event_name":"The Library","player_choice":"Read","floor":22.0,"gold_loss":0.0,"damage_taken":0.0,"cards_obtained":["Fiend Fire"]}],"is_beta":false,"boss_relics":[{"not_picked":["Pandora\u0027s Box","Ectoplasm"],"picked":"Cursed Key"}],"items_purged_floors":[31],"is_endless":false,"potions_floor_spawned":[11,16,20,24,28],"killed_by":"Champ","ascension_level":20}}