{"host":"jwbw4f4imxd0v0b0","time":1610428486,"event":{"mods":["BaseMod","Colored Map","Highlight Path","Minty Spire (QoL Compilation)","Relic Stats","StSLib"],"gold_per_floor":[117,133,151,171,74,109,109,124,150,150,36,36,73,82,82,193,193,213,232,247,272,12,12,12,53,62,62,62,71,111,135,135,244,244,269,279,303,303,365,365,390,399,488,529,529,552,0,19,19,19],"floor_reached":51,"playtime":3313,"items_purged":["Strike_G","Strike_G","Pain"],"score":1113,"play_id":"f8830583-4409-4e6c-ba41-b4623f273437","local_time":"20210111231446","is_ascension_mode":true,"campfire_choices":[{"data":"Blade Dance","floor":7.0,"key":"SMITH"},{"data":"Noxious Fumes","floor":12.0,"key":"SMITH"},{"data":"PiercingWail","floor":15.0,"key":"SMITH"},{"floor":23.0,"key":"REST"},{"data":"Burst","floor":28.0,"key":"SMITH"},{"data":"1","floor":32.0,"key":"LIFT"},{"data":"2","floor":40,"key":"LIFT"},{"data":"3","floor":45,"key":"LIFT"},{"data":"Accuracy","floor":49,"key":"SMITH"}],"circlet_count":0,"master_deck":["Strike_G","Strike_G","Strike_G","Defend_G","Defend_G","Defend_G","Defend_G","Defend_G","Survivor","Neutralize","Masterful Stab","Poisoned Stab","Backflip","Cloak And Dagger","Cloak And Dagger","Blade Dance+1","PiercingWail","Noxious Fumes+1","PiercingWail+1","Adrenaline","Venomology","Expertise+1","Accuracy+1","PiercingWail","Burst+1","Acrobatics","Adrenaline","Phantasmal Killer","Backflip+1","Blade Dance+1","Well Laid Plans+1","Finesse","Parasite","Bane+1","Blade Dance"],"relics":["Ring of the Snake","Smiling Mask","MealTicket","CeramicFish","CultistMask","Juzu Bracelet","WarpedTongs","Cursed Key","Snake Skull","Pen Nib","Gremlin Horn","Matryoshka","Girya","The Specimen","Empty Cage","FossilizedHelix","Mummified Hand","Eternal Feather","Paper Crane","Art of War","Red Mask"],"acts_visited":["Exordium","TheCity","TheBeyond"],"potions_floor_usage":[39,39,39,44,46,50,50],"damage_taken":[{"damage":0.0,"enemies":"Cultist","floor":1.0,"turns":4.0},{"damage":0.0,"enemies":"Small Slimes","floor":2.0,"turns":3.0},{"damage":0.0,"enemies":"Jaw Worm","floor":3.0,"turns":3.0},{"damage":26.0,"enemies":"Large Slime","floor":4.0,"turns":8.0},{"damage":5.0,"enemies":"3 Sentries","floor":6.0,"turns":10.0},{"damage":0.0,"enemies":"Looter","floor":8.0,"turns":3.0},{"damage":17.0,"enemies":"Gremlin Nob","floor":13.0,"turns":4.0},{"damage":16.0,"enemies":"Hexaghost","floor":16.0,"turns":9.0},{"damage":2.0,"enemies":"Chosen","floor":18.0,"turns":6.0},{"damage":1.0,"enemies":"Shell Parasite","floor":19.0,"turns":5.0},{"damage":8.0,"enemies":"3 Cultists","floor":20.0,"turns":5.0},{"damage":24.0,"enemies":"Sentry and Sphere","floor":21.0,"turns":8.0},{"damage":0.0,"enemies":"Book of Stabbing","floor":25.0,"turns":4.0},{"damage":10.0,"enemies":"Slavers","floor":30.0,"turns":5.0},{"damage":0.0,"enemies":"Snake Plant","floor":31.0,"turns":3.0},{"damage":42.0,"enemies":"Collector","floor":33.0,"turns":8.0},{"damage":3.0,"enemies":"3 Shapes","floor":35.0,"turns":4.0},{"damage":0.0,"enemies":"Orb Walker","floor":36.0,"turns":3.0},{"damage":0.0,"enemies":"4 Shapes","floor":37.0,"turns":5.0},{"damage":0,"enemies":"2 Orb Walkers","floor":39,"turns":3},{"damage":0,"enemies":"Reptomancer","floor":41,"turns":4},{"damage":0,"enemies":"Giant Head","floor":44,"turns":5},{"damage":0,"enemies":"3 Darklings","floor":46,"turns":2},{"damage":13,"enemies":"Writhing Mass","floor":48,"turns":6},{"damage":13,"enemies":"Donu and Deca","floor":50,"turns":6}],"seed_played":"-2943444476033584637","potions_obtained":[{"floor":2.0,"key":"Weak Potion"},{"floor":4.0,"key":"Poison Potion"},{"floor":6.0,"key":"SneckoOil"},{"floor":13.0,"key":"Energy Potion"},{"floor":18.0,"key":"LiquidMemories"},{"floor":21.0,"key":"ColorlessPotion"},{"floor":25.0,"key":"Fire Potion"},{"floor":41,"key":"PowerPotion"}],"is_trial":false,"path_per_floor":["M","M","M","M","$","E","R","M","T","?","$","R","E","?","R","B",null,"M","M","M","M","$","R","?","E","T","?","R","?","E","M","R","B",null,"M","M","M","?","?","R","E","?","T","E","R","M","?","M","R","B",null],"character_chosen":"THE_SILENT","items_purchased":["Cloak And Dagger","Noxious Fumes","PiercingWail","Snake Skull","PiercingWail","AttackPotion"],"campfire_rested":1,"item_purchase_floors":[5,11,11,22,22,22],"current_hp_per_floor":[70,70,70,44,44,39,39,39,39,39,54,54,37,37,37,21,58,56,55,47,23,38,59,59,59,59,59,59,59,64,64,64,22,58,55,55,55,55,55,55,55,55,55,66,66,66,66,53,66,53],"gold":19,"neow_bonus":"RANDOM_COMMON_RELIC","is_daily":false,"chose_seed":false,"campfire_upgraded":5,"win_rate":0.0,"timestamp":1610428486,"path_taken":["M","?","M","M","$","E","R","M","T","?","?","R","E","?","R","BOSS","M","M","M","M","$","R","?","E","T","?","R","?","E","M","R","BOSS","M","M","M","?","?","R","E","?","T","E","R","M","?","M","R","BOSS"],"items_purchased_type":["Card","Card","Card","Relic","Card","Potion"],"build_version":"2020-12-22","purchased_purges":3,"victory":true,"max_hp_per_floor":[70,70,70,70,70,70,70,70,70,70,70,70,70,70,70,70,70,70,70,70,70,70,70,70,70,70,70,70,70,70,70,70,70,70,70,70,70,66,66,66,66,66,66,66,66,66,66,66,66,66],"relic_stats":{"Gremlin Horn":[19,19],"counters":[25,126],"CeramicFish":189,"Eternal Feather":13,"Snake Skull":[80],"Pen Nib":[19],"Juzu Bracelet":3,"Smiling Mask":150,"Cursed Key":2,"WarpedTongs":[90],"Mummified Hand":[12],"MealTicket":30,"Art of War":[2],"obtain_stats":[{"Girya":29,"Gremlin Horn":26,"The Specimen":30,"CeramicFish":9,"Eternal Feather":43,"Snake Skull":22,"Pen Nib":25,"Juzu Bracelet":13,"Paper Crane":43,"Smiling Mask":0,"Cursed Key":17,"Empty Cage":34,"WarpedTongs":14,"Matryoshka":27,"Mummified Hand":41,"MealTicket":6,"CultistMask":10,"Art of War":44,"Red Mask":47,"FossilizedHelix":39,"Ring of the Snake":0},{"Girya":13,"Gremlin Horn":13,"The Specimen":14,"CeramicFish":6,"Eternal Feather":21,"Snake Skull":12,"Pen Nib":13,"Juzu Bracelet":7,"Paper Crane":21,"Smiling Mask":0,"Cursed Key":8,"Empty Cage":16,"WarpedTongs":7,"Matryoshka":13,"Mummified Hand":21,"MealTicket":5,"CultistMask":6,"Art of War":22,"Red Mask":23,"FossilizedHelix":20,"Ring of the Snake":0},{"Girya":72,"Gremlin Horn":72,"The Specimen":77,"CeramicFish":31,"Eternal Feather":107,"Snake Skull":68,"Pen Nib":72,"Juzu Bracelet":35,"Paper Crane":107,"Smiling Mask":0,"Cursed Key":44,"Empty Cage":88,"WarpedTongs":35,"Matryoshka":72,"Mummified Hand":107,"MealTicket":28,"CultistMask":31,"Art of War":112,"Red Mask":114,"FossilizedHelix":103,"Ring of the Snake":0}],"Ring of the Snake":[50]},"card_choices":[{"not_picked":["Quick Slash","Eviscerate"],"picked":"Masterful Stab","floor":1.0},{"not_picked":["Bane","Blur"],"picked":"Poisoned Stab","floor":2.0},{"not_picked":["Accuracy","Deflect"],"picked":"Backflip","floor":3.0},{"not_picked":["Flying Knee","Sucker Punch"],"picked":"Cloak And Dagger","floor":4.0},{"not_picked":["Prepared","Corpse Explosion"],"picked":"Blade Dance","floor":6.0},{"not_picked":["Dodge and Roll","Caltrops"],"picked":"PiercingWail","floor":8.0},{"not_picked":["Bane","Backflip"],"picked":"Adrenaline","floor":13.0},{"not_picked":["Bullet Time","Malaise"],"picked":"Venomology","floor":16.0},{"not_picked":["Outmaneuver+1","Deadly Poison","Backflip+1"],"picked":"SKIP","floor":18.0},{"not_picked":["Outmaneuver","Slice+1"],"picked":"Expertise+1","floor":19.0},{"not_picked":["Deadly Poison","Tactician","Slice"],"picked":"SKIP","floor":20.0},{"not_picked":["Underhanded Strike+1","Outmaneuver+1"],"picked":"Accuracy","floor":21.0},{"not_picked":["Underhanded Strike","Deflect+1"],"picked":"Burst","floor":25.0},{"not_picked":["Dash+1","Flying Knee"],"picked":"Acrobatics","floor":30.0},{"not_picked":["Quick Slash+1","Deflect"],"picked":"Adrenaline","floor":31.0},{"not_picked":["Burst","Unload"],"picked":"Phantasmal Killer","floor":33.0},{"not_picked":["Dodge and Roll","All Out Attack+1"],"picked":"Backflip+1","floor":35.0},{"not_picked":["Quick Slash","Calculated Gamble","Flying Knee+1"],"picked":"SKIP","floor":36.0},{"not_picked":["Dash+1","Cloak And Dagger"],"picked":"Blade Dance+1","floor":37.0},{"not_picked":["Predator+1","Underhanded Strike"],"picked":"Well Laid Plans+1","floor":39},{"not_picked":["Deflect","Die Die Die","Deadly Poison+1"],"picked":"SKIP","floor":41},{"not_picked":["Deep Breath","Metamorphosis"],"picked":"Finesse","floor":42},{"not_picked":["Backstab","Quick Slash"],"picked":"Bane+1","floor":44},{"not_picked":["Slice+1","Bane+1"],"picked":"Blade Dance","floor":46},{"not_picked":["Quick Slash","Bane+1","Backflip"],"picked":"SKIP","floor":48}],"player_experience":1031457,"relics_obtained":[{"floor":6.0,"key":"MealTicket"},{"floor":9.0,"key":"CeramicFish"},{"floor":13.0,"key":"Juzu Bracelet"},{"floor":25.0,"key":"Pen Nib"},{"floor":26.0,"key":"Gremlin Horn"},{"floor":30.0,"key":"The Specimen"},{"floor":39,"key":"FossilizedHelix"},{"floor":41,"key":"Mummified Hand"},{"floor":43,"key":"Eternal Feather"},{"floor":43,"key":"Paper Crane"},{"floor":44,"key":"Art of War"}],"event_choices":[{"damage_healed":0.0,"max_hp_gain":0.0,"max_hp_loss":0.0,"gold_gain":0.0,"event_name":"FaceTrader","player_choice":"Trade","floor":10.0,"gold_loss":0.0,"damage_taken":0.0,"relics_obtained":["CultistMask"]},{"damage_healed":0.0,"max_hp_gain":0.0,"max_hp_loss":0.0,"gold_gain":0.0,"event_name":"Accursed Blacksmith","player_choice":"Rummage","floor":14.0,"gold_loss":0.0,"damage_taken":0.0,"relics_obtained":["WarpedTongs"],"cards_obtained":["Pain"]},{"damage_healed":0.0,"max_hp_gain":0.0,"max_hp_loss":0.0,"gold_gain":0.0,"event_name":"NoteForYourself","player_choice":"Ignored","floor":24.0,"gold_loss":0.0,"damage_taken":0.0},{"damage_healed":0.0,"max_hp_gain":0.0,"max_hp_loss":0.0,"gold_gain":0.0,"event_name":"The Mausoleum","player_choice":"Opened","floor":27.0,"gold_loss":0.0,"damage_taken":0.0,"relics_obtained":["Matryoshka"]},{"damage_healed":0.0,"max_hp_gain":0.0,"max_hp_loss":0.0,"gold_gain":0.0,"event_name":"Addict","player_choice":"Stole Relic","floor":29.0,"gold_loss":0.0,"damage_taken":0.0,"relics_obtained":["Girya"],"cards_obtained":["Shame"]},{"damage_healed":0.0,"max_hp_gain":0.0,"max_hp_loss":4.0,"gold_gain":0.0,"event_name":"Winding Halls","player_choice":"Max HP","floor":38.0,"gold_loss":0.0,"damage_taken":0.0},{"damage_healed":0,"gold_gain":0,"player_choice":"Fight","damage_taken":0,"max_hp_gain":0,"max_hp_loss":0,"event_name":"Mysterious Sphere","floor":39,"gold_loss":0},{"damage_healed":0,"gold_gain":0,"player_choice":"Memory 1","damage_taken":0,"max_hp_gain":0,"max_hp_loss":0,"event_name":"SensoryStone","floor":42,"gold_loss":0},{"damage_healed":0,"gold_gain":0,"player_choice":"Paid","damage_taken":0,"relics_obtained":["Red Mask"],"max_hp_gain":0,"max_hp_loss":0,"event_name":"Tomb of Lord Red Mask","floor":47,"gold_loss":552}],"is_beta":false,"boss_relics":[{"not_picked":["SacredBark","Velvet Choker"],"picked":"Cursed Key"},{"not_picked":["Snecko Eye","Philosopher\u0027s Stone"],"picked":"Empty Cage"}],"items_purged_floors":[5,11,22],"is_endless":false,"potions_floor_spawned":[2,4,6,13,18,21,25,35,41,48],"ascension_level":5}}