{"host":"ha6p5pdchuduffeg","time":1610411153,"event":{"mods":["Act Like it!","BaseMod","Gensokyo","KinomotoSakuraMod(ƒæ÷Æ±æ”£)","Koishi","Marisa£®ÏF”Í°°ƒß¿Ì…≥£©","Minty Spire (QoL Compilation)","Reimu£®≤©¿ˆ¡È√Œ£©","Remilia£®¿Ÿ√◊¿Ú—«£©","Replay The Spire","StSLib","The Servant 0.9.4","Youmu£®ªÍ∆«—˝√Œ£©"],"gold_per_floor":[110,110,285,62,77,104,104,2,29,84,96,124,124,54,54,152,152,167,182,182,0,0,0,29,44,116,145,156,156,173,188,188,188,188],"floor_reached":33,"playtime":1655,"items_purged":["Doubt","Greed_TH"],"score":412,"play_id":"9f912e77-32d5-47e5-b202-6ca09b1283cb","local_time":"20210112082553","is_ascension_mode":true,"campfire_choices":[{"data":"Defy","floor":7.0,"key":"SMITH"},{"floor":15.0,"key":"REST"},{"data":"Barrier","floor":23.0,"key":"SMITH"},{"floor":29.0,"key":"REST"},{"floor":32.0,"key":"REST"}],"circlet_count":0,"master_deck":["Strike_S+1","Strike_S","Strike_S+1","Strike_S","Defend_S+1","Defend_S","Defend_S+1","Defend_S","KidneyShot","Exchange","Spin","Defy+1","PendulumOfEternity","FanOfKnives","SoulSculpture","Barrier+1","TheWorld","BestPractice","Ricochet","Orbit+1","Defy+1","SurpressingFire"],"relics":["Uniform","NeowsBlessing","War Paint","Mastiff:ReiMu","Nunchaku","Lantern","PreservedInsect","RedLine:ReiMu","ReplayTheSpireMod:CursedCoin","Simple Rune","Meat on the Bone","MealTicket"],"acts_visited":["Exordium","TheCity"],"potions_floor_usage":[],"damage_taken":[{"damage":0.0,"enemies":"Jaw Worm","floor":1.0,"turns":1.0},{"damage":0.0,"enemies":"Small Slimes","floor":5.0,"turns":1.0},{"damage":0.0,"enemies":"Replay:BlueRogue","floor":6.0,"turns":1.0},{"damage":18.0,"enemies":"3 Sentries","floor":10.0,"turns":6.0},{"damage":0.0,"enemies":"Cultist","floor":11.0,"turns":4.0},{"damage":19.0,"enemies":"Gremlin Nob","floor":12.0,"turns":6.0},{"damage":40.0,"enemies":"Slime Boss","floor":16.0,"turns":24.0},{"damage":2.0,"enemies":"2 Thieves","floor":18.0,"turns":5.0},{"damage":0.0,"enemies":"Spheric Guardian","floor":19.0,"turns":1.0},{"damage":16.0,"enemies":"Gremlin Leader","floor":24.0,"turns":4.0},{"damage":4.0,"enemies":"Cultist and Chosen","floor":25.0,"turns":5.0},{"damage":0.0,"enemies":"Book of Stabbing","floor":27.0,"turns":4.0},{"damage":0.0,"enemies":"Centurion and Healer","floor":28.0,"turns":3.0},{"damage":0.0,"enemies":"Snecko","floor":30.0,"turns":4.0},{"damage":14.0,"enemies":"Snake Plant","floor":31.0,"turns":7.0},{"damage":5,"enemies":"Champ","floor":33,"turns":15}],"seed_played":"-102675406492930849","potions_obtained":[{"floor":5.0,"key":"Weak Potion"},{"floor":11.0,"key":"Strength Potion"},{"floor":12.0,"key":"ZuzhouPotion:ReiMu"},{"floor":13.0,"key":"Regen Potion"},{"floor":13.0,"key":"PowerPotion"},{"floor":13.0,"key":"DistilledChaos"},{"floor":19.0,"key":"SteroidPotion"},{"floor":24.0,"key":"Fruit Juice"},{"floor":25.0,"key":"MagicPotion:ReiMu"},{"floor":28.0,"key":"Regen Potion"}],"is_trial":false,"path_per_floor":["M","?","?","$","M","E","R","$","T","?","M","E","?","$","R","B",null,"M","M","?","$","$","R","E","M","T","E","M","R","M","M","R","B"],"character_chosen":"THE_SERVANT","items_purchased":["War Paint","Flashbang","Barrier","ReplayTheSpireMod:CursedCoin"],"campfire_rested":3,"item_purchase_floors":[4,8,14,21],"current_hp_per_floor":[65,65,65,65,65,65,65,65,65,47,47,28,28,28,47,22,65,63,63,65,60,60,60,44,45,45,45,45,66,66,52,70,65,65],"gold":188,"neow_bonus":"THREE_ENEMY_KILL","is_daily":false,"chose_seed":false,"campfire_upgraded":2,"win_rate":0.0,"timestamp":1610411153,"path_taken":["M","?","?","?","M","E","R","$","T","?","?","E","?","$","R","BOSS","M","?","?","?","$","R","E","M","T","E","M","R","M","M","R","BOSS"],"items_purchased_type":["Relic","Potion","Card","Relic"],"build_version":"2020-12-22","purchased_purges":2,"victory":false,"max_hp_per_floor":[65,65,65,65,65,65,65,65,65,65,65,65,65,65,65,65,65,65,65,65,65,65,65,65,70,70,70,70,70,70,70,70,70,70],"card_choices":[{"not_picked":["Luminosity","Desolation"],"picked":"Spin","floor":1.0},{"not_picked":["BottledTime","Spin"],"picked":"Defy","floor":5.0},{"not_picked":["Potential","Rearm"],"picked":"PendulumOfEternity","floor":6.0},{"not_picked":["ReturningBlade","Unruled"],"picked":"FanOfKnives","floor":10.0},{"not_picked":["Potential","ReturningBlade","FastForward"],"picked":"SKIP","floor":11.0},{"not_picked":["DoubleEdge","TrueSight"],"picked":"SoulSculpture","floor":12.0},{"not_picked":["Solidify","TrueSight"],"picked":"TheWorld","floor":16.0},{"not_picked":["Revamp","Rewind","BestPractice+1"],"picked":"SKIP","floor":18.0},{"not_picked":["Potential","ShiftingGears"],"picked":"BestPractice","floor":19.0},{"not_picked":["MurderousAura","Unruled","Rearm"],"picked":"SKIP","floor":24.0},{"not_picked":["Unruled","StarChef"],"picked":"Ricochet","floor":25.0},{"not_picked":["StarChef+1","Alleviate+1","TrueSight"],"picked":"SKIP","floor":27.0},{"not_picked":["Spin+1","Potential+1"],"picked":"Orbit+1","floor":28.0},{"not_picked":["Replace+1","Ricochet"],"picked":"Defy+1","floor":30.0},{"not_picked":["Unruled","Ricochet"],"picked":"SurpressingFire","floor":31.0}],"player_experience":63951,"relics_obtained":[{"floor":6.0,"key":"Mastiff:ReiMu"},{"floor":9.0,"key":"Nunchaku"},{"floor":10.0,"key":"Lantern"},{"floor":12.0,"key":"PreservedInsect"},{"floor":24.0,"key":"Simple Rune"},{"floor":26.0,"key":"Meat on the Bone"},{"floor":27.0,"key":"MealTicket"}],"event_choices":[{"damage_healed":0.0,"max_hp_gain":0.0,"max_hp_loss":0.0,"gold_gain":175.0,"event_name":"Liars Game","player_choice":"AGREE","floor":3.0,"gold_loss":0.0,"damage_taken":0.0,"cards_obtained":["Doubt"]},{"damage_healed":0.0,"max_hp_gain":0.0,"max_hp_loss":0.0,"gold_gain":0.0,"event_name":"Dead Adventurer","player_choice":"Searched \u00271\u0027 times","floor":10.0,"gold_loss":0.0,"damage_taken":0.0},{"damage_healed":0.0,"max_hp_gain":0.0,"max_hp_loss":0.0,"gold_gain":0.0,"event_name":"Lab","player_choice":"Got Potions","floor":13.0,"gold_loss":0.0,"damage_taken":0.0},{"damage_healed":2.0,"max_hp_gain":0.0,"max_hp_loss":0.0,"gold_gain":0.0,"event_name":"Wheel of Change","player_choice":"Full Heal","floor":20.0,"gold_loss":0.0,"damage_taken":0.0}],"is_beta":false,"boss_relics":[{"not_picked":["Ectoplasm","Ring of Chaos"],"picked":"RedLine:ReiMu"}],"items_purged_floors":[4,21],"is_endless":false,"potions_floor_spawned":[5,11,12,19,24,25,28],"killed_by":"Champ","ascension_level":4}}