{"host":"9vk21r6l9dtkpvh9","time":1610480597,"event":{"mods":["100% Spire Juice","2.2 Compatiblity","AchievementEnabler","Act Like it!","Astrologer","Bartender","BaseMod","Better Altar","Better Match","Better Note","Better Sensory Stone","Better Skull","Better Third Choice","BetterRewards","CapriCore","CatGirl Mod","Colored Map","Colored Powertips","Conspire","DeckTracker","Downfall","Energized Spire","Gensokyo","GifTheSpireLib","Hermit","Hubris","Infinite Spire","Jorbs\u0027s Wanderer Trilogy","Koishi","LagranYue(???·?)","Luminous","Mad Scientist","Marisa????????","Mimic Mod","Minty Spire (QoL Compilation)","Potionbrewer","Rare Cards Sparkle","Relic Stats","Replay The Spire","SOS???????","Shade Mod","Spicy Shops","StSLib","SuperFastMode","Td1madao Mod","The Animator","The Forsaken","The Gatherer","The Hierophant","The Immortal","The Jungle","The Marked","The Mystic","The Necromancer","The Runesmith","The Senshi","The Servant 0.9.4","The Valiant","The Wild Card","TheBandit","TheSwordswoman","TheWitcher","WarShipGirlsR/????R mod","vexMod","???Mod??????Boss"],"gold_per_floor":[117,127,127,127,151,202,202,1,41,55,55,67,67,103,103,199,199,140,140,140,151,143,143],"floor_reached":22,"playtime":2847,"items_purged":["SnafuTest:DefaultCommonAttack"],"score":202,"play_id":"a3dbff49-ce4a-43dd-8200-7ecb31da44ae","local_time":"20210112144317","is_ascension_mode":false,"campfire_choices":[{"floor":7,"key":"REST"},{"floor":11,"key":"REST"},{"data":"SnafuTest:SwordDance","floor":13,"key":"SMITH"},{"floor":15,"key":"REST"}],"circlet_count":0,"master_deck":["SnafuTest:DefaultCommonAttack","SnafuTest:DefaultCommonAttack","SnafuTest:BountyHunt","SnafuTest:DefaultCommonSkill","SnafuTest:DefaultCommonSkill","SnafuTest:DefaultCommonSkill","SnafuTest:SignAard","SnafuTest:SwordDance+1","SnafuTest:PowerCrimsonRitual","SnafuTest:PayBank","SnafuTest:PayWeaponSmith","SnafuTest:WeddingDance","SnafuTest:Portal","SnafuTest:SpellHellfire","SnafuTest:SignIgni","SnafuTest:PowerMahakam","SnafuTest:BombDimeritium","Moonworks:WeAreWaruda","ReplayTheSpireMod:Haul","SnafuTest:Shooting+1"],"relics":["SnafuTest:UnstableMutagenRelic","LagranYue:RandomDrawCardRelic","CaptainsWheel","Turnip","Toy Ornithopter","Omamori","Blue Doll","Regal Pillow","Oddly Smooth Stone","Molten Egg 2","Replay:Fungal Core","Juzu Bracelet","vexMod:ScavengeHelm"],"acts_visited":["Exordium","TheCity"],"potions_floor_usage":[14],"damage_taken":[{"damage":0,"enemies":"Cultist","floor":1,"turns":2},{"damage":6,"enemies":"Jaw Worm","floor":2,"turns":3},{"damage":6,"enemies":"2 Louse","floor":5,"turns":2},{"damage":21,"enemies":"3 Sentries","floor":6,"turns":7},{"damage":17,"enemies":"Exordium Thugs","floor":9,"turns":14},{"damage":15,"enemies":"Exordium Thugs","floor":10,"turns":9},{"damage":15,"enemies":"Lagavulin","floor":12,"turns":7},{"damage":13,"enemies":"3 Sentries","floor":14,"turns":7},{"damage":37,"enemies":"The Guardian","floor":16,"turns":15},{"damage":21,"enemies":"Spheric Guardian","floor":18,"turns":7},{"damage":7,"enemies":"Chosen","floor":21,"turns":6},{"damage":0,"enemies":"Sentry and Sphere","floor":22,"turns":2}],"seed_played":"-2435824795203168341","potions_obtained":[{"floor":2,"key":"champ:CounterPotion"},{"floor":10,"key":"Adrenaline Potion"},{"floor":14,"key":"potionbrewer:FreezingPotion"},{"floor":18,"key":"AttackPotion"}],"is_trial":false,"path_per_floor":["M","M","T","?","M","E","R","$","MIM","M","R","E","R","E","R","B",null,"M","?","AVR","M","M"],"character_chosen":"THE_WITCHER","items_purchased":["CaptainsWheel","Turnip","SnafuTest:SwordDance","PowerPotion","SnafuTest:WeddingDance","SnafuTest:SweetHome"],"campfire_rested":3,"item_purchase_floors":[0,0,0,0,8,8],"current_hp_per_floor":[59,53,53,41,35,14,36,36,37,22,59,44,44,36,73,36,75,54,54,54,47,47,47],"gold":143,"neow_bonus":"","is_daily":false,"chose_seed":false,"campfire_upgraded":1,"win_rate":0.0,"timestamp":1610480597,"path_taken":["M","M","?","?","M","E","R","$","MIM","M","R","E","R","E","R","BOSS","M","?","AVR","M","M"],"items_purchased_type":["Relic","Relic","Card","Potion","Card","Card"],"build_version":"2020-12-22","purchased_purges":1,"victory":false,"max_hp_per_floor":[75,75,75,75,75,75,75,75,75,75,75,75,75,75,75,75,75,75,75,75,75,75,75],"relic_stats":{"Regal Pillow":30,"counters":[18,116],"Turnip":[5],"Juzu Bracelet":0,"obtain_stats":[{"Regal Pillow":9,"SnafuTest:UnstableMutagenRelic":0,"LagranYue:RandomDrawCardRelic":0,"Replay:Fungal Core":17,"ReplayTheSpireMod:CursedCoin":0,"vexMod:ScavengeHelm":20,"Oddly Smooth Stone":12,"Blue Doll":6,"Omamori":4,"Juzu Bracelet":18,"vexMod:Dragonfruit":2,"CaptainsWheel":0,"Molten Egg 2":14,"Turnip":0,"Toy Ornithopter":3},{"Regal Pillow":11,"SnafuTest:UnstableMutagenRelic":0,"LagranYue:RandomDrawCardRelic":0,"Replay:Fungal Core":15,"ReplayTheSpireMod:CursedCoin":6,"vexMod:ScavengeHelm":16,"Oddly Smooth Stone":13,"Blue Doll":10,"Omamori":8,"Juzu Bracelet":16,"vexMod:Dragonfruit":2,"CaptainsWheel":6,"Molten Egg 2":14,"Turnip":6,"Toy Ornithopter":8},{"Regal Pillow":63,"SnafuTest:UnstableMutagenRelic":0,"LagranYue:RandomDrawCardRelic":0,"Replay:Fungal Core":101,"ReplayTheSpireMod:CursedCoin":35,"vexMod:ScavengeHelm":108,"Oddly Smooth Stone":79,"Blue Doll":49,"Omamori":40,"Juzu Bracelet":104,"vexMod:Dragonfruit":10,"CaptainsWheel":35,"Molten Egg 2":86,"Turnip":35,"Toy Ornithopter":40}],"Toy Ornithopter":5},"card_choices":[{"not_picked":["SnafuTest:ExcessiveLevies","SnafuTest:SignIgni"],"picked":"SnafuTest:PowerCrimsonRitual","floor":1},{"not_picked":["SnafuTest:MCPlayGwent","SnafuTest:FlashingEvasion","SnafuTest:SpellLivingArmor"],"picked":"SKIP","floor":2},{"not_picked":["SnafuTest:SmashingSlash","SnafuTest:ShoulderSlam"],"picked":"SnafuTest:PayBank","floor":5},{"not_picked":["SnafuTest:SpellButterflyIllusion","SnafuTest:ShoulderSlam"],"picked":"SnafuTest:PayWeaponSmith","floor":6},{"not_picked":["SnafuTest:SwordDance","SnafuTest:DesperateRemediation"],"picked":"SnafuTest:Portal","floor":9},{"not_picked":["SnafuTest:SneakKill","SnafuTest:PayWeaponSmith"],"picked":"SnafuTest:SpellHellfire","floor":10},{"not_picked":["SnafuTest:SpellChainLightning","SnafuTest:PayBank"],"picked":"SnafuTest:SignIgni","floor":12},{"not_picked":["SnafuTest:ScholarsIntrigue","SnafuTest:FirstAid"],"picked":"SnafuTest:PowerMahakam","floor":14},{"not_picked":["SnafuTest:SpellCalcinedMetamorphism+1","SnafuTest:PowerRhymeBeyondTime"],"picked":"SnafuTest:PayExoticTreasure","floor":16},{"not_picked":["SnafuTest:SpellHellfire+1","SnafuTest:PayHappyHour"],"picked":"SnafuTest:BombDimeritium","floor":18},{"not_picked":["SnafuTest:UndefeatedNarcissism+1","SnafuTest:HermitsErudition"],"picked":"SnafuTest:Shooting+1","floor":21}],"player_experience":664334,"relics_obtained":[{"floor":3,"key":"Toy Ornithopter"},{"floor":6,"key":"Blue Doll"},{"floor":9,"key":"Regal Pillow"},{"floor":12,"key":"Oddly Smooth Stone"},{"floor":14,"key":"Molten Egg 2"}],"event_choices":[{"damage_healed":0,"gold_gain":0,"player_choice":"Relic ","damage_taken":12,"max_hp_gain":0,"max_hp_loss":0,"event_name":"betterThird:BetterScrap","floor":4,"gold_loss":0,"cards_obtained":["hubris:Counter"]},{"cards_removed":["SnafuTest:PowerCrimsonRitual"],"damage_healed":0,"gold_gain":0,"player_choice":"Take \u0026 Give","damage_taken":0,"max_hp_gain":0,"max_hp_loss":0,"event_name":"betterNote:BetterNote","floor":19,"gold_loss":0,"cards_obtained":["Moonworks:WeAreWaruda"]}],"is_beta":false,"boss_relics":[{"not_picked":["ReplayTheSpireMod:DimensionalGlitch","vexMod:EndlessSickness"],"picked":"Replay:Fungal Core"}],"items_purged_floors":[20],"is_endless":false,"potions_floor_spawned":[2,10,14,18,21],"killed_by":"Sentry and Sphere","ascension_level":0}}