{"host":"o7ymgqw1bx1zbjaa","time":1610471948,"event":{"mods":["2.2 Compatiblity","AchievementEnabler","Act Like it!","Aspiration","BaseMod","Better Altar","Better Match","Better Note","Better Sensory Stone","Better Skull","Better Third Choice","Colored Map","Conspire","Energized Spire","Highlight Path","Hubris","Infinite Spire","Jedi Mod","Marked Mod","Minty Spire (QoL Compilation)","Pale of the Ancients","Permanent Neow","Quick Restart","Random Character Button","Rare Cards Sparkle","Replay The Spire","Spicy Shops","Spikes Relics","StSLib","The Blue Laboratory","Wandering Minibosses"],"gold_per_floor":[114,114,132,11,21,48,48,75,98,98,128,128,128,147,147,251,251,266,266,283,293,293,324,324,338,338,367,367,367,396,321,321,430,430,450,471,74,74,84,84,114,114,166,166,181,201,171,171,246,252,252,252,13,13,13],"floor_reached":56,"playtime":14919,"items_purged":["Injury","Strike_P"],"score":1184,"play_id":"22ed59ce-192a-40f6-af28-3c15366bff4c","local_time":"20210112111908","is_ascension_mode":true,"campfire_choices":[{"data":"PathToVictory","floor":7.0,"key":"SMITH"},{"data":"MarkedMod:ChiBlock","floor":7.0,"key":"SMITH"},{"data":"LessonLearned","floor":10.0,"key":"SMITH"},{"data":"Eruption","floor":10.0,"key":"SMITH"},{"data":"hubris:EnhanceAbility","floor":15.0,"key":"SMITH"},{"data":"EmptyBody","floor":15.0,"key":"SMITH"},{"data":"Replay:Cycle","floor":22.0,"key":"SMITH"},{"data":"Replay:AllIn","floor":22.0,"key":"SMITH"},{"floor":24.0,"key":"REST"},{"floor":32.0,"key":"REST"},{"data":"MarkedMod:GentlePulse","floor":40,"key":"SMITH"},{"data":"MarkedMod:PinPointDefense","floor":40,"key":"SMITH"},{"floor":42,"key":"RECALL"},{"data":"Vigilance","floor":44,"key":"SMITH"},{"data":"Defend_P","floor":44,"key":"SMITH"},{"data":"Replay:AtTheReady","floor":48,"key":"SMITH"},{"data":"Defend_P","floor":48,"key":"SMITH"}],"circlet_count":0,"master_deck":["Strike_P+1","Defend_P+1","Defend_P+1","Defend_P+1","Defend_P+1","Eruption+1","Vigilance+1","MarkedMod:ChiBlock+1","EmptyBody+1","MarkedMod:PinPointDefense+1","PathToVictory+1","LessonLearned+1","Replay:Cycle+1","Alpha+1","hubris:EnhanceAbility+1","Replay:AtTheReady+1","MarkedMod:GentlePulse+1","Replay:AllIn+1","Perseverance+1","SignatureMove+1","MarkedMod:PinPointDefense+1","infinitespire:TheBestDefense+1","infinitespire:Gouge+1","MarkedMod:PinPointDefense+1","Evaluate+1","MarkedMod:NorthStar+1","WaveOfTheHand+1","JustLucky+1","MarkedMod:GracefulMovements+1","MarkedMod:FirstStrike+1","Study","Replay:ManipulateFuture+1","PathToVictory+1"],"relics":["PureWater","Replay:Arrowhead","hubris:MysteriousPyramids","infinitespire:BottledMercury","Art of War","jedi:arcanewood","energizedSpire:SpiderWeb","MealTicket","ReplayTheSpireMod:Shallot","RetroEgg","Guide Book","Matryoshka","infinitespire:Midas Blood","conspire:SeveredTorchhead","wanderingMiniBosses:AbyssPearl","Yang","Lantern","Gremlin Food","jedi:ominousloannote","Lee\u0027s Waffle","Quantum Egg","Centennial Puzzle","hubris:BundleOfHerbs"],"acts_visited":["Exordium","TheCity","TheBeyond","TheEnding"],"potions_floor_usage":[39,55],"damage_taken":[{"damage":15.0,"enemies":"Cultist","floor":1.0,"turns":4.0},{"damage":0.0,"enemies":"Jaw Worm","floor":3.0,"turns":4.0},{"damage":0.0,"enemies":"Small Slimes","floor":5.0,"turns":2.0},{"damage":8.0,"enemies":"Lagavulin","floor":6.0,"turns":7.0},{"damage":0.0,"enemies":"Gremlin Nob","floor":8.0,"turns":3.0},{"damage":4.0,"enemies":"Lagavulin","floor":11.0,"turns":6.0},{"damage":0.0,"enemies":"Blue Slaver","floor":14.0,"turns":4.0},{"damage":35.0,"enemies":"The Guardian","floor":16.0,"turns":7.0},{"damage":29.0,"enemies":"3 Byrds","floor":18.0,"turns":6.0},{"damage":0.0,"enemies":"Shell Parasite","floor":20.0,"turns":3.0},{"damage":0.0,"enemies":"Snake Plant","floor":21.0,"turns":4.0},{"damage":26.0,"enemies":"Gremlin Leader","floor":23.0,"turns":5.0},{"damage":7.0,"enemies":"Snecko","floor":25.0,"turns":5.0},{"damage":6.0,"enemies":"Slavers","floor":27.0,"turns":6.0},{"damage":0.0,"enemies":"conspire:SneckoGhost","floor":30.0,"turns":6.0},{"damage":2.0,"enemies":"conspire:MysteriousRune","floor":33.0,"turns":8.0},{"damage":0.0,"enemies":"Orb Walker","floor":35.0,"turns":4.0},{"damage":9.0,"enemies":"3 Darklings","floor":36.0,"turns":8.0},{"damage":0,"enemies":"4 Shapes","floor":39,"turns":5},{"damage":0,"enemies":"R_Hoarder","floor":41,"turns":6},{"damage":0,"enemies":"Writhing Mass","floor":45,"turns":5},{"damage":0,"enemies":"Maw","floor":46,"turns":7},{"damage":9,"enemies":"Replay:Hell Engine","floor":50,"turns":9},{"damage":32,"enemies":"Shield and Spear","floor":54,"turns":5},{"damage":7,"enemies":"The Heart","floor":55,"turns":8}],"seed_played":"6915646030766190799","potions_obtained":[{"floor":2.0,"key":"blueLaboratory:PyrophylliteBrew"},{"floor":2.0,"key":"blueLaboratory:MidnightOil"},{"floor":2.0,"key":"blueLaboratory:RecallPotion"},{"floor":3.0,"key":"ColorlessPotion"},{"floor":6.0,"key":"Adrenaline Potion"},{"floor":8.0,"key":"Fire Potion"},{"floor":11.0,"key":"blueLaboratory:BubblePotion"},{"floor":14.0,"key":"blueLaboratory:HeartbeatPotion"},{"floor":18.0,"key":"AttackPotion"},{"floor":25.0,"key":"blueLaboratory:FrostheartPotion"},{"floor":30.0,"key":"blueLaboratory:BubblePotion"},{"floor":35.0,"key":"blueLaboratory:ImpenetrablePotion"},{"floor":39,"key":"Fire Potion"},{"floor":47,"key":"conspire:TimeTravelPotion"},{"floor":47,"key":"blueLaboratory:ExaltedPotion"},{"floor":54,"key":"Flashbang"}],"is_trial":false,"path_per_floor":["M","?","M","$","M","E","R","E","T","R","E","?","?","M","R_BF","B",null,"M","?","M","M","R","E","R","M","T","E","AVR","$","E","?","R","B",null,"M","M","$","?","M","R","E","R","T","R","M","M","?","R","R_BF","B",null,"R","$","E","B",null],"character_chosen":"WATCHER","items_purchased":["Replay:Arrowhead","Matryoshka","Specialist","Yang","jedi:ominousloannote","Lee\u0027s Waffle","Quantum Egg","Study","Replay:ManipulateFuture","Centennial Puzzle"],"campfire_rested":2,"item_purchase_floors":[4,29,37,37,53,53,53,53,53,53],"current_hp_per_floor":[57,57,57,57,57,49,49,49,49,49,45,45,45,45,45,10,72,43,43,43,43,43,17,38,31,31,25,25,4,4,4,25,23,72,72,63,72,72,72,72,72,72,72,72,72,72,72,72,72,63,72,72,79,47,55],"gold":13,"neow_bonus":"TRANSFORM_CARD","is_daily":false,"chose_seed":false,"campfire_upgraded":14,"win_rate":0.0,"timestamp":1610471948,"path_taken":["M","?","?","$","M","E","R","E","T","R","E","?","?","M","R_BF","BOSS","M","?","M","?","?","E","R","M","T","E","AVR","?","E","?","R","BOSS","M","?","$","?","M","R","E","R","T","R","M","M","?","?","R_BF","BOSS","R","$","E","BOSS"],"items_purchased_type":["Relic","Relic","Card","Relic","Relic","Relic","Relic","Card","Card","Relic"],"build_version":"2020-12-22","purchased_purges":2,"victory":true,"max_hp_per_floor":[72,72,72,72,72,72,72,72,72,72,72,72,72,72,72,72,72,72,72,72,72,72,72,72,72,72,72,72,72,72,72,72,72,72,72,72,72,72,72,72,72,72,72,72,72,72,72,72,72,72,72,72,79,79,79],"card_choices":[{"not_picked":["CarveReality","FollowUp"],"picked":"EmptyBody","floor":1.0},{"not_picked":["EmptyMind","Prostrate"],"picked":"MarkedMod:PinPointDefense","floor":3.0},{"not_picked":["SashWhip","BowlingBash"],"picked":"PathToVictory","floor":5.0},{"not_picked":["FlurryOfBlows","FollowUp"],"picked":"LessonLearned","floor":6.0},{"not_picked":["ThirdEye","Replay:Vibes"],"picked":"Replay:Cycle","floor":8.0},{"not_picked":["CarveReality","JustLucky"],"picked":"Alpha","floor":11.0},{"not_picked":["Blind","ReplayTheSpireMod:Trickstab"],"picked":"hubris:EnhanceAbility","floor":12.0},{"not_picked":["Sanctity","Conclude"],"picked":"MarkedMod:GentlePulse","floor":14.0},{"not_picked":["jedi:nirvanicrebirth","Devotion"],"picked":"Replay:AllIn","floor":16.0},{"not_picked":["EmptyMind","Prostrate","CrushJoints+1"],"picked":"SKIP","floor":18.0},{"not_picked":["Blasphemy","WaveOfTheHand"],"picked":"Perseverance+1","floor":20.0},{"not_picked":["FollowUp+1","ClearTheMind","Protect"],"picked":"SKIP","floor":21.0},{"not_picked":["SashWhip","Worship"],"picked":"SignatureMove","floor":23.0},{"not_picked":["EmptyFist","SashWhip","Protect"],"picked":"SKIP","floor":25.0},{"not_picked":["Replay:LoomingThreat","CrushJoints"],"picked":"MarkedMod:PinPointDefense+1","floor":27.0},{"not_picked":["ThirdEye","FlurryOfBlows+1"],"picked":"MarkedMod:PinPointDefense","floor":30.0},{"not_picked":["Replay:BluntJabs+1","Protect+1"],"picked":"Evaluate+1","floor":31.0},{"not_picked":["Replay:AllIn","DevaForm"],"picked":"MarkedMod:NorthStar","floor":33.0},{"not_picked":["ForeignInfluence+1","Consecrate","CrushJoints+1"],"picked":"SKIP","floor":35.0},{"not_picked":["WreathOfFlame","SignatureMove+1"],"picked":"WaveOfTheHand+1","floor":36.0},{"not_picked":["SashWhip","Halt","TalkToTheHand"],"picked":"SKIP","floor":39},{"not_picked":["ThirdEye","CrushJoints+1"],"picked":"JustLucky+1","floor":41},{"not_picked":["EmptyFist+1","Scrawl"],"picked":"MarkedMod:GracefulMovements+1","floor":45},{"not_picked":["Protect+1","FollowUp+1"],"picked":"MarkedMod:FirstStrike","floor":46},{"not_picked":["ConjureBlade","Wish"],"picked":"PathToVictory+1","floor":54}],"player_experience":264017,"relics_obtained":[{"floor":6.0,"key":"hubris:MysteriousPyramids"},{"floor":8.0,"key":"infinitespire:BottledMercury"},{"floor":9.0,"key":"Art of War"},{"floor":11.0,"key":"jedi:arcanewood"},{"floor":23.0,"key":"MealTicket"},{"floor":26.0,"key":"ReplayTheSpireMod:Shallot"},{"floor":27.0,"key":"RetroEgg"},{"floor":30.0,"key":"infinitespire:Midas Blood"},{"floor":36.0,"key":"wanderingMiniBosses:AbyssPearl"},{"floor":41,"key":"Lantern"},{"floor":43,"key":"Gremlin Food"},{"floor":54,"key":"hubris:BundleOfHerbs"}],"event_choices":[{"damage_healed":0.0,"max_hp_gain":0.0,"max_hp_loss":0.0,"gold_gain":0.0,"event_name":"Lab","player_choice":"Got Potions","floor":2.0,"gold_loss":0.0,"damage_taken":0.0},{"damage_healed":0.0,"max_hp_gain":0.0,"max_hp_loss":0.0,"gold_gain":1.0,"event_name":"betterStone:BetterStone","player_choice":"1","floor":12.0,"gold_loss":0.0,"damage_taken":0.0},{"damage_healed":0.0,"max_hp_gain":0.0,"max_hp_loss":0.0,"gold_gain":0.0,"cards_transformed":["Strike_P"],"event_name":"Living Wall","player_choice":"Change","floor":13.0,"gold_loss":0.0,"damage_taken":0.0,"cards_obtained":["Replay:AtTheReady"]},{"damage_healed":0.0,"max_hp_gain":0.0,"max_hp_loss":0.0,"gold_gain":0.0,"event_name":"betterMatch:BetterMatch","player_choice":"2","floor":31.0,"gold_loss":0.0,"damage_taken":0.0,"cards_obtained":["betterMatch:CommonCard"]},{"cards_removed":["Specialist"],"damage_healed":0.0,"max_hp_gain":0.0,"max_hp_loss":0.0,"gold_gain":0.0,"event_name":"Falling","player_choice":"Removed Power","floor":38.0,"gold_loss":0.0,"damage_taken":0.0},{"damage_healed":0,"gold_gain":0,"player_choice":"Bought 2 Potions","damage_taken":0,"max_hp_gain":0,"max_hp_loss":0,"event_name":"The Woman in Blue","floor":47,"gold_loss":0}],"is_beta":false,"boss_relics":[{"not_picked":["Replay:Ancient Bell","hubris:CrackedHourglass"],"picked":"energizedSpire:SpiderWeb"},{"not_picked":["Painkiller Herb","Ring of Chaos"],"picked":"conspire:SeveredTorchhead"}],"items_purged_floors":[28,29],"is_endless":false,"potions_floor_spawned":[3,6,8,11,14,18,25,30,35,39,54],"ascension_level":2}}