{"host":"7gewg82ormp6yt4e","time":1610462583,"event":{"mods":["BaseMod","Block Reminder","Colored Map","Colored Powertips","DeckTracker","Highlight Path","Minty Spire (QoL Compilation)","Relic Stats","StSLib","ojb\u0027s Info Mod"],"gold_per_floor":[118,118,193,26,47,47,70,90,114,114,132,132,148,164,164,164,164],"floor_reached":16,"playtime":522,"items_purged":[],"score":188,"play_id":"19682d7e-0e01-4590-825e-50f0de0280a9","local_time":"20210112234303","is_ascension_mode":true,"campfire_choices":[{"data":"Undo","floor":6,"key":"SMITH"},{"data":"Gash","floor":10,"key":"SMITH"},{"data":"Zap","floor":12,"key":"SMITH"},{"data":"Beam Cell","floor":15,"key":"SMITH"}],"circlet_count":0,"master_deck":["AscendersBane","Strike_B","Strike_B","Strike_B","Strike_B","Defend_B","Defend_B","Defend_B","Defend_B","Zap+1","Dualcast","Finesse","Gash","Undo+1","Gash+1","Rebound","Gash","Rebound","Beam Cell+1"],"relics":["Cracked Core","Golden Idol","OrangePellets","Akabeko"],"acts_visited":["Exordium"],"potions_floor_usage":[14,16],"damage_taken":[{"damage":2,"enemies":"Jaw Worm","floor":1,"turns":4},{"damage":6,"enemies":"Cultist","floor":5,"turns":3},{"damage":3,"enemies":"2 Louse","floor":7,"turns":3},{"damage":4,"enemies":"Looter","floor":8,"turns":4},{"damage":4,"enemies":"Exordium Thugs","floor":11,"turns":5},{"damage":0,"enemies":"Red Slaver","floor":13,"turns":2},{"damage":7,"enemies":"Large Slime","floor":14,"turns":4},{"damage":41,"enemies":"The Guardian","floor":16,"turns":8}],"seed_played":"-3690457477026136986","potions_obtained":[{"floor":7,"key":"Strength Potion"},{"floor":8,"key":"SkillPotion"},{"floor":11,"key":"Block Potion"},{"floor":13,"key":"Regen Potion"}],"is_trial":false,"path_per_floor":["M","?","?","$","M","R","M","M","T","R","M","R","M","M","R","B"],"character_chosen":"DEFECT","items_purchased":["OrangePellets"],"campfire_rested":0,"item_purchase_floors":[4],"current_hp_per_floor":[62,62,51,51,45,45,42,38,38,38,34,34,34,39,39,0,0],"gold":164,"neow_bonus":"RANDOM_COLORLESS","is_daily":false,"chose_seed":false,"campfire_upgraded":4,"win_rate":0.0,"timestamp":1610462583,"path_taken":["M","?","?","$","M","R","M","M","T","R","M","R","M","?","R","BOSS"],"items_purchased_type":["Relic"],"build_version":"2020-12-22","purchased_purges":0,"victory":false,"max_hp_per_floor":[71,64,64,64,64,64,64,64,64,64,64,64,64,64,64,64,64],"relic_stats":{"OrangePellets":[0],"counters":[8,33],"Golden Idol":23,"obtain_stats":[{"OrangePellets":4,"Golden Idol":2,"Cracked Core":0,"Akabeko":9},{"OrangePellets":1,"Golden Idol":1,"Cracked Core":0,"Akabeko":4},{"OrangePellets":4,"Golden Idol":4,"Cracked Core":0,"Akabeko":14}]},"card_choices":[{"not_picked":["Dark Shackles","Flash of Steel"],"picked":"Finesse","floor":0},{"not_picked":["Blizzard","Go for the Eyes"],"picked":"Gash","floor":1},{"not_picked":["Redo","Stack"],"picked":"Undo","floor":5},{"not_picked":["Compile Driver","Hologram"],"picked":"Gash","floor":7},{"not_picked":["Force Field","Fusion"],"picked":"Rebound","floor":8},{"not_picked":["Coolheaded","Seek"],"picked":"Gash","floor":11},{"not_picked":["Capacitor","Conserve Battery"],"picked":"Rebound","floor":13},{"not_picked":["FTL","Coolheaded"],"picked":"Beam Cell","floor":14}],"player_experience":2561518,"relics_obtained":[{"floor":9,"key":"Akabeko"}],"event_choices":[{"damage_healed":0,"gold_gain":0,"player_choice":"Lose Max HP","damage_taken":0,"relics_obtained":["Golden Idol"],"max_hp_gain":0,"max_hp_loss":7,"event_name":"Golden Idol","floor":2,"gold_loss":0},{"damage_healed":0,"gold_gain":75,"player_choice":"Gather Gold","damage_taken":11,"max_hp_gain":0,"max_hp_loss":0,"event_name":"World of Goop","floor":3,"gold_loss":0}],"is_beta":false,"boss_relics":[],"items_purged_floors":[],"is_endless":false,"potions_floor_spawned":[7,8,11,13],"killed_by":"The Guardian","ascension_level":20}}