{"host":"q206iib20se9i6w7","time":1610495615,"event":{"mods":["AchievementEnabler","BaseMod","Bestiary","Block Reminder","Colored Map","Colored Powertips","Curses Come First","Highlight Path","Key Reminder","Minty Spire (QoL Compilation)","Quick Restart","Random Character Button","Relic Stats","StSLib","SuperFastMode","Unceasing Turn Reminder"],"gold_per_floor":[111,126,140,156,166,166,199,59,86,112,112,112,128,128,128,232,232,252,78,38,48,59,59,93,93,164,180,213,213,233,251,251,353,353,364,364,15,25,25,25],"floor_reached":39,"language":"ENG","playtime":2094,"items_purged":["Strike_P"],"score":652,"play_id":"08031f5f-3b51-4438-bb43-fe191da59e3c","local_time":"20210112175335","is_ascension_mode":true,"campfire_choices":[{"floor":6.0,"key":"REST"},{"floor":11.0,"key":"REST"},{"floor":15,"key":"REST"},{"floor":23,"key":"REST"},{"floor":25,"key":"RECALL"},{"floor":32,"key":"REST"}],"circlet_count":0,"master_deck":["Strike_P","Strike_P+1","Defend_P","Defend_P","Defend_P+1","Defend_P","Eruption","Vigilance","ClearTheMind","EmptyBody","FlurryOfBlows","SashWhip","DeceiveReality","BowlingBash","Ragnarok","FearNoEvil","Tantrum","Dark Shackles","DevaForm","Evaluate","Crescendo","BattleHymn","WheelKick","Protect+1","CrushJoints","Protect+1","Prostrate","Meditate","Halt+1","MasterReality+1","Evaluate+1","Decay","EmptyMind"],"relics":["Fusion Hammer","Pear","Damaru","Ancient Tea Set","keyreminder:keyreminder","Philosopher\u0027s Stone","PreservedInsect","Pantograph","Frozen Egg 2","SlaversCollar","Ginger"],"acts_visited":["Exordium","TheCity","TheBeyond"],"potions_floor_usage":[16,18,31,33,33,39],"damage_taken":[{"damage":1.0,"enemies":"Cultist","floor":1.0,"turns":4.0},{"damage":0.0,"enemies":"Jaw Worm","floor":2.0,"turns":3.0},{"damage":3.0,"enemies":"Small Slimes","floor":3.0,"turns":3.0},{"damage":0.0,"enemies":"2 Fungi Beasts","floor":4.0,"turns":3.0},{"damage":7.0,"enemies":"Red Slaver","floor":5.0,"turns":4.0},{"damage":23.0,"enemies":"Gremlin Nob","floor":7.0,"turns":4.0},{"damage":40.0,"enemies":"3 Sentries","floor":10.0,"turns":10.0},{"damage":6,"enemies":"Exordium Wildlife","floor":13,"turns":2},{"damage":0,"enemies":"Slime Boss","floor":16,"turns":5},{"damage":0,"enemies":"Shell Parasite","floor":18,"turns":2},{"damage":0,"enemies":"Spheric Guardian","floor":21,"turns":2},{"damage":26,"enemies":"Snecko","floor":22,"turns":3},{"damage":14,"enemies":"Gremlin Leader","floor":24,"turns":5},{"damage":13,"enemies":"Shelled Parasite and Fungi","floor":27,"turns":5},{"damage":32,"enemies":"Slavers","floor":28,"turns":5},{"damage":12,"enemies":"Snake Plant","floor":30,"turns":4},{"damage":0,"enemies":"Cultist and Chosen","floor":31,"turns":6},{"damage":41,"enemies":"Collector","floor":33,"turns":8},{"damage":36,"enemies":"3 Darklings","floor":35,"turns":5},{"damage":0,"enemies":"3 Shapes","floor":38,"turns":9},{"damage":47,"enemies":"Spire Growth","floor":39,"turns":6}],"seed_played":"-8232445264075273346","potions_obtained":[{"floor":4.0,"key":"BlessingOfTheForge"},{"floor":5.0,"key":"GamblersBrew"},{"floor":10.0,"key":"ColorlessPotion"},{"floor":13,"key":"BottledMiracle"},{"floor":24,"key":"BlessingOfTheForge"},{"floor":28,"key":"AttackPotion"},{"floor":31,"key":"SpeedPotion"},{"floor":33,"key":"Explosive Potion"},{"floor":38,"key":"Block Potion"}],"is_trial":false,"path_per_floor":["M","M","M","M","M","R","E","$","T","E","R","?","M","?","R","B",null,"M","$","?","M","M","R","E","R","T","M","E","?","M","M","R","B",null,"M","?","$","M","M"],"character_chosen":"WATCHER","items_purchased":["Ragnarok","Crescendo","BattleHymn","Ginger","Energy Potion"],"campfire_rested":5,"item_purchase_floors":[8,19,19,37,37],"current_hp_per_floor":[64,64,61,61,54,72,59,59,59,19,43,43,37,37,61,61,77,77,77,77,77,51,75,61,61,61,48,16,16,4,4,28,12,65,29,29,29,29,0,0],"gold":25,"neow_bonus":"BOSS_RELIC","is_daily":false,"chose_seed":false,"campfire_upgraded":0,"win_rate":0.0,"timestamp":1610495615,"path_taken":["M","M","M","M","M","R","E","$","T","E","R","?","?","?","R","BOSS","M","$","?","?","M","R","E","R","T","M","E","?","M","M","R","BOSS","M","?","$","M","?"],"items_purchased_type":["Card","Card","Card","Relic","Potion"],"build_version":"2020-12-22","purchased_purges":1,"victory":false,"max_hp_per_floor":[72,72,72,72,72,72,82,82,82,82,82,82,82,82,82,82,82,82,82,82,82,82,82,82,82,82,82,82,82,82,82,82,82,82,82,82,82,82,82,82],"relic_stats":{"counters":[21,98],"Pantograph":25,"PreservedInsect":40,"Ginger":[0],"obtain_stats":[{"keyreminder:keyreminder":10,"SlaversCollar":34,"Pear":7,"Pantograph":26,"Damaru":9,"Philosopher\u0027s Stone":17,"Fusion Hammer":0,"PreservedInsect":24,"Ginger":37,"PureWater":0,"Frozen Egg 2":28,"Ancient Tea Set":10},{"keyreminder:keyreminder":7,"SlaversCollar":18,"Pear":6,"Pantograph":13,"Damaru":6,"Philosopher\u0027s Stone":9,"Fusion Hammer":0,"PreservedInsect":13,"Ginger":19,"PureWater":0,"Frozen Egg 2":15,"Ancient Tea Set":7},{"keyreminder:keyreminder":31,"SlaversCollar":78,"Pear":21,"Pantograph":50,"Damaru":21,"Philosopher\u0027s Stone":38,"Fusion Hammer":0,"PreservedInsect":50,"Ginger":83,"PureWater":0,"Frozen Egg 2":60,"Ancient Tea Set":31}]},"card_choices":[{"not_picked":["FlyingSleeves","FollowUp"],"picked":"ClearTheMind","floor":1.0},{"not_picked":["Swivel","ForeignInfluence"],"picked":"EmptyBody","floor":2.0},{"not_picked":["Adaptation","ForeignInfluence"],"picked":"FlurryOfBlows","floor":3.0},{"not_picked":["CrushJoints","ConjureBlade"],"picked":"SashWhip","floor":4.0},{"not_picked":["Halt","Evaluate"],"picked":"DeceiveReality","floor":5.0},{"not_picked":["CutThroughFate","FearNoEvil"],"picked":"BowlingBash","floor":7.0},{"not_picked":["Protect","Nirvana"],"picked":"FearNoEvil","floor":10.0},{"not_picked":["BowlingBash","Omniscience"],"picked":"Tantrum","floor":13},{"not_picked":["Devotion","Judgement"],"picked":"DevaForm","floor":16},{"not_picked":["JustLucky+1","ClearTheMind"],"picked":"Evaluate","floor":18},{"not_picked":["EmptyBody","WaveOfTheHand+1"],"picked":"WheelKick","floor":21},{"not_picked":["FollowUp+1","Swivel"],"picked":"Protect+1","floor":22},{"not_picked":["BattleHymn","FlyingSleeves"],"picked":"CrushJoints","floor":24},{"not_picked":["Blasphemy","ForeignInfluence+1"],"picked":"Protect+1","floor":27},{"not_picked":["PathToVictory","Tantrum"],"picked":"Prostrate","floor":28},{"not_picked":["Crescendo","ThirdEye"],"picked":"Meditate","floor":30},{"not_picked":["Wireheading+1","Study+1"],"picked":"Halt+1","floor":31},{"not_picked":["Alpha","DevaForm+1"],"picked":"MasterReality+1","floor":33},{"not_picked":["CrushJoints","WindmillStrike"],"picked":"Evaluate+1","floor":35},{"not_picked":["JustLucky+1","Consecrate+1"],"picked":"EmptyMind","floor":38}],"player_experience":241314,"relics_obtained":[{"floor":7.0,"key":"Pear"},{"floor":9.0,"key":"Damaru"},{"floor":10.0,"key":"Ancient Tea Set"},{"floor":24,"key":"PreservedInsect"},{"floor":26,"key":"Pantograph"},{"floor":28,"key":"Frozen Egg 2"}],"event_choices":[{"cards_removed":["Strike_P"],"damage_healed":0,"gold_gain":0,"player_choice":"Offered Basic","damage_taken":0,"max_hp_gain":0,"max_hp_loss":0,"event_name":"Bonfire Elementals","floor":12,"gold_loss":0},{"damage_healed":0,"gold_gain":0,"player_choice":"1 cards matched","damage_taken":0,"max_hp_gain":0,"max_hp_loss":0,"event_name":"Match and Keep!","floor":14,"gold_loss":0,"cards_obtained":["Dark Shackles"]},{"damage_healed":0,"gold_gain":0,"player_choice":"Upgraded Two","damage_taken":0,"max_hp_gain":0,"max_hp_loss":0,"event_name":"Designer","floor":20,"gold_loss":40,"cards_upgraded":["Defend_P","Strike_P"]},{"damage_healed":0,"gold_gain":0,"player_choice":"Ignored","damage_taken":0,"max_hp_gain":0,"max_hp_loss":0,"event_name":"Vampires","floor":29,"gold_loss":0},{"damage_healed":0,"gold_gain":0,"player_choice":"Cursed","damage_taken":0,"max_hp_gain":0,"max_hp_loss":0,"event_name":"Wheel of Change","floor":36,"gold_loss":0,"cards_obtained":["Decay"]}],"is_beta":false,"boss_relics":[{"not_picked":["Runic Dome","Ectoplasm"],"picked":"Philosopher\u0027s Stone"},{"not_picked":["Velvet Choker","SacredBark"],"picked":"SlaversCollar"}],"items_purged_floors":[19],"is_endless":false,"potions_floor_spawned":[4,5,10,13,24,28,31,33,38],"killed_by":"Spire Growth","ascension_level":7}}