{"host":"zgdag062zrknap1a","time":1610482936,"event":{"mods":["AchievementEnabler","Act Like it!","Aspiration","Bard","BaseMod","BetterRewards","Colored Map","Colored Powertips","Conspire","Downfall","Gensokyo","Hallownest","Hermit","Highlight Path","Hubris","Infinite Spire","Jorbs\u0027s Wanderer Trilogy","Marisa????????","Minty Spire (QoL Compilation)","Quick Restart","Rare Cards Sparkle","Replay The Spire","Shop Mod","StSLib","The Bug Knight","The Cursed","The Hierophant","The Necromancer","The Runesmith","The Servant 0.9.4"],"gold_per_floor":[113,124,124,138,153,185,185,220,220,120,149,165,165,125,125,221,221,234,234,234,249,261,261,296,307,333,333,344,397,397,414,414,514,514,532,547,562,147,161,161,161,161,161,188,203,232,246,246,246,246,246,246,150,185,185,185],"floor_reached":55,"playtime":6620,"items_purged":["Defend_R","Defend_R","Defend_R","Defend_R"],"score":819,"play_id":"85adfb05-7a6e-4e1b-9892-043a2a7dea70","local_time":"20210112122216","is_ascension_mode":false,"campfire_choices":[{"floor":7,"key":"RECALL"},{"data":"Bash","floor":13,"key":"SMITH"},{"data":"conspire:Charge","floor":15,"key":"SMITH"},{"data":"Dropkick","floor":23,"key":"SMITH"},{"data":"Double Tap","floor":27,"key":"SMITH"},{"data":"Rage","floor":30,"key":"SMITH"},{"data":"Shrug It Off","floor":32,"key":"SMITH"},{"data":"Demonic Infusion","floor":40,"key":"SMITH"},{"data":"Shrug It Off","floor":42,"key":"SMITH"},{"data":"Battle Trance","floor":49,"key":"SMITH"},{"data":"Shrug It Off","floor":52,"key":"SMITH"}],"circlet_count":0,"master_deck":["Strike_R","Strike_R","Strike_R","Strike_R","Strike_R","Bash+1","Shrug It Off+1","Shrug It Off","Dropkick+1","conspire:Charge+1","Cleave","Battle Trance+1","Shrug It Off+1","Rage+1","Double Tap+1","Pommel Strike","Shrug It Off+1","Demonic Infusion+1","Shrug It Off","Thunderclap+1","expansioncontent:DefensiveStance"],"relics":["Burning Blood","ReplayTheSpireMod:Spearhead","Blood Vial","ReplayTheSpireMod:Shallot","Hallownest:DreamNailRelic","StrikeDummy","Tiny Chest","Omamori","hubris:TerracottaHorce","Philosopher\u0027s Stone","Nunchaku","Replay:Baseball","Juzu Bracelet","SlaversCollar","Sling","MerchantsRug","Hallownest:BeastSealRelic","Counterbalance","Kunai","hubris:SlimyHat","Toy Ornithopter"],"acts_visited":["Exordium","Hallownest:Greenpath","Hallownest:CityofTears","TheEnding"],"potions_floor_usage":[5,44,55,55,55],"damage_taken":[{"damage":0,"enemies":"Hallownest:monsterHuskWarrior","floor":1,"turns":3},{"damage":2,"enemies":"2_ Uuma","floor":2,"turns":5},{"damage":4,"enemies":"Hallownest:2_Tiktiks_and_1_Crawlid","floor":4,"turns":3},{"damage":10,"enemies":"Hallownest:1_Ooma_and_2_Uuma","floor":5,"turns":6},{"damage":0,"enemies":"Hallownest:eliteMossKnight","floor":6,"turns":5},{"damage":9,"enemies":"Hallownest:eliteCrystalGuardian","floor":8,"turns":5},{"damage":21,"enemies":"Hallownest:eliteVengeflyKing","floor":11,"turns":7},{"damage":0,"enemies":"Hallownest:Wandering_and_Horned","floor":12,"turns":4},{"damage":11,"enemies":"Hallownest:BossFalseKnight","floor":16,"turns":9},{"damage":7,"enemies":"Hallownest:Guard_and_Sentry","floor":18,"turns":4},{"damage":0,"enemies":"Hallownest:2_Mistakes","floor":21,"turns":4},{"damage":4,"enemies":"Hallownest:3_Mistakes","floor":22,"turns":6},{"damage":0,"enemies":"Hallownest:Nosk","floor":24,"turns":5},{"damage":0,"enemies":"Hallownest:monsterShrumalOgre","floor":25,"turns":3},{"damage":0,"enemies":"Hallownest:Warrior_and_Youth","floor":28,"turns":3},{"damage":0,"enemies":"Hallownest:3_Mistakes","floor":31,"turns":7},{"damage":28,"enemies":"Hallownest:BossGrimm","floor":33,"turns":7},{"damage":8,"enemies":"Hallownest:Shield_Heavy","floor":35,"turns":5},{"damage":3,"enemies":"Hallownest:2_Littles","floor":36,"turns":5},{"damage":0,"enemies":"Hallownest:2_Great","floor":37,"turns":4},{"damage":2,"enemies":"Hallownest:monsterPrimalAspid","floor":39,"turns":3},{"damage":0,"enemies":"Hallownest:eliteCollector","floor":44,"turns":5},{"damage":0,"enemies":"Hallownest:2_Wandering_and_1_Horned","floor":45,"turns":6},{"damage":25,"enemies":"Hallownest:eliteHiveKnight","floor":46,"turns":4},{"damage":3,"enemies":"Hallownest:2_Great","floor":47,"turns":4},{"damage":18,"enemies":"Hallownest:Radiance","floor":50,"turns":7},{"damage":7,"enemies":"Shield and Spear","floor":54,"turns":5},{"damage":85,"enemies":"The Heart","floor":55,"turns":3}],"seed_played":"8293329432969111155","potions_obtained":[{"floor":1,"key":"AttackPotion"},{"floor":4,"key":"SteroidPotion"},{"floor":5,"key":"Swift Potion"},{"floor":12,"key":"Fire Potion"},{"floor":20,"key":"DistilledChaos"},{"floor":20,"key":"HeartOfIron"},{"floor":44,"key":"LifebloodPotion"}],"is_trial":false,"path_per_floor":["M","M","?","M","M","E","R","E","T","$","E","M","R","?","R","B",null,"M","?","AVR","M","M","R","E","M","T","R","M","T","R","M","R","B",null,"M","M","M","$","M","R","?","R","T","E","M","E","M","AVR","R","B",null,"R","$","E","B"],"character_chosen":"IRONCLAD","items_purchased":["ReplayTheSpireMod:Spearhead","Blood Vial","Shrug It Off","ReplayTheSpireMod:Shallot","Dropkick","Sling","MerchantsRug","expansioncontent:DefensiveStance"],"campfire_rested":0,"item_purchase_floors":[0,0,0,0,0,38,38,53],"current_hp_per_floor":[52,58,58,62,60,68,68,67,67,67,54,62,62,71,71,68,77,78,78,78,80,80,80,80,80,80,80,80,80,80,80,80,58,75,75,80,80,80,80,80,80,80,80,80,80,61,66,66,66,56,74,74,74,75,0,0],"gold":185,"neow_bonus":"","is_daily":false,"chose_seed":false,"campfire_upgraded":10,"win_rate":0.0,"timestamp":1610482936,"path_taken":["M","M","?","?","M","E","R","E","T","$","E","M","R","?","R","BOSS","M","?","AVR","?","M","R","E","M","T","R","M","?","R","M","R","BOSS","M","M","M","$","M","R","?","R","T","E","M","E","M","AVR","R","BOSS","R","$","E","BOSS"],"items_purchased_type":["Relic","Relic","Card","Relic","Card","Relic","Relic","Card"],"build_version":"2020-12-22","purchased_purges":4,"victory":false,"max_hp_per_floor":[80,80,80,80,80,80,80,80,80,80,80,80,80,80,80,80,80,80,80,80,80,80,80,80,80,80,80,80,80,80,80,80,80,80,80,80,80,80,80,80,80,80,80,80,80,80,80,80,80,80,80,80,80,80,80,80],"card_choices":[{"not_picked":["Defy Death","Clothesline","Rage"],"picked":"SKIP","floor":1},{"not_picked":["Shrug It Off","ReplayTheSpireMod:Strike From Hell"],"picked":"conspire:Charge","floor":2},{"not_picked":["ReplayTheSpireMod:Strike From Hell","ReplayTheSpireMod:Stacked"],"picked":"Cleave","floor":4},{"not_picked":["Body Slam","Flame Barrier"],"picked":"Battle Trance","floor":5},{"not_picked":["Run Through","Whirlwind"],"picked":"Shrug It Off","floor":6},{"not_picked":["ReplayTheSpireMod:Muscle Training","Flex","Intimidate"],"picked":"SKIP","floor":8},{"not_picked":["hubris:CleavingFinish","Body Slam"],"picked":"Rage","floor":11},{"not_picked":["conspire:Charge","ReplayTheSpireMod:Limb From Limb","hubris:ReadiedAction"],"picked":"SKIP","floor":12},{"not_picked":["Fiend Fire","Bludgeon"],"picked":"Double Tap","floor":16},{"not_picked":["ReplayTheSpireMod:LeadingStrike+1","Shrug It Off"],"picked":"Pommel Strike","floor":18},{"not_picked":["Headbutt","Heavy Blade+1","Rupture+1"],"picked":"SKIP","floor":21},{"not_picked":["Pummel","Ghostly Armor","Sword Boomerang"],"picked":"SKIP","floor":22},{"not_picked":["Heavy Blade","Armaments","Cleave"],"picked":"SKIP","floor":24},{"not_picked":["ReplayTheSpireMod:Strike From Hell","Wild Strike","Warcry"],"picked":"SKIP","floor":25},{"not_picked":["Clothesline+1","Body Slam","Dual Wield"],"picked":"SKIP","floor":28},{"not_picked":["conspire:ExplosiveBarrier+1","Ghostly Armor"],"picked":"Shrug It Off","floor":31},{"not_picked":["Immolate","Exhume"],"picked":"Demonic Infusion","floor":33},{"not_picked":["Dual Wield","Headbutt+1","Sword Boomerang+1"],"picked":"SKIP","floor":35},{"not_picked":["Searing Blow+1","Clothesline","Massacre+1"],"picked":"SKIP","floor":36},{"not_picked":["Run Through","Fiend Fire"],"picked":"Shrug It Off","floor":37},{"not_picked":["Shrug It Off","Massacre+1","Cleave+1"],"picked":"SKIP","floor":39},{"not_picked":["Sword Boomerang+1","Iron Wave","Armaments"],"picked":"SKIP","floor":44},{"not_picked":["conspire:ExplosiveBarrier","ReplayTheSpireMod:LeadingStrike+1"],"picked":"Thunderclap+1","floor":45},{"not_picked":["Headbutt+1","Perfected Strike+1","Exhume"],"picked":"SKIP","floor":46},{"not_picked":["Iron Wave","Intimidate","Seeing Red+1"],"picked":"SKIP","floor":47},{"not_picked":["Life Link+1","Twin Strike+1","hubris:SharpeningStone"],"picked":"SKIP","floor":54}],"player_experience":375453,"relics_obtained":[{"floor":6,"key":"StrikeDummy"},{"floor":8,"key":"Tiny Chest"},{"floor":11,"key":"Omamori"},{"floor":24,"key":"Nunchaku"},{"floor":26,"key":"Replay:Baseball"},{"floor":29,"key":"Juzu Bracelet"},{"floor":43,"key":"Counterbalance"},{"floor":44,"key":"Kunai"},{"floor":46,"key":"hubris:SlimyHat"},{"floor":54,"key":"Toy Ornithopter"}],"event_choices":[],"is_beta":false,"boss_relics":[{"not_picked":["aspiration:DefectSkillbook","Painkiller Herb"],"picked":"hubris:TerracottaHorce"},{"not_picked":["ReplayTheSpireMod:DimensionalGlitch","aspiration:FutureDiary"],"picked":"SlaversCollar"}],"items_purged_floors":[0,10,20,38],"is_endless":false,"potions_floor_spawned":[1,4,5,12,16,24,25,31,33,35,36,44,45,47],"killed_by":"The Heart","ascension_level":0}}