{"host":"dzit4ljil6490tuf","time":1610414260,"event":{"mods":["BaseMod","Downfall","Hermit","Hubris","Minty Spire (QoL Compilation)","StSLib","The Cursed","The Runesmith","The Servant 0.9.4"],"gold_per_floor":[99,109,109,19,194,207,231,290,301,328,328,348,375,386,404,507,507,507,517,367,382,391,391,391,438,438,476,496,496,517,97,124,231,231,231,252,82,101,128,128,128,128],"floor_reached":40,"playtime":3341,"items_purged":["Regret","Shame","Doubt"],"score":438,"play_id":"8da3faf7-015c-4cc6-bad0-016f3420fe72","local_time":"20210112021740","is_ascension_mode":true,"campfire_choices":[{"data":"Guardian:TwinSlam","floor":1,"key":"SMITH"},{"floor":11,"key":"REST"},{"data":"Guardian:Harden","floor":18,"key":"SMITH"},{"data":"Guardian:ChargeUp","floor":26,"key":"SMITH"},{"floor":29,"key":"REST"},{"data":"Guardian:PrismaticBarrier","floor":35,"key":"SMITH"}],"circlet_count":0,"master_deck":["Guardian:Strike_Guardian+1","Guardian:Strike_Guardian+1","Guardian:Strike_Guardian","Guardian:Defend_Guardian","Guardian:Defend_Guardian","Guardian:Defend_Guardian","Guardian:Defend_Guardian+1","Guardian:CurlUp","Guardian:TwinSlam+1","Guardian:ChargeUp+1","Guardian:Reroute","Guardian:BronzeOrb","Guardian:ChargeCore","Guardian:Harden+1","Guardian:Orbwalk","Guardian:Suspension","Guardian:BronzeOrb","Ghostly","Guardian:CrystalBeam","Guardian:FloatingOrbs","Guardian:ShieldCharger","Guardian:ChargeUp","Guardian:PrismaticBarrier+1","expansioncontent:QuickStudy","Guardian:RollAttack","Guardian:Preprogram","Guardian:CompilePackage","Guardian:TimeCapacitor","Guardian:Harden","Guardian:Reroute","Guardian:PrismaticBeam+1","Guardian:SpikerProtocol"],"relics":["Guardian:ModeShifter","Art of War","Blue Candle","Letter Opener","Nunchaku","Velvet Choker","CeramicFish","Bottled Lightning","Boot","Red Mask","hubris:Backtick","Ice Cream"],"acts_visited":["Exordium","TheCity","TheBeyond"],"potions_floor_usage":[8,10,13,28,31,33,39,39,40,40],"damage_taken":[{"damage":7,"enemies":"Small Slimes","floor":2,"turns":3},{"damage":9,"enemies":"downfall:FleeingMerchant","floor":4,"turns":4},{"damage":0,"enemies":"Jaw Worm","floor":6,"turns":4},{"damage":18,"enemies":"3 Sentries","floor":8,"turns":11},{"damage":0,"enemies":"2 Louse","floor":9,"turns":3},{"damage":5,"enemies":"3 Sentries","floor":10,"turns":7},{"damage":2,"enemies":"Large Slime","floor":12,"turns":4},{"damage":17,"enemies":"Gremlin Nob","floor":13,"turns":3},{"damage":0,"enemies":"2 Fungi Beasts","floor":14,"turns":3},{"damage":0,"enemies":"3 Louse","floor":15,"turns":3},{"damage":29,"enemies":"downfall:Ironclad","floor":16,"turns":9},{"damage":0,"enemies":"Chosen","floor":19,"turns":4},{"damage":2,"enemies":"3 Byrds","floor":21,"turns":3},{"damage":12,"enemies":"Masked Bandits","floor":27,"turns":4},{"damage":13,"enemies":"3 Cultists","floor":28,"turns":5},{"damage":15,"enemies":"Sentry and Sphere","floor":30,"turns":6},{"damage":0,"enemies":"downfall:FleeingMerchant","floor":31,"turns":4},{"damage":20,"enemies":"Snecko","floor":32,"turns":7},{"damage":13,"enemies":"downfall:Defect","floor":33,"turns":9},{"damage":9,"enemies":"3 Darklings","floor":36,"turns":6},{"damage":6,"enemies":"downfall:FleeingMerchant","floor":37,"turns":4},{"damage":21,"enemies":"Orb Walker","floor":38,"turns":4},{"damage":10,"enemies":"Spire Growth","floor":39,"turns":6},{"damage":45,"enemies":"Giant Head","floor":40,"turns":9}],"seed_played":"-4304384002180876465","potions_obtained":[{"floor":6,"key":"SteroidPotion"},{"floor":8,"key":"FearPotion"},{"floor":9,"key":"DuplicationPotion"},{"floor":12,"key":"ColorlessPotion"},{"floor":13,"key":"hexamod:EctoCoolerPotion"},{"floor":15,"key":"Block Potion"},{"floor":16,"key":"LiquidMemories"},{"floor":19,"key":"SkillPotion"},{"floor":30,"key":"SteroidPotion"},{"floor":32,"key":"EssenceOfSteel"},{"floor":33,"key":"Weak Potion"},{"floor":36,"key":"PowerPotion"},{"floor":39,"key":"DistilledChaos"}],"is_trial":false,"path_per_floor":["R","M","?","$","?","M","T","?","M","E","R","M","E","M","M","B",null,"R","M","?","M","?","?","T","T","R","?","M","R","M","$","M","B",null,"R","M","$","M","M","E"],"character_chosen":"GUARDIAN","items_purchased":["Guardian:Gem_Synthetic","expansioncontent:QuickStudy","Guardian:RollAttack","Guardian:Reroute"],"campfire_rested":2,"item_purchase_floors":[31,31,31,37],"current_hp_per_floor":[80,73,73,64,64,64,64,46,46,41,65,63,46,46,46,17,80,80,80,80,78,78,78,78,78,78,66,53,77,62,62,42,29,80,80,71,65,44,34,0,0,0],"gold":128,"neow_bonus":"TRANSFORM_CARD","is_daily":false,"chose_seed":false,"campfire_upgraded":4,"win_rate":0.0,"timestamp":1610414260,"path_taken":["R","M","?","$","?","M","T","?","M","E","R","M","E","M","M","BOSS","R","M","?","M","?","?","T","?","R","?","M","R","M","$","M","BOSS","R","M","$","M","M","E"],"items_purchased_type":["Card","Card","Card","Card"],"build_version":"2020-12-22","purchased_purges":3,"victory":false,"max_hp_per_floor":[80,80,80,80,80,80,80,80,80,80,80,80,80,80,80,80,80,80,80,80,80,80,80,80,80,80,80,80,80,80,80,80,80,80,80,80,80,80,80,80,80,80],"card_choices":[{"not_picked":["Guardian:Incinerate","Guardian:BronzeArmor"],"picked":"Guardian:Gem_Yellow","floor":2},{"not_picked":["Guardian:Gem_Red","Guardian:PrismaticBeam"],"picked":"Guardian:ChargeUp","floor":4},{"not_picked":["Guardian:ChargeCore","Guardian:TemporalStrike"],"picked":"Guardian:Gem_White","floor":6},{"not_picked":["Guardian:Suspension","Guardian:RollAttack"],"picked":"Guardian:Gem_Orange","floor":8},{"not_picked":["Guardian:MultiBeam","Guardian:Gem_Cyan"],"picked":"Guardian:Reroute","floor":9},{"not_picked":["Guardian:Gem_Purple","Guardian:Gem_Red"],"picked":"Guardian:BronzeOrb","floor":10},{"not_picked":["Guardian:PrimingBeam","Guardian:Gem_Lightblue"],"picked":"Guardian:ChargeCore","floor":12},{"not_picked":["Guardian:TemporalStrike","Guardian:ChargeCore"],"picked":"Guardian:Harden","floor":13},{"not_picked":["Guardian:PrismaticBarrier","Guardian:GatlingBeam"],"picked":"Guardian:Orbwalk","floor":14},{"not_picked":["Guardian:Gem_Green","Guardian:Gem_Red"],"picked":"Guardian:Suspension","floor":15},{"not_picked":["Guardian:GemFinder","Guardian:RevengeProtocol"],"picked":"Guardian:Gem_Orange","floor":16},{"not_picked":["Guardian:Incinerate","Guardian:Recover"],"picked":"Guardian:BronzeOrb","floor":19},{"not_picked":["Guardian:TimeBomb","Guardian:Emergency"],"picked":"Guardian:CrystalBeam","floor":21},{"not_picked":["Guardian:TemporalShield+1","Guardian:Incinerate+1"],"picked":"Guardian:FloatingOrbs","floor":27},{"not_picked":["Guardian:Incinerate","Guardian:Gem_White"],"picked":"Guardian:ShieldCharger","floor":28},{"not_picked":["Guardian:Gem_Blue","Guardian:Emergency"],"picked":"Guardian:ChargeUp","floor":30},{"not_picked":["Guardian:Preprogram","Guardian:ChargeCore"],"picked":"Guardian:PrismaticBarrier","floor":31},{"not_picked":["Guardian:Recover","Guardian:Gem_Cyan"],"picked":"Guardian:Preprogram","floor":32},{"not_picked":["Guardian:FastForward","Guardian:HyperBeam_Guardian"],"picked":"Guardian:CompilePackage","floor":33},{"not_picked":["Guardian:FloatingOrbs+1","Guardian:Gem_Cyan"],"picked":"Guardian:TimeCapacitor","floor":36},{"not_picked":["Guardian:Gem_Green","Guardian:Planning"],"picked":"Guardian:Harden","floor":37},{"not_picked":["Guardian:TimeBomb","Guardian:ChargeCore"],"picked":"Guardian:PrismaticBeam+1","floor":38},{"not_picked":["Guardian:VentSteam","Guardian:Gem_Red"],"picked":"Guardian:SpikerProtocol","floor":39}],"player_experience":565557,"relics_obtained":[{"floor":7,"key":"Art of War"},{"floor":8,"key":"Blue Candle"},{"floor":10,"key":"Letter Opener"},{"floor":13,"key":"Nunchaku"},{"floor":24,"key":"Bottled Lightning"},{"floor":25,"key":"Boot"},{"floor":27,"key":"Red Mask"}],"event_choices":[{"damage_healed":0,"gold_gain":0,"player_choice":"Stole Relic","damage_taken":0,"relics_obtained":["CeramicFish"],"max_hp_gain":0,"max_hp_loss":0,"event_name":"Addict","floor":22,"gold_loss":0,"cards_obtained":["Shame"]},{"damage_healed":0,"gold_gain":0,"player_choice":"Ignored","damage_taken":0,"max_hp_gain":0,"max_hp_loss":0,"event_name":"Vampires","floor":23,"gold_loss":0},{"damage_healed":0,"gold_gain":0,"player_choice":"Fought Bandits","damage_taken":0,"max_hp_gain":0,"max_hp_loss":0,"event_name":"Masked Bandits","floor":27,"gold_loss":0}],"is_beta":false,"boss_relics":[{"not_picked":["Tiny House","SlaversCollar"],"picked":"Velvet Choker"},{"not_picked":["hubris:HollowSoul","Cursed Key"],"picked":"hubris:Backtick"}],"items_purged_floors":[4,31,37],"is_endless":false,"potions_floor_spawned":[6,8,9,12,13,15,16,19,30,32,33,36,39],"killed_by":"Giant Head","ascension_level":2}}