{"host":"i7jfea87xc8lz16p","time":1610486487,"event":{"mods":["AchievementEnabler","BaseMod","Colored Powertips","Minty Spire (QoL Compilation)","Relic Stats"],"gold_per_floor":[167,182,182,196,196,196,230,250,275,42,42,42],"floor_reached":11,"language":"ENG","playtime":504,"items_purged":["Strike_R"],"score":146,"play_id":"02512ab1-d9d5-45c6-b4ce-0664a29d8020","local_time":"20210112222127","is_ascension_mode":true,"campfire_choices":[{"data":"Combust","floor":6,"key":"SMITH"}],"circlet_count":0,"master_deck":["AscendersBane","Strike_R","Strike_R","Strike_R+1","Defend_R","Defend_R","Defend_R","Defend_R","Bash","Iron Wave","Whirlwind","Combust+1","Shockwave","Feel No Pain","Pommel Strike"],"relics":["Tiny House","Strawberry","Regal Pillow","Vajra"],"acts_visited":["Exordium"],"potions_floor_usage":[7,7,8],"damage_taken":[{"damage":3,"enemies":"2 Louse","floor":1,"turns":3},{"damage":3,"enemies":"Small Slimes","floor":2,"turns":3},{"damage":2,"enemies":"Cultist","floor":4,"turns":3},{"damage":42,"enemies":"Lagavulin","floor":7,"turns":6},{"damage":2,"enemies":"Lots of Slimes","floor":8,"turns":2},{"damage":27,"enemies":"Gremlin Nob","floor":11,"turns":3}],"seed_played":"-7724566993027926797","potions_obtained":[{"floor":0,"key":"ColorlessPotion"},{"floor":2,"key":"SpeedPotion"},{"floor":7,"key":"Explosive Potion"}],"is_trial":false,"path_per_floor":["M","M","?","M","?","R","E","M","T","$","E"],"character_chosen":"IRONCLAD","items_purchased":["Vajra"],"campfire_rested":0,"item_purchase_floors":[10],"current_hp_per_floor":[70,67,60,58,58,58,23,21,21,21,0,0],"gold":42,"neow_bonus":"BOSS_RELIC","is_daily":false,"chose_seed":false,"campfire_upgraded":1,"win_rate":0.0,"timestamp":1610486487,"path_taken":["M","M","?","M","?","R","E","M","T","$","E"],"items_purchased_type":["Relic"],"build_version":"2020-12-22","purchased_purges":1,"victory":false,"max_hp_per_floor":[80,80,80,80,80,80,87,87,87,87,87,87],"relic_stats":{"Regal Pillow":0,"counters":[6,20],"obtain_stats":[{"Regal Pillow":9,"Tiny House":0,"Strawberry":7,"Vajra":10,"Burning Blood":0},{"Regal Pillow":5,"Tiny House":0,"Strawberry":4,"Vajra":5,"Burning Blood":0},{"Regal Pillow":17,"Tiny House":0,"Strawberry":15,"Vajra":17,"Burning Blood":0}]},"card_choices":[{"not_picked":["Shrug It Off","Evolve"],"picked":"Iron Wave","floor":0},{"not_picked":["Sword Boomerang","Body Slam"],"picked":"Whirlwind","floor":1},{"not_picked":["Dropkick","Metallicize"],"picked":"Combust","floor":2},{"not_picked":["Flex","Whirlwind"],"picked":"Shockwave","floor":4},{"not_picked":["Burning Pact","Reckless Charge"],"picked":"Feel No Pain","floor":7},{"not_picked":["Uppercut","Sword Boomerang"],"picked":"Pommel Strike","floor":8}],"player_experience":1765723,"relics_obtained":[{"floor":7,"key":"Strawberry"},{"floor":9,"key":"Regal Pillow"}],"event_choices":[{"cards_removed":["Strike_R"],"damage_healed":0,"gold_gain":0,"player_choice":"Card Removal","damage_taken":7,"max_hp_gain":0,"max_hp_loss":0,"event_name":"Golden Wing","floor":3,"gold_loss":0},{"damage_healed":0,"gold_gain":0,"player_choice":"Ignored","damage_taken":0,"max_hp_gain":0,"max_hp_loss":0,"event_name":"Liars Game","floor":5,"gold_loss":0}],"is_beta":false,"boss_relics":[],"items_purged_floors":[10],"is_endless":false,"potions_floor_spawned":[2,4,7],"killed_by":"Gremlin Nob","ascension_level":20}}