{"host":"qwv9nni2x0umspiu","time":1610433454,"event":{"mods":["BaseMod","Downfall","Minty Spire (QoL Compilation)","Replay The Spire","StSLib","The Hierophant","Wandering Minibosses"],"gold_per_floor":[111,127,127,145,156,156,167,166,166,166,184,184,15,26,26,16,16],"floor_reached":16,"playtime":424,"items_purged":[],"score":192,"play_id":"7e2578d2-2585-4c4c-a48f-342714062bc7","local_time":"20210111223734","is_ascension_mode":true,"campfire_choices":[{"data":"hierophant:Punish","floor":6,"key":"SMITH"},{"data":"hierophant:HammerAndAnvil","floor":12,"key":"SMITH"},{"data":"hierophant:Strike_Hierophant","floor":15,"key":"PURGE"}],"circlet_count":0,"master_deck":["AscendersBane","hierophant:Strike_Hierophant","hierophant:Strike_Hierophant","hierophant:Strike_Hierophant","hierophant:Punish+1","hierophant:Defend_Hierophant","hierophant:Defend_Hierophant+1","hierophant:Defend_Hierophant","hierophant:Defend_Hierophant","hierophant:ChurchCoffers+1","hierophant:Smite","hierophant:HammerAndAnvil+1"],"relics":["hierophant:PropheticMaskRelic","NeowsBlessing","War Paint","Meat on the Bone","Golden Idol","Membership Card"],"acts_visited":["Exordium"],"potions_floor_usage":[16,16],"damage_taken":[{"damage":0,"enemies":"Jaw Worm","floor":1,"turns":1},{"damage":0,"enemies":"Cultist","floor":2,"turns":1},{"damage":0,"enemies":"Small Slimes","floor":4,"turns":1},{"damage":8,"enemies":"Blue Slaver","floor":5,"turns":3},{"damage":0,"enemies":"Large Slime","floor":7,"turns":4},{"damage":3,"enemies":"Looter","floor":8,"turns":2},{"damage":0,"enemies":"Lots of Slimes","floor":11,"turns":1},{"damage":0,"enemies":"Blue Slaver","floor":14,"turns":2},{"damage":38,"enemies":"Slime Boss","floor":16,"turns":7}],"seed_played":"-9005882168217707317","potions_obtained":[{"floor":5,"key":"PowerPotion"},{"floor":11,"key":"Elixir"}],"is_trial":false,"path_per_floor":["M","M","?","M","M","R","M","M","T","?","M","R","$","M","R","B"],"character_chosen":"HIEROPHANT","items_purchased":["Membership Card"],"campfire_rested":0,"item_purchase_floors":[13],"current_hp_per_floor":[68,68,68,68,60,60,60,57,57,31,43,43,43,43,43,5,5],"gold":16,"neow_bonus":"THREE_ENEMY_KILL","is_daily":false,"chose_seed":false,"campfire_upgraded":2,"win_rate":0.0,"timestamp":1610433454,"path_taken":["M","M","?","?","M","R","M","M","T","?","M","R","$","M","R","BOSS"],"items_purchased_type":["Relic"],"build_version":"2020-12-22","purchased_purges":0,"victory":false,"max_hp_per_floor":[75,75,75,75,75,75,75,75,75,75,75,75,75,75,75,75,75],"card_choices":[{"not_picked":["hierophant:OrnateBuckler","hierophant:Doubloon"],"picked":"hierophant:SealAway","floor":1},{"not_picked":["hierophant:Dazzle","hierophant:Encroach","hierophant:CoinFling"],"picked":"SKIP","floor":2},{"not_picked":["hierophant:Doubloon","hierophant:LocustPlague","hierophant:SolarFlare"],"picked":"SKIP","floor":4},{"not_picked":["hierophant:SolarFlare","hierophant:MirrorShield"],"picked":"hierophant:Smite","floor":5},{"not_picked":["hierophant:MorningPrayer","hierophant:Shelter","hierophant:Purify"],"picked":"SKIP","floor":7},{"not_picked":["hierophant:ArchangelShield","hierophant:CoinFling"],"picked":"hierophant:HammerAndAnvil","floor":8},{"not_picked":["hierophant:SolarFlare","hierophant:EyeForCoin","hierophant:Doubloon"],"picked":"SKIP","floor":11},{"not_picked":["hierophant:FieryStrike","hierophant:Dazzle","hierophant:Smite"],"picked":"SKIP","floor":14}],"player_experience":1349584,"relics_obtained":[{"floor":9,"key":"Meat on the Bone"}],"event_choices":[{"cards_removed":["hierophant:SealAway"],"damage_healed":0,"gold_gain":0,"player_choice":"Gave Card","damage_taken":0,"relics_obtained":["War Paint"],"max_hp_gain":0,"max_hp_loss":0,"event_name":"WeMeetAgain","floor":3,"gold_loss":0},{"damage_healed":0,"gold_gain":0,"player_choice":"Take Damage","damage_taken":26,"relics_obtained":["Golden Idol"],"max_hp_gain":0,"max_hp_loss":0,"event_name":"Golden Idol","floor":10,"gold_loss":0}],"is_beta":false,"boss_relics":[],"items_purged_floors":[],"is_endless":false,"potions_floor_spawned":[5,11,14],"killed_by":"Slime Boss","ascension_level":20}}