{"host":"6h0diz2ap0m56grs","time":1610431779,"event":{"mods":["2.2 Compatiblity","BaseMod","Colored Map","Marisa????????","Minty Spire (QoL Compilation)","Quick Restart","Replay The Spire","Shop Mod","StSLib","The Servant 0.9.4"],"gold_per_floor":[115,129,8,8,8,33,64,64,139,139,174,174,20,55,55,150,150,164,174,174,17,116,146,146,177,202,117,144,144,172,35,35,142,142,156,116,127,46,46,92,125,164,164,208,208,252,40,68,68,68],"floor_reached":51,"playtime":1746,"items_purged":["DarkSpark+1"],"score":1377,"play_id":"5dfaa80b-a1a9-4f3b-aeec-1528d6df17e4","local_time":"20210112000939","daily_mods":["SealedDeck","Heirloom","Time Dilation","Flight"],"is_ascension_mode":true,"campfire_choices":[{"data":"GasGiant","floor":8,"key":"SMITH"},{"data":"SuperNova","floor":10,"key":"SMITH"},{"data":"PulseMagic","floor":12,"key":"SMITH"},{"data":"SprinkleStarSeal","floor":15,"key":"SMITH"},{"data":"OortCloud","floor":24,"key":"SMITH"},{"data":"AsteroidBelt","floor":29,"key":"SMITH"},{"data":"WitchLeyline","floor":32,"key":"SMITH"},{"data":"AsteroidBelt","floor":49,"key":"SMITH"}],"circlet_count":0,"master_deck":["AlicesGift","AsteroidBelt+1","PulseMagic+1","GrandCross+1","AsteroidBelt+1","ShootingEcho","SuperPerseids","GasGiant+1","WitchLeyline+1","SuperNova+1","SuperNova+1","SuperPerseids","MeteoricShower+1","SprinkleStarSeal+1","OortCloud+1","EarthLightRay+1","EscapeVelocity+1","WitchLeyline","GasGiant","GasGiant","OortCloud+1","WitchLeyline","MeteoricShower","Parasite","Parasite"],"relics":["MiniHakkero","replay:Trail_Library","Thread and Needle","Happy Flower","Pen Nib","White Beast Statue","CaptainsWheel","ReplayFunnel","Sundial","ReplayTheSpireMod:DimensionalGlitch","Snack Pack","Torii","Toy Ornithopter","ReplayTheSpireMod:Lightbulb","Bag of Marbles","CeramicFish","MerchantsRug","Black Star","Replay:Mystery Machine","Replay:Towering Pillar of Hats","Dream Catcher","Frozen Egg 2","Garlic","Art of War","Question Card","Anchor","MealTicket","Blood Vial","Meat on the Bone","ShroomBag","Replay:Ringing Soul","Oddly Smooth Stone"],"acts_visited":["Exordium","TheCity","TheBeyond"],"potions_floor_usage":[23,50,50,50],"damage_taken":[{"damage":0,"enemies":"Cultist","floor":1,"turns":2},{"damage":0,"enemies":"Jaw Worm","floor":2,"turns":1},{"damage":0,"enemies":"Lagavulin","floor":6,"turns":4},{"damage":2,"enemies":"Gremlin Nob","floor":7,"turns":3},{"damage":0,"enemies":"3 Sentries","floor":11,"turns":3},{"damage":0,"enemies":"Gremlin Nob","floor":14,"turns":3},{"damage":1,"enemies":"The Guardian","floor":16,"turns":5},{"damage":0,"enemies":"Spheric Guardian","floor":18,"turns":2},{"damage":0,"enemies":"Chosen","floor":19,"turns":3},{"damage":11,"enemies":"Slavers","floor":23,"turns":5},{"damage":2,"enemies":"Book of Stabbing","floor":25,"turns":4},{"damage":0,"enemies":"Gremlin Leader","floor":28,"turns":5},{"damage":1,"enemies":"Book of Stabbing","floor":30,"turns":4},{"damage":0,"enemies":"Champ","floor":33,"turns":6},{"damage":9,"enemies":"3 Darklings","floor":35,"turns":4},{"damage":1,"enemies":"3 Shapes","floor":37,"turns":3},{"damage":6,"enemies":"R_Hoarder","floor":40,"turns":6},{"damage":0,"enemies":"Nemesis","floor":41,"turns":5},{"damage":0,"enemies":"Reptomancer","floor":42,"turns":4},{"damage":0,"enemies":"Nemesis","floor":44,"turns":5},{"damage":0,"enemies":"Giant Head","floor":46,"turns":5},{"damage":15,"enemies":"R_Hoarder","floor":48,"turns":6},{"damage":0,"enemies":"Donu and Deca","floor":50,"turns":6}],"seed_played":"-1575321707062014209","potions_obtained":[{"floor":1,"key":"Weak Potion"},{"floor":6,"key":"Strength Potion"},{"floor":11,"key":"ColorlessPotion"},{"floor":18,"key":"BlessingOfTheForge"},{"floor":23,"key":"Venom Potion"},{"floor":35,"key":"Ancient Potion"},{"floor":40,"key":"CultistPotion"},{"floor":44,"key":"PowerPotion"}],"is_trial":true,"path_per_floor":["M","M","$","?","?","E","E","R","T","R","E","R","$","E","R","B",null,"M","M","?","$","?","E","R","E","T","?","E","R","E","$","R","B",null,"M","?","M","$","?","E","E","E","T","E","?","E","$","E","R","B",null],"character_chosen":"MARISA","items_purchased":["SuperNova","ReplayFunnel","Whetstone","MerchantsRug","WitchLeyline","GasGiant","ShroomBag"],"campfire_rested":0,"item_purchase_floors":[3,13,21,31,38,38,47],"current_hp_per_floor":[75,75,75,75,75,75,73,73,73,73,73,73,73,73,73,72,75,75,75,75,75,75,64,64,62,62,62,66,66,68,68,68,71,75,68,68,67,67,67,65,70,74,74,75,75,75,75,61,61,75],"gold":68,"neow_bonus":"","is_daily":false,"chose_seed":false,"campfire_upgraded":8,"win_rate":0.0,"timestamp":1610431779,"path_taken":["M","M","$","?","?","E","E","R","T","R","E","R","$","E","R","BOSS","M","?","?","$","?","E","R","E","T","?","E","R","E","?","R","BOSS","M","?","?","$","?","E","E","E","T","E","?","E","$","E","R","BOSS"],"items_purchased_type":["Card","Relic","Relic","Relic","Card","Card","Relic"],"build_version":"2020-12-22","purchased_purges":1,"victory":true,"max_hp_per_floor":[75,75,75,75,75,75,75,75,75,75,75,75,75,75,75,75,75,75,75,75,75,75,75,75,75,75,75,75,75,75,75,75,75,75,75,75,75,75,75,75,75,75,75,75,75,75,75,75,75,75],"card_choices":[{"not_picked":["Orbital","Occultation","MilkyWay"],"picked":"SKIP","floor":1},{"not_picked":["StarlightTyphoon","SporeBomb","GravityBeat"],"picked":"SKIP","floor":2},{"not_picked":["ChargingUp","LuminesStrike","WitchOfGreed"],"picked":"SKIP","floor":6},{"not_picked":["GravityBeat","ChargeUpSpray","NonDirectionalLaser"],"picked":"SKIP","floor":7},{"not_picked":["AlicesGift","GravityBeat"],"picked":"MeteoricShower","floor":11},{"not_picked":["StarlightTyphoon","ShootingEcho"],"picked":"SprinkleStarSeal","floor":14},{"not_picked":["ShootTheMoon","OrrerysSun","ShootingEcho"],"picked":"SKIP","floor":18},{"not_picked":["Robbery","AsteroidBelt+1","BlazeAway"],"picked":"SKIP","floor":19},{"not_picked":["GrandCross","LuminesStrike","DC"],"picked":"SKIP","floor":23},{"not_picked":["MilkyWay","ShootTheMoon","BinaryStars"],"picked":"SKIP","floor":25},{"not_picked":["SporeBomb","DC","DragonMeteor"],"picked":"SKIP","floor":28},{"not_picked":["ManaRampage","IllusionStar","SporeBomb"],"picked":"SKIP","floor":30},{"not_picked":["SatelliteIllusion","MaximisePower"],"picked":"EscapeVelocity","floor":33},{"not_picked":["MilkyWay+1","DragonMeteor+1","NonDirectionalLaser"],"picked":"SKIP","floor":35},{"not_picked":["BlazeAway+1","MysteriousBeam+1","DragonMeteor+1"],"picked":"SKIP","floor":37},{"not_picked":["SporeBomb","MysteriousBeam+1","GrandCross+1"],"picked":"SKIP","floor":40},{"not_picked":["DC+1","ManaRampage","MilkyWay"],"picked":"SKIP","floor":41},{"not_picked":["UnstableBomb","ShootTheMoon"],"picked":"OortCloud+1","floor":42},{"not_picked":["GrandCross+1","DoubleSpark","6A+1"],"picked":"WitchLeyline","floor":44},{"not_picked":["IllusionStar","StarBarrage+1","GravityBeat"],"picked":"MeteoricShower","floor":46},{"not_picked":["PowerUp+1","FairyDestructionRay+1","ChargeUpSpray+1","LuminesStrike+1"],"picked":"SKIP","floor":48}],"player_experience":180139,"relics_obtained":[{"floor":6,"key":"Happy Flower"},{"floor":7,"key":"Pen Nib"},{"floor":9,"key":"White Beast Statue"},{"floor":11,"key":"CaptainsWheel"},{"floor":14,"key":"Sundial"},{"floor":23,"key":"Snack Pack"},{"floor":25,"key":"Torii"},{"floor":26,"key":"Toy Ornithopter"},{"floor":28,"key":"Bag of Marbles"},{"floor":30,"key":"CeramicFish"},{"floor":40,"key":"Replay:Mystery Machine"},{"floor":40,"key":"Replay:Towering Pillar of Hats"},{"floor":41,"key":"Dream Catcher"},{"floor":41,"key":"Frozen Egg 2"},{"floor":42,"key":"Garlic"},{"floor":42,"key":"Art of War"},{"floor":43,"key":"Question Card"},{"floor":44,"key":"Anchor"},{"floor":44,"key":"MealTicket"},{"floor":46,"key":"Blood Vial"},{"floor":46,"key":"Meat on the Bone"},{"floor":48,"key":"Replay:Ringing Soul"},{"floor":48,"key":"Oddly Smooth Stone"}],"event_choices":[{"damage_healed":0,"gold_gain":0,"player_choice":"Forge","damage_taken":0,"max_hp_gain":0,"max_hp_loss":0,"event_name":"Accursed Blacksmith","floor":5,"gold_loss":0,"cards_upgraded":["SuperNova"]},{"damage_healed":0,"gold_gain":0,"player_choice":"Read","damage_taken":0,"max_hp_gain":0,"max_hp_loss":0,"event_name":"The Library","floor":20,"gold_loss":0,"cards_obtained":["OortCloud"]},{"damage_healed":0,"gold_gain":99,"player_choice":"Stole From Cult","damage_taken":0,"max_hp_gain":0,"max_hp_loss":0,"event_name":"Nest","floor":22,"gold_loss":0},{"damage_healed":0,"gold_gain":0,"player_choice":"Obtained Relic","damage_taken":0,"relics_obtained":["ReplayTheSpireMod:Lightbulb"],"max_hp_gain":0,"max_hp_loss":0,"event_name":"Addict","floor":27,"gold_loss":85},{"damage_healed":0,"gold_gain":0,"player_choice":"Upgraded Two","damage_taken":0,"max_hp_gain":0,"max_hp_loss":0,"event_name":"Designer","floor":36,"gold_loss":40,"cards_upgraded":["EarthLightRay","EscapeVelocity"]},{"damage_healed":0,"gold_gain":0,"player_choice":"Memory 1","damage_taken":0,"max_hp_gain":0,"max_hp_loss":0,"event_name":"SensoryStone","floor":39,"gold_loss":0},{"damage_healed":0,"gold_gain":0,"player_choice":"Ignored","damage_taken":0,"max_hp_gain":0,"max_hp_loss":0,"event_name":"Tomb of Lord Red Mask","floor":45,"gold_loss":0}],"is_beta":false,"boss_relics":[{"not_picked":["Astrolabe","Busted Crown"],"picked":"ReplayTheSpireMod:DimensionalGlitch"},{"not_picked":["SacredBark","Kintsugi"],"picked":"Black Star"}],"items_purged_floors":[47],"is_endless":false,"potions_floor_spawned":[1,6,11,14,16,18,19,23,25,28,30,33,35,37,40,41,42,44,46,48],"ascension_level":1}}