{"host":"dfdlagp3oxcmt84k","time":1610486800,"event":{"mods":["AchievementEnabler","BaseMod","Bestiary","BetterRewards","Card Forge","Minty Spire (QoL Compilation)","StSLib","Thieving Mod"],"gold_per_floor":[117,67,84,84,102,102,127,52,52,85,44,72,72,86,86,185,185,202,221,232,249,249,277,277,310,389,389,405,110,121,121,121,226,226,244,244,258,278,278,278],"floor_reached":39,"language":"ENG","playtime":4444,"items_purged":["Defend_G"],"score":769,"play_id":"02347555-972a-4c04-9846-d8f3eebb8496","local_time":"20210112142640","is_ascension_mode":true,"campfire_choices":[{"data":"Leg Sweep","floor":6,"key":"SMITH"},{"floor":13,"key":"REST"},{"floor":15,"key":"REST"},{"floor":27,"key":"REST"},{"data":"Metallicize","floor":32,"key":"SMITH"}],"circlet_count":0,"master_deck":["Defend_G","Defend_G","Defend_G","Defend_G","Survivor","Neutralize","Deadly Poison","Deflect","Leg Sweep+1","Prepared","Barricade","Feel No Pain","Metallicize+1","After Image","Venomology","Acrobatics+1","Adrenaline+1","Burst","Bouncing Flask","Catalyst","Crippling Poison+1","Deadly Poison+1","Corpse Explosion+1","Envenom+1","Noxious Fumes+1","Crippling Poison","Noxious Fumes","Outmaneuver","Die Die Die","Poisoned Stab","Backflip+1","Pain","Concentrate","Finesse","FlyingSleeves","Decay","Injury","Injury","Master of Strategy","CurseOfTheBell","Feel No Pain+1","Madness","Madness","Discovery","Blade Dance+1"],"relics":["Ring of the Snake","Hammer of Thor","Seething Fire","Anvil of the Gods","Nunchaku","Darkstone Periapt","Ancient Tea Set","Torii","Snecko Eye","WarpedTongs","Bottled Tornado","PrismaticShard","Juzu Bracelet","Pantograph","Mango","Medical Kit","Calling Bell","Orichalcum","Gremlin Horn","Thread and Needle"],"acts_visited":["Exordium","TheCity","TheBeyond"],"potions_floor_usage":[10,16,16,20,20,23,25,28,28,28,33,33,35,35,38],"damage_taken":[{"damage":1,"enemies":"Jaw Worm","floor":1,"turns":5},{"damage":0,"enemies":"2 Louse","floor":3,"turns":3},{"damage":0,"enemies":"Cultist","floor":5,"turns":4},{"damage":19,"enemies":"Lagavulin","floor":7,"turns":13},{"damage":25,"enemies":"3 Sentries","floor":10,"turns":5},{"damage":8,"enemies":"Gremlin Nob","floor":12,"turns":4},{"damage":0,"enemies":"Gremlin Gang","floor":14,"turns":2},{"damage":0,"enemies":"The Guardian","floor":16,"turns":7},{"damage":0,"enemies":"Chosen","floor":18,"turns":4},{"damage":0,"enemies":"Spheric Guardian","floor":19,"turns":3},{"damage":0,"enemies":"Snecko","floor":20,"turns":4},{"damage":2,"enemies":"3 Cultists","floor":21,"turns":3},{"damage":15,"enemies":"Slavers","floor":23,"turns":4},{"damage":21,"enemies":"Book of Stabbing","floor":25,"turns":4},{"damage":1,"enemies":"Cultist and Chosen","floor":28,"turns":4},{"damage":4,"enemies":"Centurion and Healer","floor":30,"turns":5},{"damage":5,"enemies":"Champ","floor":33,"turns":8},{"damage":54,"enemies":"3 Darklings","floor":35,"turns":6},{"damage":25,"enemies":"Orb Walker","floor":37,"turns":8},{"damage":4,"enemies":"Maw","floor":38,"turns":9},{"damage":28,"enemies":"2 Orb Walkers","floor":39,"turns":3}],"seed_played":"-2061403665895878111","potions_obtained":[{"floor":7,"key":"LiquidMemories"},{"floor":10,"key":"Fire Potion"},{"floor":16,"key":"LiquidMemories"},{"floor":20,"key":"FearPotion"},{"floor":23,"key":"Strength Potion"},{"floor":25,"key":"Explosive Potion"},{"floor":30,"key":"Fire Potion"}],"is_trial":false,"path_per_floor":["M","?","M","?","M","R","E","$","T","E","$","E","R","M","R","B",null,"M","M","M","M","?","E","$","E","T","R","M","$","M","$","R","B",null,"M","?","M","M","?"],"character_chosen":"THE_SILENT","items_purchased":["Noxious Fumes","Mango"],"campfire_rested":3,"item_purchase_floors":[11,29],"current_hp_per_floor":[76,76,76,69,69,69,50,50,50,25,25,17,40,40,63,63,77,77,77,77,75,81,66,66,45,45,69,68,80,76,76,76,96,121,67,52,27,23,0,0],"gold":278,"neow_bonus":"TEN_PERCENT_HP_BONUS","is_daily":false,"chose_seed":false,"campfire_upgraded":2,"win_rate":0.0,"timestamp":1610486800,"path_taken":["M","?","M","?","M","R","E","$","T","E","?","E","R","?","R","BOSS","M","?","M","?","?","E","$","E","T","R","M","$","M","?","R","BOSS","M","?","M","M","?"],"items_purchased_type":["Card","Relic"],"build_version":"2020-12-22","purchased_purges":1,"victory":false,"max_hp_per_floor":[77,77,77,77,77,77,77,77,77,77,77,77,77,77,77,77,77,77,77,77,77,83,83,83,83,83,83,83,115,115,115,115,115,121,121,121,121,121,121,121],"card_choices":[{"not_picked":["Prepared","Blade Dance"],"picked":"Deadly Poison","floor":1},{"not_picked":["Slice","Blade Dance"],"picked":"Deflect","floor":3},{"not_picked":["Grand Finale","Deadly Poison"],"picked":"Leg Sweep","floor":5},{"not_picked":["Grand Finale","Outmaneuver"],"picked":"Prepared","floor":7},{"not_picked":["Underhanded Strike","Deadly Poison"],"picked":"Crippling Poison","floor":10},{"not_picked":["Caltrops","Deflect","Noxious Fumes"],"picked":"SKIP","floor":12},{"not_picked":["Acrobatics","Dagger Spray"],"picked":"Outmaneuver","floor":14},{"not_picked":["Doppelganger","Phantasmal Killer"],"picked":"Die Die Die","floor":16},{"not_picked":["Deflect","Tactician+1"],"picked":"Poisoned Stab","floor":18},{"not_picked":["Dagger Spray","Dagger Throw","Masterful Stab"],"picked":"SKIP","floor":19},{"not_picked":["Bullet Time","Crippling Poison"],"picked":"Backflip+1","floor":20},{"not_picked":["Dagger Throw","Sucker Punch","Acrobatics"],"picked":"SKIP","floor":21},{"not_picked":["PiercingWail","Dagger Throw"],"picked":"Concentrate","floor":23},{"not_picked":["Forethought","Tempest"],"picked":"Finesse","floor":25},{"not_picked":["Crippling Poison","Eviscerate+1"],"picked":"FlyingSleeves","floor":28},{"not_picked":["Coolheaded","Cloak And Dagger+1","Whirlwind"],"picked":"SKIP","floor":30},{"not_picked":["Vault","Reaper"],"picked":"Master of Strategy","floor":33},{"not_picked":["Go for the Eyes","Conserve Battery+1"],"picked":"Feel No Pain+1","floor":35},{"not_picked":["All Out Attack+1","Acrobatics"],"picked":"Discovery","floor":37},{"not_picked":["ClearTheMind","Cold Snap"],"picked":"Blade Dance+1","floor":38}],"player_experience":209649,"relics_obtained":[{"floor":7,"key":"Nunchaku"},{"floor":9,"key":"Darkstone Periapt"},{"floor":10,"key":"Ancient Tea Set"},{"floor":12,"key":"Torii"},{"floor":23,"key":"Bottled Tornado"},{"floor":25,"key":"Juzu Bracelet"},{"floor":26,"key":"Pantograph"},{"floor":34,"key":"Orichalcum"},{"floor":34,"key":"Gremlin Horn"},{"floor":34,"key":"Thread and Needle"}],"event_choices":[{"cards_removed":["Strike_G"],"damage_healed":0,"gold_gain":0,"player_choice":"Card Removal","damage_taken":0,"max_hp_gain":0,"max_hp_loss":0,"event_name":"The Cleric","floor":2,"gold_loss":50},{"cards_removed":["Strike_G"],"damage_healed":0,"gold_gain":0,"player_choice":"Card Removal","damage_taken":7,"max_hp_gain":0,"max_hp_loss":0,"event_name":"Golden Wing","floor":4,"gold_loss":0},{"damage_healed":0,"gold_gain":0,"player_choice":"Rummage","damage_taken":0,"relics_obtained":["WarpedTongs"],"max_hp_gain":0,"max_hp_loss":0,"event_name":"Accursed Blacksmith","floor":22,"gold_loss":0,"cards_obtained":["Pain"]},{"damage_healed":0,"gold_gain":0,"player_choice":"Embrace Madness","damage_taken":15,"max_hp_gain":0,"max_hp_loss":0,"event_name":"Winding Halls","floor":36,"gold_loss":0,"cards_obtained":["Madness","Madness"]},{"damage_healed":0,"gold_gain":0,"player_choice":"Fight","damage_taken":0,"max_hp_gain":0,"max_hp_loss":0,"event_name":"Mysterious Sphere","floor":39,"gold_loss":0}],"is_beta":false,"boss_relics":[{"not_picked":["Ectoplasm","Ring of the Serpent"],"picked":"Snecko Eye"},{"not_picked":["Velvet Choker","HoveringKite"],"picked":"Calling Bell"}],"items_purged_floors":[8],"is_endless":false,"potions_floor_spawned":[7,10,16,20,23,25,30],"killed_by":"2 Orb Walkers","ascension_level":1}}