{"host":"480qzmvu0s2e3e6w","time":1610432028,"event":{"mods":["BaseMod","Colored Map","DeckTracker","Lobotomy","Minty Spire (QoL Compilation)","StSLib","SuperFastMode"],"gold_per_floor":[115,130,25,42,55,55,70,70,70,96,118,140,179,211,223,334,346,374,406,438,214,227,227,240,240,240,105,136,150,150,150],"floor_reached":30,"playtime":1306,"items_purged":["Strike_B","Strike_B"],"score":465,"play_id":"c5608cf5-7098-44ab-b87b-95da16d52de2","local_time":"20210112151348","is_ascension_mode":true,"campfire_choices":[{"data":"Sunder","floor":6,"key":"SMITH"},{"data":"Defragment","floor":8,"key":"SMITH"},{"floor":15,"key":"REST"},{"data":"Turbo","floor":23,"key":"SMITH"},{"data":"Darkness","floor":25,"key":"SMITH"}],"circlet_count":0,"master_deck":["AscendersBane","Defend_B","Defend_B","Defend_B","Defend_B","Zap+1","Dualcast","Ball Lightning","Sweeping Beam","Cold Snap","Defragment+1","Sunder+1","Chill","Chaos","Electrodynamics","Auto Shields","Rainbow","Compile Driver+1","Turbo","Turbo+1","Skim","Loop","Hologram+1","Darkness+1","Dark Shackles","Steam Power"],"relics":["Cracked Core","Membership Card","MawBank","Bag of Marbles","Empty Cage","Medical Kit","Mercury Hourglass"],"acts_visited":["Exordium","TheCity"],"potions_floor_usage":[13,16,18,18,20,24,29],"damage_taken":[{"damage":1,"enemies":"Cultist","floor":1,"turns":3},{"damage":0,"enemies":"2 Louse","floor":2,"turns":3},{"damage":0,"enemies":"Small Slimes","floor":4,"turns":2},{"damage":9,"enemies":"Red Slaver","floor":5,"turns":3},{"damage":24,"enemies":"Exordium Thugs","floor":7,"turns":3},{"damage":8,"enemies":"Large Slime","floor":10,"turns":3},{"damage":6,"enemies":"Gremlin Gang","floor":11,"turns":4},{"damage":3,"enemies":"Blue Slaver","floor":12,"turns":2},{"damage":14,"enemies":"Gremlin Nob","floor":13,"turns":3},{"damage":0,"enemies":"2 Fungi Beasts","floor":14,"turns":3},{"damage":2,"enemies":"Slime Boss","floor":16,"turns":6},{"damage":15,"enemies":"2 Thieves","floor":18,"turns":3},{"damage":9,"enemies":"Spheric Guardian","floor":19,"turns":3},{"damage":2,"enemies":"Centurion and Healer","floor":20,"turns":4},{"damage":2,"enemies":"Chosen and Byrds","floor":22,"turns":4},{"damage":18,"enemies":"Sentry and Sphere","floor":24,"turns":4},{"damage":0,"enemies":"Slavers","floor":28,"turns":1},{"damage":0,"enemies":"Snecko","floor":29,"turns":3},{"damage":16,"enemies":"Centurion and Healer","floor":30,"turns":2}],"seed_played":"7367598621631076646","potions_obtained":[{"floor":5,"key":"SneckoOil"},{"floor":7,"key":"FearPotion"},{"floor":13,"key":"LiquidMemories"},{"floor":14,"key":"Explosive Potion"},{"floor":16,"key":"Fire Potion"},{"floor":18,"key":"SneckoOil"},{"floor":20,"key":"Fire Potion"},{"floor":24,"key":"Block Potion"}],"is_trial":false,"path_per_floor":["M","M","$","M","M","R","M","R","T","M","M","M","E","M","R","B",null,"M","M","M","$","M","R","M","R","T","$","E","M","M"],"character_chosen":"DEFECT","items_purchased":["Membership Card","Cold Snap","Medical Kit","Skim","Loop","FairyPotion","Dark Shackles","Steam Power"],"campfire_rested":1,"item_purchase_floors":[3,3,21,21,21,21,27,27],"current_hp_per_floor":[67,67,67,67,58,58,34,34,34,26,20,17,3,3,25,23,62,47,38,36,36,34,34,16,16,16,16,16,16,22,22],"gold":150,"neow_bonus":"UPGRADE_CARD","is_daily":false,"chose_seed":false,"campfire_upgraded":4,"win_rate":0.0,"timestamp":1610432028,"path_taken":["M","M","$","M","M","R","M","R","T","M","M","M","E","M","R","BOSS","M","M","?","$","M","R","M","R","T","$","E","M","M"],"items_purchased_type":["Relic","Card","Relic","Card","Card","Potion","Card","Card"],"build_version":"2020-12-22","purchased_purges":2,"victory":false,"max_hp_per_floor":[75,75,75,75,75,75,75,75,75,75,75,75,75,75,75,75,75,75,75,75,75,75,75,75,75,75,75,75,75,75,75],"card_choices":[{"not_picked":["Redo","Leap"],"picked":"Ball Lightning","floor":1},{"not_picked":["Rip and Tear","Go for the Eyes"],"picked":"Sweeping Beam","floor":2},{"not_picked":["Leap","Go for the Eyes"],"picked":"Defragment","floor":4},{"not_picked":["Stack","Recycle"],"picked":"Sunder","floor":5},{"not_picked":["Machine Learning","Recycle"],"picked":"Chill","floor":7},{"not_picked":["Redo","Compile Driver"],"picked":"Chaos","floor":10},{"not_picked":["Self Repair","Rebound","Cold Snap"],"picked":"SKIP","floor":11},{"not_picked":["Steam","Beam Cell","Rebound"],"picked":"SKIP","floor":12},{"not_picked":["Reprogram","Cold Snap"],"picked":"Electrodynamics","floor":13},{"not_picked":["Redo","Stack"],"picked":"Auto Shields","floor":14},{"not_picked":["Thunder Strike","Electrodynamics"],"picked":"Rainbow","floor":16},{"not_picked":["Barrage","FTL"],"picked":"Compile Driver+1","floor":18},{"not_picked":["Stack","Sweeping Beam"],"picked":"Turbo","floor":19},{"not_picked":["Go for the Eyes","Undo+1"],"picked":"Turbo","floor":20},{"not_picked":["Glacier","Conserve Battery"],"picked":"Hologram+1","floor":22},{"not_picked":["Barrage","Ball Lightning"],"picked":"Darkness","floor":24},{"not_picked":["Leap","Hologram+1","Streamline"],"picked":"SKIP","floor":28},{"not_picked":["Gash","All For One","Rebound"],"picked":"SKIP","floor":29}],"player_experience":681439,"relics_obtained":[{"floor":9,"key":"MawBank"},{"floor":13,"key":"Bag of Marbles"},{"floor":28,"key":"Mercury Hourglass"}],"event_choices":[],"is_beta":false,"boss_relics":[{"not_picked":["Snecko Eye","Black Star"],"picked":"Empty Cage"}],"items_purged_floors":[21,27],"is_endless":false,"potions_floor_spawned":[5,7,13,14,16,18,20,24],"killed_by":"Centurion and Healer","ascension_level":10}}