{"host":"0nnch38g0slmkwok","time":1610467966,"event":{"mods":["BaseMod","Minty Spire (QoL Compilation)","Replay The Spire","StSLib"],"gold_per_floor":[110,35,55,102,114,148,148,48,48,48,48,76,76,89,89,192,192,206,206,223,98,113,113,126,156,236,236,261,3,25,76,76,206,506,535,73,73,4,28,86,86,129,153,201,228,254,254,288,288,322,322,322,172,227,267],"floor_reached":56,"playtime":3448,"items_purged":["Defend_R","Strike_R","Strike_R","Languid"],"score":1524,"play_id":"39da6f39-6ab9-4015-89db-011b2d764cbd","local_time":"20210113001246","is_ascension_mode":true,"campfire_choices":[{"data":"Bash","floor":7.0,"key":"SMITH"},{"data":"Immolate","floor":11.0,"key":"SMITH"},{"data":"Evolve","floor":13.0,"key":"SMITH"},{"floor":15.0,"key":"RECALL"},{"data":"Second Wind","floor":23.0,"key":"SMITH"},{"data":"Rage","floor":27.0,"key":"SMITH"},{"data":"Defy Death","floor":32.0,"key":"SMITH"},{"data":"Dark Embrace","floor":41.0,"key":"SMITH"},{"data":"Mayhem","floor":49,"key":"SMITH"},{"data":"Armaments","floor":52,"key":"SMITH"}],"circlet_count":0,"master_deck":["Bash+1","Second Wind+1","Dropkick","Carnage","Immolate+1","Twin Strike+1","Evolve+1","Fiend Fire","Wild Strike+1","Body Slam+1","Rage+1","Bloodletting","Defy Death+1","Offering","CommonCold","CurseOfTheBell","Dark Embrace+1","ReplayReversal+1","Shockwave","Mayhem+1","Armaments+1","Shockwave"],"relics":["Burning Blood","NeowsBlessing","Self Forming Clay","Durian","Replay:PocketPolymizer","Replay:Mystery Machine","Replay:Grab Bag","Coffee Dripper","Sozu","Black Star","Ornamental Fan","ReplayFunnel","Replay:Bandana","Champion Belt","Pantograph","Onion Ring","CaptainsWheel","Replay:Ancient Bell","Bag of Marbles","ReplayTheSpireMod:Ninjato","Old Coin","Brimstone","Happy Flower","Ancient Tea Set","Gremlin Food","ReplayTheSpireMod:Lightbulb","Oddly Smooth Stone","Whetstone","ReplayTheSpireMod:TigerMarble","Bronze Scales","King of Hearts","Gremlin Horn","Centennial Puzzle"],"acts_visited":["Exordium","TheCity","TheBeyond","TheEnding"],"potions_floor_usage":[],"damage_taken":[{"damage":0.0,"enemies":"Cultist","floor":1.0,"turns":1.0},{"damage":0.0,"enemies":"2 Louse","floor":3.0,"turns":1.0},{"damage":0.0,"enemies":"Jaw Worm","floor":5.0,"turns":1.0},{"damage":35.0,"enemies":"3 Sentries","floor":6.0,"turns":9.0},{"damage":15.0,"enemies":"Lagavulin","floor":12.0,"turns":3.0},{"damage":0.0,"enemies":"Large Slime","floor":14.0,"turns":3.0},{"damage":10.0,"enemies":"Fading Forest","floor":16.0,"turns":11.0},{"damage":13.0,"enemies":"3 Byrds","floor":18.0,"turns":5.0},{"damage":12.0,"enemies":"Shell Parasite","floor":20.0,"turns":2.0},{"damage":5.0,"enemies":"Chosen and Byrds","floor":22.0,"turns":4.0},{"damage":8.0,"enemies":"Sentry and Sphere","floor":24.0,"turns":3.0},{"damage":20.0,"enemies":"Gremlin Leader","floor":25.0,"turns":3.0},{"damage":20.0,"enemies":"Slavers","floor":28.0,"turns":3.0},{"damage":2.0,"enemies":"Snake Plant","floor":30.0,"turns":2.0},{"damage":14.0,"enemies":"Book of Stabbing","floor":31.0,"turns":3.0},{"damage":26.0,"enemies":"Collector","floor":33.0,"turns":4.0},{"damage":4.0,"enemies":"Orb Walker","floor":35.0,"turns":2.0},{"damage":6.0,"enemies":"3 Darklings","floor":39.0,"turns":1.0},{"damage":9.0,"enemies":"Giant Head","floor":40.0,"turns":3.0},{"damage":9.0,"enemies":"Nemesis","floor":42.0,"turns":1.0},{"damage":6.0,"enemies":"R_Hoarder","floor":44.0,"turns":6.0},{"damage":3.0,"enemies":"Spire Growth","floor":45.0,"turns":1.0},{"damage":7.0,"enemies":"Maw","floor":46.0,"turns":4.0},{"damage":1,"enemies":"Transient","floor":48,"turns":5},{"damage":54,"enemies":"Replay:Hell Engine","floor":50,"turns":4},{"damage":14,"enemies":"Shield and Spear","floor":54,"turns":3},{"damage":13,"enemies":"The Heart","floor":55,"turns":4}],"seed_played":"-4496026440659509675","potions_obtained":[{"floor":3.0,"key":"Ancient Potion"},{"floor":4.0,"key":"EssenceOfSteel"},{"floor":6.0,"key":"GamblersBrew"},{"floor":14.0,"key":"LiquidBronze"}],"is_trial":false,"path_per_floor":["M","$","M","?","M","E","R","$","T","?","R","E","R","M","R","B",null,"M","?","M","$","M","R","M","E","T","R","E","$","M","E","R","B",null,"M","$","?","$","M","E","R","E","T","E","M","M","?","M","R","B",null,"R","$","E","B",null],"character_chosen":"IRONCLAD","items_purchased":["Pantograph","Brimstone","Happy Flower","Dark Embrace","King of Hearts"],"campfire_rested":0,"item_purchase_floors":[29,36,36,38,53],"current_hp_per_floor":[78,78,80,80,80,56,56,56,56,56,56,47,47,53,53,49,76,69,69,63,63,64,64,62,48,48,48,34,34,38,30,30,35,73,75,75,75,75,75,72,72,69,69,69,72,71,71,76,76,37,73,73,73,65,78],"gold":267,"neow_bonus":"THREE_ENEMY_KILL","is_daily":false,"chose_seed":false,"campfire_upgraded":9,"win_rate":0.0,"timestamp":1610467966,"path_taken":["M","?","M","?","M","E","R","$","T","?","R","E","R","?","R","BOSS","M","?","?","?","M","R","M","E","T","R","E","$","M","E","R","BOSS","M","$","?","$","?","E","R","E","T","E","M","M","?","M","R","BOSS","R","$","E","BOSS"],"items_purchased_type":["Relic","Relic","Relic","Card","Relic"],"build_version":"2020-12-22","purchased_purges":4,"victory":true,"max_hp_per_floor":[80,80,80,80,80,85,85,85,85,85,85,85,85,85,85,85,85,85,85,85,85,85,85,85,85,85,85,85,85,85,85,85,85,85,85,85,85,85,85,85,85,85,85,85,85,85,85,85,85,85,85,85,85,85,85],"card_choices":[{"not_picked":["Run Through","Shrug It Off"],"picked":"Iron Wave","floor":1.0},{"not_picked":["Battle Trance","Iron Wave"],"picked":"Second Wind","floor":3.0},{"not_picked":["Pommel Strike","Feed"],"picked":"Dropkick","floor":4.0},{"not_picked":["Dark Embrace","Massacre"],"picked":"Carnage","floor":5.0},{"not_picked":["Fire Breathing","Bloodletting"],"picked":"Immolate","floor":6.0},{"not_picked":["Clothesline","Cleave"],"picked":"Evolve","floor":12.0},{"not_picked":["Flex","ReplayTheSpireMod:Strike From Hell","Dark Embrace"],"picked":"SKIP","floor":14.0},{"not_picked":["Corruption","Replay:Many Hands"],"picked":"Fiend Fire","floor":16.0},{"not_picked":["Fire Breathing","Run Through"],"picked":"Wild Strike","floor":18.0},{"not_picked":["ReplayTheSpireMod:Strike From Hell","Pommel Strike","Armaments"],"picked":"SKIP","floor":20.0},{"not_picked":["Immolate","Warcry"],"picked":"Body Slam+1","floor":22.0},{"not_picked":["Thunderclap","ReplayTheSpireMod:Strike From Hell","ReplayTheSpireMod:Limb From Limb"],"picked":"SKIP","floor":24.0},{"not_picked":["Perfected Strike","Warcry","Replay:Undeath\u0027s Touch"],"picked":"SKIP","floor":25.0},{"not_picked":["Defy Death","ReplayTheSpireMod:Strike From Hell+1","Exhume"],"picked":"SKIP","floor":28.0},{"not_picked":["Sword Boomerang+1","Metallicize","Clash"],"picked":"SKIP","floor":30.0},{"not_picked":["Carnage+1","Metallicize"],"picked":"Bloodletting","floor":31.0},{"not_picked":["Hemogenesis","Brutality"],"picked":"Offering","floor":33.0},{"not_picked":["ReplayTheSpireMod:Restless Dread","AbeCurse"],"picked":"CommonCold","floor":34.0},{"not_picked":["Regret","ReplayTheSpireMod:Splinters"],"picked":"CurseOfTheBell","floor":34.0},{"not_picked":["ReplayTheSpireMod:Restless Dread","Regret"],"picked":"Languid","floor":34.0},{"not_picked":["Life Link+1","True Grit","Dual Wield"],"picked":"SKIP","floor":35.0},{"not_picked":["Heavy Blade+1","Clash","Flex"],"picked":"SKIP","floor":39.0},{"not_picked":["Sentinel","Massacre"],"picked":"ReplayReversal+1","floor":40.0},{"not_picked":["Sword Boomerang+1","Flex+1","Headbutt+1"],"picked":"SKIP","floor":42.0},{"not_picked":["Carnage+1","Wild Strike+1","Twin Strike"],"picked":"SKIP","floor":44.0},{"not_picked":["Sword Boomerang+1","Twin Strike","Heavy Blade+1"],"picked":"SKIP","floor":45.0},{"not_picked":["Sword Boomerang+1","Immolate","Run Through"],"picked":"SKIP","floor":46.0},{"not_picked":["Flash of Steel","Replay:Bootleg Shield Generator"],"picked":"Mayhem","floor":47.0},{"not_picked":["Pommel Strike","Iron Wave+1","Headbutt"],"picked":"SKIP","floor":48},{"not_picked":["Run Through","Flex+1","Iron Wave+1"],"picked":"SKIP","floor":54}],"player_experience":61566,"relics_obtained":[{"floor":4.0,"key":"Self Forming Clay"},{"floor":6.0,"key":"Durian"},{"floor":9.0,"key":"Replay:PocketPolymizer"},{"floor":12.0,"key":"Replay:Mystery Machine"},{"floor":25.0,"key":"Ornamental Fan"},{"floor":25.0,"key":"ReplayFunnel"},{"floor":28.0,"key":"Replay:Bandana"},{"floor":28.0,"key":"Champion Belt"},{"floor":31.0,"key":"Onion Ring"},{"floor":31.0,"key":"CaptainsWheel"},{"floor":40.0,"key":"Ancient Tea Set"},{"floor":40.0,"key":"Gremlin Food"},{"floor":42.0,"key":"ReplayTheSpireMod:Lightbulb"},{"floor":42.0,"key":"Oddly Smooth Stone"},{"floor":43.0,"key":"Whetstone"},{"floor":44.0,"key":"ReplayTheSpireMod:TigerMarble"},{"floor":44.0,"key":"Bronze Scales"},{"floor":54,"key":"Gremlin Horn"},{"floor":54,"key":"Centennial Puzzle"}],"event_choices":[{"damage_healed":0.0,"max_hp_gain":0.0,"max_hp_loss":0.0,"gold_gain":0.0,"cards_transformed":["Defend_R"],"event_name":"Transmorgrifier","player_choice":"Transformed","floor":10.0,"gold_loss":0.0,"damage_taken":0.0,"cards_obtained":["Rampage"]},{"cards_removed":["Sever Soul"],"damage_healed":0.0,"max_hp_gain":0.0,"max_hp_loss":0.0,"gold_gain":0.0,"event_name":"Purifier","player_choice":"Purged","floor":19.0,"gold_loss":0.0,"damage_taken":0.0},{"damage_healed":0.0,"max_hp_gain":0.0,"max_hp_loss":0.0,"gold_gain":0.0,"event_name":"SecretPortal","player_choice":"Ignored","floor":37.0,"gold_loss":0.0,"damage_taken":0.0},{"damage_healed":0.0,"max_hp_gain":0.0,"max_hp_loss":0.0,"gold_gain":0.0,"event_name":"SensoryStone","player_choice":"Memory 1","floor":47.0,"gold_loss":0.0,"damage_taken":0.0}],"is_beta":false,"boss_relics":[{"not_picked":["Runic Pyramid","Velvet Choker"],"picked":"Replay:Grab Bag"},{"not_picked":["Philosopher\u0027s Stone","ChewingGum"],"picked":"Coffee Dripper"},{"not_picked":["Busted Crown","Runic Dome"],"picked":"Sozu"},{"not_picked":["Astrolabe","Black Blood"],"picked":"Black Star"},{"not_picked":["SacredBark","Runic Cube"],"picked":"Replay:Ancient Bell"},{"not_picked":["Replay:Rubber Ducky","Smiling Mask"],"picked":"Bag of Marbles"},{"not_picked":["White Beast Statue","Toxic Egg 2"],"picked":"ReplayTheSpireMod:Ninjato"},{"not_picked":["Magic Flower","Torii"],"picked":"Old Coin"}],"items_purged_floors":[2,8,21,36],"is_endless":false,"potions_floor_spawned":[3,6,14,18,20,28,40,44,48,54],"ascension_level":6}}