{"host":"z0tqw7lu1gwakzxm","time":1610409931,"event":{"mods":["BaseMod","DeckTracker","Lobotomy","Minty Spire (QoL Compilation)","StSLib","slay the spire mod where everything is the same but ironclad has a cowboy hat"],"gold_per_floor":[116,116,131,60,70,70,96,108,201,213,225,225],"floor_reached":11,"playtime":2405,"items_purged":[],"score":89,"play_id":"b94ddb23-4692-4b1a-831a-58f6f011fb4e","local_time":"20210111190531","is_ascension_mode":true,"campfire_choices":[{"data":"True Grit","floor":6,"key":"SMITH"},{"floor":8,"key":"REST"}],"circlet_count":0,"master_deck":["Strike_R","Strike_R","Strike_R","Strike_R","Defend_R","Defend_R","Defend_R","Defend_R","Bash","CherryBlossoms","Evolve","BeautyBeast","True Grit+1","Carnage","NakedNest","Spot Weakness","Wellcheers","Disarm"],"relics":["Burning Blood","CogitoBucket","MawBank","Molten Egg 2"],"acts_visited":["Exordium"],"potions_floor_usage":[7],"damage_taken":[{"damage":9,"enemies":"Small Slimes","floor":1,"turns":4},{"damage":14,"enemies":"Cultist","floor":3,"turns":5},{"damage":1,"enemies":"Jaw Worm","floor":5,"turns":3},{"damage":41,"enemies":"Lagavulin","floor":7,"turns":6},{"damage":66,"enemies":"3 Sentries","floor":11,"turns":12}],"seed_played":"1308907268110545336","potions_obtained":[{"floor":3,"key":"AttackPotion"},{"floor":7,"key":"ElixirPotion"}],"is_trial":false,"path_per_floor":["M","?","M","$","M","R","E","R","T","$","E"],"character_chosen":"IRONCLAD","items_purchased":["Carnage"],"campfire_rested":1,"item_purchase_floors":[4],"current_hp_per_floor":[77,77,69,69,74,74,39,63,63,63,0,0],"gold":225,"neow_bonus":"","is_daily":false,"chose_seed":false,"campfire_upgraded":1,"win_rate":0.0,"timestamp":1610409931,"path_taken":["M","?","M","$","M","R","E","R","T","?","E"],"items_purchased_type":["Card"],"build_version":"2020-12-22","purchased_purges":0,"victory":false,"max_hp_per_floor":[80,80,80,80,80,80,80,80,80,80,80,80],"card_choices":[{"not_picked":["Wellcheers","FairyFestival"],"picked":"CherryBlossoms","floor":1},{"not_picked":["Rage","Clothesline"],"picked":"Evolve","floor":1},{"not_picked":["Bloodbath","OldLady"],"picked":"BeautyBeast","floor":3},{"not_picked":["Havoc","Headbutt"],"picked":"True Grit","floor":3},{"not_picked":["Rudolta","Laetitia"],"picked":"NakedNest","floor":5},{"not_picked":["Juggernaut","Thunderclap"],"picked":"Spot Weakness","floor":5},{"not_picked":["GalaxyChild","Scorched"],"picked":"Wellcheers","floor":7},{"not_picked":["Immolate","Thunderclap"],"picked":"Disarm","floor":7}],"player_experience":328747,"relics_obtained":[{"floor":7,"key":"MawBank"},{"floor":9,"key":"Molten Egg 2"}],"event_choices":[{"cards_removed":["Strike_R"],"damage_healed":0,"gold_gain":0,"player_choice":"Card Removal","damage_taken":0,"max_hp_gain":0,"max_hp_loss":0,"event_name":"Wheel of Change","floor":2,"gold_loss":0}],"is_beta":false,"boss_relics":[],"items_purged_floors":[],"is_endless":false,"potions_floor_spawned":[3,7],"killed_by":"3 Sentries","ascension_level":5}}