{"host":"vpaavrwbmey593fx","time":1610481098,"event":{"mods":["AchievementEnabler","BaseMod","Bestiary","Colored Map","Colored Powertips","DeckTracker","Minty Spire (QoL Compilation)","Relic Sorter"],"gold_per_floor":[118,118,134,152,171,171,201,201,228,228,248,261,271,302,302,403,403,418,33,51,51,51],"floor_reached":21,"language":"ENG","playtime":1285,"items_purged":[],"score":241,"play_id":"15ac8c80-0a71-4866-848e-fdb29c007ffd","local_time":"20210112115138","is_ascension_mode":true,"campfire_choices":[{"data":"Whirlwind","floor":6,"key":"SMITH"},{"data":"Bash","floor":8,"key":"SMITH"},{"data":"Shrug It Off","floor":10,"key":"SMITH"},{"data":"True Grit","floor":15,"key":"SMITH"}],"circlet_count":0,"master_deck":["Strike_R","Strike_R","Defend_R","Defend_R","Defend_R","Bash+1","Wild Strike","Whirlwind+1","Shrug It Off+1","Ghostly Armor","True Grit+1","Limit Break+1","Perfected Strike+1","Bloodletting+1","Rupture","Feel No Pain"],"relics":["Burning Blood","NeowsBlessing","Regal Pillow","PreservedInsect","Bag of Marbles","Astrolabe","Charon\u0027s Ashes"],"acts_visited":["Exordium","TheCity"],"potions_floor_usage":[7,7,16,21],"damage_taken":[{"damage":0,"enemies":"Small Slimes","floor":1,"turns":1},{"damage":0,"enemies":"Cultist","floor":3,"turns":1},{"damage":0,"enemies":"2 Louse","floor":4,"turns":1},{"damage":6,"enemies":"2 Fungi Beasts","floor":5,"turns":5},{"damage":12,"enemies":"Gremlin Nob","floor":7,"turns":4},{"damage":5,"enemies":"Blue Slaver","floor":11,"turns":3},{"damage":5,"enemies":"Lots of Slimes","floor":12,"turns":2},{"damage":0,"enemies":"3 Louse","floor":13,"turns":1},{"damage":20,"enemies":"Lagavulin","floor":14,"turns":6},{"damage":57,"enemies":"Hexaghost","floor":16,"turns":12},{"damage":22,"enemies":"Spheric Guardian","floor":18,"turns":4},{"damage":38,"enemies":"Shell Parasite","floor":20,"turns":8},{"damage":17,"enemies":"Centurion and Healer","floor":21,"turns":3}],"seed_played":"-7355913926643914492","potions_obtained":[{"floor":3,"key":"Block Potion"},{"floor":5,"key":"Strength Potion"},{"floor":12,"key":"LiquidBronze"},{"floor":20,"key":"Explosive Potion"}],"is_trial":false,"path_per_floor":["M","?","M","M","M","R","E","R","T","R","M","M","M","E","R","B",null,"M","$","M","M"],"character_chosen":"IRONCLAD","items_purchased":["Feel No Pain","Charon\u0027s Ashes"],"campfire_rested":0,"item_purchase_floors":[19,19],"current_hp_per_floor":[80,80,80,80,80,80,74,74,74,74,75,76,80,66,66,15,64,48,48,16,0,0],"gold":51,"neow_bonus":"THREE_ENEMY_KILL","is_daily":false,"chose_seed":false,"campfire_upgraded":4,"win_rate":0.0,"timestamp":1610481098,"path_taken":["M","?","M","M","M","R","E","R","T","R","M","M","M","E","R","BOSS","M","$","M","?"],"items_purchased_type":["Card","Relic"],"build_version":"2020-12-22","purchased_purges":0,"victory":false,"max_hp_per_floor":[80,80,80,80,80,80,80,80,80,80,80,80,80,80,80,80,80,80,80,80,80,80],"card_choices":[{"not_picked":["Body Slam","Blood for Blood","Clash"],"picked":"SKIP","floor":1},{"not_picked":["Flex","Spot Weakness"],"picked":"Whirlwind","floor":3},{"not_picked":["Headbutt","Heavy Blade"],"picked":"Shrug It Off","floor":4},{"not_picked":["Clash","Wild Strike","Combust"],"picked":"SKIP","floor":5},{"not_picked":["Wild Strike","Bludgeon","Sword Boomerang"],"picked":"SKIP","floor":7},{"not_picked":["Heavy Blade","Havoc"],"picked":"Ghostly Armor","floor":11},{"not_picked":["Pummel","Havoc"],"picked":"True Grit","floor":12},{"not_picked":["True Grit","Sword Boomerang","Entrench"],"picked":"SKIP","floor":13},{"not_picked":["Sever Soul","Combust","Barricade"],"picked":"SKIP","floor":14},{"not_picked":["Anger","Cleave"],"picked":"Rupture","floor":18},{"not_picked":["Power Through+1","Twin Strike+1","Uppercut"],"picked":"SKIP","floor":20}],"player_experience":176358,"relics_obtained":[{"floor":7,"key":"Regal Pillow"},{"floor":9,"key":"PreservedInsect"},{"floor":14,"key":"Bag of Marbles"}],"event_choices":[{"damage_healed":0,"gold_gain":0,"cards_transformed":["Strike_R"],"player_choice":"Transformed","damage_taken":0,"max_hp_gain":0,"max_hp_loss":0,"event_name":"Transmorgrifier","floor":2,"gold_loss":0,"cards_obtained":["Wild Strike"]}],"is_beta":false,"boss_relics":[{"not_picked":["Empty Cage","Ectoplasm"],"picked":"Astrolabe"}],"items_purged_floors":[],"is_endless":false,"potions_floor_spawned":[3,5,12,20],"killed_by":"Centurion and Healer","ascension_level":5}}