{"host":"c7yluuzpqlymemjk","time":1610437076,"event":{"mods":["BaseMod","Colored Map","GifTheSpireLib","Minty Spire (QoL Compilation)","Relic Stats","StSLib","slay the spire mod where everything is the same but ironclad has a cowboy hat"],"gold_per_floor":[110,127,202,213,213,240,240,274,353,379,389,163,163,177,177,277,277,287,257,269,286,298,298,298,298,324,324,336,336,336],"floor_reached":29,"playtime":1253,"items_purged":["Defend_R"],"score":282,"play_id":"84bbf3a2-8424-4c4e-a63c-b394bedbc9dc","local_time":"20210111233756","is_ascension_mode":true,"campfire_choices":[{"floor":7,"key":"RECALL"},{"floor":13,"key":"REST"},{"data":"Armaments","floor":15,"key":"SMITH"},{"floor":23,"key":"REST"},{"floor":25,"key":"REST"},{"data":"Rage","floor":27,"key":"SMITH"}],"circlet_count":0,"master_deck":["Strike_R","Strike_R","Strike_R","Strike_R","Strike_R","Defend_R","Defend_R+1","Defend_R","Bash","Thunderclap","Iron Wave","Perfected Strike+1","Ghostly Armor+1","Rage+1","Warcry","Perfected Strike","Armaments+1","Berserk","Bloodletting","Warcry","Cleave","Intimidate","Dual Wield+1"],"relics":["Burning Blood","NeowsBlessing","Lizard Tail","War Paint","Mercury Hourglass","Pen Nib","Black Star","Vajra"],"acts_visited":["Exordium","TheCity"],"potions_floor_usage":[8,22,29],"damage_taken":[{"damage":0,"enemies":"Cultist","floor":1,"turns":1},{"damage":0,"enemies":"Small Slimes","floor":2,"turns":1},{"damage":0,"enemies":"2 Louse","floor":4,"turns":1},{"damage":27,"enemies":"Gremlin Nob","floor":6,"turns":4},{"damage":33,"enemies":"3 Sentries","floor":8,"turns":10},{"damage":26,"enemies":"Lagavulin","floor":10,"turns":9},{"damage":18,"enemies":"Red Slaver","floor":11,"turns":3},{"damage":5,"enemies":"Exordium Thugs","floor":14,"turns":4},{"damage":42,"enemies":"Hexaghost","floor":16,"turns":9},{"damage":38,"enemies":"Spheric Guardian","floor":18,"turns":4},{"damage":0,"enemies":"Chosen","floor":20,"turns":4},{"damage":41,"enemies":"Snake Plant","floor":21,"turns":4},{"damage":32,"enemies":"Shelled Parasite and Fungi","floor":22,"turns":5},{"damage":39,"enemies":"Chosen and Byrds","floor":28,"turns":6},{"damage":41,"enemies":"Gremlin Leader","floor":29,"turns":3}],"seed_played":"6894681133247364389","potions_obtained":[{"floor":4,"key":"FearPotion"},{"floor":6,"key":"EssenceOfSteel"},{"floor":10,"key":"SkillPotion"},{"floor":19,"key":"FairyPotion"},{"floor":28,"key":"Dexterity Potion"}],"is_trial":false,"path_per_floor":["M","M","?","M","?","E","R","E","T","E","M","$","R","M","R","B",null,"M","?","M","M","M","R","?","R","T","R","M","E"],"character_chosen":"IRONCLAD","items_purchased":["Pen Nib"],"campfire_rested":3,"item_purchase_floors":[12],"current_hp_per_floor":[80,80,69,75,75,54,54,27,27,7,37,37,61,62,62,26,80,48,48,54,19,30,54,39,64,64,64,31,0,0],"gold":336,"neow_bonus":"THREE_ENEMY_KILL","is_daily":false,"chose_seed":false,"campfire_upgraded":2,"win_rate":0.0,"timestamp":1610437076,"path_taken":["M","?","?","M","?","E","R","E","T","E","M","$","R","?","R","BOSS","M","?","M","M","?","R","?","R","T","R","M","E"],"items_purchased_type":["Relic"],"build_version":"2020-12-22","purchased_purges":1,"victory":false,"max_hp_per_floor":[80,80,80,80,80,80,80,80,80,80,80,80,80,80,80,80,80,80,80,80,80,80,80,85,85,85,85,85,85,85],"relic_stats":{"Lizard Tail":40,"counters":[15,68],"Pen Nib":[6],"Black Star":0,"War Paint":["Ghostly Armor","Defend_R"],"obtain_stats":[{"Lizard Tail":6,"NeowsBlessing":0,"Vajra":26,"Pen Nib":12,"Black Star":17,"War Paint":8,"Burning Blood":0,"Mercury Hourglass":10},{"Lizard Tail":4,"NeowsBlessing":0,"Vajra":13,"Pen Nib":7,"Black Star":9,"War Paint":5,"Burning Blood":0,"Mercury Hourglass":6},{"Lizard Tail":7,"NeowsBlessing":0,"Vajra":59,"Pen Nib":29,"Black Star":42,"War Paint":17,"Burning Blood":0,"Mercury Hourglass":26}],"Burning Blood":72,"Mercury Hourglass":[121]},"card_choices":[{"not_picked":["Shockwave","Cleave"],"picked":"Thunderclap","floor":1},{"not_picked":["Body Slam","Twin Strike"],"picked":"Iron Wave","floor":2},{"not_picked":["Warcry","Sword Boomerang"],"picked":"Perfected Strike","floor":4},{"not_picked":["Armaments","Headbutt"],"picked":"Ghostly Armor","floor":6},{"not_picked":["Body Slam","Clothesline"],"picked":"Rage","floor":8},{"not_picked":["Corruption","Body Slam"],"picked":"Warcry","floor":10},{"not_picked":["Wild Strike","Sword Boomerang"],"picked":"Perfected Strike","floor":11},{"not_picked":["Sword Boomerang","Fire Breathing"],"picked":"Armaments","floor":14},{"not_picked":["Fiend Fire","Brutality"],"picked":"Berserk","floor":16},{"not_picked":["Clothesline","Sword Boomerang"],"picked":"Bloodletting","floor":18},{"not_picked":["Clash","True Grit"],"picked":"Warcry","floor":20},{"not_picked":["Body Slam","Warcry"],"picked":"Cleave","floor":21},{"not_picked":["Clothesline","Body Slam+1"],"picked":"Intimidate","floor":22},{"not_picked":["Brutality","Headbutt"],"picked":"Dual Wield+1","floor":28}],"player_experience":343542,"relics_obtained":[{"floor":6,"key":"Lizard Tail"},{"floor":8,"key":"War Paint"},{"floor":10,"key":"Mercury Hourglass"},{"floor":26,"key":"Vajra"}],"event_choices":[{"damage_healed":0,"gold_gain":75,"player_choice":"Gather Gold","damage_taken":11,"max_hp_gain":0,"max_hp_loss":0,"event_name":"World of Goop","floor":3,"gold_loss":0},{"damage_healed":0,"gold_gain":0,"player_choice":"Upgraded","damage_taken":0,"max_hp_gain":0,"max_hp_loss":0,"event_name":"Upgrade Shrine","floor":5,"gold_loss":0,"cards_upgraded":["Perfected Strike"]},{"damage_healed":0,"gold_gain":0,"player_choice":"Bought 2 Potions","damage_taken":0,"max_hp_gain":0,"max_hp_loss":0,"event_name":"The Woman in Blue","floor":19,"gold_loss":0},{"damage_healed":0,"gold_gain":0,"player_choice":"Shed Blood","damage_taken":20,"max_hp_gain":5,"max_hp_loss":0,"event_name":"Forgotten Altar","floor":24,"gold_loss":0}],"is_beta":false,"boss_relics":[{"not_picked":["Fusion Hammer","Runic Pyramid"],"picked":"Black Star"}],"items_purged_floors":[12],"is_endless":false,"potions_floor_spawned":[4,6,10,21,28],"killed_by":"Gremlin Leader","ascension_level":3}}