{"host":"dbkc9h3etq50r1dq","time":1610447322,"event":{"mods":["AchievementEnabler","BaseMod","Block Reminder","Colored Powertips","Curses Come First","Custom Start","Dark Map","Minty Spire (QoL Compilation)","Permanent Neow","Potion Indicator Mod","Rare Cards Sparkle","StSLib","SuperFastMode","The Jungle"],"gold_per_floor":[118,131,131,131,22,22,22,32,32,50,50,50,20,40,40,145,145,161,161,161,261,271,271,94,94,94,129,56,56,70,100,100,100,100],"floor_reached":33,"playtime":618,"items_purged":["Strike_R","Strike_R"],"score":326,"play_id":"2c732203-ec97-4e1b-b7fa-36bcb7c5fe7a","local_time":"20210112182842","is_ascension_mode":true,"campfire_choices":[{"data":"Metallicize","floor":6.0,"key":"SMITH"},{"data":"Whirlwind","floor":12.0,"key":"SMITH"},{"data":"Shrug It Off","floor":15.0,"key":"SMITH"},{"data":"Flex","floor":23.0,"key":"SMITH"},{"data":"Metallicize","floor":25,"key":"SMITH"},{"data":"Uppercut","floor":32,"key":"SMITH"}],"circlet_count":0,"master_deck":["Strike_R","Strike_R","Defend_R","Defend_R","Defend_R","Bash+1","Metallicize+1","Whirlwind+1","Shrug It Off+1","Bloodletting+1","Flex+1","Metallicize+1","Uppercut+1","Rampage","Battle Trance","Sword Boomerang"],"relics":["Burning Blood","Juzu Bracelet","Toy Ornithopter","Potion Belt","Mark of Pain","Enchiridion","HornCleat","Shovel","Red Mask"],"acts_visited":["Exordium","TheCity"],"potions_floor_usage":[27,27],"damage_taken":[{"damage":0.0,"enemies":"Small Slimes","floor":1.0,"turns":3.0},{"damage":11.0,"enemies":"Jaw Worm","floor":2.0,"turns":4.0},{"damage":1.0,"enemies":"Cultist","floor":8.0,"turns":4.0},{"damage":0.0,"enemies":"Lots of Slimes","floor":10.0,"turns":1.0},{"damage":5.0,"enemies":"Gremlin Gang","floor":14.0,"turns":2.0},{"damage":43.0,"enemies":"Slime Boss","floor":16.0,"turns":10.0},{"damage":1.0,"enemies":"3 Byrds","floor":18.0,"turns":3.0},{"damage":0.0,"enemies":"2 Thieves","floor":22.0,"turns":1.0},{"damage":18,"enemies":"Slavers","floor":27,"turns":5},{"damage":17,"enemies":"Snake Plant","floor":30,"turns":3},{"damage":0,"enemies":"Masked Bandits","floor":31,"turns":3},{"damage":79,"enemies":"Collector","floor":33,"turns":8}],"seed_played":"-8079865727561925904","potions_obtained":[{"floor":8.0,"key":"SteroidPotion"},{"floor":10.0,"key":"Fire Potion"},{"floor":13.0,"key":"Swift Potion"},{"floor":13.0,"key":"Fruit Juice"},{"floor":16.0,"key":"Block Potion"},{"floor":18.0,"key":"SteroidPotion"},{"floor":22.0,"key":"Energy Potion"}],"is_trial":false,"path_per_floor":["M","M","?","?","$","R","?","M","T","M","?","R","?","M","R","B",null,"M","?","?","?","M","R","$","R","T","E","$","?","M","?","R","B"],"character_chosen":"IRONCLAD","items_purchased":["Metallicize","Metallicize","Rampage"],"campfire_rested":0,"item_purchase_floors":[5,24,28],"current_hp_per_floor":[78,73,66,66,66,66,66,71,71,77,77,77,85,85,85,48,76,85,69,69,69,80,80,80,80,80,78,78,78,67,73,73,0,0],"gold":100,"neow_bonus":"RANDOM_COMMON_RELIC","is_daily":false,"chose_seed":false,"campfire_upgraded":6,"win_rate":0.0,"timestamp":1610447322,"path_taken":["M","M","?","?","$","R","?","M","T","M","?","R","?","M","R","BOSS","M","?","?","?","M","R","$","R","T","E","$","?","M","?","R","BOSS"],"items_purchased_type":["Card","Card","Card"],"build_version":"2020-12-22","purchased_purges":2,"victory":false,"max_hp_per_floor":[80,80,80,80,80,80,80,80,80,80,80,80,85,85,85,85,85,85,85,85,85,85,85,85,85,85,85,85,85,85,85,85,85,85],"card_choices":[{"not_picked":["True Grit","Dropkick","Perfected Strike"],"picked":"SKIP","floor":1.0},{"not_picked":["Wild Strike","True Grit","Havoc"],"picked":"SKIP","floor":2.0},{"not_picked":["Offering","True Grit"],"picked":"Whirlwind","floor":8.0},{"not_picked":["Warcry","Hemokinesis"],"picked":"Shrug It Off","floor":10.0},{"not_picked":["Clash","Perfected Strike","True Grit"],"picked":"SKIP","floor":14.0},{"not_picked":["Anger","Combust+1"],"picked":"Bloodletting","floor":18.0},{"not_picked":["Entrench+1","Headbutt+1"],"picked":"Flex","floor":22.0},{"not_picked":["Second Wind","Armaments"],"picked":"Uppercut","floor":27},{"not_picked":["Searing Blow","Reaper"],"picked":"Sword Boomerang","floor":30}],"player_experience":140079,"relics_obtained":[{"floor":9.0,"key":"Toy Ornithopter"},{"floor":19.0,"key":"Enchiridion"},{"floor":26,"key":"HornCleat"},{"floor":27,"key":"Shovel"},{"floor":31,"key":"Red Mask"}],"event_choices":[{"cards_removed":["Strike_R"],"damage_healed":0.0,"max_hp_gain":0.0,"max_hp_loss":0.0,"gold_gain":0.0,"event_name":"Golden Wing","player_choice":"Card Removal","floor":3.0,"gold_loss":0.0,"damage_taken":7.0},{"cards_removed":["Defend_R"],"damage_healed":0.0,"max_hp_gain":0.0,"max_hp_loss":0.0,"gold_gain":0.0,"event_name":"Bonfire Elementals","player_choice":"Offered Basic","floor":4.0,"gold_loss":0.0,"damage_taken":0.0},{"damage_healed":0.0,"max_hp_gain":0.0,"max_hp_loss":0.0,"gold_gain":0.0,"event_name":"Accursed Blacksmith","player_choice":"Forge","floor":7.0,"gold_loss":0.0,"damage_taken":0.0,"cards_upgraded":["Bash"]},{"damage_healed":0.0,"max_hp_gain":0.0,"max_hp_loss":0.0,"gold_gain":0.0,"event_name":"WeMeetAgain","player_choice":"Gave Potion","floor":11.0,"gold_loss":0.0,"damage_taken":0.0,"relics_obtained":["Potion Belt"]},{"damage_healed":0.0,"max_hp_gain":0.0,"max_hp_loss":0.0,"gold_gain":0.0,"event_name":"The Woman in Blue","player_choice":"Bought 2 Potions","floor":13.0,"gold_loss":0.0,"damage_taken":0.0},{"damage_healed":0.0,"max_hp_gain":0.0,"max_hp_loss":0.0,"gold_gain":0.0,"event_name":"Cursed Tome","player_choice":"Obtained Book","floor":19.0,"gold_loss":0.0,"damage_taken":16.0},{"damage_healed":0.0,"max_hp_gain":0.0,"max_hp_loss":0.0,"gold_gain":0.0,"event_name":"Upgrade Shrine","player_choice":"Upgraded","floor":20.0,"gold_loss":0.0,"damage_taken":0.0,"cards_upgraded":["Bloodletting"]},{"damage_healed":0.0,"max_hp_gain":0.0,"max_hp_loss":0.0,"gold_gain":100.0,"event_name":"Golden Shrine","player_choice":"Pray","floor":21.0,"gold_loss":0.0,"damage_taken":0.0},{"damage_healed":0,"gold_gain":0,"player_choice":"Read","damage_taken":0,"max_hp_gain":0,"max_hp_loss":0,"event_name":"The Library","floor":29,"gold_loss":0,"cards_obtained":["Battle Trance"]},{"damage_healed":0,"gold_gain":0,"player_choice":"Fought Bandits","damage_taken":0,"max_hp_gain":0,"max_hp_loss":0,"event_name":"Masked Bandits","floor":31,"gold_loss":0}],"is_beta":false,"boss_relics":[{"not_picked":["Coffee Dripper","Cursed Key"],"picked":"Mark of Pain"}],"items_purged_floors":[5,24],"is_endless":false,"potions_floor_spawned":[8,10,16,18,22],"killed_by":"Collector","ascension_level":6}}