{"host":"xkmvu47k9fdstweo","time":1610415451,"event":{"mods":["BaseMod","Colored Map","Conspire","Hubris","Minty Spire (QoL Compilation)","Quick Restart","Railgun Mod","Shop Mod","StSLib","The Alterego","The Servant 0.9.4","The Wild Card","TheBandit","WarShipGirlsR/??è≠èóR mod","vexMod"],"gold_per_floor":[114,64,78,10,0,34,34,68,68,93,111,111,111,123,123,123,123],"floor_reached":16,"playtime":326,"items_purged":[],"score":215,"play_id":"bc9117e5-a4b1-4c91-a3ed-a89001a2a235","local_time":"20210111203731","is_ascension_mode":true,"campfire_choices":[{"data":"Uppercut","floor":7.0,"key":"SMITH"},{"floor":15,"key":"REST"}],"circlet_count":0,"master_deck":["AscendersBane","Strike_R","Strike_R","Strike_R","Strike_R","Strike_R","Defend_R","Defend_R","Defend_R","Defend_R","Bash","Twin Strike","True Grit","Uppercut+1","Disarm","Flex","Rampage","Juggernaut","True Grit","Pummel"],"relics":["Burning Blood","NeowsBlessing","Art of War","hubris:TenFootPole","InkBottle","hubris:SlimyHat","Smiling Mask"],"acts_visited":["Exordium"],"potions_floor_usage":[16],"damage_taken":[{"damage":0.0,"enemies":"Cultist","floor":1.0,"turns":1.0},{"damage":0.0,"enemies":"2 Louse","floor":3.0,"turns":1.0},{"damage":0.0,"enemies":"Gremlin Nob","floor":6.0,"turns":1.0},{"damage":26.0,"enemies":"3 Sentries","floor":8.0,"turns":8.0},{"damage":39,"enemies":"Gremlin Nob","floor":10,"turns":5},{"damage":0,"enemies":"Small Slimes","floor":11,"turns":2},{"damage":9,"enemies":"Exordium Wildlife","floor":14,"turns":4},{"damage":36,"enemies":"The Guardian","floor":16,"turns":9}],"seed_played":"-4759999896982249616","potions_obtained":[{"floor":3.0,"key":"Block Potion"},{"floor":6.0,"key":"Fire Potion"},{"floor":14,"key":"Block Potion"}],"is_trial":false,"path_per_floor":["M","$","M","$","?","E","R","E","T","E","M","?","?","M","R","B"],"character_chosen":"IRONCLAD","items_purchased":["True Grit","Disarm"],"campfire_rested":1,"item_purchase_floors":[2,4],"current_hp_per_floor":[78,78,80,80,80,80,80,60,60,27,33,22,22,19,43,7,7],"gold":123,"neow_bonus":"THREE_ENEMY_KILL","is_daily":false,"chose_seed":false,"campfire_upgraded":1,"win_rate":0.0,"timestamp":1610415451,"path_taken":["M","$","?","$","?","E","R","E","T","E","M","?","?","M","R","BOSS"],"items_purchased_type":["Card","Card"],"build_version":"2020-12-22","purchased_purges":0,"victory":false,"max_hp_per_floor":[80,80,80,80,80,80,80,80,80,80,80,80,80,80,80,80,80],"card_choices":[{"not_picked":["Armaments","Dual Wield"],"picked":"Twin Strike","floor":1.0},{"not_picked":["Armaments","Thunderclap"],"picked":"Uppercut","floor":3.0},{"not_picked":[],"picked":"Flex","floor":5.0},{"not_picked":["Pommel Strike","Disarm"],"picked":"Rampage","floor":6.0},{"not_picked":["Brutality","Sentinel"],"picked":"Juggernaut","floor":8.0},{"not_picked":["Seeing Red","Body Slam","Feel No Pain"],"picked":"SKIP","floor":10},{"not_picked":["Clash","Blood for Blood"],"picked":"True Grit","floor":11},{"not_picked":["Flame Barrier","Clothesline"],"picked":"Pummel","floor":14}],"player_experience":302722,"relics_obtained":[{"floor":6.0,"key":"Art of War"},{"floor":8.0,"key":"hubris:TenFootPole"},{"floor":9.0,"key":"InkBottle"},{"floor":10,"key":"hubris:SlimyHat"}],"event_choices":[{"damage_healed":0,"gold_gain":0,"player_choice":"Success","damage_taken":25,"relics_obtained":["Smiling Mask"],"max_hp_gain":0,"max_hp_loss":0,"event_name":"Scrap Ooze","floor":12,"gold_loss":0}],"is_beta":false,"boss_relics":[],"items_purged_floors":[],"is_endless":false,"potions_floor_spawned":[3,6,14],"killed_by":"The Guardian","ascension_level":10}}