{"host":"2pluridizrp50jef","time":1610430432,"event":{"mods":["ATMod(阿瑾Mod)","BaseMod","Better Altar","Better Match","Better Note","Better Sensory Stone","Better Skull","Better Third Choice","Colored Powertips","Custom Start","Decade(王小明)","Hermit","Lobotomy","LobotomyExtend","Marisa（F雨　魔理沙）","Minty Spire (QoL Compilation)","Rare Cards Sparkle","Replay The Spire","StSLib","The Animator","The Bug Knight","The Cursed","The Hierophant","The Servant 0.9.4","Waifu the Spire","WarShipGirlsR/战舰少女R mod"],"gold_per_floor":[109,109,109,109,122,156,156,176,202,202,202,202,202,228,228,228,228],"floor_reached":16,"playtime":890,"items_purged":[],"score":445,"play_id":"1f80c3e3-2220-4f3a-9570-01f2690b06cf","local_time":"20210111214712","is_ascension_mode":true,"campfire_choices":[{"floor":7,"key":"REST"}],"circlet_count":0,"master_deck":["Acceleration+1","PowerUp+1","PowerUp+1","All For One+1","All For One+1","Hyperbeam+1","Seek+1","Scrape+1","Scrape+1","Skim+1","Skim+1","Gash+1","Gash+1","WallGazer","SingingMachine","MeatLantern","animator:AcuraShin"],"relics":["animator:LivingPicture","animator:TheMissingPiece","AT_ATBox","animator:PurgingStone","TheCursedMod:FourLeafCloverCharm","AT_ArchangelStaff","InkBottle","Gremlin Horn","AT_TrinityForce","Juzu Bracelet","Bag of Preparation","Replay:Baseball","HollowMod:LifeEnderRelic","WristBlade","MagicBroom","Black Star","AT_EbonyIvory","AT_SpeedBoots","Pen Nib","HandmadeGrimoire","Bottled Flame","ReplayTheSpireMod:Lightbulb","Blue Candle","Singing Bowl","StoneMask","Pear","War Paint","AT_ImmortalShieldbow","LetterFromLob","CogitoBucket","animator:BattleDrones","animator:ShionDessert","Replay:Wax Seal","Mirror","AT_RedTearstoneRing"],"acts_visited":["Exordium"],"potions_floor_usage":[],"damage_taken":[{"damage":0,"enemies":"Cultist","floor":1,"turns":1},{"damage":0,"enemies":"Jaw Worm","floor":4,"turns":1},{"damage":0,"enemies":"Small Slimes","floor":5,"turns":2},{"damage":2,"enemies":"3 Sentries","floor":6,"turns":1},{"damage":2,"enemies":"Looter","floor":8,"turns":1},{"damage":2,"enemies":"Lots of Slimes","floor":12,"turns":1},{"damage":2,"enemies":"Lagavulin","floor":14,"turns":1},{"damage":102,"enemies":"Slime Boss","floor":16,"turns":1}],"seed_played":"-5215590839778719469","potions_obtained":[{"floor":8,"key":"Elixir"}],"is_trial":true,"path_per_floor":["M","WH","WH","M","M","E","R","M","T","E","$","M","?","E","R","B"],"character_chosen":"THE_ANIMATOR","items_purchased":[],"campfire_rested":1,"item_purchase_floors":[],"current_hp_per_floor":[69,69,69,72,78,83,83,86,86,86,86,91,91,94,94,0,0],"gold":228,"neow_bonus":"UPGRADE_CARD","is_daily":false,"chose_seed":false,"campfire_upgraded":0,"win_rate":0.0,"timestamp":1610430432,"path_taken":["M","WH","WH","M","M","E","R","M","T","E","$","M","?","E","R","BOSS"],"items_purchased_type":[],"build_version":"2020-12-22","purchased_purges":0,"victory":false,"max_hp_per_floor":[73,73,73,74,78,83,83,86,86,86,86,91,91,94,94,94,94],"card_choices":[{"not_picked":["animator:Hakurou","animator:Ara","animator:Hitei"],"picked":"Singing Bowl","floor":1},{"not_picked":["WallGazer","SnowQueen"],"picked":"CherryBlossoms","floor":4},{"not_picked":["animator:Alexander","animator:AcuraTooru","animator:Benimaru"],"picked":"SKIP","floor":4},{"not_picked":["WhitesApple","UniverseFragment"],"picked":"WallGazer","floor":5},{"not_picked":["animator:Lancer","animator:FielNirvalen","animator:Layla"],"picked":"Singing Bowl","floor":5},{"not_picked":["animator:Tyuule","animator:YaoHaDucy","animator:Kuribayashi"],"picked":"Singing Bowl","floor":6},{"not_picked":["VoidDream","Wellcheers"],"picked":"SingingMachine","floor":6},{"not_picked":["LaLuna","Bloodbath"],"picked":"MeatLantern","floor":8},{"not_picked":["animator:Chung","animator:WinryRockbell","animator:IrohaTamaki"],"picked":"Singing Bowl","floor":8},{"not_picked":["Laetitia","BlackSwan"],"picked":"RedShoes","floor":12},{"not_picked":["animator:Ara","animator:Tyuule","animator:Mitsuba"],"picked":"SKIP","floor":12},{"not_picked":["animator:SakuraMatou","animator:Evileye","animator:Kyubey"],"picked":"Singing Bowl","floor":14},{"not_picked":["UniverseFragment","OldLady"],"picked":"LittleHelper","floor":14}],"player_experience":121726,"relics_obtained":[{"floor":1,"key":"LetterFromLob"},{"floor":6,"key":"animator:BattleDrones"},{"floor":6,"key":"animator:ShionDessert"},{"floor":9,"key":"Replay:Wax Seal"},{"floor":14,"key":"Mirror"},{"floor":14,"key":"AT_RedTearstoneRing"}],"event_choices":[{"cards_removed":["RedShoes"],"damage_healed":0,"gold_gain":0,"player_choice":"Offered Uncommon","damage_taken":0,"max_hp_gain":0,"max_hp_loss":0,"event_name":"Bonfire Elementals","floor":13,"gold_loss":0}],"is_beta":false,"boss_relics":[],"items_purged_floors":[],"is_endless":false,"potions_floor_spawned":[4,8,12],"killed_by":"Slime Boss","ascension_level":20}}