{"host":"hgppx942rrnelsya","time":1610461173,"event":{"mods":["Act Like it!","BaseMod","Friendly Minions","Gensokyo","GifTheSpireLib","Hallownest","KinomotoSakuraMod(????)","Koishi","Marisa????????","Minty Spire (QoL Compilation)","Prisma Mod","Remilia??????","StSLib","The Alterego","The Animator","The Forsaken","The Hierophant","The Mystic","The Runesmith","The Servant 0.9.4"],"gold_per_floor":[117,29,45,62,74,100,111,111,187,187,212,177,194,211,211,312,312,329,329,25,44,57,57,57],"floor_reached":23,"playtime":815,"items_purged":[],"score":205,"play_id":"8c655fa2-f0e6-4cbe-a526-70cd77489d15","local_time":"20210112141933","is_ascension_mode":false,"campfire_choices":[{"floor":15,"key":"REST"}],"circlet_count":0,"master_deck":["Strike_S","Strike_S","Strike_S","Strike_S","Defend_S","Defend_S","Defend_S","Defend_S","KidneyShot+1","Exchange","Starlight","DualDimension","DoubleEdge","Moonlight","Rearm","Moonlight","SilverBlades","Defy","Rewind","Ricochet","FlawlessForm","Apotheosis","SilverBlades","BottledTime","TimeWarp","BestPractice"],"relics":["SplendidAttire","Bottled Lightning","Pear","StoneCalendar","Omamori","alterego_mod:SomeoneToFightFor"],"acts_visited":["Exordium","TheCity"],"potions_floor_usage":[11,14,16],"damage_taken":[{"damage":2,"enemies":"Jaw Worm","floor":1,"turns":4},{"damage":0,"enemies":"Small Slimes","floor":3,"turns":2},{"damage":0,"enemies":"Cultist","floor":4,"turns":1},{"damage":2,"enemies":"Blue Slaver","floor":5,"turns":2},{"damage":10,"enemies":"Gremlin Nob","floor":6,"turns":4},{"damage":9,"enemies":"Gremlin Gang","floor":7,"turns":4},{"damage":27,"enemies":"3 Sentries","floor":11,"turns":5},{"damage":6,"enemies":"Looter","floor":13,"turns":3},{"damage":10,"enemies":"2 Fungi Beasts","floor":14,"turns":2},{"damage":10,"enemies":"Hexaghost","floor":16,"turns":7},{"damage":10,"enemies":"Shell Parasite","floor":18,"turns":7},{"damage":26,"enemies":"3 Byrds","floor":21,"turns":6},{"damage":26,"enemies":"Snake Plant","floor":22,"turns":7},{"damage":18,"enemies":"Gremlin Leader","floor":23,"turns":1}],"seed_played":"-8446142197355672726","potions_obtained":[{"floor":5,"key":"LiquidMemories"},{"floor":13,"key":"Explosive Potion"},{"floor":14,"key":"SpeedPotion"},{"floor":21,"key":"Dexterity Potion"}],"is_trial":false,"path_per_floor":["M","$","M","M","M","E","M","?","T","?","E","?","M","M","R","B",null,"M","?","$","M","M","E"],"character_chosen":"THE_SERVANT","items_purchased":["DualDimension","DoubleEdge","Apotheosis","SilverBlades","BottledTime"],"campfire_rested":1,"item_purchase_floors":[2,2,20,20,20],"current_hp_per_floor":[63,63,63,63,61,51,42,42,52,49,22,40,34,24,46,36,75,65,65,65,39,13,0,0],"gold":57,"neow_bonus":"UPGRADE_CARD","is_daily":false,"chose_seed":false,"campfire_upgraded":0,"win_rate":0.0,"timestamp":1610461173,"path_taken":["M","$","M","M","M","E","M","?","T","?","E","?","M","M","R","BOSS","M","?","$","M","M","E"],"items_purchased_type":["Card","Card","Card","Card","Card"],"build_version":"2020-12-22","purchased_purges":0,"victory":false,"max_hp_per_floor":[65,65,65,65,65,65,65,65,75,75,75,75,75,75,75,75,75,75,75,75,75,75,75,75],"card_choices":[{"not_picked":["ShatteredReality","Alleviate"],"picked":"Starlight","floor":1},{"not_picked":["Gouge","Desolation"],"picked":"Moonlight","floor":3},{"not_picked":["Rewind","Alleviate","FastForward"],"picked":"SKIP","floor":4},{"not_picked":["Misdirection","Rewind"],"picked":"Rearm","floor":5},{"not_picked":["Deny","Potential"],"picked":"Moonlight","floor":6},{"not_picked":["Potential","Spin"],"picked":"SilverBlades","floor":7},{"not_picked":["DoubleEdge","FloweringNight"],"picked":"Defy","floor":11},{"not_picked":["TimeWarp","Starlight"],"picked":"Rewind","floor":13},{"not_picked":["Replace","Alleviate"],"picked":"Ricochet","floor":14},{"not_picked":["Embodiment","Deny"],"picked":"FlawlessForm","floor":16},{"not_picked":["MoonPhase","Moondial","FastForward"],"picked":"SKIP","floor":18},{"not_picked":["Alleviate","Rearm+1"],"picked":"TimeWarp","floor":21},{"not_picked":["Alleviate","Read"],"picked":"BestPractice","floor":22}],"player_experience":43080,"relics_obtained":[{"floor":6,"key":"Bottled Lightning"},{"floor":9,"key":"Pear"},{"floor":11,"key":"Omamori"}],"event_choices":[{"damage_healed":0,"gold_gain":0,"player_choice":"Ignored","damage_taken":0,"max_hp_gain":0,"max_hp_loss":0,"event_name":"Liars Game","floor":8,"gold_loss":0},{"damage_healed":0,"gold_gain":0,"player_choice":"Success","damage_taken":3,"relics_obtained":["StoneCalendar"],"max_hp_gain":0,"max_hp_loss":0,"event_name":"Scrap Ooze","floor":10,"gold_loss":0},{"damage_healed":18,"gold_gain":0,"player_choice":"Healed","damage_taken":0,"max_hp_gain":0,"max_hp_loss":0,"event_name":"The Cleric","floor":12,"gold_loss":35},{"damage_healed":0,"gold_gain":0,"player_choice":"Choice 2","damage_taken":0,"relics_obtained":["alterego_mod:SomeoneToFightFor"],"max_hp_gain":0,"max_hp_loss":0,"event_name":"Secret Garden","floor":19,"gold_loss":0}],"is_beta":false,"boss_relics":[{"not_picked":["Fusion Hammer","Tiny House"],"picked":"SplendidAttire"}],"items_purged_floors":[],"is_endless":false,"potions_floor_spawned":[5,11,13,14,21],"killed_by":"Gremlin Leader","ascension_level":0}}