{"host":"0ndhasp09f4rkdar","time":1610431532,"event":{"mods":["BaseMod","Dio Mod","Hermit","Hero for Fun","Minty Spire (QoL Compilation)","Replay The Spire","StSLib","SuperFastMode","The Bladedancer"],"gold_per_floor":[114,132,146,146,156,156,183,183,183,183,200,200,212,242,242,343,343,360,360,375,451,260,294,294,311,311,321,67,77,77,94,94,193,193,205,223,233,233,88,123,123,137,163,194,194,219,219,249,249,249],"floor_reached":51,"playtime":4738,"items_purged":["Leg Sweep","Unload"],"score":797,"play_id":"ab42f39e-d67d-4139-9879-6e9895e8076e","local_time":"20210112140532","is_ascension_mode":false,"campfire_choices":[{"data":"Terror","floor":6.0,"key":"SMITH"},{"floor":8.0,"key":"REST"},{"data":"Neutralize","floor":10.0,"key":"SMITH"},{"floor":12.0,"key":"REST"},{"floor":15.0,"key":"REST"},{"data":"Infinite Blades","floor":24,"key":"SMITH"},{"floor":32,"key":"REST"},{"data":"Parasite","floor":45,"key":"PURGE"},{"floor":47,"key":"DIG"}],"circlet_count":0,"master_deck":["Survivor","Neutralize+1","Blade Dance","Hidden Blade","Quick Slash","Terror+1","Dagger Throw","Acrobatics","Dagger Throw","Tools of the Trade","Adrenaline","ReplayTheSpireMod:Exploit Weakness","Heel Hook","Tactician+1","Accuracy","Masterful Stab","Distraction","Fluid Movement+1","Infinite Blades+1","Cloak And Dagger","Well Laid Plans+1","Outmaneuver","Prepared","Sucker Punch","ReplayTheSpireMod:From All Sides","Outmaneuver+1","Atom Bomb","Noxious Fumes","ReplayTheSpireMod:Scrap Shanks","Backflip+1","Blade Dance+1"],"relics":["Ring of the Snake","NeowsBlessing","Happy Flower","Bottled Flame","Dead Branch","Pandora\u0027s Box","Nilry\u0027s Codex","Mummified Hand","Replay:Multitool","Ginger","HandDrill","Snecko Scales","Iron Hammer","Strawberry","Regal Pillow","Peace Pipe","Lizard Tail","Prayer Wheel"],"acts_visited":["Exordium","TheCity","TheBeyond"],"potions_floor_usage":[50,50,50],"damage_taken":[{"damage":0.0,"enemies":"Cultist","floor":1.0,"turns":1.0},{"damage":0.0,"enemies":"Small Slimes","floor":2.0,"turns":1.0},{"damage":0.0,"enemies":"2 Louse","floor":3.0,"turns":1.0},{"damage":18.0,"enemies":"Exordium Thugs","floor":5.0,"turns":10.0},{"damage":47.0,"enemies":"Gremlin Nob","floor":7.0,"turns":5.0},{"damage":4.0,"enemies":"Large Slime","floor":11.0,"turns":6.0},{"damage":11.0,"enemies":"Lots of Slimes","floor":13.0,"turns":5.0},{"damage":9.0,"enemies":"3 Sentries","floor":14.0,"turns":6.0},{"damage":13.0,"enemies":"The Guardian","floor":16.0,"turns":11.0},{"damage":10.0,"enemies":"Spheric Guardian","floor":18.0,"turns":4.0},{"damage":14.0,"enemies":"2 Thieves","floor":20.0,"turns":3.0},{"damage":9.0,"enemies":"Gremlin Leader","floor":23.0,"turns":2.0},{"damage":0,"enemies":"Cultist and Chosen","floor":25,"turns":3},{"damage":0,"enemies":"Shelled Parasite and Fungi","floor":27,"turns":3},{"damage":0,"enemies":"Centurion and Healer","floor":29,"turns":5},{"damage":0,"enemies":"Snecko","floor":31,"turns":2},{"damage":15,"enemies":"Champ","floor":33,"turns":6},{"damage":0,"enemies":"Orb Walker","floor":35,"turns":4},{"damage":35,"enemies":"3 Darklings","floor":36,"turns":4},{"damage":0,"enemies":"Writhing Mass","floor":37,"turns":3},{"damage":9,"enemies":"Nemesis","floor":40,"turns":5},{"damage":0,"enemies":"Sphere and 2 Shapes","floor":42,"turns":3},{"damage":0,"enemies":"Giant Head","floor":44,"turns":1},{"damage":6,"enemies":"R_Hoarder","floor":46,"turns":4},{"damage":6,"enemies":"Nemesis","floor":48,"turns":3},{"damage":38,"enemies":"Time Eater","floor":50,"turns":7}],"seed_played":"3861531517212569657","potions_obtained":[{"floor":1.0,"key":"Dexterity Potion"},{"floor":2.0,"key":"BlessingOfTheForge"},{"floor":11.0,"key":"LifebloodPotion"},{"floor":23.0,"key":"Poison Potion"},{"floor":33,"key":"Venom Potion"},{"floor":42,"key":"SteroidPotion"},{"floor":48,"key":"Ancient Potion"}],"is_trial":false,"path_per_floor":["M","M","M","?","M","R","E","R","T","R","M","R","M","E","R","B",null,"M","?","M","T","$","E","R","M","T","M","$","M","?","M","R","B",null,"M","M","M","?","$","E","?","M","T","E","R","E","R","E","R","B",null],"character_chosen":"THE_SILENT","items_purchased":["Infinite Blades","Cloak And Dagger","HandDrill","Atom Bomb","Noxious Fumes"],"campfire_rested":4,"item_purchase_floors":[22,22,28,39,39],"current_hp_per_floor":[70,70,70,70,52,52,5,26,26,26,22,43,32,23,44,31,70,60,44,30,30,30,21,21,21,21,21,21,21,21,21,42,27,70,70,35,35,35,35,26,61,61,68,68,65,59,59,53,65,27],"gold":249,"neow_bonus":"THREE_ENEMY_KILL","is_daily":false,"chose_seed":false,"campfire_upgraded":3,"win_rate":0.0,"timestamp":1610431532,"path_taken":["M","?","M","?","?","R","E","R","T","R","M","R","M","E","R","BOSS","M","?","M","?","$","E","R","M","T","M","$","M","?","M","R","BOSS","M","M","?","?","$","E","?","M","T","E","R","E","R","E","R","BOSS"],"items_purchased_type":["Card","Card","Relic","Card","Card"],"build_version":"2020-12-22","purchased_purges":2,"victory":true,"max_hp_per_floor":[70,70,70,70,70,70,70,70,70,70,70,70,70,70,70,70,70,70,70,70,70,70,70,70,70,70,70,70,70,70,70,70,70,70,70,70,70,70,70,70,61,61,68,68,65,65,65,65,65,65],"card_choices":[{"not_picked":["Draining Mist","ReplayTheSpireMod:Shiv Toss"],"picked":"Blade Dance","floor":1.0},{"not_picked":["Slice","Riddle With Holes"],"picked":"Hidden Blade","floor":2.0},{"not_picked":["Deflect","Deadly Poison"],"picked":"Quick Slash","floor":3.0},{"not_picked":["Blur","Acrobatics"],"picked":"Terror","floor":5.0},{"not_picked":["Heel Hook","Blade Dance"],"picked":"Underhanded Strike","floor":7.0},{"not_picked":["Acrobatics","ReplayTheSpireMod:Scrap Shanks"],"picked":"Dagger Throw","floor":11.0},{"not_picked":["Cloak And Dagger","Sucker Punch"],"picked":"Acrobatics","floor":13.0},{"not_picked":["Toxin Wave","Catalyst"],"picked":"Dagger Throw","floor":14.0},{"not_picked":["Poison Darts","Phantasmal Killer"],"picked":"Tools of the Trade","floor":16.0},{"not_picked":["PiercingWail","Riddle With Holes"],"picked":"Fluid Movement+1","floor":18.0},{"not_picked":["Dodge and Roll+1","Dagger Throw","Tools of the Trade"],"picked":"SKIP","floor":20.0},{"not_picked":["Eviscerate","Bouncing Flask+1"],"picked":"Well Laid Plans+1","floor":23.0},{"not_picked":["Bouncing Flask","Calculated Gamble"],"picked":"Outmaneuver","floor":25},{"not_picked":["Terror","Deadly Poison"],"picked":"Prepared","floor":27},{"not_picked":["Acrobatics","Riddle With Holes","Poisoned Stab+1"],"picked":"SKIP","floor":29},{"not_picked":["Dagger Throw","Blade Dance"],"picked":"Sucker Punch","floor":31},{"not_picked":["Glass Knife","Unload"],"picked":"ReplayTheSpireMod:From All Sides","floor":33},{"not_picked":["Dodge and Roll","Sucker Punch+1"],"picked":"Outmaneuver+1","floor":35},{"not_picked":["Catalyst","Leg Sweep+1","Heel Hook"],"picked":"SKIP","floor":36},{"not_picked":["Bane+1","Dagger Spray","Acrobatics+1"],"picked":"SKIP","floor":37},{"not_picked":["Cloak And Dagger+1","Deadly Poison"],"picked":"ReplayTheSpireMod:Scrap Shanks","floor":40},{"not_picked":["Dagger Throw","Blade Dance+1"],"picked":"Backflip+1","floor":42},{"not_picked":["Venomology","Bouncing Flask+1"],"picked":"Blade Dance+1","floor":44},{"not_picked":["Dodge and Roll","Outmaneuver+1","PiercingWail+1"],"picked":"SKIP","floor":46},{"not_picked":["Toxin Wave+1","Deadly Poison+1","Cloak And Dagger+1"],"picked":"SKIP","floor":48}],"player_experience":216980,"relics_obtained":[{"floor":7.0,"key":"Happy Flower"},{"floor":9.0,"key":"Bottled Flame"},{"floor":14.0,"key":"Dead Branch"},{"floor":19.0,"key":"Nilry\u0027s Codex"},{"floor":21.0,"key":"Mummified Hand"},{"floor":23.0,"key":"Replay:Multitool"},{"floor":26,"key":"Ginger"},{"floor":40,"key":"Iron Hammer"},{"floor":43,"key":"Strawberry"},{"floor":44,"key":"Regal Pillow"},{"floor":46,"key":"Peace Pipe"},{"floor":47,"key":"Lizard Tail"},{"floor":48,"key":"Prayer Wheel"}],"event_choices":[{"damage_healed":0.0,"max_hp_gain":0.0,"max_hp_loss":0.0,"gold_gain":0.0,"event_name":"The Woman in Blue","player_choice":"Bought 0 Potions","floor":4.0,"gold_loss":0.0,"damage_taken":0.0},{"damage_healed":0.0,"max_hp_gain":0.0,"max_hp_loss":0.0,"gold_gain":0.0,"event_name":"Cursed Tome","player_choice":"Obtained Book","floor":19.0,"gold_loss":0.0,"damage_taken":16.0},{"cards_removed":["Glass Knife"],"damage_healed":0,"gold_gain":0,"player_choice":"Purged","damage_taken":0,"max_hp_gain":0,"max_hp_loss":0,"event_name":"Purifier","floor":30,"gold_loss":0},{"cards_removed":["Underhanded Strike"],"damage_healed":0,"gold_gain":0,"player_choice":"Removed Attack","damage_taken":0,"max_hp_gain":0,"max_hp_loss":0,"event_name":"Falling","floor":38,"gold_loss":0},{"damage_healed":61,"gold_gain":0,"player_choice":"Heal","damage_taken":0,"max_hp_gain":0,"max_hp_loss":9,"event_name":"The Moai Head","floor":41,"gold_loss":0}],"is_beta":false,"boss_relics":[{"not_picked":["Replay:Ancient Bell","SacredBark"],"picked":"Pandora\u0027s Box"},{"not_picked":["Honey Jar","Ring of Chaos"],"picked":"Snecko Scales"}],"items_purged_floors":[22,28],"is_endless":false,"potions_floor_spawned":[1,2,11,14,23,27,33,35,37,42,48],"ascension_level":0}}