{"host":"byizzf0lry06owoh","time":1610430321,"event":{"mods":["Act Like it!","Aspiration","BaseMod","BetterRewards","Card Forge","Conspire","Downfall","Friendly Minions","GifTheSpireLib","Hallownest","Hubris","Infinite Spire","Minty Spire (QoL Compilation)","Relic Sorter","Replay The Spire","StSLib","Wandering Minibosses"],"gold_per_floor":[110,124,124,143,66,99,115,115,115,158,158,179,199,199,199,324,324,343,359,383,408,426,467,467,467,490,530,553,188,188,188,188,285,285,305,355,373,373,63,63,83,212,212,212,0,20,20,33,33,138,138,138,138,150,160,172,191,203,223,259,271,300,310,322,344,281,364,376,372,384,378,426,86,93,93,96,120,91,90,90,90,97,97,146,146,133,133,121,164,155,155,147,134,134,134,134,124,124,121,121,168,168,187,187,262,262,262,262,299,299,368,76,76,76,95,95,95,184,184,203,215,215,229,232,251,251,251,331,331,331,381,429,429,429,422,422],"floor_reached":135,"playtime":19347,"items_purged":["Dark Embrace"],"score":3400,"play_id":"e0b21e79-beab-432b-8ed4-ad82a0f1a37a","local_time":"20210111214521","is_ascension_mode":false,"campfire_choices":[{"data":"True Grit","floor":8,"key":"SMITH"},{"data":"Armaments","floor":15,"key":"SMITH"},{"data":"True Grit","floor":24,"key":"SMITH"},{"floor":32,"key":"REST"},{"data":"ReplayTheSpireMod:Strike From Hell","floor":40,"key":"SMITH"},{"data":"1","floor":44,"key":"LIFT"},{"data":"Body Slam","floor":47,"key":"SMITH"},{"data":"2","floor":49,"key":"LIFT"},{"data":"hubris:ReadiedAction","floor":58,"key":"SMITH"},{"data":"3","floor":61,"key":"LIFT"},{"data":"Abandon","floor":83,"key":"SMITH"},{"data":"Dark Embrace","floor":91,"key":"SMITH"},{"data":"Double Tap","floor":95,"key":"SMITH"},{"data":"Shrug It Off","floor":98,"key":"SMITH"},{"data":"infinitespire:Oblivion","floor":100,"key":"SMITH"},{"data":"Disarm","floor":108,"key":"SMITH"},{"data":"infinitespire:Fortify","floor":113,"key":"SMITH"},{"data":"Metallicize","floor":117,"key":"SMITH"},{"data":"Impervious","floor":127,"key":"SMITH"},{"data":"Evolve","floor":130,"key":"SMITH"},{"data":"Feel No Pain","floor":134,"key":"SMITH"}],"circlet_count":0,"master_deck":["Body Slam+1","ReplayTheSpireMod:Strike From Hell+1","True Grit+1","Thunderclap+1","Ghostly Armor","Shrug It Off+1","ReplayTheSpireMod:Strike From Hell+1","Impervious+1","True Grit+1","Dark Embrace+1","Shrug It Off+1","ReplayTheSpireMod:Strike From Hell+1","ReplayTheSpireMod:Muscle Training+1","infinitespire:Fortify+1","True Grit+1","Feel No Pain+1","Double Tap+1","Evolve+1","Defy Death","Barricade+1","Disarm+1","Disarm+1","Seeing Red+1","ReplayTheSpireMod:Stacked+1","infinitespire:Oblivion+1","Backstab","Fire Breathing+1","Life Link+1","Noxious Fumes+1","Blade Dance+1","Limit Break+1","Masterful Stab","Blur+1","Backstab","Metallicize+1","Secret Weapon+1","Spot Weakness+1","Self Repair+1","Offering+1","Reflex+1","Catalyst+1","ReplayTheSpireMod:Exploit Weakness+1","Offering+1","Die Die Die","infinitespire:FutureSight+1","Feel No Pain+1"],"relics":["Seething Fire","Replay:Accelerometer","Hallownest:WatcherSealRelic","hubris:Icosahedron","Hammer of Thor","Anvil of the Gods","aspiration:SeaSaltIceCream","Bloody Idol","Paper Frog","hubris:PeanutButter","Happy Flower","SlaversCollar","Question Card","aspiration:RitualStick","aspiration:ChemicalBlood","Bag of Preparation","ReplayTheSpireMod:TigerMarble","MealTicket","conspire:SpecialSausage","Durian","hubris:EmptyBottle","hubris:KleinBottle","Strawberry","Ginger","Toy Ornithopter","Girya","Red Mask","Honey Jar","MawBank","hubris:SphereOfDissonance","hubris:CrystalStatue","aspiration:HiddenCompartment","Shuriken","Hallownest:DreamNailRelic","Hallownest:BankAccountRelic","aspiration:SilentSkillbook","Sling","infinitespire:ShieldingShard","Toxic Egg 2","hubris:TenFootPole","infinitespire:EvilPickle","Juzu Bracelet","Membership Card","Guide Book","hubris:SlimyHat","Replay:Wax Seal","Ooze Armor","hubris:TinFlute","Runic Pyramid","Hallownest:KingsIdolRelic","Hallownest:GodTamersBeastRelic","Letter Opener","ReplayTheSpireMod:Shallot","hubris:Towel","Golden Idol","Vajra","Potion Belt","Mirror","Replay:Baseball","Snack Pack","conspire:TreasureMap","Bronze Scales","Iron Core","Philosopher\u0027s Stone","hubris:BottledHeart","Replay:Rubber Ducky","hubris:FunFungus","infinitespire:EmpoweringShard","Replay:Bandana"],"acts_visited":["Exordium","TheCity","TheBeyond","Hallownest:Greenpath","Hallownest:CityofTears","Hallownest:KingdomsEdge","Exordium","TheCity"],"potions_floor_usage":[20,22,27,27,28,28,33,33,36,42,42,42,42,46,50,50,63,63,67,67,69,69,69,74,74,76,79,82,84,84,84,84,86,92,101,101,115,118,118,123,124,135,135,135,135,135,135],"damage_taken":[{"damage":0,"enemies":"Jaw Worm","floor":1,"turns":1},{"damage":0,"enemies":"Small Slimes","floor":2,"turns":3},{"damage":1,"enemies":"2 Louse","floor":4,"turns":2},{"damage":11,"enemies":"Replay:BlueRogue","floor":6,"turns":5},{"damage":2,"enemies":"Large Slime","floor":7,"turns":5},{"damage":9,"enemies":"Gremlin Nob","floor":10,"turns":4},{"damage":0,"enemies":"Blue Slaver","floor":12,"turns":3},{"damage":1,"enemies":"Exordium Thugs","floor":13,"turns":2},{"damage":27,"enemies":"Slime Boss","floor":16,"turns":10},{"damage":7,"enemies":"Shell Parasite","floor":18,"turns":6},{"damage":0,"enemies":"Spheric Guardian","floor":19,"turns":3},{"damage":19,"enemies":"Centurion and Healer","floor":20,"turns":6},{"damage":6,"enemies":"Snecko","floor":21,"turns":8},{"damage":28,"enemies":"Shelled Parasite and Fungi","floor":22,"turns":6},{"damage":0,"enemies":"Gremlin Leader","floor":23,"turns":7},{"damage":24,"enemies":"Nightmare","floor":27,"turns":8},{"damage":0,"enemies":"Centurion and Healer","floor":28,"turns":7},{"damage":34,"enemies":"Pondfish","floor":33,"turns":13},{"damage":0,"enemies":"Orb Walker","floor":35,"turns":4},{"damage":12,"enemies":"Mind Bloom Boss Battle","floor":36,"turns":6},{"damage":0,"enemies":"3 Shapes","floor":37,"turns":5},{"damage":0,"enemies":"Sphere and 2 Shapes","floor":41,"turns":5},{"damage":12,"enemies":"Nemesis","floor":42,"turns":11},{"damage":1,"enemies":"4 Shapes","floor":46,"turns":7},{"damage":0,"enemies":"Jaw Worm Horde","floor":48,"turns":6},{"damage":0,"enemies":"Donu and Deca","floor":50,"turns":8},{"damage":0,"enemies":"2_ Uuma","floor":52,"turns":2},{"damage":0,"enemies":"Hallownest:2_Baldur","floor":55,"turns":3},{"damage":0,"enemies":"Hallownest:eliteVengeflyKing","floor":57,"turns":4},{"damage":0,"enemies":"Hallownest:monsterHuskGuard","floor":59,"turns":1},{"damage":0,"enemies":"Hallownest:eliteCrystalGuardian","floor":62,"turns":1},{"damage":0,"enemies":"Hallownest:MossCreep_and_Mosskin","floor":63,"turns":3},{"damage":0,"enemies":"Hallownest:monsterFoolEater","floor":65,"turns":1},{"damage":21,"enemies":"Hallownest:BossHornet","floor":67,"turns":4},{"damage":0,"enemies":"Hallownest:2_Mistakes","floor":69,"turns":3},{"damage":23,"enemies":"Hallownest:Guard_and_Sentry","floor":71,"turns":5},{"damage":0,"enemies":"Hallownest:Glutton_and_Coward","floor":72,"turns":3},{"damage":0,"enemies":"Hallownest:Nosk","floor":74,"turns":4},{"damage":0,"enemies":"Hallownest:eliteSoulWarrior","floor":76,"turns":3},{"damage":0,"enemies":"Hallownest:2_Flukemon","floor":78,"turns":5},{"damage":0,"enemies":"Hallownest:monsterShrumalOgre","floor":79,"turns":2},{"damage":0,"enemies":"Hallownest:Master_and_Novice","floor":82,"turns":2},{"damage":0,"enemies":"Hallownest:BossMantisLord","floor":84,"turns":5},{"damage":9,"enemies":"Hallownest:2_Littles","floor":86,"turns":5},{"damage":0,"enemies":"Hallownest:Shield_Heavy","floor":88,"turns":5},{"damage":0,"enemies":"Hallownest:Shield_Heavy","floor":89,"turns":4},{"damage":0,"enemies":"Hallownest:Shield_Heavy","floor":89,"turns":4},{"damage":0,"enemies":"Hallownest:Shield_Heavy","floor":89,"turns":5},{"damage":0,"enemies":"Hallownest:Shield_Heavy","floor":89,"turns":2},{"damage":0,"enemies":"Hallownest:2_Great","floor":90,"turns":4},{"damage":0,"enemies":"Hallownest:eliteCollector","floor":92,"turns":4},{"damage":0,"enemies":"Hallownest:Slobbering_and_Violent","floor":93,"turns":5},{"damage":0,"enemies":"Hallownest:Xero_Hu_Marmu","floor":97,"turns":4},{"damage":0,"enemies":"Hallownest:2_Great","floor":99,"turns":4},{"damage":0,"enemies":"Hallownest:Radiance","floor":101,"turns":4},{"damage":0,"enemies":"Jaw Worm","floor":103,"turns":1},{"damage":0,"enemies":"Gremlin Nob","floor":109,"turns":2},{"damage":0,"enemies":"3 Sentries","floor":115,"turns":4},{"damage":0,"enemies":"Fading Forest","floor":118,"turns":4},{"damage":0,"enemies":"Chosen","floor":120,"turns":3},{"damage":0,"enemies":"Shell Parasite","floor":121,"turns":1},{"damage":0,"enemies":"Snecko","floor":123,"turns":2},{"damage":0,"enemies":"Centurion and Healer","floor":124,"turns":4},{"damage":0,"enemies":"Gremlin Leader","floor":125,"turns":4},{"damage":0,"enemies":"Shelled Parasite and Fungi","floor":132,"turns":1},{"damage":86,"enemies":"infinitespire:LordOfFortification","floor":135,"turns":2}],"seed_played":"-6061857334009952008","potions_obtained":[{"floor":4,"key":"Explosive Potion"},{"floor":10,"key":"DuplicationPotion"},{"floor":12,"key":"Swift Potion"},{"floor":20,"key":"DistilledChaos"},{"floor":22,"key":"SteroidPotion"},{"floor":23,"key":"Fire Potion"},{"floor":27,"key":"sneckomod:MuddlingPotion"},{"floor":28,"key":"Adrenaline Potion"},{"floor":36,"key":"Toxic Potion"},{"floor":48,"key":"AttackPotion"},{"floor":50,"key":"BlessingOfTheForge"},{"floor":57,"key":"Strength Potion"},{"floor":59,"key":"champ:CounterPotion"},{"floor":62,"key":"SteroidPotion"},{"floor":67,"key":"LifebloodPotion"},{"floor":71,"key":"AttackPotion"},{"floor":72,"key":"LiquidBronze"},{"floor":76,"key":"SteroidPotion"},{"floor":79,"key":"hexamod:EctoCoolerPotion"},{"floor":82,"key":"Dexterity Potion"},{"floor":93,"key":"Elixir"},{"floor":97,"key":"PowerPotion"},{"floor":99,"key":"sneckomod:MuddlingPotion"},{"floor":109,"key":"Fire Potion"},{"floor":120,"key":"Strength Potion"},{"floor":121,"key":"Energy Potion"},{"floor":123,"key":"SteroidPotion"},{"floor":123,"key":"SpeedPotion"},{"floor":132,"key":"Block Potion"}],"is_trial":false,"path_per_floor":["M","M","?","M","$","E","M","R","T","E","?","M","M","?","R","B",null,"M","M","M","M","M","E","R","?","T","NM","M","$","?","?","R","B",null,"M","?","M","$","$","R","M","E","T","R","?","M","R","M","R","B",null,"M","?","?","M","?","E","R","M","T","R","E","M","?","M","R","B",null,"M","?","M","M","$","E","?","E","T","M","M","$","AVR","M","R","B",null,"M","?","M","?","M","R","E","M","T","R","?","M","R","M","R","B",null,"M","?","?","?","?","R","E","?","T","$","R","AVR","E","?","R","B",null,"M","M","?","M","M","E","T","R","T","?","R","T","M","?","R","B"],"character_chosen":"IRONCLAD","items_purchased":["Hemokinesis","ReplayTheSpireMod:TigerMarble","MealTicket","Regen Potion","hubris:EmptyBottle","hubris:KleinBottle","Strawberry","Ginger","Sling","infinitespire:ShieldingShard","Juzu Bracelet","Membership Card","Guide Book","hubris:SlimyHat","Replay:Wax Seal","Replay:Baseball","Snack Pack","Secret Weapon+1","HeartOfIron"],"campfire_rested":1,"item_purchase_floors":[5,29,29,29,38,38,38,39,73,73,80,80,80,80,80,112,112,112,112],"current_hp_per_floor":[80,80,77,80,80,75,79,79,79,76,60,66,71,71,71,50,80,79,80,67,67,45,51,51,35,35,17,23,23,23,23,47,39,80,80,84,85,53,68,68,79,83,83,83,83,92,92,92,92,92,92,92,74,79,92,92,92,92,92,92,92,92,92,92,92,92,82,92,92,92,80,92,92,92,88,92,92,92,92,47,47,68,68,92,92,92,92,92,92,92,92,92,92,92,92,92,92,92,92,92,92,92,92,81,85,88,91,91,92,92,92,92,92,92,92,92,92,92,92,92,92,1,1,1,1,1,1,1,1,1,1,1,1,1,0,0],"gold":422,"neow_bonus":"ONE_RANDOM_RARE_CARD","is_daily":false,"chose_seed":false,"campfire_upgraded":17,"win_rate":0.0,"timestamp":1610430321,"path_taken":["M","M","?","M","$","E","M","R","T","E","?","M","M","?","R","BOSS","M","M","M","M","M","E","R","?","T","NM","M","$","?","?","R","BOSS","M","?","M","?","$","R","?","E","T","R","?","M","R","M","R","BOSS","M","?","?","M","?","E","R","M","T","R","E","?","?","M","R","BOSS","M","?","?","M","$","E","?","E","T","M","?","?","AVR","M","R","BOSS","M","?","M","?","M","R","E","M","T","R","?","M","R","M","R","BOSS","M","?","?","?","?","R","E","?","T","?","R","AVR","E","?","R","BOSS","M","M","?","M","M","E","?","R","T","?","R","?","M","?","R","BOSS"],"items_purchased_type":["Card","Relic","Relic","Potion","Relic","Relic","Relic","Relic","Relic","Relic","Relic","Relic","Relic","Relic","Relic","Relic","Relic","Card","Potion"],"build_version":"2020-12-22","purchased_purges":1,"victory":false,"max_hp_per_floor":[80,80,80,80,80,80,80,80,80,80,80,80,80,80,80,80,80,80,80,80,80,80,80,80,80,80,80,80,80,80,80,80,80,80,80,85,85,92,92,92,92,92,92,92,92,92,92,92,92,92,92,92,92,92,92,92,92,92,92,92,92,92,92,92,92,92,92,92,92,92,92,92,92,92,92,92,92,92,92,92,92,92,92,92,92,92,92,92,92,92,92,92,92,92,92,92,92,92,92,92,92,92,92,92,92,92,92,92,92,92,92,92,92,92,92,92,92,92,92,92,92,1,1,1,1,1,1,1,1,1,1,1,1,1,1,1],"card_choices":[{"not_picked":["Wild Strike","Pommel Strike"],"picked":"Ghostly Armor","floor":1},{"not_picked":["hubris:SharpeningStone","Disarm"],"picked":"Burning Pact","floor":2},{"not_picked":["Pommel Strike","Run Through","Replay:Undeath\u0027s Touch"],"picked":"SKIP","floor":4},{"not_picked":["Blood for Blood","Sword Boomerang"],"picked":"Shrug It Off","floor":6},{"not_picked":["Rage","Run Through"],"picked":"Dropkick","floor":7},{"not_picked":["Twin Strike","Disarm"],"picked":"Wild Strike","floor":10},{"not_picked":["Cleave","Burning Pact"],"picked":"Flame Barrier","floor":12},{"not_picked":["Sword Boomerang","Iron Wave"],"picked":"ReplayTheSpireMod:Strike From Hell","floor":13},{"not_picked":["Bludgeon","conspire:Purge"],"picked":"Impervious","floor":16},{"not_picked":["hubris:ReadiedAction","Pommel Strike"],"picked":"Thunderclap","floor":18},{"not_picked":["Warcry","Sword Boomerang"],"picked":"ReplayTheSpireMod:Strike From Hell","floor":19},{"not_picked":["Twin Strike","Flex"],"picked":"True Grit","floor":20},{"not_picked":["Anger","Bludgeon"],"picked":"Dark Embrace","floor":21},{"not_picked":["ReplayTheSpireMod:LeadingStrike","Twin Strike"],"picked":"Wild Strike","floor":22},{"not_picked":["Perfected Strike","Sever Soul","Anger+1"],"picked":"SKIP","floor":23},{"not_picked":["Cleave","Sword Boomerang+1","Replay:Undeath\u0027s Touch"],"picked":"Shrug It Off+1","floor":27},{"not_picked":["ReplayTheSpireMod:Corrosion Curse+1","conspire:Charge","Heavy Blade","Cleave"],"picked":"SKIP","floor":28},{"not_picked":["conspire:Purge","Hemogenesis","Brutality"],"picked":"Immolate","floor":33},{"not_picked":["hubris:ReadiedAction","Twin Strike","Blood for Blood+1"],"picked":"ReplayTheSpireMod:Strike From Hell+1","floor":35},{"not_picked":["Combust","Shockwave","conspire:Purge"],"picked":"Shrug It Off","floor":36},{"not_picked":["Twin Strike","Flex+1","Intimidate+1"],"picked":"ReplayTheSpireMod:Muscle Training+1","floor":37},{"not_picked":["infinitespire:Starlight","infinitespire:FinalStrike"],"picked":"infinitespire:Fortify","floor":38},{"not_picked":["Second Wind+1","Replay:Undeath\u0027s Touch","hubris:SharpeningStone"],"picked":"True Grit+1","floor":41},{"not_picked":["Replay:Many Hands","Life Link","Cleave+1","Anger"],"picked":"SKIP","floor":42},{"not_picked":["Cleave","Run Through+1","Combust+1"],"picked":"Feel No Pain+1","floor":46},{"not_picked":["Whirlwind+1","Run Through+1","conspire:Purge"],"picked":"Iron Wave","floor":48},{"not_picked":["Fiend Fire","conspire:Purge","Reaper"],"picked":"Double Tap","floor":50},{"not_picked":["Clash","Cleave","Life Link","Rampage"],"picked":"Anger","floor":52},{"not_picked":["Rampage","Armaments","Warcry","Twin Strike"],"picked":"Reckless Charge","floor":55},{"not_picked":["conspire:HitWhereItHurts","Replay:Undeath\u0027s Touch","Cleave","Sword Boomerang"],"picked":"Warcry","floor":57},{"not_picked":["Cleave","Wild Strike","Clash","Hemokinesis"],"picked":"Evolve","floor":59},{"not_picked":["Anger","Shrug It Off","Pommel Strike","hubris:CleavingFinish"],"picked":"Defy Death","floor":62},{"not_picked":["Anger","Twin Strike","Demonic Infusion","Clothesline"],"picked":"Abandon","floor":63},{"not_picked":["Twin Strike","Shrug It Off","Armaments","Anger"],"picked":"Clash","floor":65},{"not_picked":["Demonic Infusion","Juggernaut","Replay:Many Hands","Feed"],"picked":"Barricade","floor":67},{"not_picked":["Thunderclap+1","Twin Strike","ReplayTheSpireMod:Strike From Hell","Predator","Reflex+1"],"picked":"Disarm+1","floor":69},{"not_picked":["Escape Plan+1","Hidden Blade","hubris:Counter+1","ReplayTheSpireMod:Speed Training+1","Heel Hook"],"picked":"ReplayTheSpireMod:Scrap Shanks+1","floor":71},{"not_picked":["PiercingWail","Cloak And Dagger","Bane","Hidden Blade","Sucker Punch"],"picked":"Disarm","floor":72},{"not_picked":["ReplayTheSpireMod:From All Sides","Sever Soul","Deflect+1","Unload","Replay:Poison Smokescreen+1"],"picked":"Seeing Red+1","floor":74},{"not_picked":["Hemokinesis","hubris:StunningStrike","Sucker Punch","Dodge and Roll+1","hubris:SlightOfHand+1"],"picked":"ReplayTheSpireMod:Stacked+1","floor":76},{"not_picked":["Crippling Poison+1","Dark Embrace","Slice+1","Quick Slash+1","Iron Wave","Flame Barrier+1"],"picked":"SKIP","floor":78},{"not_picked":["ReplayTheSpireMod:Haul","hubris:Rewind"],"picked":"infinitespire:Oblivion","floor":78},{"not_picked":["Crippling Poison+1","Slice+1","Quick Slash+1","Iron Wave","Flame Barrier+1"],"picked":"Dark Embrace","floor":78},{"not_picked":["hubris:StunningStrike","Shrug It Off+1","Replay:Undeath\u0027s Touch","Blood for Blood","Dagger Spray"],"picked":"Well Laid Plans","floor":79},{"not_picked":["Headbutt","Second Wind+1","Dodge and Roll+1","Hemokinesis","Feel No Pain"],"picked":"Backstab","floor":82},{"not_picked":["Grand Finale","Barricade","conspire:HitWhereItHurts","Atom Bomb","Venomology+1"],"picked":"Replay:Many Hands+1","floor":84},{"not_picked":["Burning Pact+1","conspire:DoublingDagger+1","Shrug It Off+1","Bane+1","Flame Barrier+1"],"picked":"Deflect+1","floor":86},{"not_picked":["hubris:CleavingFinish+1","Bane+1","Disarm+1","Outmaneuver+1","Leg Sweep+1"],"picked":"Fire Breathing+1","floor":88},{"not_picked":["Dagger Spray+1","Anger+1","Replay:Undeath\u0027s Touch+1","Bloodletting+1","Pommel Strike"],"picked":"A Thousand Cuts","floor":90},{"not_picked":["hubris:Counter","Cloak And Dagger+1","Finisher+1","Replay:Undeath\u0027s Touch","Flame Barrier+1"],"picked":"Life Link+1","floor":92},{"not_picked":["Pummel+1","Acrobatics+1","Sword Boomerang","Quick Slash+1","Heavy Blade+1"],"picked":"Noxious Fumes+1","floor":93},{"not_picked":["ReplayTheSpireMod:Limb From Limb","Replay:Undeath\u0027s Touch","Backflip+1","hubris:SharpeningStone+1","Deadly Poison+1"],"picked":"Carnage","floor":97},{"not_picked":["Outmaneuver+1","Caltrops+1","Wild Strike","hubris:SlightOfHand+1","Heavy Blade"],"picked":"Blade Dance+1","floor":99},{"not_picked":["After Image","Bullet Time+1","Grand Finale","Juggernaut","ReplayTheSpireMod:Necrosis+1"],"picked":"Limit Break+1","floor":101},{"not_picked":["Defy Death+1","Clash","Poison Darts+1","Dagger Throw","Pommel Strike"],"picked":"Slice","floor":103},{"not_picked":["ReplayTheSpireMod:Muscle Training+1","Reaper","ReplayTheSpireMod:Tripwire+1","Cleave","Deflect+1"],"picked":"Metallicize","floor":109},{"not_picked":["Glass Knife","Pommel Strike","ReplayTheSpireMod:Strike From Hell","Fluid Movement","hubris:ReadiedAction+1"],"picked":"Spot Weakness+1","floor":115},{"not_picked":["Fiend Fire","Night Terror+1","Limit Break+1","Double Tap+1","Feed"],"picked":"Offering+1","floor":118},{"not_picked":["ReplayTheSpireMod:Strike From Hell","Bane","ReplayTheSpireMod:LeadingStrike","Choke+1","Perfected Strike"],"picked":"Reflex+1","floor":120},{"not_picked":["Evolve","Armaments+1","Perfected Strike+1","Combust+1","Deflect+1"],"picked":"Catalyst+1","floor":121},{"not_picked":["Pummel+1","Spot Weakness+1","Dagger Throw+1","Quick Slash","Wild Strike"],"picked":"ReplayTheSpireMod:Exploit Weakness+1","floor":123},{"not_picked":["Poisoned Stab","Backflip+1","Entrench+1","Battle Trance+1","Sword Boomerang+1"],"picked":"Offering+1","floor":124},{"not_picked":["Perfected Strike+1","Underhanded Strike","Combust","Sword Boomerang","Flame Barrier+1"],"picked":"Die Die Die","floor":125},{"not_picked":["hubris:Rewind","infinitespire:Execution"],"picked":"infinitespire:FutureSight","floor":129},{"not_picked":["Blur+1","Deflect+1","Poisoned Stab","Prepared+1","Searing Blow+1"],"picked":"Feel No Pain","floor":132}],"player_experience":82753,"relics_obtained":[{"floor":6,"key":"Paper Frog"},{"floor":9,"key":"hubris:PeanutButter"},{"floor":10,"key":"Happy Flower"},{"floor":23,"key":"Question Card"},{"floor":26,"key":"aspiration:ChemicalBlood"},{"floor":27,"key":"Bag of Preparation"},{"floor":36,"key":"Durian"},{"floor":42,"key":"Toy Ornithopter"},{"floor":43,"key":"Girya"},{"floor":57,"key":"hubris:CrystalStatue"},{"floor":60,"key":"aspiration:HiddenCompartment"},{"floor":62,"key":"Shuriken"},{"floor":74,"key":"Toxic Egg 2"},{"floor":76,"key":"Replay:Accelerometer"},{"floor":77,"key":"hubris:TenFootPole"},{"floor":92,"key":"Letter Opener"},{"floor":94,"key":"ReplayTheSpireMod:Shallot"},{"floor":109,"key":"Vajra"},{"floor":111,"key":"Mirror"},{"floor":115,"key":"Bronze Scales"},{"floor":125,"key":"Replay:Rubber Ducky"},{"floor":126,"key":"hubris:FunFungus"},{"floor":128,"key":"infinitespire:EmpoweringShard"},{"floor":131,"key":"Replay:Bandana"}],"event_choices":[{"damage_healed":0,"gold_gain":0,"player_choice":"Success","damage_taken":3,"relics_obtained":["aspiration:SeaSaltIceCream"],"max_hp_gain":0,"max_hp_loss":0,"event_name":"Scrap Ooze","floor":3,"gold_loss":0},{"damage_healed":0,"gold_gain":0,"player_choice":"Entered Light","damage_taken":16,"max_hp_gain":0,"max_hp_loss":0,"event_name":"Shining Light","floor":11,"gold_loss":0,"cards_upgraded":["Thunderclap","Burning Pact"]},{"damage_healed":0,"gold_gain":0,"player_choice":"Gave Idol","damage_taken":0,"relics_obtained":["Bloody Idol"],"max_hp_gain":0,"max_hp_loss":0,"event_name":"Forgotten Altar","floor":30,"relics_lost":["Golden Idol"],"gold_loss":0},{"damage_healed":0,"gold_gain":0,"player_choice":"Fight","damage_taken":0,"max_hp_gain":0,"max_hp_loss":0,"event_name":"MindBloom","floor":36,"gold_loss":0},{"damage_healed":0,"gold_gain":0,"player_choice":"Paid","damage_taken":0,"relics_obtained":["Red Mask"],"max_hp_gain":0,"max_hp_loss":0,"event_name":"Tomb of Lord Red Mask","floor":45,"gold_loss":212},{"damage_healed":0,"gold_gain":0,"player_choice":"Leave","damage_taken":0,"max_hp_gain":0,"max_hp_loss":0,"event_name":"conspire:Investor","floor":54,"gold_loss":0},{"damage_healed":0,"gold_gain":0,"player_choice":"Take Damage","damage_taken":23,"relics_obtained":["Golden Idol"],"max_hp_gain":0,"max_hp_loss":0,"event_name":"Golden Idol","floor":104,"gold_loss":0},{"damage_healed":0,"gold_gain":75,"player_choice":"Touch","damage_taken":9,"max_hp_gain":0,"max_hp_loss":0,"event_name":"FaceTrader","floor":105,"gold_loss":0},{"damage_healed":0,"gold_gain":0,"player_choice":"Cursed","damage_taken":0,"max_hp_gain":0,"max_hp_loss":0,"event_name":"Wheel of Change","floor":107,"gold_loss":0,"cards_obtained":["Decay"]},{"damage_healed":0,"gold_gain":0,"player_choice":"Gave Potion","damage_taken":0,"relics_obtained":["Potion Belt"],"max_hp_gain":0,"max_hp_loss":0,"event_name":"WeMeetAgain","floor":110,"gold_loss":0},{"cards_removed":["Decay"],"damage_healed":0,"gold_gain":0,"player_choice":"Elegance","damage_taken":0,"max_hp_gain":0,"max_hp_loss":0,"event_name":"Back to Basics","floor":133,"gold_loss":0}],"is_beta":false,"boss_relics":[{"not_picked":["conspire:SlowCooker","aspiration:SecretTechniqueScroll"],"picked":"SlaversCollar"},{"not_picked":["Philosopher\u0027s Stone","ChewingGum"],"picked":"conspire:SpecialSausage"},{"not_picked":["Sozu","Calling Bell"],"picked":"Honey Jar"},{"not_picked":["infinitespire:Cupcake","Pandora\u0027s Box"],"picked":"aspiration:SilentSkillbook"},{"not_picked":["Replay:Wanted Poster","infinitespire:Burning Sword"],"picked":"Runic Pyramid"},{"not_picked":["aspiration:FutureDiary","ReplayTheSpireMod:SealedPack","Electric Blood"]},{"not_picked":["conspire:RoyalGoblet","Painkiller Herb"],"picked":"Philosopher\u0027s Stone"}],"items_purged_floors":[81],"is_endless":true,"potions_floor_spawned":[4,10,12,16,20,22,23,27,28,36,48,50,57,59,62,67,71,72,76,79,82,89,89,93,97,99,109,120,121,132],"killed_by":"infinitespire:LordOfFortification","ascension_level":0}}