{"host":"1a3cjta80tad0aqj","time":1610478516,"event":{"mods":["2.2 Compatiblity","AchievementEnabler","BaseMod","Colored Map","DeckTracker","KOR Keyword Fix","Keyboard Shortcuts","Minty Spire (QoL Compilation)","Permanent Neow","Quick Restart","Random Character Button","StSLib","SuperFastMode","everything is the same but u backflip on backflip"],"gold_per_floor":[115,178,192,121,140,174,174,71,71,71,83,98,98,110,110,214,214,224,224,323,323,339,339,355,355,400,70,70,70],"floor_reached":28,"playtime":1233,"items_purged":[],"score":218,"play_id":"e2a6f6d1-c7f0-4e4e-9483-1d180ac7c892","local_time":"20210113040836","is_ascension_mode":false,"campfire_choices":[{"floor":7.0,"key":"REST"},{"floor":10.0,"key":"REST"},{"floor":15.0,"key":"REST"},{"data":"Dualcast","floor":23.0,"key":"SMITH"}],"circlet_count":0,"master_deck":["Strike_B","Strike_B","Strike_B","Strike_B","Defend_B","Defend_B","Defend_B","Defend_B","Zap","Dualcast+1","Meteor Strike","Turbo","Turbo","Stack","Conserve Battery","Skim","Conserve Battery","Turbo","Creative AI+1","Conserve Battery","Loop+1","Hologram+1"],"relics":["Cracked Core","TungstenRod","Frozen Egg 2","Runic Pyramid","White Beast Statue","MealTicket","Mummified Hand"],"acts_visited":["Exordium","TheCity"],"potions_floor_usage":[28,28],"damage_taken":[{"damage":2.0,"enemies":"Small Slimes","floor":1.0,"turns":3.0},{"damage":7.0,"enemies":"2 Louse","floor":3.0,"turns":2.0},{"damage":6.0,"enemies":"Jaw Worm","floor":5.0,"turns":2.0},{"damage":22.0,"enemies":"Lagavulin","floor":6.0,"turns":6.0},{"damage":0.0,"enemies":"3 Louse","floor":11.0,"turns":2.0},{"damage":10.0,"enemies":"Exordium Thugs","floor":12.0,"turns":6.0},{"damage":0.0,"enemies":"2 Fungi Beasts","floor":14.0,"turns":4.0},{"damage":22.0,"enemies":"Hexaghost","floor":16.0,"turns":8.0},{"damage":2.0,"enemies":"Chosen","floor":18.0,"turns":6.0},{"damage":0.0,"enemies":"Spheric Guardian","floor":22.0,"turns":5.0},{"damage":28.0,"enemies":"Shelled Parasite and Fungi","floor":24.0,"turns":9.0},{"damage":21,"enemies":"Centurion and Healer","floor":28,"turns":5}],"seed_played":"4632666283653634791","potions_obtained":[{"floor":3.0,"key":"SteroidPotion"},{"floor":12.0,"key":"EssenceOfDarkness"},{"floor":16.0,"key":"Explosive Potion"},{"floor":22.0,"key":"DistilledChaos"},{"floor":24.0,"key":"Energy Potion"}],"is_trial":false,"path_per_floor":["M","?","M","$","M","E","R","$","T","R","M","M","$","M","R","B",null,"M","?","?","T","M","R","M","?","T","$","M"],"character_chosen":"DEFECT","items_purchased":["DistilledChaos","EntropicBrew","LiquidMemories","Mummified Hand"],"campfire_rested":3,"item_purchase_floors":[4,8,27,27],"current_hp_per_floor":[52,52,45,45,39,17,39,39,39,61,61,51,51,51,73,51,75,73,73,73,73,73,73,45,45,45,60,39,39],"gold":70,"neow_bonus":"THREE_RARE_CARDS","is_daily":false,"chose_seed":true,"campfire_upgraded":1,"win_rate":0.0,"timestamp":1610478516,"path_taken":["M","?","M","$","M","E","R","$","T","R","M","M","$","M","R","BOSS","M","?","?","?","M","R","M","?","T","$","?"],"items_purchased_type":["Potion","Potion","Potion","Relic"],"build_version":"2020-12-22","purchased_purges":0,"victory":false,"max_hp_per_floor":[75,75,75,75,75,75,75,75,75,75,75,75,75,75,75,75,75,75,75,75,75,75,75,75,75,75,75,75,75],"card_choices":[{"not_picked":["Core Surge","Biased Cognition"],"picked":"Meteor Strike","floor":0.0},{"not_picked":["Doom and Gloom","Streamline"],"picked":"Turbo","floor":1.0},{"not_picked":["Coolheaded","Consume"],"picked":"Turbo","floor":3.0},{"not_picked":["Compile Driver","Melter"],"picked":"Stack","floor":5.0},{"not_picked":["Static Discharge","Leap"],"picked":"Conserve Battery","floor":6.0},{"not_picked":["Fusion","Stack"],"picked":"Skim","floor":11.0},{"not_picked":["Stack","Beam Cell"],"picked":"Conserve Battery","floor":12.0},{"not_picked":["Steam","Sweeping Beam"],"picked":"Turbo","floor":14.0},{"not_picked":["Reboot","Machine Learning+1"],"picked":"Creative AI+1","floor":16.0},{"not_picked":["Go for the Eyes+1","Leap"],"picked":"Conserve Battery","floor":18.0},{"not_picked":["Compile Driver","Undo"],"picked":"Loop+1","floor":22.0},{"not_picked":["Conserve Battery","Blizzard"],"picked":"Hologram","floor":24.0}],"player_experience":291022,"relics_obtained":[{"floor":6.0,"key":"TungstenRod"},{"floor":9.0,"key":"Frozen Egg 2"},{"floor":21.0,"key":"White Beast Statue"},{"floor":26.0,"key":"MealTicket"}],"event_choices":[{"damage_healed":0.0,"max_hp_gain":0.0,"max_hp_loss":0.0,"gold_gain":63.0,"event_name":"Golden Wing","player_choice":"Gained Gold","floor":2.0,"gold_loss":0.0,"damage_taken":0.0},{"damage_healed":0.0,"max_hp_gain":0.0,"max_hp_loss":0.0,"gold_gain":0.0,"event_name":"Vampires","player_choice":"Ignored","floor":19.0,"gold_loss":0.0,"damage_taken":0.0},{"damage_healed":0.0,"max_hp_gain":0.0,"max_hp_loss":0.0,"gold_gain":99.0,"event_name":"Nest","player_choice":"Stole From Cult","floor":20.0,"gold_loss":0.0,"damage_taken":0.0},{"damage_healed":0.0,"max_hp_gain":0.0,"max_hp_loss":0.0,"gold_gain":0.0,"event_name":"Accursed Blacksmith","player_choice":"Forge","floor":25.0,"gold_loss":0.0,"damage_taken":0.0,"cards_upgraded":["Hologram"]}],"is_beta":false,"boss_relics":[{"not_picked":["Fusion Hammer","FrozenCore"],"picked":"Runic Pyramid"}],"items_purged_floors":[],"is_endless":false,"potions_floor_spawned":[3,12,16,22,24],"killed_by":"Centurion and Healer","ascension_level":0}}