{"host":"q4axc00jr2bozlh9","time":1610448465,"event":{"mods":["AchievementEnabler","BaseMod","Bestiary","Colored Map","Colored Powertips","Curses Come First","Minty Spire (QoL Compilation)","Relic Stats","StSLib","SuperFastMode","UnlockEverythingMod"],"gold_per_floor":[19,19,19,94,94,94,117,156,156,156,171,171,121,146,146,269,269,289,204,15,15,15,15,46,46,72,95,20,20,20,53,53,182,182,207,225,283,309,323,366,366,404,430,34,34,34,367,385,385,385],"floor_reached":51,"playtime":3364,"items_purged":["Strike_R","Strike_R"],"score":758,"play_id":"dd702ae4-e396-4bff-9800-c9c4f003b91b","local_time":"20210112114745","is_ascension_mode":false,"campfire_choices":[{"data":"Metamorphosis","floor":6.0,"key":"SMITH"},{"data":"Double Tap","floor":10.0,"key":"SMITH"},{"data":"Shrug It Off","floor":12.0,"key":"SMITH"},{"floor":15.0,"key":"REST"},{"data":"Armaments","floor":23.0,"key":"SMITH"},{"floor":29,"key":"REST"},{"data":"Shockwave","floor":32,"key":"SMITH"},{"floor":41,"key":"REST"},{"floor":45,"key":"REST"},{"floor":49,"key":"REST"}],"circlet_count":0,"master_deck":["Strike_R","Defend_R","Defend_R","Defend_R","Defend_R","Bash","Metamorphosis+1","Sentinel","Double Tap+1","Shrug It Off+1","Rupture","Reaper","Shockwave+1","Thinking Ahead","Armaments+1","RitualDagger","Burning Pact+1","True Grit","Demon Form","Madness","Madness"],"relics":["Burning Blood","White Beast Statue","Boot","Pear","Runic Cube","Red Skull","Letter Opener","Bag of Preparation","Centennial Puzzle","CeramicFish","Fusion Hammer","Du-Vu Doll","Anchor","Mummified Hand","Akabeko","Thread and Needle","Blood Vial"],"acts_visited":["Exordium","TheCity","TheBeyond"],"potions_floor_usage":[33,33,37,37,40,40,40,42,50],"damage_taken":[{"damage":2.0,"enemies":"2 Louse","floor":1.0,"turns":4.0},{"damage":12.0,"enemies":"Small Slimes","floor":7.0,"turns":3.0},{"damage":4.0,"enemies":"Lagavulin","floor":8.0,"turns":4.0},{"damage":6.0,"enemies":"Jaw Worm","floor":11.0,"turns":3.0},{"damage":7.0,"enemies":"2 Fungi Beasts","floor":14.0,"turns":3.0},{"damage":15.0,"enemies":"The Guardian","floor":16.0,"turns":5.0},{"damage":20.0,"enemies":"Shell Parasite","floor":18.0,"turns":7.0},{"damage":32.0,"enemies":"Slavers","floor":24.0,"turns":4.0},{"damage":5.0,"enemies":"Chosen","floor":27.0,"turns":2.0},{"damage":27,"enemies":"Book of Stabbing","floor":31,"turns":6},{"damage":66,"enemies":"Automaton","floor":33,"turns":8},{"damage":32,"enemies":"3 Shapes","floor":35,"turns":4},{"damage":18,"enemies":"Orb Walker","floor":36,"turns":5},{"damage":59,"enemies":"2 Orb Walkers","floor":37,"turns":5},{"damage":6,"enemies":"3 Darklings","floor":39,"turns":3},{"damage":21,"enemies":"Nemesis","floor":40,"turns":7},{"damage":47,"enemies":"Reptomancer","floor":42,"turns":5},{"damage":46,"enemies":"Awakened One","floor":50,"turns":10}],"seed_played":"965325417143513220","potions_obtained":[{"floor":7.0,"key":"EssenceOfSteel"},{"floor":8.0,"key":"Ancient Potion"},{"floor":11.0,"key":"Swift Potion"},{"floor":14.0,"key":"Weak Potion"},{"floor":16.0,"key":"Ancient Potion"},{"floor":18.0,"key":"LiquidBronze"},{"floor":24.0,"key":"SmokeBomb"},{"floor":33,"key":"Weak Potion"},{"floor":35,"key":"Block Potion"},{"floor":36,"key":"LiquidMemories"},{"floor":37,"key":"Block Potion"},{"floor":39,"key":"Regen Potion"},{"floor":40,"key":"ColorlessPotion"},{"floor":42,"key":"Ancient Potion"}],"is_trial":false,"path_per_floor":["M","?","?","?","?","R","M","E","T","R","M","R","?","M","R","B",null,"M","?","$","?","?","R","E","?","T","M","$","R","?","E","R","B",null,"M","M","?","T","M","E","R","E","T","$","R","T","?","?","R","B",null],"character_chosen":"IRONCLAD","items_purchased":["Thinking Ahead","Thread and Needle"],"campfire_rested":5,"item_purchase_floors":[20,44],"current_hp_per_floor":[80,60,60,49,46,46,40,42,52,52,52,52,52,51,78,69,90,76,76,76,76,70,70,44,44,44,45,45,72,72,64,64,16,90,71,64,21,21,21,28,55,44,44,44,71,71,71,60,87,59],"gold":385,"neow_bonus":"RANDOM_COLORLESS_2","is_daily":false,"chose_seed":false,"campfire_upgraded":5,"win_rate":0.0,"timestamp":1610448465,"path_taken":["M","?","?","?","?","R","?","E","T","R","M","R","?","M","R","BOSS","M","?","$","?","?","R","E","?","T","?","$","R","?","E","R","BOSS","M","M","?","?","?","E","R","E","T","$","R","?","?","?","R","BOSS"],"items_purchased_type":["Card","Relic"],"build_version":"2020-12-22","purchased_purges":2,"victory":true,"max_hp_per_floor":[80,80,80,80,80,80,80,80,90,90,90,90,90,90,90,90,90,90,90,90,90,90,90,90,90,90,90,90,90,90,90,90,90,90,90,90,90,90,90,90,90,90,90,90,90,90,90,90,90,90],"relic_stats":{"Blood Vial":2,"Centennial Puzzle":[30],"counters":[18,88],"Mummified Hand":[2],"CeramicFish":27,"Bag of Preparation":[20],"Letter Opener":[181],"Boot":[48],"obtain_stats":[{"Pear":9,"Golden Idol":2,"CeramicFish":31,"Thread and Needle":44,"Bag of Preparation":25,"Letter Opener":24,"Boot":8,"Burning Blood":0,"White Beast Statue":5,"Akabeko":42,"Du-Vu Doll":37,"Blood Vial":46,"Centennial Puzzle":26,"Anchor":38,"Mummified Hand":40,"Fusion Hammer":34,"Red Skull":19,"Runic Cube":17},{"Pear":3,"Golden Idol":1,"CeramicFish":10,"Thread and Needle":17,"Bag of Preparation":8,"Letter Opener":8,"Boot":3,"Burning Blood":0,"White Beast Statue":1,"Akabeko":17,"Du-Vu Doll":14,"Blood Vial":17,"Centennial Puzzle":8,"Anchor":14,"Mummified Hand":16,"Fusion Hammer":11,"Red Skull":7,"Runic Cube":6},{"Pear":11,"Golden Idol":4,"CeramicFish":41,"Thread and Needle":78,"Bag of Preparation":33,"Letter Opener":33,"Boot":11,"Burning Blood":0,"White Beast Statue":4,"Akabeko":78,"Du-Vu Doll":63,"Blood Vial":78,"Centennial Puzzle":33,"Anchor":63,"Mummified Hand":73,"Fusion Hammer":49,"Red Skull":29,"Runic Cube":22}],"Burning Blood":104,"Runic Cube":[54]},"card_choices":[{"not_picked":["Master of Strategy","Violence"],"picked":"Metamorphosis","floor":0.0},{"not_picked":["Wild Strike","Sword Boomerang"],"picked":"Sentinel","floor":1.0},{"not_picked":["Sword Boomerang","Clash","Reckless Charge"],"picked":"SKIP","floor":7.0},{"not_picked":["Warcry","Infernal Blade"],"picked":"Double Tap","floor":8.0},{"not_picked":["Seeing Red","Armaments"],"picked":"Shrug It Off","floor":11.0},{"not_picked":["Wild Strike","Anger"],"picked":"Rupture","floor":14.0},{"not_picked":["Corruption","Immolate"],"picked":"Reaper","floor":16.0},{"not_picked":["Intimidate","Body Slam"],"picked":"Shockwave","floor":18.0},{"not_picked":["Ghostly Armor+1","Heavy Blade+1"],"picked":"Burning Pact+1","floor":24.0},{"not_picked":["Twin Strike","Body Slam"],"picked":"True Grit","floor":27},{"not_picked":["True Grit+1","Corruption","Warcry"],"picked":"SKIP","floor":31},{"not_picked":["Reaper","Offering"],"picked":"Demon Form","floor":33},{"not_picked":["Entrench","Armaments+1","Body Slam+1"],"picked":"SKIP","floor":35},{"not_picked":["Warcry","Battle Trance","Havoc"],"picked":"SKIP","floor":36},{"not_picked":["Evolve","Wild Strike+1","Searing Blow+1"],"picked":"SKIP","floor":39},{"not_picked":["Whirlwind","Flex","Thunderclap+1"],"picked":"SKIP","floor":40},{"not_picked":["Thunderclap+1","Demon Form","Battle Trance"],"picked":"SKIP","floor":42}],"player_experience":215365,"relics_obtained":[{"floor":8.0,"key":"Boot"},{"floor":9.0,"key":"Pear"},{"floor":24.0,"key":"Letter Opener"},{"floor":26.0,"key":"Centennial Puzzle"},{"floor":31,"key":"CeramicFish"},{"floor":37,"key":"Du-Vu Doll"},{"floor":38,"key":"Anchor"},{"floor":40,"key":"Mummified Hand"},{"floor":42,"key":"Akabeko"},{"floor":46,"key":"Blood Vial"}],"event_choices":[{"damage_healed":0.0,"max_hp_gain":0.0,"max_hp_loss":0.0,"gold_gain":0.0,"event_name":"Golden Idol","player_choice":"Take Damage","floor":2.0,"gold_loss":0.0,"damage_taken":20.0,"relics_obtained":["Golden Idol"]},{"cards_removed":["Strike_R"],"damage_healed":0.0,"max_hp_gain":0.0,"max_hp_loss":0.0,"gold_gain":0.0,"event_name":"Living Wall","player_choice":"Forget","floor":3.0,"gold_loss":0.0,"damage_taken":0.0},{"damage_healed":0.0,"max_hp_gain":0.0,"max_hp_loss":0.0,"gold_gain":75.0,"event_name":"World of Goop","player_choice":"Gather Gold","floor":4.0,"gold_loss":0.0,"damage_taken":11.0},{"damage_healed":0.0,"max_hp_gain":0.0,"max_hp_loss":0.0,"gold_gain":0.0,"event_name":"Scrap Ooze","player_choice":"Success","floor":5.0,"gold_loss":0.0,"damage_taken":3.0,"relics_obtained":["White Beast Statue"]},{"cards_removed":["Strike_R"],"damage_healed":0.0,"max_hp_gain":0.0,"max_hp_loss":0.0,"gold_gain":0.0,"event_name":"The Cleric","player_choice":"Card Removal","floor":13.0,"gold_loss":50.0,"damage_taken":0.0},{"damage_healed":0.0,"max_hp_gain":0.0,"max_hp_loss":0.0,"gold_gain":0.0,"event_name":"Addict","player_choice":"Obtained Relic","floor":19.0,"gold_loss":85.0,"damage_taken":0.0,"relics_obtained":["Red Skull"]},{"damage_healed":0.0,"max_hp_gain":0.0,"max_hp_loss":0.0,"gold_gain":0.0,"event_name":"The Library","player_choice":"Read","floor":21.0,"gold_loss":0.0,"damage_taken":0.0,"cards_obtained":["Armaments"]},{"damage_healed":0.0,"max_hp_gain":0.0,"max_hp_loss":0.0,"gold_gain":0.0,"event_name":"Nest","player_choice":"Joined the Cult","floor":22.0,"gold_loss":0.0,"damage_taken":6.0,"cards_obtained":["RitualDagger"]},{"damage_healed":0.0,"max_hp_gain":0.0,"max_hp_loss":0.0,"gold_gain":0.0,"event_name":"The Mausoleum","player_choice":"Opened","floor":25.0,"gold_loss":0.0,"damage_taken":0.0,"relics_obtained":["Bag of Preparation"]},{"damage_healed":0,"gold_gain":0,"player_choice":"Ignored","damage_taken":0,"max_hp_gain":0,"max_hp_loss":0,"event_name":"Vampires","floor":30,"gold_loss":0},{"damage_healed":0,"gold_gain":0,"player_choice":"Fight","damage_taken":0,"max_hp_gain":0,"max_hp_loss":0,"event_name":"Mysterious Sphere","floor":37,"gold_loss":0},{"damage_healed":0,"gold_gain":333,"player_choice":"Gave Idol","damage_taken":0,"max_hp_gain":0,"max_hp_loss":0,"event_name":"The Moai Head","floor":47,"relics_lost":["Golden Idol"],"gold_loss":0},{"damage_healed":0,"gold_gain":0,"player_choice":"Embrace Madness","damage_taken":11,"max_hp_gain":0,"max_hp_loss":0,"event_name":"Winding Halls","floor":48,"gold_loss":0,"cards_obtained":["Madness","Madness"]}],"is_beta":false,"boss_relics":[{"not_picked":["Philosopher\u0027s Stone","Pandora\u0027s Box"],"picked":"Runic Cube"},{"not_picked":["Runic Pyramid","Coffee Dripper"],"picked":"Fusion Hammer"}],"items_purged_floors":[28,44],"is_endless":false,"potions_floor_spawned":[7,8,11,14,16,18,24,27,31,33,35,36,37,39,40,42],"ascension_level":0}}