{"host":"6b00v7211em4ihns","time":1610437862,"event":{"mods":["BaseMod","Bestiary","Better Match","Card Forge","Filter the Spire","Minty Spire (QoL Compilation)","Relic Stats","Spicy Shops","StSLib","Swap Starting Deck Mod"],"gold_per_floor":[117,117,133,146,146,146,169,184,207,243,243,264,264,303,303,397,397,416,416,6,6,29,69,69,69,69],"floor_reached":25,"playtime":2826,"items_purged":[],"score":462,"play_id":"1ea21afd-9c51-42fa-9d05-74f777b43240","local_time":"20210112075102","is_ascension_mode":true,"campfire_choices":[{"data":"Barrage","floor":6,"key":"SMITH"},{"floor":13,"key":"REST"},{"data":"Blizzard","floor":15,"key":"SMITH"},{"data":"Electrodynamics","floor":24,"key":"SMITH"}],"circlet_count":0,"master_deck":["AscendersBane","Conserve Battery","Compile Driver","Barrage+1","Cold Snap","Rebound","Beam Cell","Steam","Conserve Battery","Hologram","Genetic Algorithm","Genetic Algorithm","Coolheaded","Biased Cognition","Blizzard+1","BootSequence","Hyperbeam","Redo+1","Ball Lightning+1","Buffer","Electrodynamics+1","Ghostly","Ghostly","Ghostly"],"relics":["Cracked Core","Hammer of Thor","Seething Fire","Anvil of the Gods","swapstartingdeckmod:DeadBlossom","Golden Idol","Juzu Bracelet","Boot","Coffee Dripper","Runic Capacitor","Orrery","Vajra"],"acts_visited":["Exordium","TheCity"],"potions_floor_usage":[7,12,16,16,25],"damage_taken":[{"damage":0,"enemies":"Small Slimes","floor":1,"turns":2},{"damage":0,"enemies":"2 Louse","floor":3,"turns":2},{"damage":0,"enemies":"Cultist","floor":4,"turns":3},{"damage":8,"enemies":"3 Louse","floor":7,"turns":4},{"damage":2,"enemies":"Red Slaver","floor":8,"turns":3},{"damage":25,"enemies":"Gremlin Nob","floor":10,"turns":4},{"damage":0,"enemies":"Exordium Wildlife","floor":12,"turns":4},{"damage":5,"enemies":"3 Sentries","floor":14,"turns":9},{"damage":6,"enemies":"Hexaghost","floor":16,"turns":13},{"damage":8,"enemies":"Shell Parasite","floor":18,"turns":5},{"damage":0,"enemies":"Chosen","floor":22,"turns":4},{"damage":16,"enemies":"Gremlin Leader","floor":23,"turns":5},{"damage":14,"enemies":"Book of Stabbing","floor":25,"turns":5}],"seed_played":"-7447266648727757308","potions_obtained":[{"floor":3,"key":"Regen Potion"},{"floor":4,"key":"ColorlessPotion"},{"floor":10,"key":"SkillPotion"},{"floor":12,"key":"GamblersBrew"},{"floor":16,"key":"AttackPotion"},{"floor":18,"key":"GamblersBrew"}],"is_trial":false,"path_per_floor":["M","?","M","M","?","R","M","M","T","E","$","M","R","E","R","B",null,"M","?","$","?","M","E","R","E"],"character_chosen":"DEFECT","items_purchased":["Runic Capacitor","Ancient Potion","Orrery"],"campfire_rested":1,"item_purchase_floors":[20,20,20],"current_hp_per_floor":[64,64,64,64,40,40,39,37,37,12,12,12,23,18,18,12,34,26,26,26,26,26,10,10,0,0],"gold":69,"neow_bonus":"","is_daily":false,"chose_seed":false,"campfire_upgraded":3,"win_rate":0.0,"timestamp":1610437862,"path_taken":["M","?","M","M","?","R","M","M","T","E","$","M","R","E","R","BOSS","M","?","$","?","M","E","R","E"],"items_purchased_type":["Relic","Potion","Relic"],"build_version":"2020-12-22","purchased_purges":0,"victory":false,"max_hp_per_floor":[71,71,71,71,71,71,71,71,71,71,71,71,71,71,71,71,71,71,71,71,35,35,35,35,35,35],"relic_stats":{"counters":[13,63],"Golden Idol":63,"Juzu Bracelet":0,"Boot":[27],"obtain_stats":[{"swapstartingdeckmod:DeadBlossom":0,"Anvil of the Gods":0,"Golden Idol":5,"Orrery":20,"Vajra":23,"Hammer of Thor":0,"Juzu Bracelet":10,"Coffee Dripper":17,"Runic Capacitor":20,"Seething Fire":0,"Cracked Core":0,"Boot":14},{"swapstartingdeckmod:DeadBlossom":0,"Anvil of the Gods":0,"Golden Idol":3,"Orrery":10,"Vajra":12,"Hammer of Thor":0,"Juzu Bracelet":6,"Coffee Dripper":9,"Runic Capacitor":10,"Seething Fire":0,"Cracked Core":0,"Boot":8},{"swapstartingdeckmod:DeadBlossom":0,"Anvil of the Gods":0,"Golden Idol":7,"Orrery":49,"Vajra":58,"Hammer of Thor":0,"Juzu Bracelet":18,"Coffee Dripper":44,"Runic Capacitor":49,"Seething Fire":0,"Cracked Core":0,"Boot":31}]},"card_choices":[{"not_picked":["Turbo","Barrage","Compile Driver"],"picked":"SKIP","floor":1},{"not_picked":["Barrage","Conserve Battery"],"picked":"Genetic Algorithm","floor":3},{"not_picked":["Hologram","Redo"],"picked":"Genetic Algorithm","floor":4},{"not_picked":["Cold Snap","Coolheaded","Compile Driver"],"picked":"SKIP","floor":7},{"not_picked":["Steam","Leap"],"picked":"Coolheaded","floor":8},{"not_picked":["Reinforced Body","Doom and Gloom"],"picked":"Biased Cognition","floor":10},{"not_picked":["Hologram","BootSequence"],"picked":"Blizzard","floor":12},{"not_picked":["Beam Cell","Stack"],"picked":"BootSequence","floor":14},{"not_picked":["Multi-Cast","Thunder Strike"],"picked":"Hyperbeam","floor":16},{"not_picked":["Aggregate","Stack"],"picked":"Redo+1","floor":18},{"not_picked":["Leap","Rip and Tear"],"picked":"Ball Lightning+1","floor":20},{"not_picked":["Recycle","Sweeping Beam"],"picked":"Buffer","floor":20},{"not_picked":["Reinforced Body","Recycle"],"picked":"Electrodynamics","floor":20},{"not_picked":["Heatsinks+1","Barrage","Leap+1"],"picked":"SKIP","floor":22},{"not_picked":["Conserve Battery","Leap","Reinforced Body"],"picked":"SKIP","floor":23},{"not_picked":["Conserve Battery","Leap","Reinforced Body"],"picked":"SKIP","floor":23}],"player_experience":2492983,"relics_obtained":[{"floor":10,"key":"Juzu Bracelet"},{"floor":14,"key":"Boot"},{"floor":23,"key":"Vajra"}],"event_choices":[{"damage_healed":0,"gold_gain":0,"player_choice":"Ignored","damage_taken":0,"max_hp_gain":0,"max_hp_loss":0,"event_name":"Liars Game","floor":2,"gold_loss":0},{"damage_healed":0,"gold_gain":0,"player_choice":"Take Damage","damage_taken":24,"relics_obtained":["Golden Idol"],"max_hp_gain":0,"max_hp_loss":0,"event_name":"Golden Idol","floor":5,"gold_loss":0},{"cards_removed":["Go for the Eyes"],"damage_healed":0,"gold_gain":0,"player_choice":"Elegance","damage_taken":0,"max_hp_gain":0,"max_hp_loss":0,"event_name":"Back to Basics","floor":19,"gold_loss":0},{"damage_healed":0,"gold_gain":0,"player_choice":"Became a Ghost","damage_taken":0,"max_hp_gain":0,"max_hp_loss":36,"event_name":"Ghosts","floor":21,"gold_loss":0,"cards_obtained":["Ghostly","Ghostly","Ghostly"]}],"is_beta":false,"boss_relics":[{"not_picked":["Calling Bell","Black Star"],"picked":"Coffee Dripper"}],"items_purged_floors":[],"is_endless":false,"potions_floor_spawned":[3,4,10,12,16,18],"killed_by":"Book of Stabbing","ascension_level":20}}