{"host":"480qzmvu0s2e3e6w","time":1610437914,"event":{"mods":["BaseMod","Colored Map","DeckTracker","Lobotomy","Minty Spire (QoL Compilation)","StSLib","SuperFastMode"],"gold_per_floor":[115,134,147,163,174,174,192,204,204,223,275,301,316,326,326,401,401,421,437,454,464,483,483,120,138,138,163,23,41,60,60,60,60,60],"floor_reached":33,"playtime":1701,"items_purged":["Strike_R","Strike_R"],"score":579,"play_id":"d9a35537-bdab-45dd-9339-6b7040336ba3","local_time":"20210112165154","is_ascension_mode":true,"campfire_choices":[{"data":"True Grit","floor":6.0,"key":"SMITH"},{"data":"Barricade","floor":15.0,"key":"SMITH"},{"floor":23.0,"key":"RECALL"},{"data":"1","floor":32,"key":"LIFT"}],"circlet_count":0,"master_deck":["AscendersBane","Strike_R","Strike_R","Defend_R","Defend_R","Defend_R","Bash","Evolve","Body Slam","Dropkick","Pommel Strike","Sword Boomerang","True Grit+1","Power Through","Pummel","Blood for Blood","Cleave","Barricade+1","Juggernaut","Combust+1","Inflame+1","Power Through","Headbutt+1","Burning Pact","Rupture","Seeing Red","Entrench","Spot Weakness+1"],"relics":["Burning Blood","Gremlin Horn","Anchor","Meat on the Bone","Fusion Hammer","Dead Branch","Girya","Bag of Marbles"],"acts_visited":["Exordium","TheCity"],"potions_floor_usage":[],"damage_taken":[{"damage":1.0,"enemies":"Cultist","floor":1.0,"turns":4.0},{"damage":3.0,"enemies":"2 Louse","floor":2.0,"turns":3.0},{"damage":5.0,"enemies":"Small Slimes","floor":3.0,"turns":3.0},{"damage":5.0,"enemies":"Gremlin Gang","floor":4.0,"turns":3.0},{"damage":8.0,"enemies":"Blue Slaver","floor":5.0,"turns":5.0},{"damage":26.0,"enemies":"Large Slime","floor":7.0,"turns":7.0},{"damage":21.0,"enemies":"Gremlin Gang","floor":8.0,"turns":5.0},{"damage":0.0,"enemies":"Exordium Wildlife","floor":10.0,"turns":3.0},{"damage":21.0,"enemies":"Lagavulin","floor":12.0,"turns":6.0},{"damage":0.0,"enemies":"Looter","floor":13.0,"turns":3.0},{"damage":0.0,"enemies":"3 Louse","floor":14.0,"turns":4.0},{"damage":44.0,"enemies":"Slime Boss","floor":16.0,"turns":13.0},{"damage":43.0,"enemies":"Spheric Guardian","floor":18.0,"turns":6.0},{"damage":23.0,"enemies":"Shell Parasite","floor":19.0,"turns":6.0},{"damage":44.0,"enemies":"Shelled Parasite and Fungi","floor":20.0,"turns":6.0},{"damage":22.0,"enemies":"Cultist and Chosen","floor":21.0,"turns":7.0},{"damage":8.0,"enemies":"Centurion and Healer","floor":22.0,"turns":6.0},{"damage":7.0,"enemies":"Snecko","floor":25.0,"turns":4.0},{"damage":2.0,"enemies":"Gremlin Leader","floor":27.0,"turns":3.0},{"damage":51.0,"enemies":"Cultist and Chosen","floor":29.0,"turns":7.0},{"damage":19,"enemies":"Shelled Parasite and Fungi","floor":30,"turns":5},{"damage":31,"enemies":"Collector","floor":33,"turns":3}],"seed_played":"-8232957507031094527","potions_obtained":[{"floor":2.0,"key":"Explosive Potion"},{"floor":3.0,"key":"ColorlessPotion"},{"floor":8.0,"key":"CultistPotion"},{"floor":12.0,"key":"FearPotion"},{"floor":18.0,"key":"FairyPotion"},{"floor":21.0,"key":"Fire Potion"},{"floor":29.0,"key":"Energy Potion"}],"is_trial":false,"path_per_floor":["M","M","M","M","M","R","M","M","T","M","T","E","M","M","R","B",null,"M","M","M","M","M","R","$","M","T","E","$","M","M","?","R","B"],"character_chosen":"IRONCLAD","items_purchased":["Dead Branch","Entrench"],"campfire_rested":0,"item_purchase_floors":[24,28],"current_hp_per_floor":[55,58,59,60,58,58,38,23,23,29,29,14,32,50,50,24,62,37,32,36,32,42,42,42,53,53,57,57,24,23,23,23,0,0],"gold":60,"neow_bonus":"TRANSFORM_TWO_CARDS","is_daily":false,"chose_seed":false,"campfire_upgraded":2,"win_rate":0.0,"timestamp":1610437914,"path_taken":["M","M","M","M","M","R","M","M","T","M","?","E","?","M","R","BOSS","M","M","M","M","?","R","$","M","T","E","$","M","M","?","R","BOSS"],"items_purchased_type":["Relic","Card"],"build_version":"2020-12-22","purchased_purges":2,"victory":false,"max_hp_per_floor":[75,75,75,75,75,75,75,75,75,75,75,75,75,75,75,75,75,75,75,75,75,75,75,75,75,75,75,75,75,75,75,75,75,75],"card_choices":[{"not_picked":["Clothesline","Clash"],"picked":"Dropkick","floor":1.0},{"not_picked":["Burning Pact","Perfected Strike"],"picked":"Pommel Strike","floor":2.0},{"not_picked":["Evolve","True Grit"],"picked":"Sword Boomerang","floor":3.0},{"not_picked":["Blood for Blood","Rage"],"picked":"True Grit","floor":4.0},{"not_picked":["Wild Strike","Reaper"],"picked":"Power Through","floor":5.0},{"not_picked":["Clash","Dual Wield"],"picked":"Pummel","floor":7.0},{"not_picked":["Wild Strike","Twin Strike"],"picked":"Blood for Blood","floor":8.0},{"not_picked":["Iron Wave","Infernal Blade"],"picked":"Cleave","floor":10.0},{"not_picked":["Perfected Strike","Feel No Pain"],"picked":"Barricade","floor":12.0},{"not_picked":["Sword Boomerang","Twin Strike","True Grit"],"picked":"SKIP","floor":13.0},{"not_picked":["Twin Strike","Pommel Strike","Perfected Strike"],"picked":"SKIP","floor":14.0},{"not_picked":["Demon Form","Exhume"],"picked":"Juggernaut","floor":16.0},{"not_picked":["Body Slam","Clash"],"picked":"Combust+1","floor":18.0},{"not_picked":["Armaments","Warcry"],"picked":"Inflame+1","floor":19.0},{"not_picked":["Clash","Pommel Strike"],"picked":"Power Through","floor":20.0},{"not_picked":["Anger","Perfected Strike"],"picked":"Headbutt+1","floor":21.0},{"not_picked":["Iron Wave","Headbutt"],"picked":"Burning Pact","floor":22.0},{"not_picked":["Clothesline","Metallicize+1"],"picked":"Rupture","floor":25.0},{"not_picked":["Clash","Anger"],"picked":"Seeing Red","floor":27.0},{"not_picked":["Perfected Strike","Bloodletting","Clothesline"],"picked":"SKIP","floor":29.0},{"not_picked":["Thunderclap","Pummel"],"picked":"Spot Weakness+1","floor":30}],"player_experience":686528,"relics_obtained":[{"floor":9.0,"key":"Gremlin Horn"},{"floor":11.0,"key":"Anchor"},{"floor":12.0,"key":"Meat on the Bone"},{"floor":26.0,"key":"Girya"},{"floor":27.0,"key":"Bag of Marbles"}],"event_choices":[{"damage_healed":0,"gold_gain":0,"player_choice":"Ignored","damage_taken":0,"max_hp_gain":0,"max_hp_loss":0,"event_name":"The Mausoleum","floor":31,"gold_loss":0}],"is_beta":false,"boss_relics":[{"not_picked":["Sozu","Runic Dome"],"picked":"Fusion Hammer"}],"items_purged_floors":[24,28],"is_endless":false,"potions_floor_spawned":[2,3,8,10,12,14,18,19,21,29],"killed_by":"Collector","ascension_level":15}}