{"host":"bpkhhmvsfrvlto2l","time":1610471093,"event":{"mods":["2.2 Compatiblity","AchievementEnabler","Act Like it!","AlwaysNeverKeys","Aspiration","BaseMod","Better Silent Start","Challenge The Spire","Colored Map","Colored Powertips","Custom Start","Downfall","Energized Spire","Friendly Minions","GifTheSpireLib","Halation","Hubris","Infinite Spire","Ironclad Rager","Mimic Mod","Minty Spire (QoL Compilation)","Permanent Neow","Quick Restart","Random Character Button","Relic Sorter","Replay The Spire","Spikes Relics","StSLib","Stuff the Spire","Swap Starting Deck Mod","Trackpad"],"gold_per_floor":[111,131,131,142,142,142,154,154,154,180,31,50,64,74,74,169,169,183,183,198,212,212,212,224,234,234,250,261,10,10,10],"floor_reached":30,"playtime":539,"items_purged":[],"score":309,"play_id":"27a0708d-ecd5-4624-a4df-7dcf94e976c6","local_time":"20210112120453","is_ascension_mode":true,"campfire_choices":[{"data":"Defend_B","floor":6,"key":"SMITH"},{"data":"StuffTheSpire:Synthwave","floor":8,"key":"SMITH"},{"floor":15,"key":"REST"},{"data":"infinitespire:Oblivion","floor":23,"key":"SMITH"}],"circlet_count":0,"master_deck":["Strike_B","Strike_B","Strike_B+1","Strike_B+1","Defend_B","Defend_B","Defend_B","Defend_B+1","Zap+1","Dualcast+1","StuffTheSpire:Synthwave+1","Self Repair+1","infinitespire:Oblivion+1","Coolheaded+1","Chill"],"relics":["Cracked Core","Frozen Egg 2","trackpad:PetRock","aspiration:EnhancedActuators","aspiration:BursterCore","BrokenLever","Dream Catcher","infinitespire:BottledMercury","Kunai"],"acts_visited":["Exordium","TheCity"],"potions_floor_usage":[10,10,16,16,21,25,27,28],"damage_taken":[{"damage":2,"enemies":"Jaw Worm","floor":1,"turns":3},{"damage":2,"enemies":"Small Slimes","floor":2,"turns":3},{"damage":1,"enemies":"Cultist","floor":4,"turns":3},{"damage":1,"enemies":"Red Slaver","floor":7,"turns":2},{"damage":11,"enemies":"Gremlin Nob","floor":10,"turns":4},{"damage":7,"enemies":"2 Fungi Beasts","floor":12,"turns":2},{"damage":0,"enemies":"Looter","floor":13,"turns":2},{"damage":3,"enemies":"Blue Slaver","floor":14,"turns":2},{"damage":19,"enemies":"Hexaghost","floor":16,"turns":9},{"damage":16,"enemies":"Spheric Guardian","floor":18,"turns":4},{"damage":22,"enemies":"Shell Parasite","floor":20,"turns":4},{"damage":3,"enemies":"Sentry and Sphere","floor":21,"turns":3},{"damage":21,"enemies":"Snake Plant","floor":24,"turns":3},{"damage":16,"enemies":"Snecko","floor":25,"turns":4},{"damage":4,"enemies":"Chosen and Byrds","floor":27,"turns":4},{"damage":28,"enemies":"Centurion and Healer","floor":28,"turns":4},{"damage":18,"enemies":"Colosseum Slavers","floor":30,"turns":1}],"seed_played":"1049565837707656930","potions_obtained":[{"floor":1,"key":"EssenceOfSteel"},{"floor":4,"key":"Ancient Potion"},{"floor":7,"key":"Weak Potion"},{"floor":12,"key":"Languid Potion"},{"floor":20,"key":"DistilledChaos"},{"floor":21,"key":"Reflective Coating"},{"floor":24,"key":"Explosive Potion"},{"floor":27,"key":"LiquidBronze"},{"floor":28,"key":"AttackPotion"}],"is_trial":false,"path_per_floor":["M","M","?","M","?","R","M","R","T","E","$","M","M","M","R_BF","B",null,"M","AVR","M","M","T","R","M","M","T","M","M","$","?"],"character_chosen":"DEFECT","items_purchased":["aspiration:EnhancedActuators","Kunai"],"campfire_rested":1,"item_purchase_floors":[11,29],"current_hp_per_floor":[66,64,49,48,48,48,47,47,47,36,36,29,29,26,48,29,64,48,48,36,43,43,43,32,26,26,32,14,14,0,0],"gold":10,"neow_bonus":"RANDOM_EVENT","is_daily":false,"chose_seed":false,"campfire_upgraded":3,"win_rate":0.0,"timestamp":1610471093,"path_taken":["M","M","?","M","?","R","M","R","T","E","$","?","M","M","R_BF","BOSS","M","AVR","M","M","?","R","M","M","T","M","M","$","?"],"items_purchased_type":["Relic","Relic"],"build_version":"2020-12-22","purchased_purges":0,"victory":false,"max_hp_per_floor":[75,75,75,75,75,75,75,75,75,75,75,75,75,75,75,75,75,75,75,75,75,75,75,75,75,75,75,75,75,75,75],"card_choices":[{"not_picked":["Coolheaded","StuffTheSpire:LoadUp","Rip and Tear"],"picked":"SKIP","floor":4},{"not_picked":["Rebound","Conserve Battery"],"picked":"StuffTheSpire:Synthwave","floor":7},{"not_picked":["BootSequence","DiskWipe+1"],"picked":"Self Repair+1","floor":18},{"not_picked":["StuffTheSpire:GlassShard","Barrage+1","Heatsinks+1"],"picked":"SKIP","floor":20},{"not_picked":["StuffTheSpire:Rend+1","Leap"],"picked":"Coolheaded+1","floor":21},{"not_picked":["StuffTheSpire:GlassShard","Conserve Battery"],"picked":"Chill","floor":28}],"player_experience":72942,"relics_obtained":[{"floor":9,"key":"Frozen Egg 2"},{"floor":10,"key":"trackpad:PetRock"},{"floor":22,"key":"Dream Catcher"},{"floor":26,"key":"infinitespire:BottledMercury"}],"event_choices":[{"damage_healed":0,"gold_gain":0,"player_choice":"Entered Light","damage_taken":15,"max_hp_gain":0,"max_hp_loss":0,"event_name":"Shining Light","floor":3,"gold_loss":0,"cards_upgraded":["Strike_B","Strike_B"]},{"damage_healed":0,"gold_gain":0,"player_choice":"Upgraded","damage_taken":0,"max_hp_gain":0,"max_hp_loss":0,"event_name":"Upgrade Shrine","floor":5,"gold_loss":0,"cards_upgraded":["Dualcast"]},{"damage_healed":0,"gold_gain":0,"player_choice":"Fight","damage_taken":0,"max_hp_gain":0,"max_hp_loss":0,"event_name":"Colosseum","floor":30,"gold_loss":0}],"is_beta":false,"boss_relics":[{"not_picked":["halation:Risk","energizedSpire:SpiderWeb"],"picked":"aspiration:BursterCore"}],"items_purged_floors":[],"is_endless":false,"potions_floor_spawned":[1,4,7,12,20,21,24,27,28],"killed_by":"Colosseum Slavers","ascension_level":6}}