{"host":"5yjvsohl6z99blyx","time":1610485322,"event":{"mods":["BaseMod","Better Altar","Better Match","Better Note","Better Sensory Stone","Better Skull","Better Third Choice","Better Vampires","BetterRewards","Card Forge","Colored Map","Colored Powertips","Defuse TimeMaze Blight","Downfall","Emptier Cage","Energized Spire","Highlight Path","Hubris","Minty Spire (QoL Compilation)","Permanent Neow","Quick Restart","Relic Filter","Replay The Spire","Shop Mod","StSLib","Synergy Search","Thieving Mod","Transform Curses","Uncapped"],"gold_per_floor":[99,114,114,25,475,400,450,476,489,507,557,570,4,37,51,156,156,81,97,97,110,7,42,66,66,166,181,106,118,118,146,156,257,257,257,97,111,123,123,135,135,135,135,219,229,9,36,36,52,52],"floor_reached":51,"language":"POL","playtime":6545,"items_purged":[],"score":1085,"play_id":"11cbc664-c396-4cf5-aa07-dd18bb7ade2c","local_time":"20210112220202","is_ascension_mode":true,"campfire_choices":[{"floor":1.0,"key":"RECALL"},{"data":"Guardian:PrismaticBarrier","floor":6.0,"key":"SMITH"},{"floor":18.0,"key":"REST"},{"floor":28.0,"key":"REST"},{"floor":42,"key":"REST"}],"circlet_count":0,"master_deck":["Guardian:Strike_Guardian+10","Guardian:Strike_Guardian+10","Guardian:Defend_Guardian+10","Guardian:Defend_Guardian+10","Guardian:Defend_Guardian+10","Guardian:CurlUp+1","Guardian:TwinSlam+1","Guardian:Incinerate+1","Guardian:TemporalShield+1","Barricade+1","Berserk+1","Evolve+1","Metallicize+1","Disarm+1","Adrenaline+1","Burst+1","Footwork+1","Well Laid Plans+1","Phantasmal Killer+1","Aggregate+1","Echo Form+1","Fusion+1","Double Energy+1","Self Repair+1","Machine Learning+1","Amplify+1","DevaForm+1","Study+1","Omniscience+1","MasterReality+1","ReplayTheSpireMod:Brewmster+1","Guardian:ArmoredProtocol+1","Guardian:ChargeUp+1","Guardian:EvasiveProtocol+1","Guardian:FloatingOrbs+1","Guardian:FuturePlans+1","Guardian:RevengeProtocol+1","Guardian:ShieldCharger+1","Guardian:SpikerProtocol+1","Guardian:StasisEngine+1","Guardian:TimeSifter+1","Hologram+1","Guardian:Repulse+1","Guardian:Planning+1","Guardian:PrismaticBarrier+1","Guardian:TimeCapacitor+1","Guardian:Orbwalk+1","The Bomb+1","Guardian:DonusPower+1","Guardian:VentSteam+1","Guardian:PiercingHide+1","Guardian:TemporalStrike+1","Guardian:DecasProtection+1","Guardian:BronzeArmor+1","Guardian:TimeBomb+1","expansioncontent:DecasProtection+1","Guardian:TimeCapacitor+1","Guardian:VentSteam+1","Guardian:AncientConstruct+1","Guardian:ArmoredProtocol+1","Guardian:TimeSifter+1","Guardian:EvasiveProtocol+1","Guardian:PiercingHide+1","Guardian:ArmoredProtocol+1","Guardian:Orbwalk+1","Guardian:Aged"],"relics":["Hammer of Thor","Seething Fire","Anvil of the Gods","Astrolabe","Prayer Wheel","downfall:HeartBlessingRed","ReplayTheSpireMod:Lightbulb","Replay:Kaleidoscope","Anchor","hubris:SlimyHat","HornCleat","Fusion Hammer","downfall:HeartBlessingGreen","ReplayTheSpireMod:CursedCoin","Replay:Baseball","Chameleon Ring","Toy Ornithopter","downfall:HeartBlessingBlue","hubris:SphereOfDissonance","MerchantsRug","ReplayTheSpireMod:Ring of Exchange","Ring of Fangs","Mercury Hourglass","Lizard Tail","Simple Rune","Turnip","Guardian:StasisEgg"],"acts_visited":["Exordium","TheCity","TheBeyond"],"potions_floor_usage":[40,46,49,49,49,49,50],"damage_taken":[{"damage":20.0,"enemies":"2 Louse","floor":2.0,"turns":7.0},{"damage":0.0,"enemies":"downfall:FleeingMerchant","floor":4.0,"turns":4.0},{"damage":0.0,"enemies":"Lagavulin","floor":8.0,"turns":6.0},{"damage":10.0,"enemies":"Cultist","floor":9.0,"turns":4.0},{"damage":12.0,"enemies":"Jaw Worm","floor":10.0,"turns":4.0},{"damage":15.0,"enemies":"2 Fungi Beasts","floor":12.0,"turns":4.0},{"damage":4.0,"enemies":"downfall:FleeingMerchant","floor":13.0,"turns":4.0},{"damage":19.0,"enemies":"3 Sentries","floor":14.0,"turns":7.0},{"damage":6.0,"enemies":"Exordium Wildlife","floor":15.0,"turns":5.0},{"damage":0.0,"enemies":"downfall:Watcher","floor":16.0,"turns":6.0},{"damage":14.0,"enemies":"Chosen","floor":19.0,"turns":4.0},{"damage":18.0,"enemies":"Centurion and Healer","floor":21.0,"turns":5.0},{"damage":0.0,"enemies":"downfall:FleeingMerchant","floor":22.0,"turns":4.0},{"damage":54.0,"enemies":"Slavers","floor":23.0,"turns":7.0},{"damage":0.0,"enemies":"downfall:LadyInBlue","floor":26.0,"turns":6.0},{"damage":12.0,"enemies":"Shelled Parasite and Fungi","floor":27.0,"turns":3.0},{"damage":10.0,"enemies":"Chosen and Byrds","floor":29.0,"turns":4.0},{"damage":10.0,"enemies":"Replay:Snechameleon","floor":31.0,"turns":3.0},{"damage":0.0,"enemies":"3 Cultists","floor":32.0,"turns":4.0},{"damage":9.0,"enemies":"downfall:Silent","floor":33.0,"turns":7.0},{"damage":0.0,"enemies":"downfall:FleeingMerchant","floor":36.0,"turns":4.0},{"damage":33.0,"enemies":"3 Shapes","floor":37.0,"turns":6.0},{"damage":9,"enemies":"3 Darklings","floor":38,"turns":6},{"damage":2,"enemies":"Writhing Mass","floor":40,"turns":6},{"damage":23,"enemies":"4 Shapes","floor":45,"turns":4},{"damage":0,"enemies":"downfall:FleeingMerchant","floor":46,"turns":4},{"damage":0,"enemies":"Giant Head","floor":47,"turns":6},{"damage":78,"enemies":"Transient","floor":49,"turns":5},{"damage":1,"enemies":"downfall:Ironclad","floor":50,"turns":9}],"seed_played":"4511224776803377911","potions_obtained":[{"floor":2.0,"key":"PowerPotion"},{"floor":13.0,"key":"Explosive Potion"},{"floor":13.0,"key":"PowerPotion"},{"floor":13.0,"key":"Dexterity Potion"},{"floor":14.0,"key":"Energy Potion"},{"floor":16.0,"key":"AttackPotion"},{"floor":23.0,"key":"Explosive Potion"},{"floor":26.0,"key":"Toxic Potion"},{"floor":30.0,"key":"Death Potion"},{"floor":30.0,"key":"SneckoOil"},{"floor":33.0,"key":"Guardian:AcceleratePotion"},{"floor":35.0,"key":"Guardian:StasisDiscoveryPotion"},{"floor":38,"key":"LifebloodPotion"},{"floor":45,"key":"AttackPotion"}],"is_trial":false,"path_per_floor":["R","M","?","$","?","R","T","E","M","M","T","M","$","E","M","B",null,"R","M","?","M","$","E","T","?","?","M","R","M","R","E","M","B",null,"R","$","M","M","?","M","T","R","T","?","M","$","E","?","M","B",null],"character_chosen":"GUARDIAN","items_purchased":["Guardian:PrismaticBarrier","hubris:SlimyHat","Cauldron","The Bomb","Guardian:DonusPower","ReplayTheSpireMod:CursedCoin","Replay:Baseball","expansioncontent:DecasProtection","MerchantsRug","Simple Rune","PowerPotion"],"campfire_rested":3,"item_purchase_floors":[4,13,13,13,13,22,22,22,36,46,46],"current_hp_per_floor":[80,70,90,90,90,90,90,90,90,78,78,73,79,80,84,90,90,90,90,90,82,90,56,56,56,76,74,100,95,95,95,100,100,100,100,100,72,83,83,86,86,100,100,100,77,82,82,82,62,86],"gold":52,"neow_bonus":"BOSS_RELIC","is_daily":false,"chose_seed":false,"campfire_upgraded":1,"win_rate":0.0,"timestamp":1610485322,"path_taken":["R","M","?","?","?","R","T","E","M","M","?","M","$","E","M","BOSS","R","M","?","M","$","E","T","?","?","?","R","M","R","E","M","BOSS","R","$","M","M","?","M","T","R","?","?","?","$","E","?","M","BOSS"],"items_purchased_type":["Card","Relic","Relic","Card","Card","Relic","Relic","Card","Relic","Relic","Potion"],"build_version":"2020-12-22","purchased_purges":0,"victory":true,"max_hp_per_floor":[80,80,90,90,90,90,90,90,90,90,90,90,90,90,90,90,90,90,90,90,90,90,90,90,90,90,90,100,100,100,100,100,100,100,100,100,100,100,100,100,100,100,100,100,100,97,97,97,97,97],"card_choices":[{"not_picked":["Guardian:MultiBeam","Guardian:BronzeArmor"],"picked":"Guardian:Repulse","floor":2.0},{"not_picked":["Guardian:Gem_Cyan","Guardian:Incinerate"],"picked":"Guardian:Planning","floor":2.0},{"not_picked":["Guardian:ChargeCore","Guardian:ShieldCharger","Guardian:TemporalShield"],"picked":"SKIP","floor":4.0},{"not_picked":["Guardian:ShieldCharger","Guardian:Reroute"],"picked":"Guardian:Gem_Crimson","floor":8.0},{"not_picked":["Guardian:VentSteam","Guardian:PiercingHide"],"picked":"Guardian:TimeCapacitor","floor":9.0},{"not_picked":["Guardian:Gem_Lightblue","Guardian:RollAttack","Guardian:PiercingHide"],"picked":"SKIP","floor":9.0},{"not_picked":["Guardian:ChargeCore","Guardian:PolyBeam"],"picked":"Guardian:Orbwalk","floor":10.0},{"not_picked":["Guardian:HyperBeam_Guardian","Guardian:FuturePlans","Guardian:WalkerClaw"],"picked":"SKIP","floor":10.0},{"not_picked":["Guardian:Gem_Fragmented","Guardian:Gem_Cyan"],"picked":"Guardian:Gem_Yellow","floor":12.0},{"not_picked":["Guardian:Clone","Guardian:TemporalStrike","Guardian:PrimingBeam"],"picked":"SKIP","floor":12.0},{"not_picked":["Guardian:Repulse","Guardian:Gem_Green","Guardian:FuturePlans"],"picked":"SKIP","floor":13.0},{"not_picked":["Guardian:PrismaticBeam","Guardian:TimeBomb"],"picked":"Guardian:VentSteam","floor":14.0},{"not_picked":["Guardian:PrimingBeam","Guardian:Reroute"],"picked":"Guardian:PiercingHide","floor":15.0},{"not_picked":["Guardian:PrismaticBarrier","Guardian:Harden"],"picked":"Guardian:TemporalStrike","floor":15.0},{"not_picked":["Guardian:FierceBash","Guardian:SphericShield"],"picked":"Guardian:Gem_Synthetic","floor":16.0},{"not_picked":["Guardian:Planning","Guardian:PrimingBeam"],"picked":"Guardian:DecasProtection","floor":19.0},{"not_picked":["Guardian:WalkerClaw+1","Guardian:PrismaticBarrier"],"picked":"Guardian:BronzeArmor+1","floor":19.0},{"not_picked":["Guardian:RefractedBeam","Guardian:Harden"],"picked":"Guardian:TimeBomb+1","floor":21.0},{"not_picked":["Guardian:Clone","Guardian:PrimingBeam+1","Guardian:Gem_Lightblue"],"picked":"SKIP","floor":21.0},{"not_picked":["Guardian:TemporalShield+1","Guardian:CompilePackage","Guardian:CrystalBeam"],"picked":"SKIP","floor":22.0},{"not_picked":["Guardian:PolyBeam","Guardian:Incinerate"],"picked":"Guardian:TimeCapacitor","floor":23.0},{"not_picked":["Guardian:Recover","Guardian:PiercingHide"],"picked":"Guardian:VentSteam","floor":26.0},{"not_picked":["Guardian:Clone+1","Guardian:Reroute","Guardian:TemporalStrike"],"picked":"SKIP","floor":27.0},{"not_picked":["Guardian:Gem_Crimson","Guardian:EvasiveProtocol","Guardian:TemporalShield"],"picked":"SKIP","floor":27.0},{"not_picked":["Guardian:EvasiveProtocol","Guardian:TemporalShield"],"picked":"Guardian:Gem_Crimson","floor":27.0},{"not_picked":["Guardian:Clone+1","Guardian:Reroute","Guardian:TemporalStrike"],"picked":"SKIP","floor":27.0},{"not_picked":["Guardian:PrismaticBeam+1","Guardian:CrystalBeam"],"picked":"Guardian:AncientConstruct","floor":29.0},{"not_picked":["Guardian:ArmoredProtocol","Guardian:ChargeCore+1"],"picked":"Guardian:Gem_Cyan","floor":29.0},{"not_picked":["Guardian:Planning","Guardian:BronzeOrb+1"],"picked":"Guardian:ArmoredProtocol+1","floor":31.0},{"not_picked":["Guardian:ArmoredProtocol+1","Guardian:WalkerClaw"],"picked":"Guardian:Gem_Blue","floor":32.0},{"not_picked":["Guardian:ChargeUp","Guardian:FloatingOrbs","Guardian:ShieldCharger"],"picked":"SKIP","floor":32.0},{"not_picked":["Guardian:StasisEngine","Guardian:CompilePackage"],"picked":"Guardian:TimeSifter","floor":33.0},{"not_picked":["Guardian:Reroute","Guardian:PolyBeam"],"picked":"Guardian:EvasiveProtocol+1","floor":36.0},{"not_picked":["Guardian:Gem_Lightblue","Guardian:VentSteam+1"],"picked":"Guardian:PiercingHide","floor":37},{"not_picked":["Guardian:TemporalShield","Guardian:Gem_Fragmented","Guardian:ShieldSpikes+1"],"picked":"SKIP","floor":37},{"not_picked":["Guardian:RefractedBeam+1","Guardian:Gem_Red"],"picked":"Guardian:ArmoredProtocol+1","floor":38},{"not_picked":["Guardian:Gem_Yellow","Guardian:Incinerate","Guardian:Gem_Cyan"],"picked":"SKIP","floor":38},{"not_picked":["Guardian:VentSteam","Guardian:PolyBeam"],"picked":"Guardian:Orbwalk+1","floor":40},{"not_picked":["Guardian:Suspension+1","Guardian:Gem_Red","Guardian:DonusPower"],"picked":"SKIP","floor":40},{"not_picked":["Guardian:WalkerClaw+1","Guardian:Gem_Lightblue","Guardian:VentSteam"],"picked":"SKIP","floor":45},{"not_picked":["Guardian:FastForward","Guardian:GuardianWhirl+1","Guardian:CrystalBeam+1"],"picked":"SKIP","floor":45},{"not_picked":["Guardian:ShieldCharger","Guardian:VentSteam","Guardian:Planning+1"],"picked":"SKIP","floor":46},{"not_picked":["Guardian:Gem_White","Guardian:Gem_Cyan","Guardian:CrystalBeam+1"],"picked":"SKIP","floor":47},{"not_picked":["Guardian:ShieldCharger+1","Guardian:BaubleBeam","Guardian:Planning+1"],"picked":"SKIP","floor":49},{"not_picked":["Guardian:WalkerClaw+1","Guardian:Incinerate+1","Guardian:PiercingHide+1"],"picked":"SKIP","floor":49}],"player_experience":217698,"relics_obtained":[{"floor":7.0,"key":"ReplayTheSpireMod:Lightbulb"},{"floor":8.0,"key":"Replay:Kaleidoscope"},{"floor":11.0,"key":"Anchor"},{"floor":14.0,"key":"HornCleat"},{"floor":23.0,"key":"Chameleon Ring"},{"floor":26.0,"key":"Toy Ornithopter"},{"floor":31.0,"key":"hubris:SphereOfDissonance"},{"floor":39,"key":"ReplayTheSpireMod:Ring of Exchange"},{"floor":39,"key":"Ring of Fangs"},{"floor":41,"key":"Mercury Hourglass"},{"floor":43,"key":"Lizard Tail"},{"floor":47,"key":"Turnip"}],"event_choices":[{"cards_removed":["Sadistic Nature"],"damage_healed":10.0,"max_hp_gain":10.0,"max_hp_loss":0.0,"gold_gain":0.0,"event_name":"Bonfire Elementals","player_choice":"Offered Rare","floor":3.0,"gold_loss":0.0,"damage_taken":0.0},{"damage_healed":0.0,"max_hp_gain":0.0,"max_hp_loss":0.0,"gold_gain":0.0,"event_name":"betterNote:BetterNote","player_choice":"Ignored","floor":25.0,"gold_loss":0.0,"damage_taken":0.0,"cards_obtained":["Eruption"]}],"is_beta":false,"boss_relics":[{"not_picked":["Runic Pyramid","energizedSpire:EnergizedDie"],"picked":"Fusion Hammer"},{"not_picked":["Kintsugi","hubris:VirtuousBlindfold","Velvet Choker"]}],"items_purged_floors":[],"is_endless":false,"potions_floor_spawned":[2,14,16,19,23,26,33,38,40,45,47],"ascension_level":2}}