{"host":"eu5wvbbtjeiar27l","time":1610465201,"event":{"mods":["BaseMod","Colored Powertips","Conspire","Hubris","Infinite Spire","Minty Spire (QoL Compilation)","Rare Cards Sparkle","StSLib","The Factory","The Jungle","vexMod"],"gold_per_floor":[118,118,68,68,68,103,103,103,129,141,141,156,170,197,197,298,298,310,310,310,310,324,324,324],"floor_reached":23,"playtime":1180,"items_purged":["Defend_R"],"score":222,"play_id":"d296a66e-9a0a-4e4b-9d49-fb7918a39959","local_time":"20210112152641","is_ascension_mode":false,"campfire_choices":[{"data":"Shrug It Off","floor":7,"key":"SMITH"},{"data":"conspire:ExplosiveBarrier","floor":15,"key":"SMITH"}],"circlet_count":0,"master_deck":["Strike_R","Strike_R","Strike_R","Strike_R","Defend_R","Defend_R","Defend_R","Bash","Perfected Strike","Shrug It Off+1","Twin Strike","Warcry","Flame Barrier","conspire:ExplosiveBarrier+1","Bludgeon","Warcry","Flex"],"relics":["Burning Blood","NeowsBlessing","Oddly Smooth Stone","hubris:Icosahedron","Nunchaku","vexMod:FocusSash","hubris:GlazedTorus","hubris:RunicObelisk","PrismaticShard","Enchiridion","hubris:BottledHeart"],"acts_visited":["Exordium","TheCity"],"potions_floor_usage":[13,14,14,23],"damage_taken":[{"damage":0,"enemies":"Cultist","floor":1,"turns":1},{"damage":0,"enemies":"3 Sentries","floor":6,"turns":2},{"damage":0,"enemies":"Small Slimes","floor":10,"turns":1},{"damage":1,"enemies":"Jaw Worm","floor":12,"turns":4},{"damage":9,"enemies":"2 Fungi Beasts","floor":13,"turns":2},{"damage":19,"enemies":"Lagavulin","floor":14,"turns":9},{"damage":22,"enemies":"Slime Boss","floor":16,"turns":11},{"damage":7,"enemies":"Spheric Guardian","floor":18,"turns":4},{"damage":0,"enemies":"3 Byrds","floor":22,"turns":4},{"damage":2,"enemies":"Slavers","floor":23,"turns":5}],"seed_played":"1247894105389686590","potions_obtained":[{"floor":1,"key":"SteroidPotion"},{"floor":12,"key":"EssenceOfSteel"},{"floor":13,"key":"SteroidPotion"},{"floor":18,"key":"BloodPotion"},{"floor":22,"key":"Explosive Potion"}],"is_trial":false,"path_per_floor":["M","T","?","?","?","E","R","?","T","M","$","M","M","E","R","B",null,"M","AVR","?","?","M","E"],"character_chosen":"IRONCLAD","items_purchased":[],"campfire_rested":0,"item_purchase_floors":[],"current_hp_per_floor":[80,80,80,80,80,80,80,80,80,80,80,80,77,64,64,48,80,79,79,63,1,1,0,0],"gold":324,"neow_bonus":"THREE_ENEMY_KILL","is_daily":false,"chose_seed":false,"campfire_upgraded":2,"win_rate":0.0,"timestamp":1610465201,"path_taken":["M","?","?","?","?","E","R","?","T","M","$","M","M","E","R","BOSS","M","AVR","?","?","M","E"],"items_purchased_type":[],"build_version":"2020-12-22","purchased_purges":1,"victory":false,"max_hp_per_floor":[80,80,80,80,80,80,80,80,80,80,80,80,80,80,80,80,80,80,80,80,1,1,1,1],"card_choices":[{"not_picked":["Second Wind","Warcry"],"picked":"Perfected Strike","floor":1},{"not_picked":["Dark Embrace","Feel No Pain"],"picked":"Twin Strike","floor":6},{"not_picked":["hubris:CleavingFinish","Searing Blow"],"picked":"Warcry","floor":10},{"not_picked":["hubris:ReadiedAction","True Grit","Rage"],"picked":"SKIP","floor":12},{"not_picked":["hubris:ReadiedAction","Headbutt"],"picked":"Flame Barrier","floor":13},{"not_picked":["conspire:Purge","Body Slam"],"picked":"conspire:ExplosiveBarrier","floor":14},{"not_picked":["Corruption","conspire:HitWhereItHurts"],"picked":"Bludgeon","floor":16},{"not_picked":["Clothesline+1","hubris:ReadiedAction"],"picked":"Warcry","floor":18},{"not_picked":["Double Energy+1","Burning Pact"],"picked":"Flex","floor":22}],"player_experience":103674,"relics_obtained":[{"floor":2,"key":"Oddly Smooth Stone"},{"floor":6,"key":"Nunchaku"},{"floor":9,"key":"vexMod:FocusSash"},{"floor":14,"key":"hubris:GlazedTorus"},{"floor":20,"key":"Enchiridion"}],"event_choices":[{"cards_removed":["Strike_R"],"damage_healed":0,"gold_gain":0,"player_choice":"Card Removal","damage_taken":0,"max_hp_gain":0,"max_hp_loss":0,"event_name":"The Cleric","floor":3,"gold_loss":50},{"damage_healed":0,"gold_gain":0,"player_choice":"Disagree","damage_taken":0,"max_hp_gain":0,"max_hp_loss":0,"event_name":"conspire:LoneGhost","floor":8,"gold_loss":0},{"damage_healed":0,"gold_gain":0,"player_choice":"Obtained Book","damage_taken":16,"max_hp_gain":0,"max_hp_loss":0,"event_name":"Cursed Tome","floor":20,"gold_loss":0}],"is_beta":false,"boss_relics":[{"not_picked":["conspire:RoyalGoblet","hubris:ScarierMask"],"picked":"hubris:RunicObelisk"}],"items_purged_floors":[19],"is_endless":false,"potions_floor_spawned":[1,12,13,18,22],"killed_by":"Slavers","ascension_level":0}}