{"host":"jfbo3eu2ui08ej1u","time":1610461723,"event":{"mods":["2.2 Compatiblity","AchievementEnabler","Act Like it!","Aspiration","BaseMod","Better Altar","Better Match","Better Note","Better Sensory Stone","Better Skull","Better Third Choice","Block Reminder","Colored Map","Colored Powertips","Conspire","DeckTracker","Displayed Cursed Tome","Downfall","Energized Spire","Fox Events","GifTheSpireLib","Hermit","Hubris","Infinite Spire","Marked Mod","Minty Spire (QoL Compilation)","Pale of the Ancients","Quick Restart","RRrroohrrRGHHhhh!!","Relic Filter","Reorder Act Four","Replay The Spire","Shop Mod","Spicy Shops","StSLib","Stuff the Spire","The Blue Laboratory","The Disciple","The Forsaken","The Hierophant","The Marked","Uncapped","Unceasing Turn Reminder","Wandering Minibosses"],"gold_per_floor":[99,118,134,147,160,191,191,247,258,293,218,54,72,88,105,204,204,204,223,223,235,235,245,245,245,345,345,362,362,391,391,391,391],"floor_reached":31,"playtime":1999,"items_purged":[],"score":294,"play_id":"a6e6fd6f-47a6-463d-94eb-605bdd0f0b42","local_time":"20210112092843","is_ascension_mode":false,"campfire_choices":[{"data":"hexamod:Float","floor":1.0,"key":"SMITH"},{"data":"hexamod:Again","floor":11.0,"key":"SMITH"},{"data":"hexamod:Strike","floor":18.0,"key":"PURGE"},{"data":"hexamod:ExtraCrispy","floor":27.0,"key":"SMITH"},{"floor":29,"key":"REST"}],"circlet_count":0,"master_deck":["hexamod:Strike","hexamod:Strike","hexamod:Strike+1","hexamod:Defend+1","hexamod:Defend","hexamod:Defend","hexamod:Defend+1","hexamod:Sear+1","hexamod:Float+1","hexamod:Again+1","hexamod:PhantomFireball","hexamod:HeatCrush","hexamod:SoulSteal+1","hexamod:BurningTouch+1","ReplayTheSpireMod:Splinters","hexamod:BurningTouch+1","hexamod:SixthSeal","hexamod:Incineration+1","hexamod:RainOfEmbers+1","hexamod:HexaLevel","hexamod:BurningTouch+1","hexamod:HeatMetal","hexamod:PhantomFireball+1","hexamod:ExtraCrispy+1"],"relics":["hexamod:SpiritBrand","Pen Nib","hubris:MysteriousPyramids","Ornamental Fan","infinitespire:PuzzleCube","downfall:HeartBlessingGreen","Lee\u0027s Waffle","Painkiller Herb","PreservedInsect","Singing Bowl","White Beast Statue","StuffTheSpire:Experiment12"],"acts_visited":["Exordium","TheCity"],"potions_floor_usage":[28,28,28,30,31],"damage_taken":[{"damage":0.0,"enemies":"2 Louse","floor":2.0,"turns":6.0},{"damage":1.0,"enemies":"Jaw Worm","floor":3.0,"turns":4.0},{"damage":13.0,"enemies":"Cultist","floor":4.0,"turns":5.0},{"damage":3.0,"enemies":"Red Slaver","floor":5.0,"turns":4.0},{"damage":4.0,"enemies":"Replay:BlueRogue","floor":6.0,"turns":5.0},{"damage":12.0,"enemies":"conspire:2 RoseBushes","floor":9.0,"turns":3.0},{"damage":5.0,"enemies":"3 Sentries","floor":10.0,"turns":3.0},{"damage":6.0,"enemies":"downfall:FleeingMerchant","floor":12.0,"turns":4.0},{"damage":20.0,"enemies":"3 Louse","floor":13.0,"turns":5.0},{"damage":4.0,"enemies":"Large Slime","floor":14.0,"turns":3.0},{"damage":0.0,"enemies":"3 Louse","floor":15.0,"turns":1.0},{"damage":25.0,"enemies":"downfall:Ironclad","floor":16.0,"turns":6.0},{"damage":2.0,"enemies":"Spheric Guardian","floor":19.0,"turns":3.0},{"damage":12.0,"enemies":"3 Byrds","floor":21.0,"turns":5.0},{"damage":26.0,"enemies":"Snake Plant","floor":23.0,"turns":4.0},{"damage":0.0,"enemies":"downfall:LadyInBlue","floor":26.0,"turns":3.0},{"damage":15,"enemies":"3 Cultists","floor":28,"turns":6},{"damage":44,"enemies":"Gremlin Leader","floor":30,"turns":5},{"damage":27,"enemies":"Shelled Parasite and Fungi","floor":31,"turns":3}],"seed_played":"-372352060993279010","potions_obtained":[{"floor":3.0,"key":"blueLaboratory:BubblePotion"},{"floor":6.0,"key":"FearPotion"},{"floor":8.0,"key":"blueLaboratory:PolymorphPotion"},{"floor":9.0,"key":"blueLaboratory:NullPotion"},{"floor":10.0,"key":"blueLaboratory:Moonshine"},{"floor":13.0,"key":"Energy Potion"},{"floor":23.0,"key":"Adrenaline Potion"},{"floor":26.0,"key":"Fire Potion"},{"floor":28,"key":"GamblersBrew"},{"floor":30,"key":"blueLaboratory:FruitPunch"}],"is_trial":false,"path_per_floor":["R","M","M","M","M","E","T","?","M","E","R","$","M","M","M","B",null,"T","?","T","?","?","?","T","?","?","T","?","T","E","?"],"character_chosen":"THE_SPIRIT","items_purchased":["Lee\u0027s Waffle"],"campfire_rested":1,"item_purchase_floors":[12],"current_hp_per_floor":[77,77,76,63,60,56,56,56,44,39,39,84,64,60,60,35,84,84,82,82,70,70,44,44,44,44,44,31,56,14,0,0,0],"gold":391,"neow_bonus":"TEN_PERCENT_HP_BONUS","is_daily":false,"chose_seed":false,"campfire_upgraded":3,"win_rate":0.0,"timestamp":1610461723,"path_taken":["R","M","M","M","M","E","T","?","?","E","R","$","M","M","M","BOSS","T","?","?","?","?","?","T","?","?","T","?","T","E","?"],"items_purchased_type":["Relic"],"build_version":"2020-12-22","purchased_purges":0,"victory":false,"max_hp_per_floor":[77,77,77,77,77,77,77,77,77,77,77,84,84,84,84,84,84,84,84,84,84,84,84,84,84,84,84,86,86,88,90,90,90],"card_choices":[{"not_picked":["hexamod:ShieldOfDarkness","hexamod:ExtraCrispy"],"picked":"hexamod:Again","floor":2.0},{"not_picked":["hexamod:SecondSeal","hexamod:RadiantFlame"],"picked":"hexamod:PhantomFireball","floor":3.0},{"not_picked":["hexamod:SwordOfDarkness","hexamod:RetreatToShadows"],"picked":"hexamod:HeatCrush","floor":4.0},{"not_picked":["hexamod:Firestarter","hexamod:RadiantFlame"],"picked":"hexamod:SoulSteal","floor":5.0},{"not_picked":["hexamod:FirstSeal","hexamod:Hexaguard"],"picked":"hexamod:BurningTouch","floor":6.0},{"not_picked":["hexamod:HauntingEcho","hexamod:NecessarySacrifice"],"picked":"hexamod:BurningTouch","floor":9.0},{"not_picked":["hexamod:TimeOfNeed","hexamod:SpectersWail","hexamod:EtherealExpedition"],"picked":"SKIP","floor":10.0},{"not_picked":["hexamod:SwordOfDarkness","hexamod:GhostLash"],"picked":"hexamod:SixthSeal","floor":12.0},{"not_picked":["hexamod:InspiringFlames","hexamod:NecessarySacrifice"],"picked":"hexamod:Incineration","floor":13.0},{"not_picked":["hexamod:Firestarter","hexamod:FastForward","hexamod:ThermalTransfer"],"picked":"SKIP","floor":14.0},{"not_picked":["hexamod:NightmareGuise","hexamod:AdvancingGuard"],"picked":"hexamod:RainOfEmbers","floor":15.0},{"not_picked":["hexamod:TurnItUp","hexamod:TimeOfNeed"],"picked":"hexamod:HexaLevel","floor":16.0},{"not_picked":["hexamod:Firestarter","hexamod:GhostShield"],"picked":"hexamod:BurningTouch+1","floor":19.0},{"not_picked":["hexamod:GhostLash+1","hexamod:HauntingEcho+1"],"picked":"hexamod:HeatMetal","floor":21.0},{"not_picked":["hexamod:Incineration+1","hexamod:NightmareGuise","hexamod:RetreatToShadows"],"picked":"SKIP","floor":23.0},{"not_picked":["hexamod:GhostOfSpireFuture+1","hexamod:ChargedBarrage"],"picked":"hexamod:ExtraCrispy","floor":26.0},{"not_picked":["hexamod:AdvancingGuard","hexamod:GhostShield","hexamod:NightmareStrike"],"picked":"Singing Bowl","floor":28},{"not_picked":["hexamod:ThermalTransfer","hexamod:Firestarter+1","hexamod:HeatMetal+1"],"picked":"Singing Bowl","floor":30}],"player_experience":1221467,"relics_obtained":[{"floor":6.0,"key":"Pen Nib"},{"floor":7.0,"key":"hubris:MysteriousPyramids"},{"floor":8.0,"key":"Ornamental Fan"},{"floor":10.0,"key":"infinitespire:PuzzleCube"},{"floor":20.0,"key":"PreservedInsect"},{"floor":24.0,"key":"Singing Bowl"},{"floor":26.0,"key":"White Beast Statue"},{"floor":30,"key":"StuffTheSpire:Experiment12"}],"event_choices":[{"damage_healed":0.0,"max_hp_gain":0.0,"max_hp_loss":0.0,"gold_gain":0.0,"event_name":"Duplicator","player_choice":"Copied","floor":22.0,"gold_loss":0.0,"damage_taken":0.0,"cards_obtained":["hexamod:PhantomFireball"]},{"damage_healed":0.0,"max_hp_gain":0.0,"max_hp_loss":0.0,"gold_gain":0.0,"event_name":"Accursed Blacksmith","player_choice":"Forge","floor":25.0,"gold_loss":0.0,"damage_taken":0.0,"cards_upgraded":["hexamod:SoulSteal"]}],"is_beta":false,"boss_relics":[{"not_picked":["aspiration:RunicSpoon","Pandora\u0027s Box"],"picked":"Painkiller Herb"}],"items_purged_floors":[],"is_endless":false,"potions_floor_spawned":[3,6,9,10,13,14,23,26,28,30],"killed_by":"Shelled Parasite and Fungi","ascension_level":0}}