{"host":"e52c7hvho6xny3hd","time":1610465518,"event":{"mods":["AchievementEnabler","BaseMod","Colored Map","DeckTracker","Minty Spire (QoL Compilation)","Permanent Neow","StSLib"],"gold_per_floor":[19,34,48,60,80,80,98,98,122,151,170,170,183,256,256,256,256],"floor_reached":16,"playtime":592,"items_purged":[],"score":207,"play_id":"70cfd2d7-4ce8-4418-a2c1-c6cb9eb2f7ee","local_time":"20210113003158","is_ascension_mode":true,"campfire_choices":[{"data":"Body Slam","floor":6,"key":"SMITH"},{"floor":8,"key":"REST"},{"floor":12,"key":"REST"},{"data":"True Grit","floor":15,"key":"SMITH"}],"circlet_count":0,"master_deck":["AscendersBane","Strike_R","Strike_R+1","Strike_R","Strike_R","Strike_R","Defend_R","Defend_R","Defend_R","Defend_R","Bash+1","Clothesline","Body Slam+1","Battle Trance","Burning Pact","True Grit+1","Uppercut","Inflame","Barricade","Iron Wave"],"relics":["Burning Blood","Ginger","Whetstone","Vajra"],"acts_visited":["Exordium"],"potions_floor_usage":[10,16],"damage_taken":[{"damage":19,"enemies":"Jaw Worm","floor":1,"turns":5},{"damage":2,"enemies":"2 Louse","floor":2,"turns":3},{"damage":9,"enemies":"Cultist","floor":3,"turns":4},{"damage":9,"enemies":"3 Louse","floor":4,"turns":5},{"damage":27,"enemies":"Exordium Wildlife","floor":5,"turns":5},{"damage":5,"enemies":"Exordium Thugs","floor":7,"turns":6},{"damage":40,"enemies":"Lagavulin","floor":10,"turns":7},{"damage":10,"enemies":"Blue Slaver","floor":11,"turns":4},{"damage":17,"enemies":"Large Slime","floor":13,"turns":7},{"damage":26,"enemies":"The Guardian","floor":16,"turns":4}],"seed_played":"577776788687805957","potions_obtained":[{"floor":2,"key":"Weak Potion"},{"floor":4,"key":"ColorlessPotion"}],"is_trial":false,"path_per_floor":["M","M","M","M","M","R","M","R","T","E","M","R","M","?","R","B"],"character_chosen":"IRONCLAD","items_purchased":[],"campfire_rested":2,"item_purchase_floors":[],"current_hp_per_floor":[55,59,56,53,32,32,33,55,55,21,17,39,28,28,28,2,2],"gold":256,"neow_bonus":"ONE_RARE_RELIC","is_daily":false,"chose_seed":false,"campfire_upgraded":2,"win_rate":0.0,"timestamp":1610465518,"path_taken":["M","M","M","M","M","R","M","R","T","E","M","R","M","?","R","BOSS"],"items_purchased_type":[],"build_version":"2020-12-22","purchased_purges":0,"victory":false,"max_hp_per_floor":[75,75,75,75,75,75,75,75,75,75,75,75,75,75,75,75,75],"card_choices":[{"not_picked":["Anger","Flex"],"picked":"Clothesline","floor":1},{"not_picked":["Armaments","Clash"],"picked":"Body Slam","floor":2},{"not_picked":["Seeing Red","Anger"],"picked":"Battle Trance","floor":3},{"not_picked":["Havoc","Heavy Blade"],"picked":"Burning Pact","floor":4},{"not_picked":["Dropkick","Warcry"],"picked":"True Grit","floor":5},{"not_picked":["Headbutt","Iron Wave"],"picked":"Uppercut","floor":7},{"not_picked":["Searing Blow","Flex"],"picked":"Inflame","floor":10},{"not_picked":["Iron Wave","Whirlwind"],"picked":"Barricade","floor":11},{"not_picked":["Shrug It Off","Heavy Blade"],"picked":"Iron Wave","floor":13}],"player_experience":657583,"relics_obtained":[{"floor":9,"key":"Whetstone"},{"floor":10,"key":"Vajra"}],"event_choices":[{"damage_healed":0,"gold_gain":73,"player_choice":"Gained Gold","damage_taken":0,"max_hp_gain":0,"max_hp_loss":0,"event_name":"Golden Wing","floor":14,"gold_loss":0}],"is_beta":false,"boss_relics":[],"items_purged_floors":[],"is_endless":false,"potions_floor_spawned":[2,4,5],"killed_by":"The Guardian","ascension_level":19}}