{"host":"80x1ozqd5wpd4nvo","time":1610411403,"event":{"mods":["2.2 Compatiblity","Aspiration","BaseMod","Better Altar","Better Match","Better Note","Better Sensory Stone","Better Skull","Better Third Choice","BetterRewards","Card Forge","Custom Start","DNKmod","Defuse TimeMaze Blight","Dota2Spire","Energized Spire","Friendly Minions","GifTheSpireLib","Hubris","Infinite Spire","Minty Spire (QoL Compilation)","Permanent Neow","Shop Mod","Spicy Shops","StSLib","The Animator","The Blue Laboratory","??????REMEMod"],"gold_per_floor":[1210,1230,237,237,259,259,259,290,339,367,367,367,339,359,359,464,464,481,481,493,510,534,534,548,573,624,637,677,689,726,726,726,824,824,837,837,837,854,660,660,679,699,722,737,737,756,791,804,804,804,804,804,804,837,837],"floor_reached":56,"playtime":4254,"items_purged":["animator:Defend"],"score":1523,"play_id":"62a6e4b1-5363-4f06-b2f2-4ea9bbc59b48","local_time":"20210112013003","is_ascension_mode":true,"campfire_choices":[{"data":"animator:Pride","floor":6,"key":"SMITH"},{"data":"animator:Rena","floor":11,"key":"SMITH"},{"data":"animator:Bozes","floor":15,"key":"SMITH"},{"data":"animator:Vesta","floor":23,"key":"SMITH"},{"data":"animator:Tyuule","floor":32,"key":"SMITH"},{"floor":49,"key":"RECALL"}],"circlet_count":0,"master_deck":["animator:Strike_HitsugiNoChaika","animator:Defend_HitsugiNoChaika","animator:Strike","animator:Strike","animator:Defend","animator:Defend","animator:AcuraAkari+1","animator:Gillette+1","animator:DolaCouronne+1","animator:Kuribayashi+1","animator:Pride+1","animator:Rena+1","animator:ItamiYouji+1","animator:Emilia+1","animator:Tatsumaki+1","animator:Viivi+1","animator:NononJakuzure+1","animator:Bozes+1","animator:Elsword+1","animator:Sonic+1","animator:Elesis+1","animator:Millim+3","animator:Guy+1","animator:Vesta+1","animator:FeridBathory+1","animator:Tyuule+1","animator:MetalKnight+1","animator:Lu+1","animator:ChaikaBohdan","animator:Greed+1","animator:YaoHaDucy+1","infinitespire:Fortify+1","animator:Ara+1","animator:Shuna+1","animator:Pride+1","animator:AcuraTooru+1","animator:Shizu+1","infinitespire:Gouge+1","animator:IrohaTamaki+1","animator:TukaLunaMarceau+1","animator:Arpeggio+1","animator:Yoichi+1"],"relics":["animator:LivingPicture","animator:TheMissingPiece","Hammer of Thor","Seething Fire","Anvil of the Gods","REME_ComplimentaryCards","animator:PurgingStone","animator:Hoodie","Mummified Hand","animator:Buoy","hubris:Icosahedron","betterAltar:BloodRelic","aspiration:ArtOfWarUpgrade","betterThird:SlimedRelic","REME_HourglassOfDeath","Omamori","Bag of Marbles","FossilizedHelix","Dota2Spire:ArcaneBoots","Cursed Key","Sling","hubris:SlimyHat","Fusion Hammer","PreservedInsect","hubris:SlimyHat"],"acts_visited":["Exordium","TheCity","TheBeyond","TheEnding"],"potions_floor_usage":[16,24,25,25,28,33,42,50,50,50,50,54,55],"damage_taken":[{"damage":0,"enemies":"Small Slimes","floor":1,"turns":2},{"damage":2,"enemies":"Jaw Worm","floor":2,"turns":2},{"damage":0,"enemies":"2 Louse","floor":5,"turns":2},{"damage":0,"enemies":"Exordium Thugs","floor":8,"turns":3},{"damage":0,"enemies":"Gremlin Nob","floor":10,"turns":4},{"damage":0,"enemies":"Gremlin Gang","floor":14,"turns":3},{"damage":0,"enemies":"Slime Boss","floor":16,"turns":4},{"damage":0,"enemies":"Shell Parasite","floor":18,"turns":4},{"damage":0,"enemies":"2 Thieves","floor":20,"turns":2},{"damage":9,"enemies":"3 Cultists","floor":21,"turns":6},{"damage":14,"enemies":"Cultist and Chosen","floor":22,"turns":5},{"damage":0,"enemies":"Chosen and Byrds","floor":24,"turns":4},{"damage":21,"enemies":"animator:HornedBat","floor":25,"turns":7},{"damage":3,"enemies":"Sentry and Sphere","floor":27,"turns":4},{"damage":34,"enemies":"REME_1_Revenger","floor":28,"turns":5},{"damage":0,"enemies":"Centurion and Healer","floor":29,"turns":5},{"damage":0,"enemies":"animator:HornedBat","floor":30,"turns":4},{"damage":17,"enemies":"Champ","floor":33,"turns":9},{"damage":0,"enemies":"3 Shapes","floor":35,"turns":3},{"damage":0,"enemies":"3 Darklings","floor":38,"turns":4},{"damage":0,"enemies":"Transient","floor":41,"turns":5},{"damage":0,"enemies":"Spire Growth","floor":42,"turns":4},{"damage":0,"enemies":"Sphere and 2 Shapes","floor":44,"turns":4},{"damage":0,"enemies":"Maw","floor":46,"turns":5},{"damage":0,"enemies":"Reptomancer","floor":47,"turns":5},{"damage":27,"enemies":"3 Darklings","floor":48,"turns":4},{"damage":0,"enemies":"Awakened One","floor":50,"turns":9},{"damage":10,"enemies":"Shield and Spear","floor":54,"turns":3},{"damage":32,"enemies":"The Heart","floor":55,"turns":10}],"seed_played":"-1204593204205850857","potions_obtained":[{"floor":5,"key":"blueLaboratory:Moonshine"},{"floor":8,"key":"EssenceOfSteel"},{"floor":10,"key":"Weak Potion"},{"floor":16,"key":"Energy Potion"},{"floor":24,"key":"blueLaboratory:BottleOfVodka"},{"floor":27,"key":"ColorlessPotion"},{"floor":30,"key":"DuplicationPotion"},{"floor":33,"key":"blueLaboratory:StoneskinPotion"},{"floor":38,"key":"EntropicBrew"},{"floor":46,"key":"blueLaboratory:BottleOfVodka"},{"floor":48,"key":"PowerPotion"}],"is_trial":false,"path_per_floor":["M","M","$","?","M","R","?","M","T","E","R","?","?","M","R","B",null,"M","?","M","M","M","R","M","E","T","M","E","M","E","?","R","B",null,"M","?","?","M","$","R","M","M","T","M","AVR","M","E","M","R","B",null,"R","$","E","B",null],"character_chosen":"THE_ANIMATOR","items_purchased":["animator:Hoodie","Mummified Hand","animator:Rena","animator:ItamiYouji","animator:Emilia","animator:Buoy","animator:Shuna","Sling"],"campfire_rested":0,"item_purchase_floors":[3,3,3,3,3,3,39,39],"current_hp_per_floor":[100,98,98,98,101,101,101,104,104,109,109,109,98,104,104,109,116,119,119,123,114,102,102,107,88,88,87,55,60,65,65,65,50,132,135,101,94,102,102,102,110,119,119,127,127,135,143,121,121,129,157,157,157,148,122],"gold":837,"neow_bonus":"TRANSFORM_CARD","is_daily":false,"chose_seed":false,"campfire_upgraded":5,"win_rate":0.0,"timestamp":1610411403,"path_taken":["M","M","$","?","M","R","?","M","T","E","R","?","?","?","R","BOSS","M","?","M","M","M","R","M","E","T","M","E","M","E","?","R","BOSS","M","?","?","M","$","R","M","?","T","?","AVR","M","E","M","R","BOSS","R","$","E","BOSS"],"items_purchased_type":["Relic","Relic","Card","Card","Card","Relic","Card","Relic"],"build_version":"2020-12-22","purchased_purges":1,"victory":true,"max_hp_per_floor":[100,100,100,100,103,103,103,106,106,109,109,109,109,113,113,116,116,119,119,123,123,123,123,126,126,126,126,126,129,132,132,132,132,132,135,135,135,138,138,138,141,145,145,148,148,151,154,154,154,157,157,157,157,158,158],"card_choices":[{"not_picked":["animator:SilverFang","animator:Chung"],"picked":"animator:Kuribayashi","floor":1},{"not_picked":["animator:Shion","animator:MadokaKaname"],"picked":"animator:Pride","floor":2},{"not_picked":["animator:Elsword","animator:ChlammyZell"],"picked":"animator:Tatsumaki","floor":5},{"not_picked":["animator:AcuraAkari","animator:NivaLada"],"picked":"animator:Viivi","floor":8},{"not_picked":["animator:Rimuru","animator:YuiTsuruno"],"picked":"animator:Bozes","floor":10},{"not_picked":["animator:Melzalgald","animator:Viivi"],"picked":"animator:Sonic","floor":14},{"not_picked":["animator:Boros","animator:Rimuru"],"picked":"animator:Elesis","floor":16},{"not_picked":["animator:SayakaMiki+1","animator:IrohaTamaki"],"picked":"animator:Millim+1","floor":18},{"not_picked":["animator:Viivi","animator:Gillette"],"picked":"animator:Guy","floor":20},{"not_picked":["animator:Sloth","animator:Millim"],"picked":"animator:Vesta","floor":21},{"not_picked":["animator:YachiyoNanami","animator:Tyuule"],"picked":"animator:FeridBathory","floor":22},{"not_picked":["animator:YaoHaDucy","animator:KyokoSakura"],"picked":"animator:Tyuule","floor":24},{"not_picked":["animator:OrikoMikuni","animator:Shigure"],"picked":"animator:Millim","floor":27},{"not_picked":["animator:Tet","animator:DolaRiku"],"picked":"animator:MetalKnight","floor":28},{"not_picked":["animator:MumenRider","animator:Rena"],"picked":"animator:Lu","floor":29},{"not_picked":["animator:Fredrika","animator:AcuraAkari"],"picked":"animator:ChaikaBohdan","floor":30},{"not_picked":["animator:Guren","animator:ItamiYouji"],"picked":"animator:Greed","floor":33},{"not_picked":["animator:DolaRiku","animator:RoyMustang"],"picked":"animator:YaoHaDucy","floor":35},{"not_picked":["infinitespire:TheBestDefense","infinitespire:FinalStrike"],"picked":"infinitespire:Fortify","floor":36},{"not_picked":["animator:Mikaela+1","animator:Gluttony"],"picked":"animator:Ara","floor":38},{"not_picked":["animator:DolaCouronne","animator:SuzuneAmano+1"],"picked":"animator:Pride","floor":41},{"not_picked":["animator:ChaikaBohdan","animator:Layla"],"picked":"animator:AcuraTooru","floor":42},{"not_picked":["animator:KrulTepes+1","animator:IzunaHatsuse"],"picked":"animator:Shizu","floor":44},{"not_picked":["animator:YuiTsuruno+1","animator:Arpeggio"],"picked":"animator:IrohaTamaki+1","floor":46},{"not_picked":["animator:NagisaMomoe","animator:Benimaru"],"picked":"animator:TukaLunaMarceau","floor":47},{"not_picked":["animator:TukaLunaMarceau","animator:Bozes"],"picked":"animator:Arpeggio","floor":48},{"not_picked":["animator:Souei","animator:OrikoMikuni+1"],"picked":"animator:Yoichi+1","floor":54}],"player_experience":292381,"relics_obtained":[{"floor":9,"key":"Blood Vial"},{"floor":10,"key":"Art of War"},{"floor":25,"key":"REME_HourglassOfDeath"},{"floor":26,"key":"Omamori"},{"floor":28,"key":"Bag of Marbles"},{"floor":30,"key":"FossilizedHelix"},{"floor":47,"key":"PreservedInsect"},{"floor":54,"key":"hubris:SlimyHat"}],"event_choices":[{"damage_healed":0,"gold_gain":0,"player_choice":"Slimed","damage_taken":11,"max_hp_gain":0,"max_hp_loss":0,"event_name":"betterThird:BetterGoop","floor":13,"gold_loss":28},{"cards_removed":["animator:Strike"],"damage_healed":0,"gold_gain":0,"player_choice":"Give","damage_taken":0,"max_hp_gain":0,"max_hp_loss":0,"event_name":"betterNote:BetterNote","floor":19,"gold_loss":0,"cards_obtained":["None"]},{"damage_healed":0,"gold_gain":0,"player_choice":"Opened","damage_taken":0,"relics_obtained":["Dota2Spire:ArcaneBoots"],"max_hp_gain":0,"max_hp_loss":0,"event_name":"The Mausoleum","floor":31,"gold_loss":0,"cards_obtained":["Writhe"]},{"damage_healed":0,"gold_gain":0,"player_choice":"Random: Violet","damage_taken":0,"max_hp_gain":0,"max_hp_loss":0,"event_name":"betterThird:BetterPortal","floor":37,"gold_loss":0},{"damage_healed":0,"gold_gain":0,"player_choice":" RottenVial ","damage_taken":7,"relics_obtained":["betterAltar:BloodRelic"],"max_hp_gain":101,"max_hp_loss":94,"event_name":"betterAltar:BetterAltar","floor":37,"potions_obtained":[],"relics_lost":["Blood Vial"],"gold_loss":0}],"is_beta":false,"boss_relics":[{"not_picked":["energizedSpire:OgreHead","hubris:CrackedHourglass","aspiration:SilentSkillbook"]},{"not_picked":["aspiration:WatcherSkillbook","Busted Crown"],"picked":"Cursed Key"}],"items_purged_floors":[45],"is_endless":false,"potions_floor_spawned":[5,8,10,16,18,21,24,25,27,30,33,38,41,46,48],"ascension_level":1}}