{"host":"s41rn2jhghpwfrvz","time":1610442643,"event":{"mods":["BaseMod","Minty Spire (QoL Compilation)","Quick Restart","Relic Stats","SuperFastMode"],"gold_per_floor":[116,133,143,159,159,186,207,523,601,601,626,639,172,186,186,261,261,280,290,215,230,230,258,278,304,327,352,368,368,379,411,411,487,487,497,336,348,366,420,420,453,453,478,505,515,515,143,153,153,153,153,153,153,103,137,137],"floor_reached":57,"playtime":1738,"items_purged":["ClearTheMind","FearNoEvil+1","FTL+1"],"score":3337,"play_id":"50a2e38f-59cd-48a6-9b8b-ffb9ee4fea85","local_time":"20210112111043","daily_mods":["SealedDeck","Vintage","Diverse"],"is_ascension_mode":true,"campfire_choices":[{"data":"Tantrum","floor":15,"key":"SMITH"},{"data":"Expertise","floor":32,"key":"SMITH"},{"floor":40,"key":"RECALL"},{"data":"Shrug It Off","floor":42,"key":"SMITH"},{"data":"InnerPeace","floor":49,"key":"SMITH"},{"floor":53,"key":"DIG"}],"circlet_count":0,"master_deck":["AscendersBane","Shrug It Off+1","Expertise+1","Tantrum+1","Intimidate+1","InnerPeace+1","Beam Cell","Prostrate+1","Vault+1"],"relics":["Burning Blood","Bag of Marbles","Bottled Lightning","Bronze Scales","Regal Pillow","Omamori","Shovel","Odd Mushroom","Old Coin","Sundial","Potion Belt","MawBank","PreservedInsect","Unceasing Top","StrikeDummy","SacredBark","Red Skull","Orichalcum","Boot","Toy Ornithopter","Tiny Chest","Anchor","Pen Nib","Mango","Whetstone","Centennial Puzzle","Runic Cube","Smiling Mask","OrangePellets","Toxic Egg 2","Self Forming Clay","Peace Pipe","Bag of Preparation","Vajra","War Paint","Membership Card","Nunchaku","Art of War","Happy Flower","White Beast Statue","Pocketwatch"],"acts_visited":["Exordium","TheCity","TheBeyond","TheEnding"],"potions_floor_usage":[25,51,56,56,56,56,56,56,56],"damage_taken":[{"damage":0,"enemies":"Jaw Worm","floor":1,"turns":2},{"damage":0,"enemies":"Small Slimes","floor":2,"turns":2},{"damage":0,"enemies":"Cultist","floor":3,"turns":2},{"damage":0,"enemies":"Red Slaver","floor":4,"turns":1},{"damage":0,"enemies":"Lagavulin","floor":6,"turns":3},{"damage":11,"enemies":"The Mushroom Lair","floor":7,"turns":2},{"damage":0,"enemies":"Large Slime","floor":8,"turns":2},{"damage":8,"enemies":"3 Sentries","floor":11,"turns":5},{"damage":0,"enemies":"Blue Slaver","floor":12,"turns":2},{"damage":0,"enemies":"Lots of Slimes","floor":14,"turns":2},{"damage":14,"enemies":"Hexaghost","floor":16,"turns":3},{"damage":3,"enemies":"Shell Parasite","floor":18,"turns":3},{"damage":0,"enemies":"3 Byrds","floor":19,"turns":3},{"damage":9,"enemies":"Shelled Parasite and Fungi","floor":21,"turns":3},{"damage":0,"enemies":"Gremlin Leader","floor":23,"turns":3},{"damage":0,"enemies":"Snecko","floor":24,"turns":2},{"damage":10,"enemies":"Slavers","floor":25,"turns":3},{"damage":0,"enemies":"Gremlin Leader","floor":27,"turns":3},{"damage":0,"enemies":"Snake Plant","floor":28,"turns":3},{"damage":0,"enemies":"Cultist and Chosen","floor":30,"turns":3},{"damage":3,"enemies":"Slavers","floor":31,"turns":3},{"damage":0,"enemies":"Automaton","floor":33,"turns":5},{"damage":10,"enemies":"3 Darklings","floor":35,"turns":3},{"damage":4,"enemies":"Orb Walker","floor":37,"turns":3},{"damage":0,"enemies":"Sphere and 2 Shapes","floor":38,"turns":3},{"damage":6,"enemies":"2 Orb Walkers","floor":39,"turns":3},{"damage":1,"enemies":"Giant Head","floor":41,"turns":4},{"damage":0,"enemies":"Reptomancer","floor":44,"turns":2},{"damage":0,"enemies":"Transient","floor":45,"turns":5},{"damage":0,"enemies":"Writhing Mass","floor":48,"turns":2},{"damage":33,"enemies":"Donu and Deca","floor":50,"turns":4},{"damage":34,"enemies":"Time Eater","floor":51,"turns":7},{"damage":0,"enemies":"Shield and Spear","floor":55,"turns":2},{"damage":12,"enemies":"The Heart","floor":56,"turns":7}],"seed_played":"-267698153451398000","potions_obtained":[{"floor":2,"key":"SkillPotion"},{"floor":3,"key":"LiquidMemories"},{"floor":11,"key":"Block Potion"},{"floor":14,"key":"LiquidBronze"},{"floor":28,"key":"HeartOfIron"},{"floor":35,"key":"Dexterity Potion"},{"floor":38,"key":"EntropicBrew"},{"floor":41,"key":"Ancient Potion"},{"floor":55,"key":"FairyPotion"}],"is_trial":true,"path_per_floor":["M","M","M","M","?","E","?","M","T","?","E","M","$","M","R","B",null,"M","M","$","M","$","E","M","E","T","E","M","$","M","E","R","B",null,"M","$","M","M","?","R","E","R","T","E","M","?","$","M","R","B","B",null,"R","$","E","B",null],"character_chosen":"IRONCLAD","items_purchased":["PreservedInsect","Unceasing Top","OrangePellets","Membership Card","Nunchaku","Art of War"],"campfire_rested":0,"item_purchase_floors":[13,13,36,47,47,47],"current_hp_per_floor":[74,75,75,75,64,70,65,71,71,71,69,75,75,75,75,67,73,75,75,75,72,72,75,75,71,71,75,89,89,89,89,89,89,89,85,85,87,89,89,89,89,89,89,89,89,89,89,89,89,62,39,77,77,77,83,83],"gold":137,"neow_bonus":"","is_daily":false,"chose_seed":false,"campfire_upgraded":4,"win_rate":0.0,"timestamp":1610442643,"path_taken":["M","M","M","M","?","E","?","M","T","?","E","M","$","M","R","BOSS","M","M","$","?","?","E","M","E","T","E","M","$","M","E","R","BOSS","M","$","M","M","?","R","E","R","T","E","M","?","$","?","R","BOSS","BOSS","R","$","E","BOSS"],"items_purchased_type":["Relic","Relic","Relic","Relic","Relic","Relic"],"build_version":"2020-12-22","purchased_purges":3,"victory":true,"max_hp_per_floor":[75,75,75,75,75,75,75,75,75,75,75,75,75,75,75,75,75,75,75,75,75,75,75,75,75,75,75,89,89,89,89,89,89,89,89,89,89,89,89,89,89,89,89,89,89,89,89,89,89,89,89,89,89,89,89,89],"relic_stats":{"Regal Pillow":0,"Bag of Preparation":[14],"Whetstone":["FTL","FearNoEvil"],"Boot":[128],"Smiling Mask":13,"Burning Blood":115,"Centennial Puzzle":[21],"Nunchaku":[9],"Shovel":1,"Sundial":[98],"Tiny Chest":0,"Runic Cube":[17],"Happy Flower":[6],"counters":[34,105],"Self Forming Clay":[42],"PreservedInsect":441,"Pen Nib":[25],"Orichalcum":[18],"War Paint":["Vault","Intimidate"],"MawBank":12,"Peace Pipe":0,"OrangePellets":[0],"Bronze Scales":[194],"Art of War":[0],"obtain_stats":[{"Regal Pillow":4,"SacredBark":17,"Vajra":44,"Mango":28,"Bag of Preparation":41,"Whetstone":30,"Boot":21,"Smiling Mask":35,"Burning Blood":0,"Old Coin":8,"Centennial Puzzle":31,"Nunchaku":47,"Shovel":6,"Sundial":9,"Tiny Chest":24,"Toxic Egg 2":37,"Red Skull":18,"Runic Cube":34,"Potion Belt":11,"Happy Flower":48,"Self Forming Clay":38,"PreservedInsect":13,"Pen Nib":26,"Omamori":5,"Odd Mushroom":7,"Orichalcum":19,"War Paint":45,"MawBank":12,"White Beast Statue":53,"Peace Pipe":39,"OrangePellets":36,"Anchor":25,"Bronze Scales":3,"Bag of Marbles":1,"Art of War":47,"Bottled Lightning":2,"Membership Card":47,"StrikeDummy":14,"Unceasing Top":13,"Toy Ornithopter":23,"Pocketwatch":55},{"Regal Pillow":4,"SacredBark":11,"Vajra":28,"Mango":19,"Bag of Preparation":27,"Whetstone":20,"Boot":14,"Smiling Mask":23,"Burning Blood":0,"Old Coin":7,"Centennial Puzzle":21,"Nunchaku":29,"Shovel":5,"Sundial":7,"Tiny Chest":16,"Toxic Egg 2":24,"Red Skull":12,"Runic Cube":22,"Potion Belt":8,"Happy Flower":30,"Self Forming Clay":25,"PreservedInsect":9,"Pen Nib":17,"Omamori":4,"Odd Mushroom":6,"Orichalcum":13,"War Paint":29,"MawBank":9,"White Beast Statue":32,"Peace Pipe":26,"OrangePellets":23,"Anchor":17,"Bronze Scales":3,"Bag of Marbles":1,"Art of War":29,"Bottled Lightning":2,"Membership Card":29,"StrikeDummy":10,"Unceasing Top":9,"Toy Ornithopter":15,"Pocketwatch":33},{"Regal Pillow":7,"SacredBark":26,"Vajra":78,"Mango":49,"Bag of Preparation":76,"Whetstone":52,"Boot":35,"Smiling Mask":63,"Burning Blood":0,"Old Coin":14,"Centennial Puzzle":55,"Nunchaku":83,"Shovel":10,"Sundial":14,"Tiny Chest":40,"Toxic Egg 2":66,"Red Skull":29,"Runic Cube":60,"Potion Belt":19,"Happy Flower":85,"Self Forming Clay":69,"PreservedInsect":21,"Pen Nib":43,"Omamori":7,"Odd Mushroom":12,"Orichalcum":32,"War Paint":83,"MawBank":21,"White Beast Statue":96,"Peace Pipe":72,"OrangePellets":63,"Anchor":43,"Bronze Scales":6,"Bag of Marbles":2,"Art of War":83,"Bottled Lightning":4,"Membership Card":83,"StrikeDummy":23,"Unceasing Top":21,"Toy Ornithopter":38,"Pocketwatch":98}],"Unceasing Top":[12],"Toy Ornithopter":11,"Pocketwatch":[0]},"card_choices":[{"not_picked":["EmptyMind","Compile Driver","Heatsinks"],"picked":"SKIP","floor":6},{"not_picked":["Demon Form","ThirdEye","Headbutt"],"picked":"SKIP","floor":11},{"not_picked":["Glass Knife","Burst"],"picked":"Vault","floor":16},{"not_picked":["Acrobatics","Rebound","FollowUp"],"picked":"SKIP","floor":23},{"not_picked":["EmptyFist","Conclude+1","Gash"],"picked":"SKIP","floor":25},{"not_picked":["Vengeance+1","Rebound","Barrage"],"picked":"SKIP","floor":27},{"not_picked":["Compile Driver","True Grit","CrushJoints+1"],"picked":"SKIP","floor":31},{"not_picked":["LikeWater","Machine Learning","Infernal Blade+1"],"picked":"SKIP","floor":41},{"not_picked":["BowlingBash+1","Redo+1","Flex+1"],"picked":"SKIP","floor":44},{"not_picked":["Body Slam","Gash","Phantasmal Killer+1"],"picked":"SKIP","floor":55}],"player_experience":1715018,"relics_obtained":[{"floor":1,"key":"Bag of Marbles"},{"floor":2,"key":"Bottled Lightning"},{"floor":3,"key":"Bronze Scales"},{"floor":4,"key":"Regal Pillow"},{"floor":6,"key":"Shovel"},{"floor":7,"key":"Odd Mushroom"},{"floor":8,"key":"Old Coin"},{"floor":9,"key":"Sundial"},{"floor":11,"key":"Potion Belt"},{"floor":12,"key":"MawBank"},{"floor":14,"key":"StrikeDummy"},{"floor":18,"key":"Red Skull"},{"floor":19,"key":"Orichalcum"},{"floor":21,"key":"Boot"},{"floor":23,"key":"Toy Ornithopter"},{"floor":24,"key":"Tiny Chest"},{"floor":25,"key":"Anchor"},{"floor":26,"key":"Pen Nib"},{"floor":28,"key":"Mango"},{"floor":30,"key":"Whetstone"},{"floor":31,"key":"Centennial Puzzle"},{"floor":35,"key":"Smiling Mask"},{"floor":37,"key":"Toxic Egg 2"},{"floor":38,"key":"Self Forming Clay"},{"floor":39,"key":"Peace Pipe"},{"floor":41,"key":"Bag of Preparation"},{"floor":44,"key":"Vajra"},{"floor":45,"key":"War Paint"},{"floor":48,"key":"Happy Flower"},{"floor":53,"key":"White Beast Statue"},{"floor":55,"key":"Pocketwatch"}],"event_choices":[{"damage_healed":0,"gold_gain":0,"player_choice":"Success","damage_taken":11,"relics_obtained":["Omamori"],"max_hp_gain":0,"max_hp_loss":0,"event_name":"Scrap Ooze","floor":5,"gold_loss":0},{"damage_healed":0,"gold_gain":0,"player_choice":"Fought Mushrooms","damage_taken":0,"max_hp_gain":0,"max_hp_loss":0,"event_name":"Mushrooms","floor":7,"gold_loss":0},{"damage_healed":0,"gold_gain":0,"player_choice":"Upgraded","damage_taken":0,"max_hp_gain":0,"max_hp_loss":0,"event_name":"Upgrade Shrine","floor":10,"gold_loss":0,"cards_upgraded":["Prostrate"]},{"damage_healed":0,"gold_gain":0,"player_choice":"Fight","damage_taken":0,"max_hp_gain":0,"max_hp_loss":0,"event_name":"Mysterious Sphere","floor":39,"gold_loss":0},{"damage_healed":0,"gold_gain":0,"player_choice":"Ignored","damage_taken":0,"max_hp_gain":0,"max_hp_loss":0,"event_name":"SecretPortal","floor":46,"gold_loss":0}],"is_beta":false,"boss_relics":[{"not_picked":["Fusion Hammer","Runic Dome"],"picked":"SacredBark"},{"not_picked":["Sozu","Empty Cage"],"picked":"Runic Cube"}],"items_purged_floors":[20,47,54],"is_endless":false,"potions_floor_spawned":[2,3,6,11,14,18,21,27,28,31,35,38,39,41,48,55],"ascension_level":20}}