{"host":"61r95uy0hn86b9iu","time":1610426825,"event":{"mods":["AchievementEnabler","BaseMod","Better Vampires","BetterRewards","Colored Powertips","Hubris","Minty Spire (QoL Compilation)","Shop Mod","StSLib"],"gold_per_floor":[109,109,17,17,17,51,68,68,140,90,100,133,152,22,22,99,99,109,109,109,123,123,123,123,123,149,166,166,166],"floor_reached":28,"playtime":619,"items_purged":["Steam Power","Strike_B"],"score":551,"play_id":"abd6817a-94b7-4d39-a48c-bf464696e34c","local_time":"20210111224705","is_ascension_mode":true,"campfire_choices":[{"floor":8,"key":"REST"},{"floor":15,"key":"REST"},{"floor":23,"key":"REST"}],"circlet_count":0,"master_deck":["AscendersBane","Strike_B","Strike_B","Strike_B","Defend_B","Defend_B","Defend_B","Zap","Dualcast","Sunder","Fission+1","Go for the Eyes","Conserve Battery","Static Discharge","hubris:PowerSurge","Defragment","hubris:Ukulele","Capacitor+1","Coolheaded","Creative AI+1","White Noise+1","Aggregate","Caltrops+1","Conserve Battery"],"relics":["Cracked Core","hubris:BallOfYels","hubris:Towel","Smiling Mask","Frozen Egg 2","Calipers","Sozu","Lantern","Art of War"],"acts_visited":["Exordium","TheCity"],"potions_floor_usage":[5,12],"damage_taken":[{"damage":7,"enemies":"Small Slimes","floor":1,"turns":2},{"damage":26,"enemies":"Lagavulin","floor":6,"turns":5},{"damage":7,"enemies":"Jaw Worm","floor":7,"turns":3},{"damage":0,"enemies":"2 Louse","floor":11,"turns":2},{"damage":11,"enemies":"Gremlin Nob","floor":12,"turns":3},{"damage":0,"enemies":"Exordium Thugs","floor":13,"turns":2},{"damage":34,"enemies":"The Guardian","floor":16,"turns":7},{"damage":19,"enemies":"Chosen","floor":18,"turns":7},{"damage":17,"enemies":"Shell Parasite","floor":21,"turns":4},{"damage":37,"enemies":"Snecko","floor":27,"turns":6},{"damage":2,"enemies":"Book of Stabbing","floor":28,"turns":1}],"seed_played":"418177123413146520","potions_obtained":[{"floor":1,"key":"ColorlessPotion"},{"floor":5,"key":"Fruit Juice"},{"floor":5,"key":"CultistPotion"},{"floor":5,"key":"PotionOfCapacity"},{"floor":16,"key":"PotionOfCapacity"}],"is_trial":false,"path_per_floor":["M","?","$","?","?","E","M","R","T","$","M","E","M","$","R","B",null,"M","?","?","M","T","R","?","$","T","M","E"],"character_chosen":"DEFECT","items_purchased":["hubris:BallOfYels","Sunder","Fission","Conserve Battery","Static Discharge","Capacitor+1","Coolheaded"],"campfire_rested":3,"item_purchase_floors":[0,0,0,3,3,14,14],"current_hp_per_floor":[57,57,57,57,62,36,29,51,51,51,51,40,40,40,62,28,64,45,31,31,14,14,38,38,38,38,1,0,0],"gold":166,"neow_bonus":"","is_daily":false,"chose_seed":false,"campfire_upgraded":0,"win_rate":0.0,"timestamp":1610426825,"path_taken":["M","?","$","?","?","E","M","R","T","$","M","E","M","$","R","BOSS","M","?","?","?","?","R","?","?","T","M","E"],"items_purchased_type":["Relic","Card","Card","Card","Card","Card","Card"],"build_version":"2020-12-22","purchased_purges":2,"victory":false,"max_hp_per_floor":[71,71,71,71,76,76,76,76,76,76,76,76,76,76,76,76,76,76,81,81,81,81,81,81,81,81,81,81,81],"card_choices":[{"not_picked":["Gash","Rebound"],"picked":"Go for the Eyes","floor":1},{"not_picked":["Turbo","Barrage"],"picked":"hubris:PowerSurge","floor":6},{"not_picked":["Go for the Eyes","Rebound"],"picked":"Defragment","floor":7},{"not_picked":["Turbo","Barrage","Hologram"],"picked":"SKIP","floor":11},{"not_picked":["Scrape","Force Field"],"picked":"hubris:Ukulele","floor":12},{"not_picked":["Redo","Hologram","Cold Snap"],"picked":"SKIP","floor":13},{"not_picked":["Hyperbeam","hubris:DoWhile"],"picked":"Creative AI+1","floor":16},{"not_picked":["Ball Lightning","Hologram"],"picked":"White Noise+1","floor":18},{"not_picked":["Gash+1","Sunder+1"],"picked":"Aggregate","floor":21},{"not_picked":["Hello World+1","Go for the Eyes"],"picked":"Conserve Battery","floor":27}],"player_experience":3281445,"relics_obtained":[{"floor":6,"key":"Smiling Mask"},{"floor":9,"key":"Frozen Egg 2"},{"floor":12,"key":"Calipers"},{"floor":22,"key":"Lantern"},{"floor":26,"key":"Art of War"}],"event_choices":[{"damage_healed":0,"gold_gain":0,"player_choice":"Got Potions","damage_taken":0,"max_hp_gain":0,"max_hp_loss":0,"event_name":"Lab","floor":5,"gold_loss":0},{"damage_healed":0,"gold_gain":0,"player_choice":"Shed Blood","damage_taken":19,"max_hp_gain":5,"max_hp_loss":0,"event_name":"Forgotten Altar","floor":19,"gold_loss":0},{"damage_healed":0,"gold_gain":0,"player_choice":"Ignored","damage_taken":0,"max_hp_gain":0,"max_hp_loss":0,"event_name":"Ghosts","floor":20,"gold_loss":0},{"damage_healed":0,"gold_gain":0,"player_choice":"Read","damage_taken":0,"max_hp_gain":0,"max_hp_loss":0,"event_name":"The Library","floor":24,"gold_loss":0,"cards_obtained":["Caltrops"]}],"is_beta":false,"boss_relics":[{"not_picked":["SlaversCollar","Tiny House"],"picked":"Sozu"}],"items_purged_floors":[10,14],"is_endless":false,"potions_floor_spawned":[1,6,16,21],"killed_by":"Book of Stabbing","ascension_level":14}}