{"host":"3l94tha3a4jgu0q4","time":1610451809,"event":{"mods":["2.2 Compatiblity","AchievementEnabler","BaseMod","Colored Map","Colored Powertips","Highlight Path","Minty Spire (QoL Compilation)","Permanent Neow","StSLib","SuperFastMode","The IronCluck","slay the spire mod where everything is the same but ironclad has a cowboy hat"],"gold_per_floor":[113,126,138,88,101,129,129,162,232,252,271,120,120,154,154,227,227,227,227,227,227,142,142,92,92,92,92,92,92,92,17,17,17,17,17,17,17,17,17,17,17,17,17,17,17,17,17,17,17,17],"floor_reached":51,"playtime":1630,"items_purged":["Defend_P"],"score":1321,"play_id":"1aa3ba7c-258a-4a1b-8928-de66d6267c64","local_time":"20210112034329","is_ascension_mode":true,"campfire_choices":[{"floor":7.0,"key":"REST"},{"floor":15.0,"key":"REST"},{"floor":25.0,"key":"REST"},{"data":"Eruption","floor":27.0,"key":"SMITH"},{"data":"MentalFortress","floor":29.0,"key":"SMITH"},{"data":"MentalFortress","floor":32.0,"key":"SMITH"},{"data":"TalkToTheHand","floor":40.0,"key":"SMITH"},{"data":"FlurryOfBlows","floor":46.0,"key":"SMITH"},{"data":"Fasting2","floor":49.0,"key":"SMITH"}],"circlet_count":0,"master_deck":["AscendersBane","Strike_P","Defend_P","Defend_P","Eruption+1","Vigilance+1","Evaluate+1","FlurryOfBlows+1","TalkToTheHand+1","FearNoEvil","MentalFortress+1","EmptyFist","CrushJoints+1","FlurryOfBlows+1","MentalFortress+1","SashWhip+1","Ragnarok+1","Halt","EmptyFist+1","FollowUp+1","EmptyFist+1","FollowUp+1","SandsOfTime+1","Tantrum+1","Indignation+1","EmptyBody+1","FlurryOfBlows+1","EmptyBody+1","InnerPeace","Consecrate+1","ClearTheMind","Eruption+1","Fasting2+1"],"relics":["Empty Cage","Regal Pillow","FossilizedHelix","Molten Egg 2","Strawberry","WingedGreaves","Ectoplasm","Sundial","Juzu Bracelet","Ornamental Fan","PreservedInsect","Sozu","War Paint","Ice Cream","Pear"],"acts_visited":["Exordium","TheCity","TheBeyond"],"potions_floor_usage":[],"damage_taken":[{"damage":9.0,"enemies":"Jaw Worm","floor":1.0,"turns":5.0},{"damage":10.0,"enemies":"Small Slimes","floor":2.0,"turns":3.0},{"damage":0.0,"enemies":"Cultist","floor":3.0,"turns":4.0},{"damage":7.0,"enemies":"Looter","floor":5.0,"turns":4.0},{"damage":22.0,"enemies":"Gremlin Nob","floor":6.0,"turns":4.0},{"damage":35.0,"enemies":"3 Sentries","floor":8.0,"turns":16.0},{"damage":0.0,"enemies":"2 Fungi Beasts","floor":10.0,"turns":3.0},{"damage":4.0,"enemies":"Lots of Slimes","floor":11.0,"turns":4.0},{"damage":0.0,"enemies":"Gremlin Nob","floor":14.0,"turns":4.0},{"damage":20.0,"enemies":"The Guardian","floor":16.0,"turns":8.0},{"damage":10.0,"enemies":"Shell Parasite","floor":18.0,"turns":4.0},{"damage":4.0,"enemies":"3 Byrds","floor":20.0,"turns":4.0},{"damage":5.0,"enemies":"Centurion and Healer","floor":21.0,"turns":6.0},{"damage":38.0,"enemies":"Slavers","floor":23.0,"turns":4.0},{"damage":31.0,"enemies":"Gremlin Leader","floor":30.0,"turns":5.0},{"damage":90.0,"enemies":"Collector","floor":33.0,"turns":9.0},{"damage":14.0,"enemies":"3 Darklings","floor":35.0,"turns":3.0},{"damage":28.0,"enemies":"Orb Walker","floor":36.0,"turns":4.0},{"damage":0.0,"enemies":"Mind Bloom Boss Battle","floor":38.0,"turns":4.0},{"damage":0.0,"enemies":"Reptomancer","floor":41.0,"turns":5.0},{"damage":0.0,"enemies":"Transient","floor":42.0,"turns":5.0},{"damage":29.0,"enemies":"Jaw Worm Horde","floor":44.0,"turns":5.0},{"damage":0.0,"enemies":"Spire Growth","floor":47.0,"turns":4.0},{"damage":16,"enemies":"Time Eater","floor":50,"turns":8}],"seed_played":"-2810529853599410639","potions_obtained":[{"floor":1.0,"key":"FairyPotion"},{"floor":3.0,"key":"GamblersBrew"},{"floor":8.0,"key":"LiquidBronze"},{"floor":16.0,"key":"BottledMiracle"},{"floor":21.0,"key":"Regen Potion"},{"floor":33.0,"key":"EssenceOfSteel"}],"is_trial":false,"path_per_floor":["M","M","M","?","M","E","R","E","T","M","M","$","?","E","R","B",null,"M","?","M","M","?","E","?","R","T","R","?","R","E","$","R","B",null,"M","M","T","?","?","R","E","M","T","M","?","R","M","$","R","B",null],"character_chosen":"WATCHER","items_purchased":["MentalFortress","Tantrum+1"],"campfire_rested":3,"item_purchase_floors":[12,31],"current_hp_per_floor":[52,42,42,42,35,13,48,13,13,13,9,9,16,16,53,33,65,55,55,51,46,46,8,8,45,45,45,70,70,39,39,39,22,62,48,20,20,20,85,85,95,95,95,66,66,66,66,66,66,50],"gold":17,"neow_bonus":"BOSS_RELIC","is_daily":false,"chose_seed":false,"campfire_upgraded":6,"win_rate":0.0,"timestamp":1610451809,"path_taken":["M","M","M","?","M","E","R","E","T","M","M","$","?","E","R","BOSS","M","?","M","?","?","E","?","R","T","R","?","R","E","?","R","BOSS","M","M","?","?","?","R","E","M","T","M","?","R","M","?","R","BOSS"],"items_purchased_type":["Card","Card"],"build_version":"2020-12-22","purchased_purges":1,"victory":true,"max_hp_per_floor":[68,68,68,68,68,68,68,68,68,68,68,68,75,75,75,75,75,75,75,75,75,75,75,75,75,75,75,75,75,75,75,75,75,75,75,75,75,75,85,85,95,95,95,95,95,95,95,95,95,95],"card_choices":[{"not_picked":["Perseverance","ThirdEye"],"picked":"Evaluate","floor":1.0},{"not_picked":["FlyingSleeves","TalkToTheHand"],"picked":"FlurryOfBlows","floor":2.0},{"not_picked":["FlurryOfBlows","ThirdEye"],"picked":"TalkToTheHand","floor":3.0},{"not_picked":["ThirdEye","Halt"],"picked":"FearNoEvil","floor":5.0},{"not_picked":["FlyingSleeves","Establishment"],"picked":"MentalFortress","floor":6.0},{"not_picked":["WheelKick","Indignation"],"picked":"EmptyFist","floor":8.0},{"not_picked":["JustLucky+1","Evaluate"],"picked":"CrushJoints+1","floor":10.0},{"not_picked":["TalkToTheHand+1","EmptyBody"],"picked":"FlurryOfBlows+1","floor":11.0},{"not_picked":["BattleHymn","Protect"],"picked":"SashWhip+1","floor":14.0},{"not_picked":["Blasphemy","Establishment"],"picked":"Ragnarok+1","floor":16.0},{"not_picked":["FlyingSleeves+1","CutThroughFate+1"],"picked":"Halt","floor":18.0},{"not_picked":["SandsOfTime+1","Evaluate"],"picked":"FollowUp+1","floor":20.0},{"not_picked":["Weave+1","Consecrate+1"],"picked":"EmptyFist+1","floor":21.0},{"not_picked":["Wireheading+1","ForeignInfluence"],"picked":"FollowUp+1","floor":23.0},{"not_picked":["Collect","CrushJoints+1"],"picked":"SandsOfTime+1","floor":30.0},{"not_picked":["ConjureBlade","Scrawl"],"picked":"Wish","floor":33.0},{"not_picked":["CrushJoints+1","ClearTheMind"],"picked":"Indignation+1","floor":35.0},{"not_picked":["Weave+1","Tantrum+1"],"picked":"EmptyBody+1","floor":36.0},{"not_picked":["ThirdEye+1","FlyingSleeves+1"],"picked":"FlurryOfBlows+1","floor":38.0},{"not_picked":["DeceiveReality","Halt"],"picked":"EmptyBody+1","floor":41.0},{"not_picked":["FollowUp+1","Halt"],"picked":"InnerPeace","floor":42.0},{"not_picked":["Protect","Conclude+1"],"picked":"Consecrate+1","floor":44.0},{"not_picked":["EmptyBody+1","SashWhip+1"],"picked":"Fasting2","floor":47.0}],"player_experience":1928594,"relics_obtained":[{"floor":6.0,"key":"Regal Pillow"},{"floor":8.0,"key":"FossilizedHelix"},{"floor":9.0,"key":"Molten Egg 2"},{"floor":14.0,"key":"WingedGreaves"},{"floor":23.0,"key":"Juzu Bracelet"},{"floor":26.0,"key":"Ornamental Fan"},{"floor":30.0,"key":"PreservedInsect"},{"floor":37.0,"key":"War Paint"},{"floor":38.0,"key":"Ice Cream"},{"floor":41.0,"key":"Pear"}],"event_choices":[{"cards_removed":["Strike_P"],"damage_healed":0.0,"max_hp_gain":0.0,"max_hp_loss":0.0,"gold_gain":0.0,"event_name":"The Cleric","player_choice":"Card Removal","floor":4.0,"gold_loss":50.0,"damage_taken":0.0},{"damage_healed":0.0,"max_hp_gain":0.0,"max_hp_loss":0.0,"gold_gain":0.0,"event_name":"Dead Adventurer","player_choice":"Searched \u00271\u0027 times","floor":13.0,"gold_loss":0.0,"damage_taken":0.0,"relics_obtained":["Strawberry"]},{"damage_healed":0.0,"max_hp_gain":0.0,"max_hp_loss":0.0,"gold_gain":0.0,"cards_transformed":["Strike_P"],"event_name":"Transmorgrifier","player_choice":"Transformed","floor":19.0,"gold_loss":0.0,"damage_taken":0.0,"cards_obtained":["EmptyFist"]},{"damage_healed":0.0,"max_hp_gain":0.0,"max_hp_loss":0.0,"gold_gain":0.0,"event_name":"Addict","player_choice":"Obtained Relic","floor":22.0,"gold_loss":85.0,"damage_taken":0.0,"relics_obtained":["Sundial"]},{"damage_healed":0.0,"max_hp_gain":0.0,"max_hp_loss":0.0,"gold_gain":250.0,"event_name":"The Joust","player_choice":"Bet on Owner","floor":24.0,"gold_loss":50.0,"damage_taken":0.0},{"damage_healed":25.0,"max_hp_gain":0.0,"max_hp_loss":0.0,"gold_gain":0.0,"event_name":"The Library","player_choice":"Heal","floor":28.0,"gold_loss":0.0,"damage_taken":0.0},{"damage_healed":0.0,"max_hp_gain":0.0,"max_hp_loss":0.0,"gold_gain":0.0,"event_name":"MindBloom","player_choice":"Fight","floor":38.0,"gold_loss":0.0,"damage_taken":0.0},{"cards_removed":["Wish"],"damage_healed":55.0,"max_hp_gain":10.0,"max_hp_loss":0.0,"gold_gain":0.0,"event_name":"Bonfire Elementals","player_choice":"Offered Rare","floor":39.0,"gold_loss":0.0,"damage_taken":0.0},{"damage_healed":0.0,"max_hp_gain":0.0,"max_hp_loss":0.0,"gold_gain":0.0,"event_name":"Match and Keep!","player_choice":"2 cards matched","floor":45.0,"gold_loss":0.0,"damage_taken":0.0,"cards_obtained":["ClearTheMind","Eruption"]}],"is_beta":false,"boss_relics":[{"not_picked":["Calling Bell","Velvet Choker"],"picked":"Ectoplasm"},{"not_picked":["Black Star","Coffee Dripper"],"picked":"Sozu"}],"items_purged_floors":[12],"is_endless":false,"potions_floor_spawned":[1,3,8,10,14,16,21,33,36,41],"ascension_level":14}}