{"host":"7pal6f3elqhvlig9","time":1610473661,"event":{"mods":["2.2 Compatiblity","AchievementEnabler","Arknights The Spire","BaseMod","Colored Map","Marisa£¨Ùöéë¡¡Øª×âÞÞ£©","Minty Spire (QoL Compilation)","StSLib","The Bug Knight","everything is the same but u backflip on backflip"],"gold_per_floor":[111,111,131,155,155,155,171,181,228,228,238,238,238,251,251,352,352],"floor_reached":16,"playtime":837,"items_purged":[],"score":163,"play_id":"930a70ff-b872-42cd-a4f8-2a1afbe25ea1","local_time":"20210113024741","is_ascension_mode":true,"campfire_choices":[{"data":"HollowMod:FocusHealStart","floor":6,"key":"SMITH"},{"data":"HollowMod:PureNailStrike","floor":10,"key":"SMITH"},{"data":"HollowMod:HowlingWraiths","floor":12,"key":"SMITH"},{"data":"HollowMod:PogoStrike","floor":15,"key":"SMITH"}],"circlet_count":0,"master_deck":["HollowMod:NailStrikeStart","HollowMod:NailStrikeStart","HollowMod:NailStrikeStart","HollowMod:QuickDashStart","HollowMod:QuickDashStart","HollowMod:QuickDashStart","HollowMod:FocusHealStart+1","HollowMod:PogoStrike+1","HollowMod:HowlingWraiths+1","HollowMod:PureNailStrike+1","HollowMod:CycloneSlash"],"relics":["HollowMod:VesselMask","Bronze Scales","Blue Candle","Art of War"],"acts_visited":["Exordium"],"potions_floor_usage":[8],"damage_taken":[{"damage":0,"enemies":"Small Slimes","floor":1,"turns":2},{"damage":4,"enemies":"Jaw Worm","floor":3,"turns":4},{"damage":3,"enemies":"2 Louse","floor":7,"turns":2},{"damage":3,"enemies":"Blue Slaver","floor":8,"turns":3},{"damage":17,"enemies":"Looter","floor":11,"turns":2},{"damage":8,"enemies":"Exordium Wildlife","floor":14,"turns":4},{"damage":66,"enemies":"Hexaghost","floor":16,"turns":9}],"seed_played":"-6809968582301669872","potions_obtained":[{"floor":1,"key":"BlessingOfTheForge"},{"floor":3,"key":"EssenceOfSteel"},{"floor":7,"key":"Swift Potion"},{"floor":14,"key":"EssenceOfSteel"}],"is_trial":false,"path_per_floor":["M","?","M","T","?","R","M","M","T","R","M","R","?","M","R","B"],"character_chosen":"THE_BUGKNIGHT","items_purchased":[],"campfire_rested":0,"item_purchase_floors":[],"current_hp_per_floor":[75,80,80,80,73,73,70,73,73,73,62,62,62,64,64,10,10],"gold":352,"neow_bonus":"REMOVE_CARD","is_daily":false,"chose_seed":false,"campfire_upgraded":4,"win_rate":0.0,"timestamp":1610473661,"path_taken":["M","?","M","?","?","R","M","M","T","R","M","R","?","M","R","BOSS"],"items_purchased_type":[],"build_version":"2020-12-22","purchased_purges":0,"victory":false,"max_hp_per_floor":[75,80,80,80,80,80,80,80,80,80,80,80,80,80,80,80,80],"card_choices":[{"not_picked":["HollowMod:MantisMark","HollowMod:SiblingsShadow"],"picked":"HollowMod:HowlingWraiths","floor":1},{"not_picked":["HollowMod:GreatSlash","HollowMod:InfectionAssault"],"picked":"HollowMod:PureNailStrike","floor":3},{"not_picked":["HollowMod:DashSlash","HollowMod:NewLittleFool"],"picked":"HollowMod:CycloneSlash","floor":7},{"not_picked":["HollowMod:ChannelNail","HollowMod:BrokenVessel","HollowMod:InfectedAttack"],"picked":"SKIP","floor":8},{"not_picked":["HollowMod:ShapeofUnn","HollowMod:SharpenedNail","HollowMod:SiblingsShadow"],"picked":"SKIP","floor":11},{"not_picked":["HollowMod:MidwifesHunger","HollowMod:MawleksShell","HollowMod:NewLittleFool"],"picked":"SKIP","floor":14}],"player_experience":232936,"relics_obtained":[{"floor":4,"key":"Bronze Scales"},{"floor":9,"key":"Art of War"}],"event_choices":[{"damage_healed":0,"gold_gain":0,"player_choice":"Donut","damage_taken":0,"max_hp_gain":5,"max_hp_loss":0,"event_name":"Big Fish","floor":2,"gold_loss":0},{"damage_healed":0,"gold_gain":0,"player_choice":"Success","damage_taken":7,"relics_obtained":["Blue Candle"],"max_hp_gain":0,"max_hp_loss":0,"event_name":"Scrap Ooze","floor":5,"gold_loss":0},{"cards_removed":["HollowMod:NailStrikeStart"],"damage_healed":0,"gold_gain":0,"player_choice":"Forget","damage_taken":0,"max_hp_gain":0,"max_hp_loss":0,"event_name":"Living Wall","floor":13,"gold_loss":0}],"is_beta":false,"boss_relics":[],"items_purged_floors":[],"is_endless":false,"potions_floor_spawned":[1,3,7,14],"killed_by":"Hexaghost","ascension_level":3}}