{"host":"ch0czqmvyp36vaf6","time":1610435657,"event":{"mods":["BaseMod","CapriCore","Friendly Minions","GungeonMod","Hermit","Highlight Path","Koishi","Lobotomy","Marisa£¨Ùöéë¡¡Øª×âÞÞ£©","Minty Spire (QoL Compilation)","Quick Restart","StSLib","The Animator","The Bug Knight","The Cursed","The Dragon Tamer","The Gatherer","The Hierophant","The Immortal","The Poker Player","The Runesmith"],"gold_per_floor":[270,270,298,317,317,317,341,371,371,371,395,428,438,438],"floor_reached":13,"playtime":573,"items_purged":[],"score":79,"play_id":"991070ff-5794-4f89-8041-af49451e8d93","local_time":"20210112161417","is_ascension_mode":false,"campfire_choices":[{"data":"animator:DolaRiku","floor":6,"key":"SMITH"},{"data":"animator:DolaStephanie","floor":10,"key":"SMITH"}],"circlet_count":0,"master_deck":["animator:Strike_Kancolle","animator:Defend_Kancolle","animator:Strike","animator:Strike","animator:Strike","animator:Defend","animator:Defend","animator:Defend","animator:Shimakaze","animator:DolaCouronne","animator:DolaRiku+1","animator:DolaStephanie+1","animator:Yuuichirou","animator:CrowleyEusford","animator:Shigure"],"relics":["animator:LivingPicture","animator:TheMissingPiece","animator:PurgingStone","Golden Idol","Pantograph"],"acts_visited":["Exordium"],"potions_floor_usage":[7,11,12,13],"damage_taken":[{"damage":8,"enemies":"Jaw Worm","floor":1,"turns":5},{"damage":3,"enemies":"2 Louse","floor":3,"turns":3},{"damage":0,"enemies":"Small Slimes","floor":4,"turns":3},{"damage":2,"enemies":"2 Fungi Beasts","floor":7,"turns":4},{"damage":4,"enemies":"Looter","floor":8,"turns":4},{"damage":2,"enemies":"Large Slime","floor":11,"turns":5},{"damage":14,"enemies":"Exordium Thugs","floor":12,"turns":4},{"damage":7,"enemies":"3 Sentries","floor":13,"turns":5}],"seed_played":"-4384323397065895602","potions_obtained":[{"floor":0,"key":"SteroidPotion"},{"floor":0,"key":"Strength Potion"},{"floor":0,"key":"DistilledChaos"},{"floor":4,"key":"DuplicationPotion"},{"floor":7,"key":"Weak Potion"},{"floor":12,"key":"SteroidPotion"}],"is_trial":false,"path_per_floor":["M","?","M","M","?","R","M","M","T","R","M","M","E"],"character_chosen":"THE_ANIMATOR","items_purchased":[],"campfire_rested":0,"item_purchase_floors":[],"current_hp_per_floor":[58,63,60,60,43,43,41,37,37,37,35,21,14,14],"gold":438,"neow_bonus":"THREE_SMALL_POTIONS","is_daily":false,"chose_seed":false,"campfire_upgraded":2,"win_rate":0.0,"timestamp":1610435657,"path_taken":["M","?","M","M","?","R","M","M","T","R","M","?","E"],"items_purchased_type":[],"build_version":"2020-12-22","purchased_purges":0,"victory":false,"max_hp_per_floor":[66,71,71,71,71,71,71,71,71,71,71,71,71,71],"card_choices":[{"not_picked":["animator:YunYun","animator:YuiTsuruno","animator:LeleiLaLalena"],"picked":"SKIP","floor":1},{"not_picked":["animator:Mitsuba","animator:Chris"],"picked":"animator:DolaCouronne","floor":3},{"not_picked":["animator:NarberalGamma","animator:MumenRider"],"picked":"animator:DolaRiku","floor":4},{"not_picked":["animator:DolaCouronne","animator:DolaRiku"],"picked":"animator:DolaStephanie","floor":7},{"not_picked":["animator:ElricAlphonse","animator:MumenRider"],"picked":"animator:Yuuichirou","floor":8},{"not_picked":["animator:Bozes","animator:Cocytus"],"picked":"animator:CrowleyEusford","floor":11},{"not_picked":["animator:Togame","animator:Gillette"],"picked":"animator:Shigure","floor":12}],"player_experience":423154,"relics_obtained":[{"floor":9,"key":"Pantograph"}],"event_choices":[{"damage_healed":0,"gold_gain":0,"player_choice":"Donut","damage_taken":0,"max_hp_gain":5,"max_hp_loss":0,"event_name":"Big Fish","floor":2,"gold_loss":0},{"damage_healed":0,"gold_gain":0,"player_choice":"Take Damage","damage_taken":17,"relics_obtained":["Golden Idol"],"max_hp_gain":0,"max_hp_loss":0,"event_name":"Golden Idol","floor":5,"gold_loss":0}],"is_beta":false,"boss_relics":[],"items_purged_floors":[],"is_endless":false,"potions_floor_spawned":[3,4,7,12],"killed_by":"3 Sentries","ascension_level":0}}