{"host":"h4lp0eeso8a0ssq0","time":1610433985,"event":{"mods":["2.2 Compatiblity","AchievementEnabler","BaseMod","CapriCore","Colored Map","Minty Spire (QoL Compilation)","StSLib","SuperFastMode"],"gold_per_floor":[115,65,15,15,15,15,50,50,73,87,106,145,175,200,200,306,306,328,328,354,374,96,136,147,147,147],"floor_reached":25,"playtime":594,"items_purged":["Strike_G"],"score":422,"play_id":"b7112180-fcea-4041-924a-102967357c5b","local_time":"20210112154625","is_ascension_mode":true,"campfire_choices":[{"data":"Neutralize","floor":6.0,"key":"SMITH"},{"data":"Strike_G","floor":8.0,"key":"PURGE"},{"data":"Footwork","floor":15.0,"key":"SMITH"}],"circlet_count":0,"master_deck":["AscendersBane","Strike_G","Defend_G","Defend_G","Defend_G","Defend_G","Defend_G","Survivor","Neutralize+1","Blade Dance+1","Footwork+1","Crippling Poison","Blade Dance","Burst","Blade Dance","Corpse Explosion","Accuracy+1","Dagger Throw+1","Accuracy","Terror"],"relics":["Ring of the Snake","NeowsBlessing","Peace Pipe","Art of War","CeramicFish","WristBlade","CultistMask","ClockworkSouvenir","Boot"],"acts_visited":["Exordium","TheCity"],"potions_floor_usage":[25],"damage_taken":[{"damage":0.0,"enemies":"Small Slimes","floor":1.0,"turns":1.0},{"damage":0.0,"enemies":"Gremlin Nob","floor":7.0,"turns":1.0},{"damage":0.0,"enemies":"2 Louse","floor":10.0,"turns":1.0},{"damage":0.0,"enemies":"Cultist","floor":11.0,"turns":3.0},{"damage":3.0,"enemies":"Lagavulin","floor":12.0,"turns":6.0},{"damage":17.0,"enemies":"Gremlin Gang","floor":14.0,"turns":3.0},{"damage":12.0,"enemies":"The Guardian","floor":16.0,"turns":19.0},{"damage":0.0,"enemies":"Spheric Guardian","floor":18.0,"turns":2.0},{"damage":1.0,"enemies":"3 Byrds","floor":20.0,"turns":2.0},{"damage":0.0,"enemies":"Centurion and Healer","floor":21.0,"turns":3.0},{"damage":43,"enemies":"Slavers","floor":23,"turns":3},{"damage":1,"enemies":"3 Cultists","floor":24,"turns":3},{"damage":14,"enemies":"Book of Stabbing","floor":25,"turns":2}],"seed_played":"-3703210387334032281","potions_obtained":[{"floor":7.0,"key":"LiquidBronze"},{"floor":11.0,"key":"DistilledChaos"},{"floor":14.0,"key":"Ancient Potion"},{"floor":20.0,"key":"EssenceOfSteel"}],"is_trial":false,"path_per_floor":["M","$","?","?","?","R","E","R","T","M","M","E","?","M","R","B",null,"M","?","M","M","$","E","M","E"],"character_chosen":"THE_SILENT","items_purchased":["Blade Dance","Accuracy","ClockworkSouvenir"],"campfire_rested":0,"item_purchase_floors":[2,22,22],"current_hp_per_floor":[63,63,63,56,56,56,56,56,56,56,56,53,53,36,36,24,59,59,59,58,58,58,15,14,0,0],"gold":147,"neow_bonus":"THREE_ENEMY_KILL","is_daily":false,"chose_seed":false,"campfire_upgraded":2,"win_rate":0.0,"timestamp":1610433985,"path_taken":["M","$","?","?","?","R","E","R","T","?","?","E","?","M","R","BOSS","M","?","M","M","$","E","M","E"],"items_purchased_type":["Card","Card","Relic"],"build_version":"2020-12-22","purchased_purges":1,"victory":false,"max_hp_per_floor":[70,70,70,70,70,70,70,70,70,70,70,70,70,70,70,70,70,70,70,70,70,70,70,70,70,70],"card_choices":[{"not_picked":["Sucker Punch","Outmaneuver","Bane"],"picked":"SKIP","floor":1.0},{"not_picked":["Flying Knee","Catalyst"],"picked":"Footwork","floor":7.0},{"not_picked":["Poisoned Stab","Prepared"],"picked":"Crippling Poison","floor":10.0},{"not_picked":["Flying Knee","Dagger Throw"],"picked":"Blade Dance","floor":11.0},{"not_picked":["PiercingWail","Dagger Spray"],"picked":"Burst","floor":12.0},{"not_picked":["Flying Knee","Footwork"],"picked":"Blade Dance","floor":14.0},{"not_picked":["Phantasmal Killer","A Thousand Cuts"],"picked":"Corpse Explosion","floor":16.0},{"not_picked":["Bouncing Flask+1","Deadly Poison"],"picked":"Accuracy+1","floor":18.0},{"not_picked":["Noxious Fumes+1","Prepared"],"picked":"Dagger Throw+1","floor":20.0},{"not_picked":["Deadly Poison","Flying Knee","Cloak And Dagger"],"picked":"SKIP","floor":21.0},{"not_picked":["Deadly Poison","Quick Slash"],"picked":"Terror","floor":23},{"not_picked":["Poisoned Stab","Die Die Die","Dagger Throw"],"picked":"SKIP","floor":24}],"player_experience":143046,"relics_obtained":[{"floor":7.0,"key":"Peace Pipe"},{"floor":9.0,"key":"Art of War"},{"floor":12.0,"key":"CeramicFish"},{"floor":23,"key":"Boot"}],"event_choices":[{"cards_removed":["Strike_G"],"damage_healed":0.0,"max_hp_gain":0.0,"max_hp_loss":0.0,"gold_gain":0.0,"event_name":"The Cleric","player_choice":"Card Removal","floor":3.0,"gold_loss":50.0,"damage_taken":0.0},{"cards_removed":["Strike_G"],"damage_healed":0.0,"max_hp_gain":0.0,"max_hp_loss":0.0,"gold_gain":0.0,"event_name":"Golden Wing","player_choice":"Card Removal","floor":4.0,"gold_loss":0.0,"damage_taken":7.0},{"damage_healed":0.0,"max_hp_gain":0.0,"max_hp_loss":0.0,"gold_gain":0.0,"event_name":"Accursed Blacksmith","player_choice":"Forge","floor":5.0,"gold_loss":0.0,"damage_taken":0.0,"cards_upgraded":["Blade Dance"]},{"damage_healed":0.0,"max_hp_gain":0.0,"max_hp_loss":0.0,"gold_gain":30.0,"event_name":"Dead Adventurer","player_choice":"Searched \u00271\u0027 times","floor":13.0,"gold_loss":0.0,"damage_taken":0.0},{"damage_healed":0.0,"max_hp_gain":0.0,"max_hp_loss":0.0,"gold_gain":0.0,"event_name":"FaceTrader","player_choice":"Trade","floor":19.0,"gold_loss":0.0,"damage_taken":0.0,"relics_obtained":["CultistMask"]}],"is_beta":false,"boss_relics":[{"not_picked":["Tiny House","Pandora\u0027s Box"],"picked":"WristBlade"}],"items_purged_floors":[22],"is_endless":false,"potions_floor_spawned":[7,11,14,20,24],"killed_by":"Book of Stabbing","ascension_level":10}}