{"host":"04hh9gplt9wkfmr1","time":1610427712,"event":{"mods":["AchievementEnabler","BaseMod","Colored Map","KOR Keyword Fix","Minty Spire (QoL Compilation)","Rare Cards Sparkle","SuperFastMode"],"gold_per_floor":[112,287,299,299,53,82,95,95,122,122,138,153,169,187,187,291,291,291],"floor_reached":17,"playtime":858,"items_purged":["Doubt"],"score":159,"play_id":"2eff675a-4bbf-4007-a678-a61f2854571c","local_time":"20210112140152","is_ascension_mode":false,"campfire_choices":[{"data":"Carnage","floor":8,"key":"SMITH"},{"data":"Metallicize","floor":10,"key":"SMITH"},{"data":"Inflame","floor":15,"key":"SMITH"}],"circlet_count":0,"master_deck":["Strike_R","Strike_R","Strike_R","Strike_R","Strike_R","Defend_R","Defend_R","Defend_R","Bash","Madness","Pommel Strike","Cleave","Metallicize+1","Shrug It Off","Carnage+1","Shrug It Off","Body Slam","Body Slam","Reaper","Inflame+1","Berserk"],"relics":["Burning Blood","Membership Card","PreservedInsect","Centennial Puzzle","Cursed Key"],"acts_visited":["Exordium","TheCity"],"potions_floor_usage":[12,13],"damage_taken":[{"damage":15,"enemies":"Small Slimes","floor":1,"turns":5},{"damage":7,"enemies":"2 Louse","floor":3,"turns":4},{"damage":26,"enemies":"3 Sentries","floor":6,"turns":9},{"damage":1,"enemies":"Cultist","floor":7,"turns":3},{"damage":0,"enemies":"Exordium Wildlife","floor":11,"turns":3},{"damage":0,"enemies":"Large Slime","floor":12,"turns":5},{"damage":9,"enemies":"Lots of Slimes","floor":13,"turns":4},{"damage":8,"enemies":"2 Fungi Beasts","floor":14,"turns":5},{"damage":44,"enemies":"Slime Boss","floor":16,"turns":14}],"seed_played":"8786610486528081722","potions_obtained":[{"floor":3,"key":"SneckoOil"},{"floor":6,"key":"LiquidMemories"},{"floor":7,"key":"Energy Potion"}],"is_trial":false,"path_per_floor":["M","?","M","?","$","E","M","R","T","R","M","M","M","M","R","B",null],"character_chosen":"IRONCLAD","items_purchased":["Membership Card","Metallicize","Shrug It Off"],"campfire_rested":0,"item_purchase_floors":[5,5,5],"current_hp_per_floor":[71,71,70,70,70,50,55,55,55,55,61,67,64,62,62,38,80,80],"gold":291,"neow_bonus":"RANDOM_COLORLESS","is_daily":false,"chose_seed":false,"campfire_upgraded":3,"win_rate":0.0,"timestamp":1610427712,"path_taken":["M","?","M","?","$","E","M","R","T","R","M","M","M","M","R","BOSS"],"items_purchased_type":["Relic","Card","Card"],"build_version":"2020-12-22","purchased_purges":1,"victory":false,"max_hp_per_floor":[80,80,80,80,80,80,80,80,80,80,80,80,80,80,80,80,80,80],"card_choices":[{"not_picked":["Dramatic Entrance","Flash of Steel"],"picked":"Madness","floor":0},{"not_picked":["Body Slam","Uppercut","Battle Trance"],"picked":"SKIP","floor":1},{"not_picked":["Warcry","Hemokinesis"],"picked":"Pommel Strike","floor":3},{"not_picked":["Flex","Blood for Blood"],"picked":"Carnage","floor":6},{"not_picked":["Clothesline","True Grit"],"picked":"Shrug It Off","floor":7},{"not_picked":["Anger","Heavy Blade"],"picked":"Body Slam","floor":11},{"not_picked":["Iron Wave","Heavy Blade"],"picked":"Body Slam","floor":12},{"not_picked":["Warcry","Sword Boomerang"],"picked":"Reaper","floor":13},{"not_picked":["Headbutt","Armaments"],"picked":"Inflame","floor":14},{"not_picked":["Offering","Brutality"],"picked":"Berserk","floor":16}],"player_experience":9767,"relics_obtained":[{"floor":6,"key":"PreservedInsect"},{"floor":9,"key":"Centennial Puzzle"}],"event_choices":[{"damage_healed":0,"gold_gain":175,"player_choice":"AGREE","damage_taken":0,"max_hp_gain":0,"max_hp_loss":0,"event_name":"Liars Game","floor":2,"gold_loss":0,"cards_obtained":["Doubt"]},{"damage_healed":0,"gold_gain":0,"cards_transformed":["Defend_R"],"player_choice":"Transformed","damage_taken":0,"max_hp_gain":0,"max_hp_loss":0,"event_name":"Transmorgrifier","floor":4,"gold_loss":0,"cards_obtained":["Cleave"]}],"is_beta":false,"boss_relics":[{"not_picked":["Philosopher\u0027s Stone","Snecko Eye"],"picked":"Cursed Key"}],"items_purged_floors":[5],"is_endless":false,"potions_floor_spawned":[3,6,7],"ascension_level":0}}