{"host":"3a1ypf1irl30q4k8","time":1610459470,"event":{"mods":["AchievementEnabler","BaseMod","Bestiary","Colored Map","Minty Spire (QoL Compilation)","Relic Stats"],"gold_per_floor":[140,140,157,194,204,204,55,105,105,105,105,154,184,184],"floor_reached":13,"playtime":514,"items_purged":[],"score":83,"play_id":"128d5f84-06db-48f7-8b3f-716269e1ad9a","local_time":"20210112135110","is_ascension_mode":true,"campfire_choices":[{"data":"Wish","floor":6,"key":"SMITH"},{"floor":10,"key":"REST"}],"circlet_count":0,"master_deck":["Strike_P","Strike_P","Strike_P","Defend_P","Defend_P","Defend_P","Defend_P","Eruption+1","Vigilance","Wish+1","CutThroughFate","FlyingSleeves","ThirdEye","ClearTheMind","ThirdEye","WreathOfFlame"],"relics":["PureWater","OrangePellets","Odd Mushroom","Matryoshka"],"acts_visited":["Exordium"],"potions_floor_usage":[8,12],"damage_taken":[{"damage":5,"enemies":"Jaw Worm","floor":1,"turns":6},{"damage":3,"enemies":"2 Louse","floor":3,"turns":2},{"damage":0,"enemies":"Small Slimes","floor":4,"turns":3},{"damage":13,"enemies":"Blue Slaver","floor":5,"turns":2},{"damage":25,"enemies":"The Mushroom Lair","floor":8,"turns":4},{"damage":0,"enemies":"2 Fungi Beasts","floor":12,"turns":4},{"damage":29,"enemies":"Lagavulin","floor":13,"turns":8}],"seed_played":"799507410377852877","potions_obtained":[{"floor":1,"key":"DuplicationPotion"},{"floor":5,"key":"SneckoOil"}],"is_trial":false,"path_per_floor":["M","?","M","M","M","R","$","?","T","R","?","M","E"],"character_chosen":"WATCHER","items_purchased":["OrangePellets"],"campfire_rested":1,"item_purchase_floors":[7],"current_hp_per_floor":[46,46,43,43,30,30,30,5,5,26,19,19,0,0],"gold":184,"neow_bonus":"THREE_RARE_CARDS","is_daily":false,"chose_seed":false,"campfire_upgraded":1,"win_rate":0.0,"timestamp":1610459470,"path_taken":["M","?","M","M","M","R","$","?","T","R","?","M","E"],"items_purchased_type":["Relic"],"build_version":"2020-12-22","purchased_purges":0,"victory":false,"max_hp_per_floor":[72,72,72,72,72,72,72,72,72,72,72,72,72,72],"relic_stats":{"OrangePellets":[0],"counters":[7,29],"obtain_stats":[{"OrangePellets":7,"Matryoshka":9,"PureWater":0,"Odd Mushroom":8},{"OrangePellets":4,"Matryoshka":5,"PureWater":0,"Odd Mushroom":5},{"OrangePellets":13,"Matryoshka":17,"PureWater":0,"Odd Mushroom":17}]},"card_choices":[{"not_picked":["Omniscience","Judgement"],"picked":"Wish","floor":0},{"not_picked":["EmptyBody","Crescendo"],"picked":"CutThroughFate","floor":1},{"not_picked":["Prostrate","Fasting2"],"picked":"FlyingSleeves","floor":3},{"not_picked":["Weave","FollowUp"],"picked":"ThirdEye","floor":4},{"not_picked":["Sanctity","EmptyFist"],"picked":"ClearTheMind","floor":5},{"not_picked":["Devotion","Weave"],"picked":"ThirdEye","floor":8},{"not_picked":["Consecrate","PathToVictory"],"picked":"WreathOfFlame","floor":12}],"player_experience":1033104,"relics_obtained":[{"floor":8,"key":"Odd Mushroom"},{"floor":9,"key":"Matryoshka"}],"event_choices":[{"damage_healed":0,"gold_gain":0,"player_choice":"Grow","damage_taken":0,"max_hp_gain":0,"max_hp_loss":0,"event_name":"Living Wall","floor":2,"gold_loss":0,"cards_upgraded":["Eruption"]},{"damage_healed":0,"gold_gain":0,"player_choice":"Fought Mushrooms","damage_taken":0,"max_hp_gain":0,"max_hp_loss":0,"event_name":"Mushrooms","floor":8,"gold_loss":0},{"cards_removed":["Strike_P"],"damage_healed":0,"gold_gain":0,"player_choice":"Card Removal","damage_taken":7,"max_hp_gain":0,"max_hp_loss":0,"event_name":"Golden Wing","floor":11,"gold_loss":0}],"is_beta":false,"boss_relics":[],"items_purged_floors":[],"is_endless":false,"potions_floor_spawned":[1,5],"killed_by":"Lagavulin","ascension_level":2}}