{"host":"j4g6ia6asvpyu2b0","time":1610492867,"event":{"mods":["BaseMod","Colored Map","Minty Spire (QoL Compilation)","Permanent Neow","Quick Restart","Relic Stats","StSLib","Unceasing Turn Reminder"],"gold_per_floor":[16,291,31,51,1,26,26,60,84,84,100,100,127,147,147,251,251,263,276,276,291,291,325,325,354,381,381,381],"floor_reached":27,"language":"ENG","playtime":598,"items_purged":["Regret"],"score":417,"play_id":"f90ff0f7-23e2-4eb7-8c34-df9946d4efd2","local_time":"20210112160747","is_ascension_mode":true,"campfire_choices":[{"data":"Electrodynamics","floor":7.0,"key":"SMITH"},{"floor":10.0,"key":"REST"},{"data":"Defragment","floor":12.0,"key":"SMITH"},{"data":"Consume","floor":15.0,"key":"SMITH"},{"floor":24,"key":"REST"}],"circlet_count":0,"master_deck":["AscendersBane","Strike_B+1","Strike_B","Strike_B","Defend_B","Defend_B","Defend_B","Defend_B","Zap","Dualcast","Electrodynamics+1","Turbo","Sunder","Cold Snap","Lockon","Gash+1","Defragment+1","Consume+1","Cold Snap","Sweeping Beam","Electrodynamics","Sweeping Beam","White Noise","Defragment","BootSequence","Auto Shields","Barrage+1","Lockon+1"],"relics":["Cracked Core","OrangePellets","Dream Catcher","Oddly Smooth Stone","Whetstone","Mercury Hourglass","Black Star","Molten Egg 2","Darkstone Periapt","Tiny Chest","Smiling Mask"],"acts_visited":["Exordium","TheCity"],"potions_floor_usage":[19,25],"damage_taken":[{"damage":9.0,"enemies":"Jaw Worm","floor":1.0,"turns":4.0},{"damage":0.0,"enemies":"Cultist","floor":4.0,"turns":2.0},{"damage":26.0,"enemies":"3 Sentries","floor":6.0,"turns":5.0},{"damage":20.0,"enemies":"Gremlin Nob","floor":8.0,"turns":4.0},{"damage":8.0,"enemies":"2 Louse","floor":11.0,"turns":2.0},{"damage":4.0,"enemies":"3 Sentries","floor":13.0,"turns":2.0},{"damage":4.0,"enemies":"Blue Slaver","floor":14.0,"turns":3.0},{"damage":2.0,"enemies":"Hexaghost","floor":16.0,"turns":8.0},{"damage":20,"enemies":"2 Thieves","floor":18,"turns":2},{"damage":0,"enemies":"Chosen","floor":19,"turns":4},{"damage":0,"enemies":"Centurion and Healer","floor":21,"turns":4},{"damage":42,"enemies":"Book of Stabbing","floor":23,"turns":5},{"damage":14,"enemies":"Gremlin Leader","floor":25,"turns":4},{"damage":20,"enemies":"Snake Plant","floor":27,"turns":2}],"seed_played":"1195287697700461411","potions_obtained":[{"floor":8.0,"key":"SteroidPotion"},{"floor":11.0,"key":"PotionOfCapacity"},{"floor":16.0,"key":"Regen Potion"},{"floor":19,"key":"Explosive Potion"}],"is_trial":false,"path_per_floor":["M","?","$","M","?","E","R","E","T","R","M","R","E","M","R","B",null,"M","M","?","M","?","E","R","E","T","M"],"character_chosen":"DEFECT","items_purchased":["OrangePellets","Sunder"],"campfire_rested":2,"item_purchase_floors":[3,3],"current_hp_per_floor":[59,59,59,59,59,33,33,13,13,35,27,27,23,19,19,17,61,41,53,53,53,53,11,33,19,19,0,0],"gold":381,"neow_bonus":"THREE_RARE_CARDS","is_daily":false,"chose_seed":false,"campfire_upgraded":3,"win_rate":0.0,"timestamp":1610492867,"path_taken":["M","?","?","M","?","E","R","E","T","R","M","R","E","M","R","BOSS","M","M","?","M","?","E","R","E","T","M"],"items_purchased_type":["Relic","Card"],"build_version":"2020-12-22","purchased_purges":1,"victory":false,"max_hp_per_floor":[75,75,75,75,75,75,75,75,75,75,75,75,75,75,75,75,75,75,75,75,75,75,75,75,75,75,75,75],"relic_stats":{"Darkstone Periapt":0,"OrangePellets":[0],"Dream Catcher":2,"counters":[14,51],"Tiny Chest":0,"Black Star":2,"Whetstone":["Gash","Strike_B"],"Smiling Mask":0,"obtain_stats":[{"Darkstone Periapt":23,"OrangePellets":3,"Dream Catcher":6,"Oddly Smooth Stone":8,"Molten Egg 2":23,"Tiny Chest":25,"Black Star":17,"Whetstone":9,"Cracked Core":0,"Smiling Mask":25,"Mercury Hourglass":13},{"Darkstone Periapt":12,"OrangePellets":1,"Dream Catcher":3,"Oddly Smooth Stone":4,"Molten Egg 2":12,"Tiny Chest":13,"Black Star":8,"Whetstone":4,"Cracked Core":0,"Smiling Mask":13,"Mercury Hourglass":6},{"Darkstone Periapt":45,"OrangePellets":4,"Dream Catcher":11,"Oddly Smooth Stone":15,"Molten Egg 2":45,"Tiny Chest":49,"Black Star":30,"Whetstone":15,"Cracked Core":0,"Smiling Mask":49,"Mercury Hourglass":19}],"Mercury Hourglass":[117]},"card_choices":[{"not_picked":["Hyperbeam","Machine Learning"],"picked":"Electrodynamics","floor":0.0},{"not_picked":["Leap","Hello World"],"picked":"Turbo","floor":1.0},{"not_picked":["Streamline","Redo"],"picked":"Cold Snap","floor":4.0},{"not_picked":["FTL","Streamline"],"picked":"Lockon","floor":6.0},{"not_picked":["FTL","Turbo"],"picked":"Gash","floor":8.0},{"not_picked":["Conserve Battery","Streamline"],"picked":"Defragment","floor":10.0},{"not_picked":["Conserve Battery","Reprogram"],"picked":"Consume","floor":11.0},{"not_picked":["Scrape","Hologram"],"picked":"Cold Snap","floor":13.0},{"not_picked":["Chaos","Streamline"],"picked":"Sweeping Beam","floor":14.0},{"not_picked":["Seek","Machine Learning"],"picked":"Electrodynamics","floor":16.0},{"not_picked":["Skim","Turbo+1"],"picked":"Sweeping Beam","floor":18},{"not_picked":["Reinforced Body","BootSequence+1"],"picked":"White Noise","floor":19},{"not_picked":["Heatsinks","Compile Driver"],"picked":"BootSequence","floor":21},{"not_picked":["Reinforced Body","Rebound+1"],"picked":"Auto Shields","floor":23},{"not_picked":["Fusion","Beam Cell+1"],"picked":"Barrage+1","floor":24},{"not_picked":["Undo","Rebound+1"],"picked":"Lockon+1","floor":25}],"player_experience":827168,"relics_obtained":[{"floor":6.0,"key":"Dream Catcher"},{"floor":8.0,"key":"Oddly Smooth Stone"},{"floor":9.0,"key":"Whetstone"},{"floor":13.0,"key":"Mercury Hourglass"},{"floor":23,"key":"Molten Egg 2"},{"floor":23,"key":"Darkstone Periapt"},{"floor":25,"key":"Tiny Chest"},{"floor":25,"key":"Smiling Mask"}],"event_choices":[{"damage_healed":0.0,"max_hp_gain":0.0,"max_hp_loss":0.0,"gold_gain":275.0,"event_name":"Golden Shrine","player_choice":"Desecrate","floor":2.0,"gold_loss":0.0,"damage_taken":0.0,"cards_obtained":["Regret"]},{"cards_removed":["Strike_B"],"damage_healed":0.0,"max_hp_gain":0.0,"max_hp_loss":0.0,"gold_gain":0.0,"event_name":"The Cleric","player_choice":"Card Removal","floor":5.0,"gold_loss":50.0,"damage_taken":0.0},{"damage_healed":0,"gold_gain":0,"player_choice":"Read","damage_taken":0,"max_hp_gain":0,"max_hp_loss":0,"event_name":"The Library","floor":20,"gold_loss":0,"cards_obtained":["Defragment"]},{"damage_healed":0,"gold_gain":0,"player_choice":"Ignored","damage_taken":0,"max_hp_gain":0,"max_hp_loss":0,"event_name":"Vampires","floor":22,"gold_loss":0}],"is_beta":false,"boss_relics":[{"not_picked":["Sozu","Pandora\u0027s Box"],"picked":"Black Star"}],"items_purged_floors":[3],"is_endless":false,"potions_floor_spawned":[8,11,13,14,16,19],"killed_by":"Snake Plant","ascension_level":11}}