{"host":"y3iy5gb13b300rns","time":1610432467,"event":{"mods":["BaseMod","Bestiary","Curses Come First","Minty Spire (QoL Compilation)","Replay The Spire","StSLib","The Runesmith"],"gold_per_floor":[117,117,117,135,159,197,217,217,217,20,20,20,38,61,61,182,182,156,5,24,24,45,45,45],"floor_reached":23,"playtime":1625,"items_purged":[],"score":193,"play_id":"4476d599-d682-40d2-ac48-3e9a5fd8116d","local_time":"20210112002107","is_ascension_mode":false,"campfire_choices":[{"floor":8,"key":"REST"},{"data":"PathToVictory","floor":12,"key":"SMITH"},{"floor":15,"key":"REST"}],"circlet_count":0,"master_deck":["Strike_P","Strike_P","Strike_P","Strike_P","Defend_P","Defend_P","Defend_P","Defend_P","Eruption","Vigilance","EmptyMind+1","Injury","PathToVictory+1","Prostrate","WreathOfFlame","Replay:Hum+1","ThirdEye","Indignation","DevaForm","ReachHeaven+1","FollowUp+1"],"relics":["PureWater","Golden Idol","Strawberry","Gremlin Horn","MealTicket","Runesmith:UraniumAnvil","PreservedInsect"],"acts_visited":["Exordium","TheCity"],"potions_floor_usage":[5,6,6,6,6,7,13,14,14,16,18],"damage_taken":[{"damage":0,"enemies":"2 Louse","floor":1,"turns":2},{"damage":0,"enemies":"Small Slimes","floor":4,"turns":3},{"damage":12,"enemies":"Jaw Worm","floor":5,"turns":1},{"damage":11,"enemies":"Lagavulin","floor":6,"turns":8},{"damage":8,"enemies":"Exordium Thugs","floor":7,"turns":5},{"damage":28,"enemies":"Large Slime","floor":13,"turns":5},{"damage":0,"enemies":"Gremlin Gang","floor":14,"turns":4},{"damage":70,"enemies":"Fading Forest","floor":16,"turns":11},{"damage":49,"enemies":"2 Thieves","floor":18,"turns":5},{"damage":25,"enemies":"3 Byrds","floor":20,"turns":8},{"damage":28,"enemies":"Cultist and Chosen","floor":22,"turns":5},{"damage":53,"enemies":"Book of Stabbing","floor":23,"turns":4}],"seed_played":"-3396879340122084404","potions_obtained":[{"floor":0,"key":"EntropicBrew"},{"floor":0,"key":"Death Potion"},{"floor":0,"key":"DuplicationPotion"},{"floor":5,"key":"LifebloodPotion"},{"floor":13,"key":"Energy Potion"},{"floor":14,"key":"Block Potion"},{"floor":16,"key":"SneckoOil"}],"is_trial":false,"path_per_floor":["M","?","?","M","M","E","M","R","T","$","?","R","M","M","R","B",null,"M","$","M","?","M","E"],"character_chosen":"WATCHER","items_purchased":["MealTicket","PowerPotion","PreservedInsect"],"campfire_rested":2,"item_purchase_floors":[10,10,19],"current_hp_per_floor":[72,72,72,72,60,56,48,71,71,71,71,71,43,43,66,6,79,30,45,20,79,51,0,0],"gold":45,"neow_bonus":"THREE_SMALL_POTIONS","is_daily":false,"chose_seed":false,"campfire_upgraded":1,"win_rate":0.0,"timestamp":1610432467,"path_taken":["M","?","?","M","M","E","M","R","T","$","?","R","M","?","R","BOSS","M","$","M","?","M","E"],"items_purchased_type":["Relic","Potion","Relic"],"build_version":"2020-12-22","purchased_purges":0,"victory":false,"max_hp_per_floor":[72,72,72,72,72,79,79,79,79,79,79,79,79,79,79,79,79,79,79,79,79,79,79,79],"card_choices":[{"not_picked":["Adaptation","InnerPeace"],"picked":"EmptyMind","floor":1},{"not_picked":["Evaluate","ClearTheMind"],"picked":"PathToVictory","floor":4},{"not_picked":["WaveOfTheHand","Meditate"],"picked":"Prostrate","floor":5},{"not_picked":["SashWhip","EmptyBody"],"picked":"WreathOfFlame","floor":6},{"not_picked":["FlyingSleeves","EmptyBody"],"picked":"Replay:Hum","floor":7},{"not_picked":["Replay:AtTheReady","Weave"],"picked":"ThirdEye","floor":13},{"not_picked":["EmptyBody","Halt"],"picked":"Indignation","floor":14},{"not_picked":["Replay:AllIn","Omniscience"],"picked":"DevaForm","floor":16},{"not_picked":["FlurryOfBlows","Prostrate"],"picked":"ReachHeaven+1","floor":18},{"not_picked":["CutThroughFate+1","EmptyBody"],"picked":"FearNoEvil","floor":20},{"not_picked":["ClearTheMind+1","Protect"],"picked":"FollowUp+1","floor":22}],"player_experience":410972,"relics_obtained":[{"floor":6,"key":"Strawberry"},{"floor":9,"key":"Gremlin Horn"}],"event_choices":[{"damage_healed":0,"gold_gain":0,"player_choice":"Grow","damage_taken":0,"max_hp_gain":0,"max_hp_loss":0,"event_name":"Living Wall","floor":2,"gold_loss":0,"cards_upgraded":["EmptyMind"]},{"damage_healed":0,"gold_gain":0,"player_choice":"Take Wound","damage_taken":0,"relics_obtained":["Golden Idol"],"max_hp_gain":0,"max_hp_loss":0,"event_name":"Golden Idol","floor":3,"gold_loss":0,"cards_obtained":["Injury"]},{"damage_healed":0,"gold_gain":0,"player_choice":"Forge","damage_taken":0,"max_hp_gain":0,"max_hp_loss":0,"event_name":"Accursed Blacksmith","floor":11,"gold_loss":0,"cards_upgraded":["Replay:Hum"]},{"cards_removed":["FearNoEvil"],"damage_healed":59,"gold_gain":0,"player_choice":"Offered Uncommon","damage_taken":0,"max_hp_gain":0,"max_hp_loss":0,"event_name":"Bonfire Elementals","floor":21,"gold_loss":0}],"is_beta":false,"boss_relics":[{"not_picked":["Replay:Drink Me","Runic Pyramid"],"picked":"Runesmith:UraniumAnvil"}],"items_purged_floors":[],"is_endless":false,"potions_floor_spawned":[5,13,14,16],"killed_by":"Book of Stabbing","ascension_level":0}}