{"host":"dz7m90j62wguk81x","time":1610458174,"event":{"mods":["BaseMod","Colored Powertips","Downfall","Hermit","Marisa£®ÏF”Í°°ƒß¿Ì…≥£©","Minty Spire (QoL Compilation)","Reimu£®≤©¿ˆ¡È√Œ£©","Remilia£®¿Ÿ√◊¿Ú—«£©","Replay The Spire","StSLib","The Bug Knight","The Cursed","The Runesmith","The Servant 0.9.4","Youmu£®ªÍ∆«—˝√Œ£©","vexMod"],"gold_per_floor":[117,42,56,67,85,85,101,176,201,201,201,211,211,230,230,327,327,338,357,357,357,371,371,371,69,138,138,150,150,35,67,67,165,165,179,192,212,75,75,75],"floor_reached":39,"playtime":3856,"items_purged":["HollowMod:QuickDashStart","HollowMod:NailStrikeStart"],"score":393,"play_id":"badf013b-b2a8-4765-8fe4-3b7962999141","local_time":"20210112212934","is_ascension_mode":false,"campfire_choices":[{"data":"HollowMod:CycloneSlash","floor":6.0,"key":"SMITH"},{"data":"HollowMod:FocusHealStart","floor":10.0,"key":"SMITH"},{"data":"HollowMod:LifebloodCocoon","floor":13.0,"key":"SMITH"},{"data":"HollowMod:VengefulSpirit","floor":15.0,"key":"SMITH"},{"data":"HollowMod:SlysStrikes","floor":23.0,"key":"SMITH"},{"data":"HollowMod:SiblingsSouls","floor":27.0,"key":"SMITH"},{"data":"HollowMod:MantisMark","floor":29.0,"key":"SMITH"}],"circlet_count":0,"master_deck":["HollowMod:NailStrikeStart","HollowMod:NailStrikeStart","HollowMod:QuickDashStart","HollowMod:QuickDashStart","HollowMod:QuickDashStart","HollowMod:FocusHealStart+1","HollowMod:PogoStrike","HollowMod:VengefulSpirit+1","HollowMod:FallenFury","HollowMod:CycloneSlash+1","HollowMod:SoulShaman+1","HollowMod:SharpenedNail","HollowMod:LifebloodCocoon+1","HollowMod:SlysStrikes+1","HollowMod:MantisMark+1","HollowMod:GreatSlash+1","RitualDagger+1","HollowMod:SiblingsSouls+1","HollowMod:CornifersMapStart","HollowMod:DashSlash+1","HollowMod:ZotesMagnificence","HollowMod:SoulVessel+1","HollowMod:SoulEater+1","HollowMod:GrimmsGift","Parasite"],"relics":["HollowMod:VesselMask","vexMod:FocusSash","ReplayTheSpireMod:DimensionalGlitch","Counterbalance","The Courier","vexMod:TimeEaterHat","Replay:Mystery Machine","SlaversCollar"],"acts_visited":["Exordium","TheCity","TheBeyond"],"potions_floor_usage":[36,39],"damage_taken":[{"damage":1.0,"enemies":"Jaw Worm","floor":1.0,"turns":4.0},{"damage":1.0,"enemies":"2 Louse","floor":3.0,"turns":2.0},{"damage":0.0,"enemies":"Cultist","floor":4.0,"turns":2.0},{"damage":6.0,"enemies":"Red Slaver","floor":5.0,"turns":3.0},{"damage":16.0,"enemies":"Blue Slaver","floor":7.0,"turns":5.0},{"damage":10.0,"enemies":"Looter","floor":12.0,"turns":3.0},{"damage":3.0,"enemies":"Gremlin Gang","floor":14.0,"turns":3.0},{"damage":58.0,"enemies":"Hexaghost","floor":16.0,"turns":10.0},{"damage":0.0,"enemies":"Shell Parasite","floor":18.0,"turns":5.0},{"damage":0.0,"enemies":"Spheric Guardian","floor":19.0,"turns":3.0},{"damage":37.0,"enemies":"Snake Plant","floor":22.0,"turns":3.0},{"damage":12.0,"enemies":"Centurion and Healer","floor":28.0,"turns":5.0},{"damage":25.0,"enemies":"Gremlin Leader","floor":31.0,"turns":7.0},{"damage":10,"enemies":"Champ","floor":33,"turns":8},{"damage":13,"enemies":"3 Shapes","floor":35,"turns":3},{"damage":23,"enemies":"3 Darklings","floor":36,"turns":5},{"damage":51,"enemies":"Maw","floor":37,"turns":7},{"damage":9,"enemies":"Writhing Mass","floor":39,"turns":3}],"seed_played":"-7665945536998450689","potions_obtained":[{"floor":4.0,"key":"AttackPotion"},{"floor":5.0,"key":"LiquidBronze"},{"floor":7.0,"key":"DuplicationPotion"},{"floor":16.0,"key":"Milkshake"},{"floor":18.0,"key":"Fire Potion"},{"floor":22.0,"key":"Languid Potion"},{"floor":35,"key":"Fire Potion"}],"is_trial":false,"path_per_floor":["M","$","M","M","M","R","M","?","T","R","?","M","R","M","R","B",null,"M","M","?","?","M","R","?","$","T","R","M","R","$","E","R","B",null,"M","M","M","$","M"],"character_chosen":"THE_BUGKNIGHT","items_purchased":["Counterbalance","vexMod:TimeEaterHat","HollowMod:GrimmsGift"],"campfire_rested":0,"item_purchase_floors":[25,30,38],"current_hp_per_floor":[81,81,82,82,76,76,66,55,55,55,55,55,55,58,58,12,82,82,82,76,76,42,42,42,42,42,42,33,33,33,13,37,33,82,69,49,1,1,0,0],"gold":75,"neow_bonus":"TEN_PERCENT_HP_BONUS","is_daily":false,"chose_seed":false,"campfire_upgraded":7,"win_rate":0.0,"timestamp":1610458174,"path_taken":["M","$","M","M","M","R","M","?","T","R","?","?","R","M","R","BOSS","M","M","?","?","M","R","?","$","T","R","M","R","$","E","R","BOSS","M","M","M","?","M"],"items_purchased_type":["Relic","Relic","Card"],"build_version":"2020-12-22","purchased_purges":2,"victory":false,"max_hp_per_floor":[82,82,82,82,82,82,82,82,82,82,82,82,82,82,82,82,82,82,82,82,82,82,82,82,82,82,82,82,82,82,82,82,82,82,82,82,82,82,82,82],"card_choices":[{"not_picked":["HollowMod:HowlingWraiths","HollowMod:DungDefenderAura"],"picked":"HollowMod:VengefulSpirit","floor":1.0},{"not_picked":["HollowMod:HuntersJournal","HollowMod:SharpenedShadows"],"picked":"HollowMod:FallenFury","floor":3.0},{"not_picked":["HollowMod:TaintedHusks","HollowMod:CoiledNail"],"picked":"HollowMod:CycloneSlash","floor":4.0},{"not_picked":["HollowMod:HeavyBlow","HollowMod:InfectionAssault"],"picked":"HollowMod:SoulShaman","floor":5.0},{"not_picked":["HollowMod:VengefulVoid","HollowMod:FallenFury"],"picked":"HollowMod:SharpenedNail","floor":7.0},{"not_picked":["HollowMod:CycloneSlash","HollowMod:NewGlowingWomb"],"picked":"HollowMod:LifebloodCocoon","floor":12.0},{"not_picked":["HollowMod:NewLittleFool","HollowMod:PerfectDash","HollowMod:SharpenedShadows"],"picked":"SKIP","floor":14.0},{"not_picked":["HollowMod:NewInfectedGuardian","HollowMod:Weaversong"],"picked":"HollowMod:SlysStrikes","floor":16.0},{"not_picked":["HollowMod:PerfectDash","HollowMod:CornifersMapStart"],"picked":"HollowMod:MantisMark","floor":18.0},{"not_picked":["HollowMod:LifebloodCocoon+1","HollowMod:HowlingWraiths"],"picked":"HollowMod:GreatSlash+1","floor":19.0},{"not_picked":["HollowMod:SharpenedShadows+1","HollowMod:ChannelNail","HollowMod:VengefulVoid+1"],"picked":"SKIP","floor":22.0},{"not_picked":["HollowMod:SharpenedShadows+1","HollowMod:ChannelNail","HollowMod:VengefulVoid+1"],"picked":"SKIP","floor":22.0},{"not_picked":["HollowMod:InfectedCysts+1","HollowMod:GoodIntentions+1","HollowMod:HuntersJournal"],"picked":"SKIP","floor":28.0},{"not_picked":["HollowMod:HornetsHelp","HollowMod:Grubsong"],"picked":"HollowMod:DashSlash+1","floor":31.0},{"not_picked":["HollowMod:SoulMaster","HollowMod:NewInfectedGuardian"],"picked":"HollowMod:ZotesMagnificence","floor":33},{"not_picked":["HollowMod:InfectedCysts+1","HollowMod:GoodIntentions"],"picked":"HollowMod:SoulVessel+1","floor":35},{"not_picked":["HollowMod:DescendingDark","HollowMod:AbyssShriek+1"],"picked":"HollowMod:SoulEater+1","floor":36},{"not_picked":["HollowMod:SoulEater+1","HollowMod:ShadowDash+1","HollowMod:ShapeofUnn+1"],"picked":"SKIP","floor":37}],"player_experience":384264,"relics_obtained":[{"floor":9.0,"key":"vexMod:FocusSash"},{"floor":26.0,"key":"The Courier"},{"floor":31.0,"key":"Replay:Mystery Machine"}],"event_choices":[{"damage_healed":0.0,"max_hp_gain":0.0,"max_hp_loss":0.0,"gold_gain":75.0,"event_name":"World of Goop","player_choice":"Gather Gold","floor":8.0,"gold_loss":0.0,"damage_taken":11.0},{"damage_healed":0.0,"max_hp_gain":0.0,"max_hp_loss":0.0,"gold_gain":0.0,"event_name":"Accursed Blacksmith","player_choice":"Forge","floor":11.0,"gold_loss":0.0,"damage_taken":0.0,"cards_upgraded":["HollowMod:SoulShaman"]},{"damage_healed":0.0,"max_hp_gain":0.0,"max_hp_loss":0.0,"gold_gain":0.0,"event_name":"Nest","player_choice":"Joined the Cult","floor":20.0,"gold_loss":0.0,"damage_taken":6.0,"cards_obtained":["RitualDagger"]},{"damage_healed":0.0,"max_hp_gain":0.0,"max_hp_loss":0.0,"gold_gain":0.0,"event_name":"The Library","player_choice":"Read","floor":21.0,"gold_loss":0.0,"damage_taken":0.0,"cards_obtained":["HollowMod:SiblingsSouls"]},{"damage_healed":0.0,"max_hp_gain":0.0,"max_hp_loss":0.0,"gold_gain":0.0,"cards_transformed":["HollowMod:NailStrikeStart"],"event_name":"Transmorgrifier","player_choice":"Transformed","floor":24.0,"gold_loss":0.0,"damage_taken":0.0,"cards_obtained":["HollowMod:CornifersMapStart"]}],"is_beta":false,"boss_relics":[{"not_picked":["SacredBark","Snecko Eye"],"picked":"ReplayTheSpireMod:DimensionalGlitch"},{"not_picked":["Coffee Dripper","Calling Bell"],"picked":"SlaversCollar"}],"items_purged_floors":[2,38],"is_endless":false,"potions_floor_spawned":[4,5,7,16,18,22,35],"killed_by":"Writhing Mass","ascension_level":0}}