{"host":"eydwxg59205c3vtl","time":1610420962,"event":{"mods":["2.2 Compatiblity","BaseMod","Colored Map","Colored Powertips","Hubris","Minty Spire (QoL Compilation)","StSLib","The Jungle","The Necromancer"],"gold_per_floor":[123,310,322,348,360,372,402,414,426,453,480,518,546,583,595,706,718,744,756,768,794,412,412,424,424,451,47,60,60,79,111,111,215,215,228,238,238,255,405,405,405,430,454,473,488,488,254,4,4,4],"floor_reached":51,"playtime":1722,"items_purged":["Shame","Strike_W","Strike_W","Strike_W"],"score":777,"play_id":"3ac792f5-8c20-4ffe-992d-b32cd0127537","local_time":"20210111220922","is_ascension_mode":false,"campfire_choices":[{"data":"Negative_Energy_Burst","floor":6,"key":"SMITH"},{"data":"Bone_Bullets","floor":8,"key":"SMITH"},{"data":"Whirlwind_of_Bones","floor":15,"key":"SMITH"},{"data":"Heavy Blade","floor":23,"key":"SMITH"},{"data":"Siphon_Strength","floor":25,"key":"SMITH"},{"data":"Negative_Energy_Arrows","floor":29,"key":"SMITH"},{"data":"Bone_Armor","floor":32,"key":"SMITH"},{"data":"Bone_Armory","floor":40,"key":"SMITH"},{"data":"Bone_Bullets","floor":46,"key":"SMITH"},{"data":"Bone_Armory","floor":49,"key":"SMITH"}],"circlet_count":0,"master_deck":["Strike_W","Defend_W","Defend_W","Defend_W","Defend_W","Negative_Energy_Arrows+1","Bone_Wall","Bone_Bullets+1","Negative_Energy_Burst+1","Bone_Armor+1","Bone_Spikes","Negative_Energy_Shield","Negative_Energy_Shield","Whirlwind_of_Bones+1","Spectral_Armor","Hellfire","Heavy Blade+1","Necrotic_Claws+1","Siphon_Strength+1","Stop_Heart+1","Bones_to_Steel+1","Shade_Step+1","Negative_Energy_Shield+1","Bone_Bullets+1","Siphon_Strength+1","Bone_Armory+1","Bone_Armory+1"],"relics":["Vampire_Amulet","MawBank","hubris:GlazedTorus","hubris:CuriousFeather","hubris:TenFootPole","Philosopher\u0027s Stone","Dream Catcher","hubris:PeanutButter","Centennial Puzzle","Membership Card","Blood Vial","Toxic Egg 2","Tiny Chest","SacredBark","hubris:Icosahedron","Bird Faced Urn","Smiling Mask","hubris:ToyBattleship","Vajra","ClockworkSouvenir","Happy Flower","InkBottle"],"acts_visited":["Exordium","TheCity","TheBeyond"],"potions_floor_usage":[14,16,16,16,18,30,33,50,50],"damage_taken":[{"damage":0,"enemies":"Cultist","floor":1,"turns":4},{"damage":0,"enemies":"Small Slimes","floor":4,"turns":4},{"damage":1,"enemies":"Jaw Worm","floor":7,"turns":4},{"damage":0,"enemies":"2 Fungi Beasts","floor":10,"turns":4},{"damage":3,"enemies":"Large Slime","floor":11,"turns":4},{"damage":15,"enemies":"Gremlin Nob","floor":12,"turns":4},{"damage":0,"enemies":"Looter","floor":13,"turns":3},{"damage":6,"enemies":"Lagavulin","floor":14,"turns":6},{"damage":20,"enemies":"Hexaghost","floor":16,"turns":9},{"damage":0,"enemies":"3 Byrds","floor":18,"turns":4},{"damage":0,"enemies":"Spheric Guardian","floor":21,"turns":3},{"damage":0,"enemies":"Cultist and Chosen","floor":24,"turns":4},{"damage":2,"enemies":"Snecko","floor":28,"turns":4},{"damage":2,"enemies":"Sentry and Sphere","floor":30,"turns":4},{"damage":0,"enemies":"Gremlin Leader","floor":31,"turns":4},{"damage":37,"enemies":"Automaton","floor":33,"turns":9},{"damage":0,"enemies":"3 Darklings","floor":35,"turns":3},{"damage":2,"enemies":"3 Shapes","floor":36,"turns":4},{"damage":2,"enemies":"Maw","floor":38,"turns":6},{"damage":0,"enemies":"Mind Bloom Boss Battle","floor":39,"turns":5},{"damage":0,"enemies":"Transient","floor":44,"turns":5},{"damage":2,"enemies":"Jaw Worm Horde","floor":45,"turns":3},{"damage":0,"enemies":"Time Eater","floor":50,"turns":8}],"seed_played":"-8531108258905664932","potions_obtained":[{"floor":4,"key":"SteroidPotion"},{"floor":13,"key":"FearPotion"},{"floor":14,"key":"EntropicBrew"},{"floor":16,"key":"LiquidMemories"},{"floor":21,"key":"LiquidBronze"},{"floor":31,"key":"PowerPotion"},{"floor":33,"key":"PowerPotion"},{"floor":39,"key":"EssenceOfSteel"}],"is_trial":false,"path_per_floor":["M","?","?","M","?","R","M","R","T","M","M","E","M","E","R","B",null,"M","?","?","M","$","R","M","R","T","$","M","R","M","E","R","B",null,"M","M","?","M","?","R","?","T","T","M","M","R","$","$","R","B",null],"character_chosen":"NECROMANCER","items_purchased":["hubris:PeanutButter","Siphon_Strength","Membership Card","Blood Vial","Toxic Egg 2","Vajra","ClockworkSouvenir","Bone_Armory","Happy Flower","InkBottle"],"campfire_rested":0,"item_purchase_floors":[22,22,27,27,27,47,47,47,48,48],"current_hp_per_floor":[75,75,75,75,75,75,75,75,75,75,75,62,64,60,60,42,75,75,75,75,75,75,75,75,75,75,75,75,75,75,75,75,44,75,75,74,74,75,75,75,75,75,75,75,75,75,75,75,75,75],"gold":4,"neow_bonus":"RANDOM_COMMON_RELIC","is_daily":false,"chose_seed":false,"campfire_upgraded":10,"win_rate":0.0,"timestamp":1610420962,"path_taken":["M","?","?","?","?","R","M","R","T","M","M","E","M","E","R","BOSS","M","?","?","M","$","R","M","R","T","?","M","R","M","E","R","BOSS","M","M","?","M","?","R","?","?","T","M","M","R","?","$","R","BOSS"],"items_purchased_type":["Relic","Card","Relic","Relic","Relic","Relic","Relic","Card","Relic","Relic"],"build_version":"2020-12-22","purchased_purges":4,"victory":true,"max_hp_per_floor":[75,75,75,75,75,75,75,75,75,75,75,75,75,75,75,75,75,75,75,75,75,75,75,75,75,75,75,75,75,75,75,75,75,75,75,75,75,75,75,75,75,75,75,75,75,75,75,75,75,75],"card_choices":[{"not_picked":["Bones_to_Steel","Shade_Step"],"picked":"Bone_Bullets","floor":1},{"not_picked":["Flesh_Made_Foul","Scare"],"picked":"Negative_Energy_Burst","floor":4},{"not_picked":["Summon_Undead_Army","Bone_Armory"],"picked":"Bone_Armor","floor":7},{"not_picked":["Bone_Bullets","Bone_Shift"],"picked":"Bone_Spikes","floor":10},{"not_picked":["Flesh_Made_Foul","Consume_Illness"],"picked":"Negative_Energy_Shield","floor":11},{"not_picked":["Life_Tap","Toxic_Smoke_Screen"],"picked":"Negative_Energy_Shield","floor":12},{"not_picked":["Death_Coil","Negative_Energy_Shield"],"picked":"Whirlwind_of_Bones","floor":13},{"not_picked":["Negative_Energy_Javelin","Consume_Illness"],"picked":"Spectral_Armor","floor":14},{"not_picked":["Requiem","Negative_Energy_Bomb"],"picked":"Hellfire","floor":16},{"not_picked":["Spectral_Walk","Negative_Energy_Javelin+1","Uncharnel"],"picked":"SKIP","floor":18},{"not_picked":["Negative_Energy_Javelin","Negative_Energy_Sphere+1"],"picked":"Necrotic_Claws+1","floor":21},{"not_picked":["Negative_Energy_Sphere+1","Exploit","Blood_Curse"],"picked":"SKIP","floor":24},{"not_picked":["Blood_for_Blood+1","Plague_Bolt"],"picked":"Stop_Heart+1","floor":28},{"not_picked":["Negative_Energy_Burst","Shackles_Of_Pain+1"],"picked":"Bones_to_Steel+1","floor":30},{"not_picked":["Uncharnel+1","Blood_Is_Power+1"],"picked":"Shade_Step+1","floor":31},{"not_picked":["Blood_Whip+1","Vampiric_Strike"],"picked":"Negative_Energy_Shield+1","floor":35},{"not_picked":["Negative_Energy_Shield+1","Bone_Spikes+1"],"picked":"Bone_Bullets","floor":36},{"not_picked":["Bone_Spikes+1","Summon_Lich+1"],"picked":"Siphon_Strength+1","floor":38},{"not_picked":["Finger_Of_Death","Exploit"],"picked":"Bone_Armory","floor":39},{"not_picked":["Epidemic+1","Death_March_Dance","Shackles_Of_Pain+1"],"picked":"SKIP","floor":44},{"not_picked":["Blood_Whip","Death_Knell+1","Acid_Javelin+1"],"picked":"SKIP","floor":45}],"player_experience":608656,"relics_obtained":[{"floor":9,"key":"hubris:GlazedTorus"},{"floor":12,"key":"hubris:CuriousFeather"},{"floor":14,"key":"hubris:TenFootPole"},{"floor":26,"key":"Centennial Puzzle"},{"floor":31,"key":"Tiny Chest"},{"floor":39,"key":"Bird Faced Urn"},{"floor":42,"key":"Smiling Mask"},{"floor":43,"key":"hubris:ToyBattleship"}],"event_choices":[{"damage_healed":0,"gold_gain":175,"player_choice":"AGREE","damage_taken":0,"max_hp_gain":0,"max_hp_loss":0,"event_name":"Liars Game","floor":2,"gold_loss":0,"cards_obtained":["Doubt"]},{"damage_healed":0,"gold_gain":0,"player_choice":"Bought 0 Potions","damage_taken":0,"max_hp_gain":0,"max_hp_loss":0,"event_name":"The Woman in Blue","floor":3,"gold_loss":0},{"cards_removed":["Doubt"],"damage_healed":0,"gold_gain":0,"player_choice":"Forget","damage_taken":0,"max_hp_gain":0,"max_hp_loss":0,"event_name":"Living Wall","floor":5,"gold_loss":0},{"damage_healed":0,"gold_gain":0,"player_choice":"Stole Relic","damage_taken":0,"relics_obtained":["Dream Catcher"],"max_hp_gain":0,"max_hp_loss":0,"event_name":"Addict","floor":19,"gold_loss":0,"cards_obtained":["Shame"]},{"damage_healed":0,"gold_gain":0,"player_choice":"Read","damage_taken":0,"max_hp_gain":0,"max_hp_loss":0,"event_name":"The Library","floor":20,"gold_loss":0,"cards_obtained":["Heavy Blade"]},{"damage_healed":0,"gold_gain":0,"player_choice":"Fight","damage_taken":0,"max_hp_gain":0,"max_hp_loss":0,"event_name":"MindBloom","floor":39,"gold_loss":0},{"damage_healed":0,"gold_gain":0,"player_choice":"Ignored","damage_taken":0,"max_hp_gain":0,"max_hp_loss":0,"event_name":"SecretPortal","floor":41,"gold_loss":0}],"is_beta":false,"boss_relics":[{"not_picked":["Fusion Hammer","Sozu"],"picked":"Philosopher\u0027s Stone"},{"not_picked":["hubris:Stopwatch","hubris:HollowSoul"],"picked":"SacredBark"}],"items_purged_floors":[22,27,47,48],"is_endless":false,"potions_floor_spawned":[4,13,14,16,21,31,33,38,39,44],"ascension_level":0}}