{"host":"cnq91ghfhf6lz0gv","time":1610423308,"event":{"mods":["BaseMod","Clockwork Mod","Colored Map","Colored Powertips","Conspire","Downfall","Googly Eyes","Highlight Path","Minty Spire (QoL Compilation)","Replay The Spire","StSLib","SuperFastMode","The IronCluck","The Showman","slay the spire mod where everything is the same but ironclad has a cowboy hat"],"gold_per_floor":[116,116,126,51,51,51,69,33,56,92,92,92,12,37,37,167,167,182,200,225,338,58,58,78,97,97,97,154,189,189,189,189,327,327,360,269,341,376,71,127,127,166,239,277,277,332,332,332,332,350,350,350,45,105,117],"floor_reached":56,"playtime":4054,"items_purged":["Clockwork:Strike","Clockwork:Strike","ReplayTheSpireMod:Splinters"],"score":1651,"play_id":"bb1342a5-4598-491a-b056-4b8dd96c293f","local_time":"20210111224828","is_ascension_mode":false,"campfire_choices":[{"data":"Clockwork:Tinker","floor":6,"key":"SMITH"},{"data":"Clockwork:CraftMomentumEngine","floor":15,"key":"SMITH"},{"data":"Clockwork:ChargingShield","floor":27,"key":"SMITH"},{"data":"Clockwork:RevUp","floor":30,"key":"SMITH"},{"floor":41,"key":"RECALL"},{"data":"Clockwork:CraftBloodPhial","floor":45,"key":"SMITH"},{"floor":49,"key":"DIG"},{"data":"Clockwork:EnthusiasticStrike","floor":52,"key":"SMITH"}],"circlet_count":0,"master_deck":["Clockwork:Strike","Clockwork:Strike","Clockwork:Tinker+1","Clockwork:ChargingShield+1","Clockwork:EnthusiasticStrike+1","Clockwork:RevUp+1","Clockwork:HeadStart","Clockwork:Improve+1"],"relics":["Clockwork:MomentumEngine","Golden Idol","Replay:Multitool","The Courier","Sozu","Membership Card","Ornamental Fan","Durian","Replay:Bandana","Centennial Puzzle","Runic Pyramid","Clockwork:QuicksilverHourglass","Replay:Rubber Ducky","Clockwork:BloodPhial","Replay:Wax Seal","Replay:Baseball","conspire:GiftBox","Unceasing Top","Prayer Wheel","Clockwork:SomewhatSmoothStone","Potion Belt","conspire:DeflatedDodgeball","Frozen Egg 2","conspire:TopHat","Happy Flower","FossilizedHelix","conspire:GlowingRock","Sundial"],"acts_visited":["Exordium","TheCity","TheBeyond","TheEnding"],"potions_floor_usage":[10,10,10,10,20,46,46],"damage_taken":[{"damage":2,"enemies":"Jaw Worm","floor":1,"turns":12},{"damage":0,"enemies":"2 Louse","floor":3,"turns":6},{"damage":15,"enemies":"Cultist","floor":7,"turns":6},{"damage":18,"enemies":"Gremlin Nob","floor":10,"turns":4},{"damage":3,"enemies":"2 Fungi Beasts","floor":14,"turns":5},{"damage":5,"enemies":"Hexaghost","floor":16,"turns":10},{"damage":6,"enemies":"Spheric Guardian","floor":18,"turns":7},{"damage":19,"enemies":"Chosen","floor":19,"turns":7},{"damage":26,"enemies":"Snecko","floor":20,"turns":5},{"damage":8,"enemies":"Centurion and Healer","floor":24,"turns":6},{"damage":11,"enemies":"Sentry and Sphere","floor":25,"turns":6},{"damage":0,"enemies":"Gremlin Leader","floor":28,"turns":10},{"damage":0,"enemies":"3 Cultists","floor":29,"turns":6},{"damage":0,"enemies":"Champ","floor":33,"turns":14},{"damage":5,"enemies":"3 Shapes","floor":35,"turns":7},{"damage":0,"enemies":"conspire:MimicChest","floor":37,"turns":11},{"damage":0,"enemies":"3 Darklings","floor":38,"turns":6},{"damage":0,"enemies":"Reptomancer","floor":40,"turns":7},{"damage":0,"enemies":"R_Hoarder","floor":42,"turns":13},{"damage":7,"enemies":"4 Shapes","floor":44,"turns":3},{"damage":16,"enemies":"Nemesis","floor":46,"turns":9},{"damage":0,"enemies":"Time Eater","floor":50,"turns":6},{"damage":0,"enemies":"Shield and Spear","floor":54,"turns":6},{"damage":20,"enemies":"The Heart","floor":55,"turns":6}],"seed_played":"7153838889936386701","potions_obtained":[{"floor":1,"key":"EntropicBrew"},{"floor":3,"key":"Guardian:BlockOnCardUsePotion"},{"floor":14,"key":"AttackPotion"},{"floor":16,"key":"AttackPotion"}],"is_trial":false,"path_per_floor":["M","?","M","$","?","R","M","$","T","E","T","?","$","M","R","B",null,"M","M","M","?","$","T","M","M","T","R","E","M","R","?","R","B",null,"M","$","?","M","$","E","R","E","T","M","R","E","?","?","R_BF","B",null,"R","$","E","B",null],"character_chosen":"CLOCKWORK","items_purchased":["Clockwork:EnthusiasticStrike","Membership Card","Ornamental Fan","Clockwork:CraftBloodPhial","Replay:Rubber Ducky","Replay:Baseball","conspire:GiftBox","Unceasing Top","Happy Flower","FossilizedHelix","conspire:GlowingRock"],"campfire_rested":0,"item_purchase_floors":[8,22,22,36,36,39,39,39,53,53,53],"current_hp_per_floor":[91,84,84,84,61,61,46,46,46,28,28,28,28,25,25,20,93,87,68,42,42,42,47,39,28,28,28,28,28,28,28,28,28,98,93,93,98,98,98,98,98,98,98,91,91,82,72,72,72,76,98,98,98,98,78],"gold":117,"neow_bonus":"TEN_PERCENT_HP_BONUS","is_daily":false,"chose_seed":false,"campfire_upgraded":6,"win_rate":0.0,"timestamp":1610423308,"path_taken":["M","?","M","$","?","R","M","?","T","E","?","?","$","M","R","BOSS","M","?","M","?","$","?","M","M","T","R","E","M","R","?","R","BOSS","M","$","?","M","$","E","R","E","T","?","R","E","?","?","R_BF","BOSS","R","$","E","BOSS"],"items_purchased_type":["Card","Relic","Relic","Card","Relic","Relic","Relic","Relic","Relic","Relic","Relic"],"build_version":"2020-12-22","purchased_purges":3,"victory":true,"max_hp_per_floor":[93,93,93,93,93,93,93,93,93,93,93,93,93,93,93,93,93,93,93,93,93,93,98,98,98,98,98,98,98,98,98,98,98,98,98,98,98,98,98,98,98,98,98,98,98,98,98,98,98,98,98,98,98,98,98],"card_choices":[{"not_picked":["Clockwork:TestingEnvironment","Clockwork:Friction","Clockwork:CraftCopperScales"],"picked":"SKIP","floor":1},{"not_picked":["Clockwork:RitualDaggerMk0","Clockwork:Enhance"],"picked":"Clockwork:Downsize","floor":3},{"not_picked":["Clockwork:CogToss","Clockwork:ForgeStrike"],"picked":"Clockwork:ChargingShield","floor":7},{"not_picked":["Clockwork:WindupStrike","Clockwork:SnapKeep"],"picked":"Clockwork:CraftMomentumEngine","floor":10},{"not_picked":["Clockwork:Enhance","Clockwork:SpringShield"],"picked":"Clockwork:RevUp","floor":14},{"not_picked":["Clockwork:UnlimitedCogworks","Clockwork:PerfectForm"],"picked":"Clockwork:CraftMomentumEngine","floor":16},{"not_picked":["Clockwork:ElasticNanites","Clockwork:MechanicalBulk"],"picked":"Clockwork:HeadStart","floor":18},{"not_picked":["Clockwork:ChargingShield","Clockwork:Friction+1","Clockwork:SnapKeep+1"],"picked":"SKIP","floor":19},{"not_picked":["Clockwork:Redundancy+1","Clockwork:RampUp+1","Clockwork:Friction+1"],"picked":"SKIP","floor":20},{"not_picked":["Clockwork:CogToss","Clockwork:Improve"],"picked":"Clockwork:Halt","floor":21},{"not_picked":["Clockwork:SystemHardening","Clockwork:MechanicalBulk","Clockwork:ChargingBlade"],"picked":"SKIP","floor":24},{"not_picked":["Clockwork:SystemScan+1","Clockwork:ReserveSystems","Clockwork:Efficiency"],"picked":"SKIP","floor":25},{"not_picked":["Clockwork:SystemScan+1","Clockwork:ReserveSystems","Clockwork:Efficiency"],"picked":"SKIP","floor":25},{"not_picked":["Clockwork:SystemScan+1","Clockwork:ReserveSystems","Clockwork:Efficiency"],"picked":"SKIP","floor":25},{"not_picked":["Clockwork:Pluck","Clockwork:ChargingShield"],"picked":"Clockwork:Improve+1","floor":28},{"not_picked":["Clockwork:LiteraryArmor+1","Clockwork:Minimalism","Clockwork:Friction+1"],"picked":"SKIP","floor":29},{"not_picked":["Clockwork:ReactiveNanites","Clockwork:DefectiveParts"],"picked":"Clockwork:CraftQuicksilverHourglass","floor":33},{"not_picked":["Clockwork:SpurOn","Clockwork:Selectivity+1","Clockwork:AdaptiveShield+1"],"picked":"SKIP","floor":35},{"not_picked":["Clockwork:AssemblyLine+1","Clockwork:SpringShield"],"picked":"Clockwork:CraftSomewhatSmoothStone","floor":38},{"not_picked":["Clockwork:SnapKeep","Clockwork:QuantumStrike","Clockwork:CogShield+1"],"picked":"SKIP","floor":40},{"not_picked":["Clockwork:Efficiency","Clockwork:EnthusiasticStrike","Clockwork:ReserveSystems+1"],"picked":"SKIP","floor":42},{"not_picked":["Clockwork:MechanicalBulk","Clockwork:ChargingShield+1"],"picked":"Clockwork:CraftBloodPhial","floor":44},{"not_picked":["Clockwork:EnthusiasticStrike+1","Clockwork:CogBarrier+1","Clockwork:AdaptiveShield+1"],"picked":"SKIP","floor":44},{"not_picked":["Clockwork:CogBarrier+1","Clockwork:ElasticNanites+1","Clockwork:LogisticRegression+1"],"picked":"SKIP","floor":46},{"not_picked":["Clockwork:CogBarrier+1","Clockwork:CogShield","Clockwork:SystemScan"],"picked":"SKIP","floor":54}],"player_experience":173478,"relics_obtained":[{"floor":10,"key":"Replay:Multitool"},{"floor":11,"key":"The Courier"},{"floor":23,"key":"Durian"},{"floor":26,"key":"Replay:Bandana"},{"floor":28,"key":"Centennial Puzzle"},{"floor":37,"key":"Replay:Wax Seal"},{"floor":40,"key":"Prayer Wheel"},{"floor":42,"key":"Potion Belt"},{"floor":43,"key":"conspire:DeflatedDodgeball"},{"floor":46,"key":"Frozen Egg 2"},{"floor":49,"key":"conspire:TopHat"},{"floor":54,"key":"Sundial"}],"event_choices":[{"cards_removed":["Clockwork:Shield"],"damage_healed":0,"gold_gain":0,"player_choice":"Card Removal","damage_taken":7,"max_hp_gain":0,"max_hp_loss":0,"event_name":"Golden Wing","floor":2,"gold_loss":0},{"damage_healed":0,"gold_gain":0,"player_choice":"Take Damage","damage_taken":23,"relics_obtained":["Golden Idol"],"max_hp_gain":0,"max_hp_loss":0,"event_name":"Golden Idol","floor":5,"gold_loss":0},{"damage_healed":0,"gold_gain":0,"player_choice":"Ignored","damage_taken":0,"max_hp_gain":0,"max_hp_loss":0,"event_name":"NoteForYourself","floor":12,"gold_loss":0},{"damage_healed":0,"gold_gain":0,"player_choice":"Ignored","damage_taken":0,"max_hp_gain":0,"max_hp_loss":0,"event_name":"Beggar","floor":32,"gold_loss":0},{"damage_healed":0,"gold_gain":0,"player_choice":"Memory 3","damage_taken":10,"max_hp_gain":0,"max_hp_loss":0,"event_name":"SensoryStone","floor":47,"gold_loss":0},{"cards_removed":["Clockwork:Shield"],"damage_healed":0,"gold_gain":0,"player_choice":"Removed Skill","damage_taken":0,"max_hp_gain":0,"max_hp_loss":0,"event_name":"Falling","floor":48,"gold_loss":0}],"is_beta":false,"boss_relics":[{"not_picked":["Tiny House","Painkiller Herb"],"picked":"Sozu"},{"not_picked":["Philosopher\u0027s Stone","Replay:Wanted Poster"],"picked":"Runic Pyramid"}],"items_purged_floors":[4,13,22],"is_endless":false,"potions_floor_spawned":[1,3,14,16,19,24,28,29,37,38,40,44],"ascension_level":0}}