{"host":"tthpht10oetb1q7t","time":1610439571,"event":{"mods":["AchievementEnabler","Arknights The Spire","BaseMod","ChefMod","GifTheSpireLib","Hubris","Minty Spire (QoL Compilation)","Permanent Neow","Quick Restart","Replay The Spire","StSLib","SuperFastMode","The Marked"],"gold_per_floor":[113,130,2,2,2,2,22,40,67,80,80,80,113,113,113,208,208,227,8,8,28,28,28],"floor_reached":22,"playtime":1852,"items_purged":["chefmod:Strike"],"score":184,"play_id":"8468a939-681d-450d-aa80-cf62857d1651","local_time":"20210112091931","is_ascension_mode":false,"campfire_choices":[{"data":"chefmod:Sorbet","floor":6,"key":"SMITH"},{"data":"chefmod:SushiPlatter","floor":11,"key":"SMITH"},{"data":"chefmod:SushiPlatter","floor":15,"key":"SMITH"}],"circlet_count":0,"master_deck":["chefmod:Strike","chefmod:Strike","chefmod:Strike","chefmod:QuickThaw","chefmod:Defend+1","chefmod:Defend","chefmod:Defend+1","chefmod:Defend","chefmod:TodaysSpecial","chefmod:Sorbet+1","chefmod:HotSoup","chefmod:LocoMoco+1","chefmod:DinoKale","chefmod:SushiPlatter+1","chefmod:ColdSteel","chefmod:ColdSteel","chefmod:SushiPlatter+1","chefmod:FrozenTuna","chefmod:SpaghettiCarbonara","chefmod:Julienne","chefmod:Granita","chefmod:FreezerBurn"],"relics":["chefmod:TrustyPot","War Paint","hubris:Towel","Torii","Ring of Chaos"],"acts_visited":["Exordium","TheCity"],"potions_floor_usage":[],"damage_taken":[{"damage":0,"enemies":"2 Louse","floor":1,"turns":2},{"damage":2,"enemies":"Jaw Worm","floor":2,"turns":6},{"damage":5,"enemies":"Small Slimes","floor":7,"turns":4},{"damage":3,"enemies":"Red Slaver","floor":8,"turns":4},{"damage":0,"enemies":"Looter","floor":10,"turns":3},{"damage":10,"enemies":"Lagavulin","floor":13,"turns":5},{"damage":34,"enemies":"The Guardian","floor":16,"turns":9},{"damage":7,"enemies":"Chosen","floor":18,"turns":5},{"damage":14,"enemies":"3 Byrds","floor":21,"turns":6},{"damage":0,"enemies":"Centurion and Healer","floor":22,"turns":1}],"seed_played":"701093171082644466","potions_obtained":[{"floor":2,"key":"FearPotion"},{"floor":10,"key":"AttackPotion"},{"floor":14,"key":"Reflective Coating"},{"floor":16,"key":"SkillPotion"}],"is_trial":false,"path_per_floor":["M","M","$","?","$","R","M","M","T","M","R","?","E","?","R","B",null,"M","$","?","M","M"],"character_chosen":"THE_CHEF","items_purchased":["chefmod:LocoMoco","chefmod:DinoKale","chefmod:SpaghettiCarbonara","chefmod:Julienne"],"campfire_rested":0,"item_purchase_floors":[3,3,19,19],"current_hp_per_floor":[76,74,74,74,74,74,69,66,66,66,66,66,56,56,56,22,76,69,69,69,55,55,55],"gold":28,"neow_bonus":"THREE_CARDS","is_daily":false,"chose_seed":false,"campfire_upgraded":3,"win_rate":0.0,"timestamp":1610439571,"path_taken":["M","M","$","?","$","R","M","M","T","M","R","?","E","?","R","BOSS","M","$","?","M","?"],"items_purchased_type":["Card","Card","Card","Card"],"build_version":"2020-12-22","purchased_purges":1,"victory":false,"max_hp_per_floor":[76,76,76,76,76,76,76,76,76,76,76,76,76,76,76,76,76,76,76,76,76,76,76],"card_choices":[{"not_picked":["chefmod:FiveAlarmChili","chefmod:Fillet"],"picked":"chefmod:Sorbet","floor":0},{"not_picked":["chefmod:Fillet","chefmod:BaoBuns"],"picked":"chefmod:HotSoup","floor":1},{"not_picked":["chefmod:IcePick","chefmod:FiveAlarmChili","chefmod:FryPan"],"picked":"SKIP","floor":2},{"not_picked":["chefmod:Sorbet","chefmod:ColdSteel"],"picked":"chefmod:SushiPlatter","floor":7},{"not_picked":["chefmod:FryPan","chefmod:ZaruSoba"],"picked":"chefmod:ColdSteel","floor":8},{"not_picked":["chefmod:FreezeSolid","chefmod:GroceryDelivery"],"picked":"chefmod:ColdSteel","floor":10},{"not_picked":["chefmod:ZaruSoba","chefmod:Ratatouille"],"picked":"chefmod:SushiPlatter","floor":13},{"not_picked":["chefmod:PrepCook","chefmod:DeathByChocolate"],"picked":"chefmod:FrozenTuna","floor":16},{"not_picked":["chefmod:IcePick","chefmod:CuttingBoard","chefmod:Gelato"],"picked":"SKIP","floor":18},{"not_picked":["chefmod:MonsterBait","chefmod:Chop"],"picked":"chefmod:FreezerBurn","floor":21}],"player_experience":71962,"relics_obtained":[{"floor":9,"key":"War Paint"},{"floor":13,"key":"Torii"}],"event_choices":[{"damage_healed":0,"gold_gain":0,"player_choice":"Grow","damage_taken":0,"max_hp_gain":0,"max_hp_loss":0,"event_name":"Living Wall","floor":4,"gold_loss":0,"cards_upgraded":["chefmod:LocoMoco"]},{"damage_healed":0,"gold_gain":0,"player_choice":"Got Potions","damage_taken":0,"max_hp_gain":0,"max_hp_loss":0,"event_name":"Lab","floor":14,"gold_loss":0},{"damage_healed":0,"gold_gain":0,"player_choice":"Read","damage_taken":0,"max_hp_gain":0,"max_hp_loss":0,"event_name":"The Library","floor":20,"gold_loss":0,"cards_obtained":["chefmod:Granita"]}],"is_beta":false,"boss_relics":[{"not_picked":["Replay:Bronze Core","chefmod:PepperMill"],"picked":"Ring of Chaos"}],"items_purged_floors":[19],"is_endless":false,"potions_floor_spawned":[2,10,16,21],"killed_by":"Centurion and Healer","ascension_level":0}}