{"host":"i21o3ayfb6i2uabp","time":1610492142,"event":{"mods":["2.2 Compatiblity","A Magickal Journey","AchievementEnabler","Act Like it!","AlwaysNeverKeys","Aspiration","Bartender","BaseMod","Beaked The Cultist","Better Altar","Better Match","Better Note","Better Third Choice","Better-Laid Plans","BetterRewards","CCEM","CapriCore","ChefMod","Clawfect","Clockwork Mod","Colored Map","Colored Powertips","Conjunction","Conspire","DNKmod","Defuse TimeMaze Blight","Disable Question Mark Monsters","Displayed Cursed Tome","Energized Spire","Evolution","Fiend Mod","Fireblade Mod","Friendly Minions","GifTheSpireLib","Grow up Mod","Halation","Hallownest","Hermit","HexUI Lib","Hubris","Infinite Spire","Jorbs\u0027s Wanderer Trilogy","Key Reminder","Kratos Character Expansion","Lobotomy","LobotomyExtend","Mad Scientist","Marked Mod","Minty Spire (QoL Compilation)","Nova Terra(??·??)","Permanent Neow","Prisma Mod","QueenMod","Quick Restart","Railgun Mod","Rare Cards Sparkle","Relic Stats","Remilia_Scarlet Moed?????·?????3.3.5","Remove Card Discount Mod","Replay The Spire","Retaliation","RumiaBox-????????","SOS???????","Shade Mod","Small Relic Pack","Spicy Shops","Spikes Relics","StSLib","Stuff the Spire","SuperFastMode","The Alterego","The Cursed","The Druid","The Immortal","The Kombatant","The Marked","The Vixen","TheHeartMod","TheHero","TheVacant","TheWitcher","Trackpad","Transform Curses","Uncapped","vexMod"],"gold_per_floor":[1018,1028,1028,567,567,579,594,628,628,658,674,686,715,732,732,830,830,846,846,858,875,875,875,887,897,970,970,550,569,569,583,583,686,686,704,794,794,807,791,791,824,824,824,840,851,561,561,581,581,581,581,581,116,151,151],"floor_reached":56,"language":"ENG","playtime":3742,"items_purged":[],"score":1255,"play_id":"c179c185-d8c6-4934-874b-9c6f1b5b493d","local_time":"20210112145542","is_ascension_mode":false,"campfire_choices":[{"floor":15.0,"key":"RECALL"},{"data":"NovaMod:Upgrade","floor":23.0,"key":"SMITH"},{"floor":27.0,"key":"REST"},{"data":"NovaMod:Upgrade","floor":30.0,"key":"SMITH"},{"data":"NovaMod:Upgrade","floor":32.0,"key":"SMITH"},{"floor":40.0,"key":"REST"},{"floor":47.0,"key":"REST"},{"data":"NovaMod:SecondaryDamage","floor":49.0,"key":"SMITH"},{"data":"NovaMod:Bioaugmentation","floor":52.0,"key":"SMITH"}],"circlet_count":0,"master_deck":["NovaMod:Basic_Strike_Nova","NovaMod:Basic_Strike_Nova","NovaMod:Basic_Strike_Nova","NovaMod:Basic_Strike_Nova","NovaMod:Basic_Defend_Nova","NovaMod:Basic_Defend_Nova","NovaMod:Basic_Defend_Nova","NovaMod:Basic_Defend_Nova","NovaMod:Snipe","NovaMod:PenetratingBlast","Attack_a","TheKombatant:skillGuard_s","NovaMod:Pollution","NovaMod:Bioaugmentation+1","NovaMod:GhostOps","NovaMod:Upgrade+1","hubris:EnhanceAbility","Bandage Up","NovaMod:MechanicalArmor","NovaMod:Thor","NovaMod:GhostOps","NovaMod:Upgrade+1","NovaMod:Pollution","NovaMod:Barrier","NovaMod:JetAssault","NovaMod:Pollution","NovaMod:RadiationWarrior","NovaMod:Chaos","NovaMod:Detonation","NovaMod:CovertOps","NovaMod:WaitingGame+1","NovaMod:Upgrade+1","NovaMod:Lurk","NovaMod:AssaultMode","NovaMod:SecondaryDamage+1","NovaMod:RadiationShield+1","NovaMod:Bioaugmentation+1","NovaMod:Upgrade","NovaMod:Detonation+1","NovaMod:WidowMine+1","NovaMod:MultilayerArmor+1","NovaMod:Pollution","NovaMod:Upgrade+1","NovaMod:NuclearInterference+1","NovaMod:Upgrade","NovaMod:PrecsionAssembly","Apotheosis","NovaMod:PulseGrenade"],"relics":["NovaMod:GhostSuit","EVO:Axolotl","KratosMod:chalice","Boot","Centennial Puzzle","CCEMRelics:OverlyComfyChair","conspire:TopHat","infinitespire:CheckeredPen","trackpad:PocketGalaxy","ZombieArmy","halation:TwoAmDonut","halation:PapillonHeart","SnafuTest:CatRelic","trackpad:IceCube","RollingBoulder","vexMod:BarristanHead","CCEMRelics:JestersCrown"],"acts_visited":["Exordium","TheCity","TheBeyond","TheEnding"],"potions_floor_usage":[],"damage_taken":[{"damage":0.0,"enemies":"Cultist","floor":1.0,"turns":3.0},{"damage":0.0,"enemies":"2 Louse","floor":2.0,"turns":1.0},{"damage":3.0,"enemies":"Jaw Worm","floor":6.0,"turns":3.0},{"damage":6.0,"enemies":"2 Fungi Beasts","floor":7.0,"turns":3.0},{"damage":43.0,"enemies":"Lagavulin","floor":8.0,"turns":6.0},{"damage":49.0,"enemies":"Gremlin Nob","floor":10.0,"turns":5.0},{"damage":8.0,"enemies":"Gremlin Gang","floor":11.0,"turns":4.0},{"damage":18.0,"enemies":"Red Slaver","floor":12.0,"turns":4.0},{"damage":24.0,"enemies":"3 Sentries","floor":13.0,"turns":6.0},{"damage":4.0,"enemies":"2 Fungi Beasts","floor":14.0,"turns":3.0},{"damage":54.0,"enemies":"The Guardian","floor":16.0,"turns":11.0},{"damage":26.0,"enemies":"Spheric Guardian","floor":18.0,"turns":5.0},{"damage":20.0,"enemies":"Shell Parasite","floor":20.0,"turns":4.0},{"damage":54.0,"enemies":"Chosen and Byrds","floor":21.0,"turns":8.0},{"damage":5.0,"enemies":"Snecko","floor":24.0,"turns":5.0},{"damage":38.0,"enemies":"Snake Plant","floor":25.0,"turns":4.0},{"damage":12.0,"enemies":"3 Cultists","floor":29.0,"turns":4.0},{"damage":18.0,"enemies":"Shelled Parasite and Fungi","floor":31.0,"turns":4.0},{"damage":21.0,"enemies":"Champ","floor":33.0,"turns":8.0},{"damage":24.0,"enemies":"Orb Walker","floor":35.0,"turns":4.0},{"damage":27.0,"enemies":"3 Shapes","floor":38.0,"turns":6.0},{"damage":31.0,"enemies":"Jaw Worm Horde","floor":39.0,"turns":4.0},{"damage":86.0,"enemies":"Giant Head","floor":41.0,"turns":10.0},{"damage":30.0,"enemies":"Spire Growth","floor":44.0,"turns":5.0},{"damage":36.0,"enemies":"3 Darklings","floor":45.0,"turns":4.0},{"damage":29.0,"enemies":"Transient","floor":48.0,"turns":5.0},{"damage":120.0,"enemies":"Donu and Deca","floor":50.0,"turns":9.0},{"damage":51.0,"enemies":"Shield and Spear","floor":54.0,"turns":6.0},{"damage":208,"enemies":"The Heart","floor":55,"turns":9}],"seed_played":"-5579752166887362043","potions_obtained":[{"floor":1.0,"key":"SteroidPotion"},{"floor":6.0,"key":"Strength Potion"},{"floor":12.0,"key":"EntropicBrew"}],"is_trial":false,"path_per_floor":["M","M","?","$","?","M","M","E","T","E","M","M","E","M","R_BF","B",null,"M","?","M","M","?","R","M","M","T","R","$","M","R","M","R_BF","B",null,"M","?","?","M","M","R","E","AVR","T","M","M","$","R","M","R","B",null,"R","$","E","B",null],"character_chosen":"NOVA","items_purchased":["Boot","NovaMod:Upgrade","hubris:EnhanceAbility","Bandage Up","trackpad:PocketGalaxy","ZombieArmy","halation:TwoAmDonut","NovaMod:Upgrade","trackpad:IceCube","Apotheosis","RollingBoulder","vexMod:BarristanHead"],"campfire_rested":3,"item_purchase_floors":[4,4,4,4,28,28,28,46,46,53,53,53],"current_hp_per_floor":[140,150,160,170,180,187,191,162,172,137,147,145,135,141,151,111,300,288,298,294,254,264,274,282,260,270,397,407,410,420,412,422,411,470,456,274,284,276,259,417,341,351,361,341,319,329,508,493,503,397,615,625,635,594,412],"gold":151,"neow_bonus":"TWENTY_PERCENT_HP_BONUS","is_daily":false,"chose_seed":false,"campfire_upgraded":5,"win_rate":0.0,"timestamp":1610492142,"path_taken":["M","M","?","$","?","M","M","E","T","E","M","M","E","M","R_BF","BOSS","M","?","M","M","?","R","M","?","T","R","$","M","R","M","R_BF","BOSS","M","?","?","M","M","R","E","AVR","T","M","M","?","R","M","R","BOSS","R","$","E","BOSS"],"items_purchased_type":["Relic","Card","Card","Card","Relic","Relic","Relic","Card","Relic","Card","Relic","Relic"],"build_version":"2020-12-22","purchased_purges":0,"victory":true,"max_hp_per_floor":[140,150,160,170,180,190,200,210,220,230,240,250,260,270,280,290,300,310,320,330,340,350,360,370,380,390,400,410,420,430,440,450,460,470,480,490,475,485,495,505,515,525,535,545,555,565,575,585,595,605,615,625,635,645,665],"relic_stats":{"Centennial Puzzle":[72],"counters":[29,153],"Boot":[15],"obtain_stats":[{"KratosMod:chalice":3,"halation:PapillonHeart":37,"trackpad:IceCube":46,"EVO:Axolotl":0,"infinitespire:CheckeredPen":26,"Boot":4,"conspire:TopHat":13,"keyreminder:keyreminder":9,"trackpad:PocketGalaxy":28,"SnafuTest:CatRelic":43,"Centennial Puzzle":8,"vexMod:BarristanHead":53,"CCEMRelics:OverlyComfyChair":10,"RollingBoulder":53,"halation:TwoAmDonut":28,"NovaMod:GhostSuit":0,"CCEMRelics:JestersCrown":54,"ZombieArmy":28},{"KratosMod:chalice":2,"halation:PapillonHeart":20,"trackpad:IceCube":25,"EVO:Axolotl":0,"infinitespire:CheckeredPen":16,"Boot":2,"conspire:TopHat":9,"keyreminder:keyreminder":5,"trackpad:PocketGalaxy":16,"SnafuTest:CatRelic":23,"Centennial Puzzle":5,"vexMod:BarristanHead":27,"CCEMRelics:OverlyComfyChair":6,"RollingBoulder":27,"halation:TwoAmDonut":16,"NovaMod:GhostSuit":0,"CCEMRelics:JestersCrown":28,"ZombieArmy":16},{"KratosMod:chalice":4,"halation:PapillonHeart":95,"trackpad:IceCube":124,"EVO:Axolotl":0,"infinitespire:CheckeredPen":75,"Boot":4,"conspire:TopHat":35,"keyreminder:keyreminder":16,"trackpad:PocketGalaxy":75,"SnafuTest:CatRelic":115,"Centennial Puzzle":16,"vexMod:BarristanHead":138,"CCEMRelics:OverlyComfyChair":21,"RollingBoulder":138,"halation:TwoAmDonut":75,"NovaMod:GhostSuit":0,"CCEMRelics:JestersCrown":144,"ZombieArmy":75}]},"card_choices":[{"not_picked":["NovaMod:HoloDecoy","NovaMod:Lurk"],"picked":"NovaMod:Pollution","floor":1.0},{"not_picked":["NovaMod:Snipe","NovaMod:Barrier"],"picked":"NovaMod:Bioaugmentation","floor":2.0},{"not_picked":["NovaMod:TripleTap","NovaMod:RaidArtillery"],"picked":"NovaMod:MechanicalArmor","floor":6.0},{"not_picked":["NovaMod:MechanicalArmor","NovaMod:BarrageShooting"],"picked":"NovaMod:Thor","floor":7.0},{"not_picked":["NovaMod:FastGuidance","NovaMod:AirDrop"],"picked":"NovaMod:GhostOps","floor":8.0},{"not_picked":["NovaMod:AirDrop","NovaMod:TripleTap"],"picked":"NovaMod:Upgrade","floor":10.0},{"not_picked":["NovaMod:JetAssault","NovaMod:PsychicShield"],"picked":"NovaMod:Pollution","floor":11.0},{"not_picked":["NovaMod:WaitingGame","NovaMod:PenetratingBlast"],"picked":"NovaMod:Barrier","floor":12.0},{"not_picked":["NovaMod:Mediatation","NovaMod:GhostAcademy"],"picked":"NovaMod:JetAssault","floor":13.0},{"not_picked":["NovaMod:BarrageShooting","NovaMod:Thor"],"picked":"NovaMod:Pollution","floor":14.0},{"not_picked":["NovaMod:ScienceVessel","NovaMod:WeaknessInsights"],"picked":"NovaMod:RadiationWarrior","floor":16.0},{"not_picked":["NovaMod:TripleTap","NovaMod:Mediatation"],"picked":"NovaMod:Chaos","floor":18.0},{"not_picked":["NovaMod:AirDrop","NovaMod:PulseGrenade"],"picked":"NovaMod:Detonation","floor":20.0},{"not_picked":["NovaMod:MechanicalArmor","NovaMod:Thor+1"],"picked":"NovaMod:CovertOps","floor":21.0},{"not_picked":["NovaMod:ArmorPenetration","NovaMod:RaidArtillery"],"picked":"NovaMod:WaitingGame+1","floor":24.0},{"not_picked":["NovaMod:ArmorPenetration","NovaMod:InfernalIgniter"],"picked":"NovaMod:Upgrade","floor":25.0},{"not_picked":["NovaMod:Snipe","NovaMod:Bioaugmentation"],"picked":"NovaMod:Lurk","floor":29.0},{"not_picked":["NovaMod:MagrailMunitions+1","NovaMod:Blink"],"picked":"NovaMod:AssaultMode","floor":31.0},{"not_picked":["NovaMod:Valkyrie","NovaMod:InfernalIgniter"],"picked":"NovaMod:SecondaryDamage","floor":33.0},{"not_picked":["NovaMod:TripleTap+1","NovaMod:Lurk+1"],"picked":"NovaMod:RadiationShield+1","floor":35.0},{"not_picked":["NovaMod:AirDrop+1","NovaMod:Lurk+1"],"picked":"NovaMod:Bioaugmentation","floor":36.0},{"not_picked":["NovaMod:Pollution","NovaMod:PredatorMissile+1"],"picked":"NovaMod:Upgrade","floor":36.0},{"not_picked":["NovaMod:RadiationShooting","NovaMod:WaitingGame+1"],"picked":"NovaMod:Detonation+1","floor":36.0},{"not_picked":["NovaMod:Blink","NovaMod:MagrailMunitions"],"picked":"NovaMod:WidowMine+1","floor":38.0},{"not_picked":["NovaMod:Thor","NovaMod:PrecsionAssembly"],"picked":"NovaMod:MultilayerArmor+1","floor":39.0},{"not_picked":["NovaMod:ArmorPenetration+1","NovaMod:TripleTap"],"picked":"NovaMod:Pollution","floor":41.0},{"not_picked":["NovaMod:SuperStimPack","NovaMod:EMP"],"picked":"NovaMod:Upgrade+1","floor":44.0},{"not_picked":["NovaMod:PenetratingBlast+1","NovaMod:WaitingGame+1"],"picked":"NovaMod:NuclearInterference+1","floor":45.0},{"not_picked":["NovaMod:FastGuidance","NovaMod:Thor"],"picked":"NovaMod:PrecsionAssembly","floor":48.0},{"not_picked":["NovaMod:RaidArtillery+1","NovaMod:GhostAcademy+1"],"picked":"NovaMod:PulseGrenade","floor":54.0}],"player_experience":196777,"relics_obtained":[{"floor":8.0,"key":"Centennial Puzzle"},{"floor":10.0,"key":"CCEMRelics:OverlyComfyChair"},{"floor":13.0,"key":"conspire:TopHat"},{"floor":26.0,"key":"infinitespire:CheckeredPen"},{"floor":43.0,"key":"SnafuTest:CatRelic"},{"floor":54.0,"key":"CCEMRelics:JestersCrown"}],"event_choices":[{"damage_healed":0.0,"max_hp_gain":0.0,"max_hp_loss":0.0,"gold_gain":0.0,"event_name":"betterNote:BetterNote","player_choice":"Ignored","floor":19.0,"gold_loss":0.0,"damage_taken":0.0,"cards_obtained":["MadScienceMod:GattlingGun"]},{"damage_healed":0.0,"max_hp_gain":0.0,"max_hp_loss":0.0,"gold_gain":0.0,"event_name":"Upgrade Shrine","player_choice":"Upgraded","floor":22.0,"gold_loss":0.0,"damage_taken":0.0,"cards_upgraded":["NovaMod:Bioaugmentation"]}],"is_beta":false,"boss_relics":[{"not_picked":["energizedSpire:CursedPentagram","halation:PlatinumPhoenix","halation:PinkAlligatorPlush"]},{"not_picked":["Kintsugi","aspiration:RitualDagger","CCEMRelics:GreenEgg"]}],"items_purged_floors":[],"is_endless":false,"potions_floor_spawned":[1,6,12,14,20,21,24,31,39,44,48],"ascension_level":0}}