{"host":"qswkx8hggytna0kc","time":1610456434,"event":{"mods":["Aspiration","BaseMod","BetterRewards","Colored Map","Colored Powertips","Highlight Path","Hubris","Mimic Mod","Minty Spire (QoL Compilation)","MostiFishMod","Quick Restart","Replay The Spire","StSLib","SuperFastMode"],"gold_per_floor":[117,127,127,140,153,184,204,235,235,246,275,275,92,104,104,176,176,186,199,219,219,236,262,262,262,316,316,360,360,387,423,435,535,592,628,640,667,700,726,738,784,822,834,889,928,983,995,1036,1048,1060],"floor_reached":51,"playtime":1232,"items_purged":["Strike_B"],"score":2420,"play_id":"04315ad0-8bce-45b1-94cc-60d8cae936aa","local_time":"20210112210034","is_ascension_mode":true,"campfire_choices":[{"data":"Zap","floor":12,"key":"SMITH"},{"data":"Redo","floor":24,"key":"SMITH"},{"data":"Scrape","floor":27,"key":"SMITH"},{"data":"Dramatic Entrance","floor":32,"key":"SMITH"},{"data":"MostiFishMod:TheEndOfMoonlight","floor":40,"key":"SMITH"},{"data":"MostiFishMod:Disappear","floor":49,"key":"SMITH"}],"circlet_count":0,"master_deck":["AscendersBane","Defend_B+1","Defend_B+2","Defend_B+1","Zap+1","Dualcast","MostiFishMod:PushDownKick","ReplayTheSpireMod:Reroute Power","Panic Button","Redo+1","Scrape+1","Beam Cell","Go for the Eyes","Panic Button","Dramatic Entrance+1","MostiFishMod:PushDownKick","MostiFishMod:Nova","FTL","Gash+1","Gash","Replay:Undeath\u0027s Touch","Streamline+1","Glass Knife","MostiFishMod:Neptune","MostiFishMod:TheEndOfMoonlight+1","MostiFishMod:SparklingWater","MostiFishMod:FantasySummer","MostiFishMod:NightSea","Go for the Eyes+1","Prepared","MostiFishMod:Disappear+1","Hidden Blade","Deep Breath+1","Choke","Predator","Glass Knife","Panic Button","Consecrate"],"relics":["Cracked Core","DaveBox","Replay:Baseball","PatriotShield","SynthV:TestCard","Centennial Puzzle","hubris:SphereOfDissonance","hubris:Teleporter","Lantern","Simple Rune","GreenFoldingFan","PrismaticShard","HornCleat","hubris:BottledHeart","CeramicFish","War Paint","MawBank","MoonlightInvasionPlan","Bottled Flame","Frozen Egg 2","aspiration:HummingbirdHeart","Bottled Lightning"],"acts_visited":["Exordium","TheCity","TheBeyond"],"potions_floor_usage":[],"damage_taken":[{"damage":0,"enemies":"Small Slimes","floor":1,"turns":2},{"damage":0,"enemies":"Cultist","floor":2,"turns":2},{"damage":0,"enemies":"2 Louse","floor":4,"turns":2},{"damage":0,"enemies":"2 Fungi Beasts","floor":5,"turns":3},{"damage":0,"enemies":"Replay:BlueRogue","floor":6,"turns":6},{"damage":0,"enemies":"Blue Slaver","floor":7,"turns":3},{"damage":0,"enemies":"Gremlin Nob","floor":8,"turns":2},{"damage":0,"enemies":"Looter","floor":10,"turns":2},{"damage":0,"enemies":"Replay:BlueRogue","floor":11,"turns":1},{"damage":0,"enemies":"2 Fungi Beasts","floor":14,"turns":1},{"damage":0,"enemies":"The Guardian","floor":16,"turns":4},{"damage":2,"enemies":"2 Thieves","floor":18,"turns":1},{"damage":2,"enemies":"Chosen","floor":19,"turns":1},{"damage":2,"enemies":"Shelled Parasite and Fungi","floor":20,"turns":1},{"damage":2,"enemies":"Chosen and Byrds","floor":22,"turns":1},{"damage":4,"enemies":"Book of Stabbing","floor":23,"turns":2},{"damage":0,"enemies":"Gremlin Leader","floor":28,"turns":2},{"damage":0,"enemies":"Slavers","floor":30,"turns":2},{"damage":0,"enemies":"Snecko","floor":31,"turns":1},{"damage":0,"enemies":"Collector","floor":33,"turns":5},{"damage":0,"enemies":"3 Darklings","floor":35,"turns":2},{"damage":0,"enemies":"3 Shapes","floor":37,"turns":1},{"damage":0,"enemies":"Writhing Mass","floor":38,"turns":4},{"damage":0,"enemies":"Maw","floor":39,"turns":2},{"damage":0,"enemies":"R_Hoarder","floor":41,"turns":1},{"damage":0,"enemies":"Spire Growth","floor":42,"turns":1},{"damage":0,"enemies":"Reptomancer","floor":44,"turns":1},{"damage":0,"enemies":"Nemesis","floor":46,"turns":1},{"damage":0,"enemies":"Transient","floor":48,"turns":6},{"damage":0,"enemies":"Awakened One","floor":50,"turns":6}],"seed_played":"1588621896915664259","potions_obtained":[{"floor":4,"key":"PowerPotion"},{"floor":8,"key":"EssenceOfSteel"},{"floor":20,"key":"Reflective Coating"},{"floor":48,"key":"SteroidPotion"}],"is_trial":false,"path_per_floor":["M","M","?","M","M","E","M","E","T","M","E","R","$","M","R_BF","B",null,"M","M","M","?","M","E","R","?","T","R","E","?","E","M","R","B",null,"M","?","M","M","M","R","E","M","T","E","?","E","?","M","R","B",null],"character_chosen":"DEFECT","items_purchased":["Dramatic Entrance"],"campfire_rested":0,"item_purchase_floors":[13],"current_hp_per_floor":[64,64,60,60,60,67,71,71,71,71,71,71,71,71,71,71,71,71,71,71,59,71,71,71,1,1,1,1,1,1,1,1,1,1,1,1,1,1,1,1,1,1,1,1,1,1,1,1,1,1],"gold":1072,"neow_bonus":"RANDOM_COMMON_RELIC","is_daily":false,"chose_seed":false,"campfire_upgraded":6,"win_rate":0.0,"timestamp":1610456434,"path_taken":["M","M","?","M","M","E","M","E","T","M","E","R","$","M","R_BF","BOSS","M","M","M","?","M","E","R","?","T","R","E","?","E","M","R","BOSS","M","?","M","M","M","R","E","M","T","E","?","E","?","M","R","BOSS"],"items_purchased_type":["Card"],"build_version":"2020-12-22","purchased_purges":1,"victory":true,"max_hp_per_floor":[71,71,71,71,71,71,71,71,71,71,71,71,71,71,71,71,71,71,71,71,71,71,71,71,1,1,1,1,1,1,1,1,1,1,1,1,1,1,1,1,1,1,1,1,1,1,1,1,1,1],"card_choices":[{"not_picked":["Stack","Double Energy"],"picked":"MostiFishMod:PushDownKick","floor":1},{"not_picked":["Compile Driver","Heatsinks","Glacier","Hologram"],"picked":"ReplayTheSpireMod:Reroute Power","floor":2},{"not_picked":["MostiFishMod:PushDownKick","Ball Lightning","Blizzard","MostiFishMod:ActiveDefenseSystem"],"picked":"Panic Button","floor":4},{"not_picked":["Hello World","Redo","Barrage","Recycle"],"picked":"Self Repair","floor":5},{"not_picked":["Barrage","ReplayTheSpireMod:Repulse","Stack","Aggregate"],"picked":"Redo","floor":6},{"not_picked":["Doom and Gloom","MostiFishMod:PushDownKick","Compile Driver","Beam Cell"],"picked":"Scrape","floor":7},{"not_picked":["ReplaySolidLightProjector","Hologram","Coolheaded","Defragment"],"picked":"Beam Cell","floor":8},{"not_picked":["MostiFishMod:ActiveDefenseSystem","Sweeping Beam","Panic Button","Steam"],"picked":"Go for the Eyes","floor":10},{"not_picked":["Reprogram","MostiFishMod:GatherIntelligence","MostiFishMod:PushDownKick","Rebound"],"picked":"Panic Button","floor":11},{"not_picked":["BasicCrystalCard","MostiFishMod:ReprogramOld","Defragment","Melter"],"picked":"MostiFishMod:PushDownKick","floor":14},{"not_picked":["MostiFishMod:SeaWaves","Creative AI","Hyperbeam","Echo Form"],"picked":"MostiFishMod:Nova","floor":16},{"not_picked":["Sweeping Beam","Streamline+1","Aggregate","ReplayTheSpireMod:Reroute Power+1"],"picked":"FTL","floor":18},{"not_picked":["Panic Button","Coolheaded","ReplaySort","Tempest"],"picked":"Gash+1","floor":19},{"not_picked":["Cold Snap","Doom and Gloom","Skim","BasicCrystalCard","Fusion"],"picked":"SKIP","floor":20},{"not_picked":["Coolheaded","Steam","Stack","BasicCrystalCard"],"picked":"Gash","floor":21},{"not_picked":["Bloodletting","MostiFishMod:SeaWaves","Spot Weakness","Barrage","Feel No Pain"],"picked":"SKIP","floor":22},{"not_picked":["Tantrum","Masterful Stab","Second Wind","Riddle With Holes","Nirvana"],"picked":"SKIP","floor":23},{"not_picked":["Turbo","Armaments","ReplayTheSpireMod:Corrosion Curse","ReplayTheSpireMod:Repulse"],"picked":"Replay:Undeath\u0027s Touch","floor":28},{"not_picked":["Prostrate+1","Iron Wave","hubris:Counter","Shrug It Off","Crescendo"],"picked":"SKIP","floor":30},{"not_picked":["MostiFishMod:Dust","BowlingBash","Shrug It Off","Dark Embrace"],"picked":"Streamline+1","floor":31},{"not_picked":["Eclipse","ReplayTheSpireMod:Necrosis","MostiFishMod:SeaWaves","DeusExMachina"],"picked":"Glass Knife","floor":33},{"not_picked":["Panic Button","Redo","Capacitor+1","Crescendo"],"picked":"Go for the Eyes+1","floor":35},{"not_picked":["Skewer+1","BowlingBash","Twin Strike","Blade Dance","Body Slam"],"picked":"SKIP","floor":37},{"not_picked":["ThirdEye","Dodge and Roll","MostiFishMod:GatherIntelligence","Replay:ManipulateFuture"],"picked":"Prepared","floor":38},{"not_picked":["FlyingSleeves+1","Feel No Pain","Wild Strike","Rupture","Evaluate"],"picked":"SKIP","floor":39},{"not_picked":["Anger","Prepared+1","MostiFishMod:PushDownKick","MostiFishMod:PerfectParry"],"picked":"MostiFishMod:Disappear","floor":41},{"not_picked":["Cleave+1","Double Tap","ReplayTheSpireMod:Private Reserves","Wild Strike"],"picked":"Hidden Blade","floor":42},{"not_picked":["Hologram+1","Crescendo+1","ReplayTheSpireMod:Repulse","Iron Wave"],"picked":"Deep Breath+1","floor":44},{"not_picked":["ReplayTheSpireMod:Trickstab","Replay:Many Hands","WaveOfTheHand","Thunderclap"],"picked":"Panic Button","floor":46},{"not_picked":["Iron Wave","MostiFishMod:FluxCapactior","Footwork+1","BowlingBash"],"picked":"Consecrate","floor":48}],"player_experience":280946,"relics_obtained":[{"floor":1,"key":"SynthV:TestCard"},{"floor":6,"key":"Centennial Puzzle"},{"floor":8,"key":"hubris:SphereOfDissonance"},{"floor":9,"key":"hubris:Teleporter"},{"floor":11,"key":"Lantern"},{"floor":21,"key":"PrismaticShard"},{"floor":23,"key":"HornCleat"},{"floor":26,"key":"CeramicFish"},{"floor":28,"key":"War Paint"},{"floor":30,"key":"MawBank"},{"floor":41,"key":"Bottled Flame"},{"floor":43,"key":"Frozen Egg 2"},{"floor":44,"key":"aspiration:HummingbirdHeart"},{"floor":46,"key":"Bottled Lightning"}],"event_choices":[{"damage_healed":0,"gold_gain":0,"player_choice":"Bought 0 Potions","damage_taken":0,"max_hp_gain":0,"max_hp_loss":0,"event_name":"The Woman in Blue","floor":3,"gold_loss":0},{"damage_healed":0,"gold_gain":0,"player_choice":"Gave Potion","damage_taken":0,"relics_obtained":["Simple Rune"],"max_hp_gain":0,"max_hp_loss":0,"event_name":"WeMeetAgain","floor":15,"gold_loss":0},{"damage_healed":0,"gold_gain":0,"player_choice":"Shed Blood","damage_taken":0,"max_hp_gain":5,"max_hp_loss":0,"event_name":"Forgotten Altar","floor":29,"gold_loss":0},{"cards_removed":["Self Repair"],"damage_healed":0,"gold_gain":0,"player_choice":"Removed Power","damage_taken":0,"max_hp_gain":0,"max_hp_loss":0,"event_name":"Falling","floor":36,"gold_loss":0},{"cards_removed":["Defend_B"],"damage_healed":0,"gold_gain":0,"player_choice":"Purged","damage_taken":0,"max_hp_gain":0,"max_hp_loss":0,"event_name":"Purifier","floor":47,"gold_loss":0}],"is_beta":false,"boss_relics":[{"not_picked":["aspiration:SecretTechniqueScroll","Busted Crown"],"picked":"GreenFoldingFan"},{"not_picked":["TakeMeEscape","Astrolabe"],"picked":"MoonlightInvasionPlan"}],"items_purged_floors":[13],"is_endless":false,"potions_floor_spawned":[4,8,10,11,14,20,31,33,37,41,42,48],"ascension_level":18}}