{"host":"g01l53quoe6lrer0","time":1610465706,"event":{"mods":["2.2 Compatiblity","AchievementEnabler","BaseMod","Colored Map","Highlight Path","Keyboard Shortcuts","Minty Spire (QoL Compilation)","Permanent Neow","StSLib","SuperFastMode","everything is the same but u backflip on backflip"],"gold_per_floor":[117,141,153,166,166,166,196,196,248,248,280,295,295,3,3,127,127,146,146,71,85,105,105,121,136,159,184,184,184,184,212,212,212,212],"floor_reached":33,"playtime":1189,"items_purged":["Pain"],"score":451,"play_id":"a14cbf92-e1b0-4fc0-9c9c-3789327a6fda","local_time":"20210113003506","is_ascension_mode":true,"campfire_choices":[{"data":"Zap","floor":6.0,"key":"SMITH"},{"data":"Streamline","floor":8.0,"key":"SMITH"},{"data":"Dualcast","floor":10.0,"key":"SMITH"},{"data":"Coolheaded","floor":15.0,"key":"SMITH"},{"data":"Creative AI","floor":23.0,"key":"SMITH"},{"floor":30.0,"key":"REST"},{"data":"Seek","floor":32,"key":"SMITH"}],"circlet_count":0,"master_deck":["AscendersBane","Strike_B+1","Strike_B","Strike_B","Strike_B+1","Defend_B","Defend_B","Defend_B","Defend_B","Zap+1","Dualcast+1","Conserve Battery","Streamline+1","Self Repair","Rebound","Coolheaded+1","Stack","Injury","Seek+1","Creative AI+1","Reinforced Body","Shame","Auto Shields","Skim","Normality","Barrage+1","Hologram+1"],"relics":["Cracked Core","Calipers","Bag of Marbles","Blue Candle","Whetstone","Akabeko","Thread and Needle","Golden Idol","Runic Capacitor","Cursed Key","Molten Egg 2","CeramicFish"],"acts_visited":["Exordium","TheCity"],"potions_floor_usage":[31,33,33],"damage_taken":[{"damage":9.0,"enemies":"Cultist","floor":1.0,"turns":4.0},{"damage":5.0,"enemies":"Jaw Worm","floor":3.0,"turns":3.0},{"damage":0.0,"enemies":"2 Louse","floor":4.0,"turns":1.0},{"damage":19.0,"enemies":"Lagavulin","floor":7.0,"turns":6.0},{"damage":0.0,"enemies":"Gremlin Nob","floor":11.0,"turns":2.0},{"damage":5.0,"enemies":"Blue Slaver","floor":12.0,"turns":2.0},{"damage":31.0,"enemies":"Hexaghost","floor":16.0,"turns":12.0},{"damage":16.0,"enemies":"3 Byrds","floor":18.0,"turns":6.0},{"damage":9.0,"enemies":"Shell Parasite","floor":21.0,"turns":10.0},{"damage":6.0,"enemies":"Centurion and Healer","floor":22.0,"turns":7.0},{"damage":17.0,"enemies":"Snake Plant","floor":24.0,"turns":3.0},{"damage":13.0,"enemies":"Snecko","floor":25.0,"turns":8.0},{"damage":10.0,"enemies":"Centurion and Healer","floor":27.0,"turns":7.0},{"damage":3.0,"enemies":"Colosseum Slavers","floor":28.0,"turns":3.0},{"damage":13,"enemies":"3 Cultists","floor":31,"turns":5},{"damage":46,"enemies":"Automaton","floor":33,"turns":6}],"seed_played":"1505135953421928203","potions_obtained":[{"floor":3.0,"key":"PowerPotion"},{"floor":11.0,"key":"PowerPotion"},{"floor":16.0,"key":"Block Potion"},{"floor":25.0,"key":"Energy Potion"},{"floor":31,"key":"Block Potion"}],"is_trial":false,"path_per_floor":["M","T","M","M","T","R","E","R","T","R","E","M","?","$","R","B",null,"M","?","$","M","M","R","M","M","T","M","?","?","R","M","R","B"],"character_chosen":"DEFECT","items_purchased":["Runic Capacitor","Seek"],"campfire_rested":1,"item_purchase_floors":[14,14],"current_hp_per_floor":[59,59,54,54,54,54,42,42,42,42,42,44,44,44,44,20,61,52,52,52,50,51,51,41,35,35,32,29,29,51,45,45,0,0],"gold":212,"neow_bonus":"ONE_RARE_RELIC","is_daily":false,"chose_seed":false,"campfire_upgraded":6,"win_rate":0.0,"timestamp":1610465706,"path_taken":["M","?","M","M","?","R","E","R","T","R","E","?","?","$","R","BOSS","M","?","$","M","M","R","M","M","T","M","?","?","R","M","R","BOSS"],"items_purchased_type":["Relic","Card"],"build_version":"2020-12-22","purchased_purges":1,"victory":false,"max_hp_per_floor":[75,75,75,75,75,75,75,75,75,75,75,75,75,75,75,75,75,75,75,75,75,75,75,75,75,75,75,75,75,75,75,75,75,75],"card_choices":[{"not_picked":["Steam Power","Stack"],"picked":"Conserve Battery","floor":1.0},{"not_picked":["Static Discharge","Doom and Gloom"],"picked":"Streamline","floor":3.0},{"not_picked":["Steam","Amplify"],"picked":"Self Repair","floor":4.0},{"not_picked":["Skim","Genetic Algorithm"],"picked":"Rebound","floor":7.0},{"not_picked":["Stack","Gash"],"picked":"Coolheaded","floor":11.0},{"not_picked":["Turbo","Hologram"],"picked":"Stack","floor":12.0},{"not_picked":["All For One","Machine Learning"],"picked":"Creative AI","floor":16.0},{"not_picked":["Compile Driver","Genetic Algorithm"],"picked":"Reinforced Body","floor":18.0},{"not_picked":["Steam","Streamline+1"],"picked":"Auto Shields","floor":21.0},{"not_picked":["Redo","Turbo"],"picked":"Skim","floor":22.0},{"not_picked":["Streamline+1","Beam Cell+1","Conserve Battery"],"picked":"SKIP","floor":24.0},{"not_picked":["Scrape+1","BootSequence","Beam Cell+1"],"picked":"SKIP","floor":25.0},{"not_picked":["Aggregate+1","Stack"],"picked":"Barrage+1","floor":27.0},{"not_picked":["Ball Lightning+1","Tempest"],"picked":"Hologram+1","floor":31}],"player_experience":164088,"relics_obtained":[{"floor":2.0,"key":"Bag of Marbles"},{"floor":5.0,"key":"Blue Candle"},{"floor":7.0,"key":"Whetstone"},{"floor":9.0,"key":"Akabeko"},{"floor":11.0,"key":"Thread and Needle"},{"floor":26.0,"key":"CeramicFish"}],"event_choices":[{"damage_healed":0.0,"max_hp_gain":0.0,"max_hp_loss":0.0,"gold_gain":0.0,"event_name":"Golden Idol","player_choice":"Take Wound","floor":13.0,"gold_loss":0.0,"damage_taken":0.0,"relics_obtained":["Golden Idol"],"cards_obtained":["Injury"]},{"damage_healed":0.0,"max_hp_gain":0.0,"max_hp_loss":0.0,"gold_gain":0.0,"event_name":"Addict","player_choice":"Stole Relic","floor":19.0,"gold_loss":0.0,"damage_taken":0.0,"relics_obtained":["Molten Egg 2"],"cards_obtained":["Shame"]},{"damage_healed":0.0,"max_hp_gain":0.0,"max_hp_loss":0.0,"gold_gain":0.0,"event_name":"Colosseum","player_choice":"Fight","floor":28.0,"gold_loss":0.0,"damage_taken":0.0},{"damage_healed":0.0,"max_hp_gain":0.0,"max_hp_loss":0.0,"gold_gain":0.0,"event_name":"Colosseum","player_choice":"Fled From Nobs","floor":28.0,"gold_loss":0.0,"damage_taken":0.0},{"damage_healed":0.0,"max_hp_gain":0.0,"max_hp_loss":0.0,"gold_gain":0.0,"event_name":"Ghosts","player_choice":"Ignored","floor":29.0,"gold_loss":0.0,"damage_taken":0.0}],"is_beta":false,"boss_relics":[{"not_picked":["Busted Crown","Nuclear Battery"],"picked":"Cursed Key"}],"items_purged_floors":[20],"is_endless":false,"potions_floor_spawned":[3,11,16,18,25,27,31],"killed_by":"Automaton","ascension_level":12}}