{"host":"2se5dq1do2gp0x9k","time":1610427966,"event":{"mods":["AchievementEnabler","BaseMod","Block Reminder","Colored Map","Colored Powertips","Minty Spire (QoL Compilation)","Relic Stats","StSLib","SuperFastMode"],"gold_per_floor":[114,114,114,125,145,145,173,173,218,235,265,265,275,112,112,184,184,199,216,216,216,216,216],"floor_reached":22,"playtime":1203,"items_purged":[],"score":374,"play_id":"334c3adf-17a6-405b-a222-f1870dbfd665","local_time":"20210111210606","is_ascension_mode":true,"campfire_choices":[{"data":"CrushJoints","floor":6.0,"key":"SMITH"},{"data":"Mind Blast","floor":8.0,"key":"SMITH"},{"floor":12.0,"key":"REST"},{"data":"Meditate","floor":15.0,"key":"SMITH"}],"circlet_count":0,"master_deck":["AscendersBane","Eruption","Vigilance","Mind Blast+1","Wallop","Wireheading","CrushJoints+1","Adaptation","Nirvana","Blasphemy","Protect","Meditate+1","Nirvana","ThirdEye","ReachHeaven","Vault","CutThroughFate","Establishment","Perseverance","FollowUp","Wallop","Conclude","ForeignInfluence","DeceiveReality","Evaluate","Wallop","Bite","Bite","Bite","Bite","Bite"],"relics":["PureWater","Happy Flower","Tiny Chest","Orrery","Pandora\u0027s Box"],"acts_visited":["Exordium","TheCity"],"potions_floor_usage":[18],"damage_taken":[{"damage":0.0,"enemies":"Small Slimes","floor":1.0,"turns":3.0},{"damage":0.0,"enemies":"Jaw Worm","floor":4.0,"turns":3.0},{"damage":1.0,"enemies":"Cultist","floor":5.0,"turns":4.0},{"damage":32.0,"enemies":"Lagavulin","floor":7.0,"turns":7.0},{"damage":3.0,"enemies":"Blue Slaver","floor":10.0,"turns":4.0},{"damage":9.0,"enemies":"3 Sentries","floor":11.0,"turns":10.0},{"damage":5.0,"enemies":"Exordium Thugs","floor":13.0,"turns":5.0},{"damage":29.0,"enemies":"The Guardian","floor":16.0,"turns":13.0},{"damage":19,"enemies":"3 Byrds","floor":18,"turns":4},{"damage":17,"enemies":"Spheric Guardian","floor":19,"turns":6},{"damage":13,"enemies":"Centurion and Healer","floor":22,"turns":4}],"seed_played":"-2834978353216421636","potions_obtained":[{"floor":7.0,"key":"LiquidBronze"},{"floor":10.0,"key":"SteroidPotion"},{"floor":13.0,"key":"SpeedPotion"},{"floor":19,"key":"PowerPotion"}],"is_trial":false,"path_per_floor":["M","?","?","M","M","R","E","R","T","M","E","R","M","$","R","B",null,"M","M","?","?","M"],"character_chosen":"WATCHER","items_purchased":["Orrery"],"campfire_rested":1,"item_purchase_floors":[14],"current_hp_per_floor":[61,54,54,54,53,53,21,21,21,20,13,33,30,30,30,3,52,35,20,20,20,7,7],"gold":216,"neow_bonus":"RANDOM_COLORLESS","is_daily":false,"chose_seed":false,"campfire_upgraded":3,"win_rate":0.0,"timestamp":1610427966,"path_taken":["M","?","?","M","M","R","E","R","T","M","E","R","M","$","R","BOSS","M","M","?","?","M"],"items_purchased_type":["Relic"],"build_version":"2020-12-22","purchased_purges":0,"victory":false,"max_hp_per_floor":[68,68,68,68,68,68,68,68,68,68,68,68,68,68,68,68,68,68,68,68,68,68,68],"relic_stats":{"Happy Flower":[15],"counters":[11,63],"Tiny Chest":0,"Pandora\u0027s Box":["Perseverance","FollowUp","Wallop","Conclude","ForeignInfluence","DeceiveReality","Evaluate"],"obtain_stats":[{"Blood Vial":7,"Happy Flower":9,"Orrery":14,"Tiny Chest":11,"Pandora\u0027s Box":17,"PureWater":0},{"Blood Vial":4,"Happy Flower":4,"Orrery":7,"Tiny Chest":6,"Pandora\u0027s Box":8,"PureWater":0},{"Blood Vial":17,"Happy Flower":17,"Orrery":36,"Tiny Chest":31,"Pandora\u0027s Box":49,"PureWater":0}]},"card_choices":[{"not_picked":["Madness","Swift Strike"],"picked":"Mind Blast","floor":0.0},{"not_picked":["Sanctity","SashWhip"],"picked":"Wallop","floor":1.0},{"not_picked":["PathToVictory","Halt"],"picked":"CrushJoints","floor":4.0},{"not_picked":["InnerPeace","WindmillStrike"],"picked":"Adaptation","floor":5.0},{"not_picked":["Prostrate","EmptyFist"],"picked":"Nirvana","floor":7.0},{"not_picked":["Evaluate","Prostrate"],"picked":"Blasphemy","floor":10.0},{"not_picked":["PathToVictory","SashWhip"],"picked":"Protect","floor":11.0},{"not_picked":["BowlingBash","Judgement"],"picked":"Meditate","floor":13.0},{"not_picked":["BowlingBash","PathToVictory"],"picked":"Nirvana","floor":14.0},{"not_picked":["Perseverance","Conclude"],"picked":"ThirdEye","floor":14.0},{"not_picked":["CrushJoints","CutThroughFate"],"picked":"ReachHeaven","floor":14.0},{"not_picked":["ForeignInfluence","Consecrate"],"picked":"Vault","floor":14.0},{"not_picked":["FlurryOfBlows","Adaptation"],"picked":"CutThroughFate","floor":14.0},{"not_picked":["Ragnarok","DeusExMachina"],"picked":"Establishment","floor":16.0},{"not_picked":["FlyingSleeves","Conclude"],"picked":"Wallop","floor":18},{"not_picked":["EmptyFist","Indignation","CarveReality"],"picked":"SKIP","floor":19}],"player_experience":3837558,"relics_obtained":[{"floor":7.0,"key":"Blood Vial"},{"floor":9.0,"key":"Happy Flower"},{"floor":11.0,"key":"Tiny Chest"}],"event_choices":[{"cards_removed":["Strike_P"],"damage_healed":0.0,"max_hp_gain":0.0,"max_hp_loss":0.0,"gold_gain":0.0,"event_name":"Golden Wing","player_choice":"Card Removal","floor":2.0,"gold_loss":0.0,"damage_taken":7.0},{"damage_healed":0.0,"max_hp_gain":0.0,"max_hp_loss":0.0,"gold_gain":0.0,"event_name":"Match and Keep!","player_choice":"1 cards matched","floor":3.0,"gold_loss":0.0,"damage_taken":0.0,"cards_obtained":["Wireheading"]},{"damage_healed":0,"gold_gain":0,"player_choice":"Ignored","damage_taken":0,"max_hp_gain":0,"max_hp_loss":0,"event_name":"The Mausoleum","floor":20,"gold_loss":0},{"damage_healed":0,"gold_gain":0,"player_choice":"Became a vampire (Vial)","damage_taken":0,"max_hp_gain":0,"max_hp_loss":0,"event_name":"Vampires","floor":21,"relics_lost":["Blood Vial"],"gold_loss":0,"cards_obtained":["Bite","Bite","Bite","Bite","Bite"]}],"is_beta":false,"boss_relics":[{"not_picked":["SlaversCollar","Philosopher\u0027s Stone"],"picked":"Pandora\u0027s Box"}],"items_purged_floors":[],"is_endless":false,"potions_floor_spawned":[7,10,13,19],"killed_by":"Centurion and Healer","ascension_level":16}}