{"host":"jggt5i9rbuoqvque","time":1610456761,"event":{"mods":["BaseMod","Colored Map","Minty Spire (QoL Compilation)","StSLib"],"gold_per_floor":[110,110,124,135,135,162,162,175,175,189,205,205,280,80,80,183,183,201,214,224,8,19,44,55,55,55,55,55,75,109,124,124,225,225,243,1242,1242,900,911,911,597,597,624,644,644,657,704,721,721,721],"floor_reached":51,"playtime":2185,"items_purged":["Strike_G","Strike_G","Normality","Normality"],"score":844,"play_id":"f898d6b0-7e6a-4060-93cb-d06d107cdd7f","local_time":"20210112220601","is_ascension_mode":true,"campfire_choices":[{"data":"Neutralize","floor":7.0,"key":"SMITH"},{"data":"Blade Dance","floor":12.0,"key":"SMITH"},{"data":"Accuracy","floor":15.0,"key":"SMITH"},{"data":"A Thousand Cuts","floor":25.0,"key":"SMITH"},{"data":"Terror","floor":32.0,"key":"SMITH"},{"data":"After Image","floor":40.0,"key":"SMITH"},{"data":"Tools of the Trade","floor":42.0,"key":"SMITH"},{"data":"Cloak And Dagger","floor":45.0,"key":"SMITH"},{"data":"Escape Plan","floor":49.0,"key":"SMITH"}],"circlet_count":0,"master_deck":["Strike_G","Defend_G","Defend_G","Defend_G","Survivor","Neutralize+1","Escape Plan+1","Backflip","PiercingWail","Terror+1","Blade Dance+1","Accuracy+1","Cloak And Dagger+1","A Thousand Cuts+1","Acrobatics","Blur+1","Blade Dance","Well Laid Plans+1","Decay","Crippling Poison+1","Tools of the Trade+1","After Image+1","Accuracy+1","Writhe","Footwork+1"],"relics":["Ring of the Snake","NeowsBlessing","Eternal Feather","Ninja Scroll","Cursed Key","Membership Card","Gremlin Horn","Turnip","White Beast Statue","SlaversCollar","Nunchaku","HandDrill","Sundial","Bag of Preparation","Meat on the Bone","Singing Bowl","War Paint","Thread and Needle"],"acts_visited":["Exordium","TheCity","TheBeyond"],"potions_floor_usage":[50,50,50],"damage_taken":[{"damage":0.0,"enemies":"Jaw Worm","floor":1.0,"turns":1.0},{"damage":0.0,"enemies":"Cultist","floor":3.0,"turns":1.0},{"damage":0.0,"enemies":"2 Louse","floor":4.0,"turns":1.0},{"damage":9.0,"enemies":"3 Sentries","floor":6.0,"turns":13.0},{"damage":13.0,"enemies":"Lots of Slimes","floor":8.0,"turns":8.0},{"damage":0.0,"enemies":"Blue Slaver","floor":10.0,"turns":5.0},{"damage":5.0,"enemies":"Gremlin Gang","floor":11.0,"turns":5.0},{"damage":24.0,"enemies":"Hexaghost","floor":16.0,"turns":5.0},{"damage":3.0,"enemies":"Chosen","floor":18.0,"turns":3.0},{"damage":0.0,"enemies":"Shell Parasite","floor":19.0,"turns":4.0},{"damage":12.0,"enemies":"Snake Plant","floor":20.0,"turns":4.0},{"damage":0.0,"enemies":"Cultist and Chosen","floor":22.0,"turns":5.0},{"damage":18.0,"enemies":"Gremlin Leader","floor":23.0,"turns":4.0},{"damage":2.0,"enemies":"Shelled Parasite and Fungi","floor":24.0,"turns":2.0},{"damage":2.0,"enemies":"Snecko","floor":29.0,"turns":4.0},{"damage":22.0,"enemies":"Book of Stabbing","floor":30.0,"turns":5.0},{"damage":8.0,"enemies":"3 Cultists","floor":31.0,"turns":3.0},{"damage":24.0,"enemies":"Automaton","floor":33.0,"turns":5.0},{"damage":10.0,"enemies":"3 Darklings","floor":35.0,"turns":3.0},{"damage":9.0,"enemies":"Orb Walker","floor":39.0,"turns":2.0},{"damage":40.0,"enemies":"Writhing Mass","floor":44.0,"turns":4.0},{"damage":2.0,"enemies":"4 Shapes","floor":46.0,"turns":3.0},{"damage":23.0,"enemies":"2 Orb Walkers","floor":47.0,"turns":5.0},{"damage":2.0,"enemies":"Spire Growth","floor":48.0,"turns":5.0},{"damage":17,"enemies":"Donu and Deca","floor":50,"turns":7}],"seed_played":"787401626289695167","potions_obtained":[{"floor":1.0,"key":"CunningPotion"},{"floor":8.0,"key":"Regen Potion"},{"floor":10.0,"key":"LiquidBronze"},{"floor":11.0,"key":"Regen Potion"},{"floor":16.0,"key":"Weak Potion"},{"floor":22.0,"key":"SpeedPotion"},{"floor":23.0,"key":"Explosive Potion"},{"floor":24.0,"key":"GamblersBrew"},{"floor":31.0,"key":"LiquidMemories"},{"floor":33.0,"key":"SkillPotion"},{"floor":35.0,"key":"CunningPotion"},{"floor":39.0,"key":"PowerPotion"},{"floor":44.0,"key":"PowerPotion"},{"floor":46.0,"key":"ColorlessPotion"},{"floor":47.0,"key":"Swift Potion"},{"floor":48.0,"key":"Poison Potion"}],"is_trial":false,"path_per_floor":["M","?","M","M","?","E","R","M","T","M","M","R","?","$","R","B",null,"M","M","M","$","M","E","M","R","T","$","?","M","E","M","R","B",null,"M","?","?","$","M","R","$","R","T","M","R","M","?","M","R","B",null],"character_chosen":"THE_SILENT","items_purchased":["Accuracy","Cloak And Dagger","Membership Card","Blade Dance","HandDrill","Sundial","Bag of Preparation","Meat on the Bone","Singing Bowl"],"campfire_rested":0,"item_purchase_floors":[14,14,21,21,38,38,38,41,41],"current_hp_per_floor":[70,70,70,70,70,61,67,54,54,54,49,58,51,51,60,50,70,67,67,55,55,55,49,47,59,59,59,59,57,35,27,39,15,70,60,60,60,60,51,63,63,70,70,44,56,56,47,45,60,43],"gold":721,"neow_bonus":"THREE_ENEMY_KILL","is_daily":false,"chose_seed":false,"campfire_upgraded":9,"win_rate":0.0,"timestamp":1610456761,"path_taken":["M","?","?","M","?","E","R","?","T","M","M","R","?","$","R","BOSS","M","M","M","$","M","E","?","R","T","$","?","M","E","M","R","BOSS","M","?","?","$","?","R","$","R","T","M","R","M","?","M","R","BOSS"],"items_purchased_type":["Card","Card","Relic","Card","Relic","Relic","Relic","Relic","Relic"],"build_version":"2020-12-22","purchased_purges":4,"victory":true,"max_hp_per_floor":[70,70,70,70,70,70,70,70,70,70,70,70,70,70,70,70,70,70,70,70,70,70,70,70,70,70,70,70,70,70,70,70,70,70,70,70,70,70,70,70,70,70,70,72,72,74,76,76,76,76],"card_choices":[{"not_picked":["Deflect","Prepared"],"picked":"Escape Plan","floor":1.0},{"not_picked":["Slice","Outmaneuver","All Out Attack"],"picked":"SKIP","floor":3.0},{"not_picked":["PiercingWail","Flechettes"],"picked":"Backflip","floor":4.0},{"not_picked":["Poisoned Stab","Riddle With Holes"],"picked":"PiercingWail","floor":6.0},{"not_picked":["Flying Knee","Dodge and Roll","Masterful Stab"],"picked":"SKIP","floor":8.0},{"not_picked":["Slice","Quick Slash"],"picked":"Terror","floor":10.0},{"not_picked":["Deadly Poison","Caltrops"],"picked":"Blade Dance","floor":11.0},{"not_picked":["Venomology","Unload"],"picked":"A Thousand Cuts","floor":16.0},{"not_picked":["All Out Attack","Flying Knee"],"picked":"Acrobatics","floor":18.0},{"not_picked":["Expertise+1","Backflip","Masterful Stab+1"],"picked":"SKIP","floor":19.0},{"not_picked":["Dagger Throw","Dodge and Roll"],"picked":"Blur","floor":20.0},{"not_picked":["Underhanded Strike","Setup+1"],"picked":"Well Laid Plans+1","floor":22.0},{"not_picked":["Backflip+1","Slice","Acrobatics"],"picked":"SKIP","floor":23.0},{"not_picked":["PiercingWail+1","Doppelganger","Sucker Punch"],"picked":"SKIP","floor":24.0},{"not_picked":["PiercingWail+1","Doppelganger","Sucker Punch"],"picked":"SKIP","floor":24.0},{"not_picked":["Predator","Deadly Poison","Bane"],"picked":"SKIP","floor":29.0},{"not_picked":["Backflip","Setup+1","Blade Dance"],"picked":"SKIP","floor":30.0},{"not_picked":["Dagger Throw","Outmaneuver","Catalyst"],"picked":"SKIP","floor":31.0},{"not_picked":["Die Die Die","Adrenaline"],"picked":"After Image","floor":33.0},{"not_picked":["Deflect+1","Bouncing Flask"],"picked":"Accuracy+1","floor":35.0},{"not_picked":["Deflect+1","All Out Attack+1","Slice"],"picked":"SKIP","floor":39.0},{"not_picked":["Deadly Poison","Dodge and Roll","Masterful Stab"],"picked":"Singing Bowl","floor":44.0},{"not_picked":["Accuracy","Outmaneuver+1","Backflip+1"],"picked":"Singing Bowl","floor":46.0},{"not_picked":["Expertise","PiercingWail+1","Dodge and Roll"],"picked":"Singing Bowl","floor":47.0},{"not_picked":["Catalyst+1","Poisoned Stab+1"],"picked":"Footwork+1","floor":48.0}],"player_experience":324966,"relics_obtained":[{"floor":6.0,"key":"Eternal Feather"},{"floor":9.0,"key":"Ninja Scroll"},{"floor":23.0,"key":"Gremlin Horn"},{"floor":26.0,"key":"Turnip"},{"floor":30.0,"key":"White Beast Statue"},{"floor":43.0,"key":"War Paint"},{"floor":47.0,"key":"Thread and Needle"}],"event_choices":[{"cards_removed":["Strike_G"],"damage_healed":0.0,"max_hp_gain":0.0,"max_hp_loss":0.0,"gold_gain":0.0,"event_name":"Bonfire Elementals","player_choice":"Offered Basic","floor":2.0,"gold_loss":0.0,"damage_taken":0.0},{"cards_removed":["Defend_G"],"damage_healed":0.0,"max_hp_gain":0.0,"max_hp_loss":0.0,"gold_gain":0.0,"event_name":"Purifier","player_choice":"Purged","floor":5.0,"gold_loss":0.0,"damage_taken":0.0},{"damage_healed":0.0,"max_hp_gain":0.0,"max_hp_loss":0.0,"gold_gain":75.0,"event_name":"FaceTrader","player_choice":"Touch","floor":13.0,"gold_loss":0.0,"damage_taken":7.0},{"damage_healed":0.0,"max_hp_gain":0.0,"max_hp_loss":0.0,"gold_gain":0.0,"cards_transformed":["Strike_G","Defend_G"],"event_name":"Drug Dealer","player_choice":"Became Test Subject","floor":28.0,"gold_loss":0.0,"damage_taken":0.0,"cards_obtained":["Crippling Poison","Tools of the Trade"]},{"damage_healed":0.0,"max_hp_gain":0.0,"max_hp_loss":0.0,"gold_gain":999.0,"event_name":"MindBloom","player_choice":"Gold","floor":36.0,"gold_loss":0.0,"damage_taken":0.0,"cards_obtained":["Normality","Normality"]},{"damage_healed":0.0,"max_hp_gain":0.0,"max_hp_loss":0.0,"gold_gain":0.0,"event_name":"WeMeetAgain","player_choice":"Gave Potion","floor":37.0,"gold_loss":0.0,"damage_taken":0.0,"relics_obtained":["Nunchaku"]},{"damage_healed":0.0,"max_hp_gain":0.0,"max_hp_loss":0.0,"gold_gain":0.0,"event_name":"Mysterious Sphere","player_choice":"Fight","floor":47.0,"gold_loss":0.0,"damage_taken":0.0}],"is_beta":false,"boss_relics":[{"not_picked":["Ectoplasm","Runic Dome"],"picked":"Cursed Key"},{"not_picked":["SacredBark","Astrolabe"],"picked":"SlaversCollar"}],"items_purged_floors":[14,21,38,41],"is_endless":false,"potions_floor_spawned":[1,8,10,11,16,22,23,24,31,33,35,39,44,46,47,48],"ascension_level":4}}