{"host":"zlfskofstem8q1jl","time":1610434618,"event":{"mods":["ATMod(∞¢Ë™Mod)","Act Like it!","BaseMod","Lobotomy","LobotomyExtend","Marisa£®ÏF”Í°°ƒß¿Ì…≥£©","Minty Spire (QoL Compilation)","Reimu£®≤©¿ˆ¡È√Œ£©","Remilia£®¿Ÿ√◊¿Ú—«£©","Replay The Spire","StSLib","WarShipGirlsR/’ΩΩ¢…Ÿ≈ÆR mod","°æ“≈ŒÔø®≈∆°øREMEMod"],"gold_per_floor":[159,201,231,285,330,387,387,387,474,474,474,534,678,658,736,736,1066,1066,1072,1072],"floor_reached":18,"playtime":1029,"items_purged":[],"score":376,"play_id":"d318df7c-8e3a-4562-8a59-24af8ee74de5","local_time":"20210112145658","daily_mods":["Draft","Hoarder","Vintage","Heirloom","DeadlyEvents","Elite Swarm","Midas"],"is_ascension_mode":false,"campfire_choices":[{"floor":7,"key":"REST"},{"floor":15,"key":"REST"}],"circlet_count":0,"master_deck":["Demon Form","Wraith Form v2","Echo Form","DevaForm","BatForm","Corpse Explosion","Corpse Explosion","AT_ShadowStep","AT_ShadowStep","AT_ShadowStep","Acceleration","Acceleration","Acceleration","Occultation","Occultation","Occultation","PowerUp","PowerUp","PowerUp","GravityBeat","GravityBeat","GravityBeat","OortCloud","OortCloud","OortCloud","PowerUp","PowerUp","PowerUp","SprinkleStarSeal","SprinkleStarSeal","SprinkleStarSeal","EnergyFlow","EnergyFlow","EnergyFlow","ChargingUp","ChargingUp","ChargingUp","NonDirectionalLaser","NonDirectionalLaser","NonDirectionalLaser","PropBag","PropBag","MagicAbsorber","MagicAbsorber","MagicAbsorber","AsteroidBelt+1","AsteroidBelt+1","AsteroidBelt+1","Acceleration","Acceleration","Acceleration","SuperPerseids","SuperPerseids","SuperPerseids","SatelliteIllusion","SatelliteIllusion","SatelliteIllusion","OneTimeOff+1","OneTimeOff+1","OneTimeOff+1","MaximisePower+1","MaximisePower+1","MaximisePower+1","StarDustReverie+1","StarDustReverie+1","StarDustReverie+1"],"relics":["MiniHakkero","REME_ComplimentaryCards","AT_ATBox","Du-Vu Doll","ScarletDevilRocket","Prayer Wheel","LetterFromLob","Toxic Egg 2","ReplayTheSpireMod:Lightbulb","Bag of Preparation","Blue Doll","Bag of Marbles","Replay:Towering Pillar of Hats","REME_ArchaeologicalTools","The Courier","Boot","AT_TrinityForce"],"acts_visited":["Exordium","TheBeyond"],"potions_floor_usage":[8,16],"damage_taken":[{"damage":5,"enemies":"2 Louse","floor":1,"turns":2},{"damage":0,"enemies":"Jaw Worm","floor":1,"turns":1},{"damage":0,"enemies":"2 Louse","floor":2,"turns":3},{"damage":0,"enemies":"Small Slimes","floor":3,"turns":2},{"damage":0,"enemies":"2 Fungi Beasts","floor":4,"turns":1},{"damage":0,"enemies":"Red Slaver","floor":5,"turns":1},{"damage":0,"enemies":"3 Sentries","floor":8,"turns":2},{"damage":0,"enemies":"Blue Slaver","floor":11,"turns":1},{"damage":0,"enemies":"Gremlin Nob","floor":12,"turns":2},{"damage":0,"enemies":"Exordium Wildlife","floor":14,"turns":4},{"damage":0,"enemies":"Slime Boss","floor":16,"turns":4},{"damage":3,"enemies":"3 Shapes","floor":18,"turns":1}],"seed_played":"-5345370725670321296","potions_obtained":[{"floor":1,"key":"Energy Potion"},{"floor":3,"key":"FearPotion"},{"floor":5,"key":"SteroidPotion"},{"floor":14,"key":"Fire Potion"},{"floor":16,"key":"Milkshake"}],"is_trial":true,"path_per_floor":["M","M","M","M","M","M","M","E","R","E","T","?","M","E","?","M","R","B",null,"M"],"character_chosen":"MARISA","items_purchased":[],"campfire_rested":2,"item_purchase_floors":[],"current_hp_per_floor":[70,1,1,1,1,1,1,1,1,1,1,1,1,1,1,1,1,1,0,0],"gold":1072,"neow_bonus":"","is_daily":false,"chose_seed":false,"campfire_upgraded":0,"win_rate":0.0,"timestamp":1610434618,"path_taken":["M","M","M","M","M","M","M","E","R","E","T","?","M","E","?","M","R","BOSS","M"],"items_purchased_type":[],"build_version":"2020-12-22","purchased_purges":0,"victory":false,"max_hp_per_floor":[75,1,1,1,1,1,1,1,1,1,1,1,1,1,1,1,1,1,1,1],"card_choices":[{"not_picked":["DC","SporeBomb"],"picked":"Acceleration","floor":0},{"not_picked":["MagicAbsorber","RefractionSpark"],"picked":"Occultation","floor":0},{"not_picked":["DarkMatter","NonDirectionalLaser"],"picked":"PowerUp","floor":0},{"not_picked":["AlicesGift","WitchLeyline"],"picked":"GravityBeat","floor":0},{"not_picked":["MysteriousBeam","SporeBomb"],"picked":"OortCloud","floor":0},{"not_picked":["Acceleration","MysteriousBeam"],"picked":"PowerUp","floor":0},{"not_picked":["ChargeUpSpray","GravityBeat"],"picked":"SprinkleStarSeal","floor":0},{"not_picked":["MeteoricShower","MilkyWay"],"picked":"EnergyFlow","floor":0},{"not_picked":["Acceleration","AsteroidBelt"],"picked":"ChargingUp","floor":0},{"not_picked":["DC","WitchLeyline"],"picked":"NonDirectionalLaser","floor":0},{"not_picked":["GalacticHalo","Orbital"],"picked":"PropBag","floor":0},{"not_picked":["WitchLeyline","StarlightTyphoon"],"picked":"MagicAbsorber","floor":0},{"not_picked":["SporeBomb","DC"],"picked":"AsteroidBelt","floor":0},{"not_picked":["PowerUp","6A"],"picked":"Acceleration","floor":0},{"not_picked":["IllusionStar","OneTimeOff"],"picked":"SuperPerseids","floor":0},{"not_picked":["MaximisePower+1","SuperNova"],"picked":"SatelliteIllusion","floor":8},{"not_picked":["SatelliteIllusion","SuperNova"],"picked":"MaximisePower+1","floor":12},{"not_picked":["MillisecondPulsars","SatelliteIllusion"],"picked":"StarDustReverie+1","floor":16}],"player_experience":76608,"relics_obtained":[{"floor":1,"key":"ScarletDevilRocket"},{"floor":1,"key":"LetterFromLob"},{"floor":1,"key":"Prayer Wheel"},{"floor":1,"key":"LetterFromLob"},{"floor":2,"key":"Toxic Egg 2"},{"floor":3,"key":"ReplayTheSpireMod:Lightbulb"},{"floor":4,"key":"Bag of Preparation"},{"floor":5,"key":"Blue Doll"},{"floor":8,"key":"Bag of Marbles"},{"floor":9,"key":"Replay:Towering Pillar of Hats"},{"floor":11,"key":"REME_ArchaeologicalTools"},{"floor":12,"key":"The Courier"},{"floor":14,"key":"Boot"}],"event_choices":[],"is_beta":false,"boss_relics":[{"not_picked":["Snecko Eye","BewitchedHakkero"],"picked":"AT_TrinityForce"}],"items_purged_floors":[],"is_endless":false,"potions_floor_spawned":[1,3,5,14,16],"killed_by":"3 Shapes","ascension_level":0}}