{"host":"ue3qa4y58fiwdsvn","time":1610478491,"event":{"mods":["BaseMod","BetterRewards","Colored Map","Colored Powertips","Downfall","Friendly Minions","Hubris","Infinite Spire","Minty Spire (QoL Compilation)","Replay The Spire","Shop Mod","StSLib","The Bug Knight","The Construct","The Cursed","The Gatherer","UnlockEverythingMod"],"gold_per_floor":[111,111,111,160,72,72,97,111,111,123,73,90,90,101,101,206,206,224,18,18,29,29,29,60,80,80,97,22,56,66,99,99,201,201,218,76,0,16,16,41,41,51,51,51,51,51],"floor_reached":44,"playtime":2430,"items_purged":["Gatherer:Defend_Gatherer"],"score":646,"play_id":"f5237bfe-3d71-44dd-b636-2b36242909bd","local_time":"20210113030811","is_ascension_mode":false,"metric_token":1109,"campfire_choices":[{"data":"Gatherer:MiningStrike","floor":6,"key":"SMITH"},{"data":"Gatherer:MiningStrike","floor":13,"key":"SMITH"},{"floor":15,"key":"DIG"},{"floor":23,"key":"REST"},{"data":"Gatherer:StoneFence","floor":32,"key":"SMITH"},{"floor":41,"key":"REST"}],"circlet_count":0,"master_deck":["Gatherer:Strike_Gatherer","Gatherer:Strike_Gatherer","Gatherer:Strike_Gatherer","Gatherer:Strike_Gatherer","Gatherer:Defend_Gatherer+1","Gatherer:Defend_Gatherer+1","Gatherer:Defend_Gatherer","Gatherer:Centralize","Gatherer:FlowerWhip","Gatherer:MiningStrike+1","Gatherer:BalancedGrowth","Bandage Up","Gatherer:Transmute","Gatherer:Liquidism","Gatherer:FlowerFalling","Gatherer:MiningStrike+1","Gatherer:FragileHammer","Gatherer:Photoscythe","Gatherer:FlowerFalling","expansioncontent:DashGenerateEvil+1","Gatherer:Convert+1","Gatherer:ColorfulGarden","Gatherer:TacticalStrike+1","Gatherer:HeartToFruit","Gatherer:StoneFence+1","Gatherer:BomberForm","Gatherer:QuickSynthesis+1","Gatherer:LuckyClover","Gatherer:BomberForm"],"relics":["Gatherer:AlchemyBag","ClockworkSouvenir","Lantern","infinitespire:Beetle Shell","Happy Flower","Anchor","Bag of Preparation","hubris:ScarierMask","Nilry\u0027s Codex","hubris:SlimyHat","Replay:WaspNest","Quantum Egg","War Paint","Cursed Key","Red Mask","Orichalcum"],"acts_visited":["Exordium","TheCity","TheBeyond"],"potions_floor_usage":[10,16,16,29,33,33,33,40,42],"damage_taken":[{"damage":0,"enemies":"Cultist","floor":1,"turns":4},{"damage":27,"enemies":"Lagavulin","floor":7,"turns":7},{"damage":0,"enemies":"Small Slimes","floor":8,"turns":2},{"damage":6,"enemies":"Jaw Worm","floor":10,"turns":3},{"damage":0,"enemies":"Blue Slaver","floor":12,"turns":2},{"damage":0,"enemies":"Exordium Wildlife","floor":14,"turns":3},{"damage":19,"enemies":"Hexaghost","floor":16,"turns":7},{"damage":17,"enemies":"Shell Parasite","floor":18,"turns":4},{"damage":0,"enemies":"2 Thieves","floor":21,"turns":1},{"damage":11,"enemies":"Slavers","floor":24,"turns":3},{"damage":5,"enemies":"Cultist and Chosen","floor":25,"turns":4},{"damage":0,"enemies":"Chosen and Byrds","floor":27,"turns":4},{"damage":9,"enemies":"Book of Stabbing","floor":29,"turns":4},{"damage":0,"enemies":"Snecko","floor":30,"turns":5},{"damage":7,"enemies":"Slavers","floor":31,"turns":6},{"damage":39,"enemies":"Champ","floor":33,"turns":9},{"damage":9,"enemies":"3 Darklings","floor":35,"turns":3},{"damage":0,"enemies":"3 Shapes","floor":38,"turns":2},{"damage":38,"enemies":"HollowMod:StalkingDevout","floor":40,"turns":6},{"damage":8,"enemies":"3 Darklings","floor":42,"turns":4},{"damage":86,"enemies":"Nemesis","floor":44,"turns":8}],"seed_played":"1187594182487098232","potions_obtained":[{"floor":7,"key":"FearPotion"},{"floor":8,"key":"Swift Potion"},{"floor":14,"key":"Poison Potion"},{"floor":18,"key":"PowerPotion"},{"floor":24,"key":"Venom Potion"},{"floor":27,"key":"Explosive Potion"},{"floor":30,"key":"Adrenaline Potion"},{"floor":31,"key":"Elixir"},{"floor":35,"key":"ColorlessPotion"},{"floor":38,"key":"Death Potion"}],"is_trial":false,"path_per_floor":["M","?","?","T","$","R","E","M","T","M","?","M","R","M","R_BF","B",null,"M","$","?","M","?","R","E","M","T","M","$","E","M","E","R","B",null,"M","$","?","M","?","E","R","M","T","E"],"character_chosen":"THE_GATHERER","items_purchased":["Gatherer:MiningStrike","ClockworkSouvenir","Bandage Up","expansioncontent:DashGenerateEvil","Gatherer:Convert+1","Gatherer:LuckyClover"],"campfire_rested":2,"item_purchase_floors":[0,0,5,19,19,36],"current_hp_per_floor":[65,65,65,65,65,65,42,42,42,40,40,44,44,48,48,33,72,55,55,39,39,39,60,49,48,48,52,52,47,55,57,57,27,82,73,73,73,73,73,39,63,59,59,0,0,0],"gold":51,"neow_bonus":"","is_daily":false,"chose_seed":false,"campfire_upgraded":3,"win_rate":0.0,"timestamp":1610478491,"path_taken":["M","?","?","?","?","R","E","M","T","M","?","M","R","?","R_BF","BOSS","M","?","?","M","?","R","E","M","T","?","$","E","M","E","R","BOSS","M","$","?","M","?","E","R","M","T","E"],"items_purchased_type":["Card","Relic","Card","Card","Card","Card"],"build_version":"2020-12-22","purchased_purges":1,"victory":false,"max_hp_per_floor":[72,72,72,72,72,72,72,72,72,72,72,72,72,72,72,72,72,72,72,72,72,72,72,72,72,72,72,72,72,76,79,79,82,82,82,82,82,82,82,82,82,82,82,82,82,82],"card_choices":[{"not_picked":["Gatherer:CollectorsShot","Gatherer:SealedBomb"],"picked":"Gatherer:BalancedGrowth","floor":1},{"not_picked":["Gatherer:SaveValuables","Gatherer:EnergyBasket"],"picked":"Gatherer:Transmute","floor":7},{"not_picked":["Gatherer:TacticalStrike","Gatherer:EnergyBasket"],"picked":"Gatherer:Liquidism","floor":8},{"not_picked":["Gatherer:VenomBarrier","Gatherer:AcidicSpray"],"picked":"Gatherer:FlowerFalling","floor":10},{"not_picked":["Gatherer:FeelingFine","Gatherer:RottenStipe"],"picked":"Gatherer:MiningStrike","floor":12},{"not_picked":["Gatherer:RecipeChange","Gatherer:Transmute"],"picked":"Gatherer:FragileHammer","floor":14},{"not_picked":["Gatherer:GrowBook","Gatherer:Bulldoze"],"picked":"Gatherer:Photoscythe","floor":16},{"not_picked":["Gatherer:FlowerShield","Gatherer:Duality"],"picked":"Gatherer:FlowerFalling","floor":18},{"not_picked":["Gatherer:EnergyBasket","Gatherer:Convert","Gatherer:ScherryThrow"],"picked":"SKIP","floor":21},{"not_picked":["Gatherer:TacticalStrike","Gatherer:Duality"],"picked":"Gatherer:ColorfulGarden","floor":24},{"not_picked":["Gatherer:AcidicSpray","Gatherer:DrugPower"],"picked":"Gatherer:TacticalStrike+1","floor":25},{"not_picked":["Gatherer:UpgradeBag","Gatherer:ScentOfRosmari","Gatherer:PotentialSlash"],"picked":"SKIP","floor":27},{"not_picked":["Gatherer:AromaProtection","Gatherer:BambuSword+1"],"picked":"Gatherer:HeartToFruit","floor":29},{"not_picked":["Gatherer:FlowerShield","Gatherer:Polymorphism","Gatherer:AromaProtection+1"],"picked":"SKIP","floor":30},{"not_picked":["Gatherer:GatherMaterial+1","Gatherer:Herbalism+1"],"picked":"Gatherer:StoneFence","floor":31},{"not_picked":["Gatherer:ScrollOfPurity","Gatherer:PoisonMastery"],"picked":"Gatherer:BomberForm","floor":33},{"not_picked":["Gatherer:FlowerShield","Gatherer:ScentOfRosmari"],"picked":"Gatherer:QuickSynthesis+1","floor":35},{"not_picked":["Gatherer:CollectorsShot+1","Gatherer:BigPouch","Gatherer:Herbalism+1"],"picked":"SKIP","floor":38},{"not_picked":["Gatherer:WitheringStrike+1","Gatherer:SaveValuables+1"],"picked":"Gatherer:BomberForm","floor":40},{"not_picked":["Gatherer:GlowingPlant","Gatherer:GatherMaterial","Gatherer:Uplift"],"picked":"SKIP","floor":42}],"player_experience":8885,"relics_obtained":[{"floor":2,"key":"Lantern"},{"floor":4,"key":"infinitespire:Beetle Shell"},{"floor":7,"key":"Happy Flower"},{"floor":9,"key":"Anchor"},{"floor":15,"key":"Bag of Preparation"},{"floor":20,"key":"Nilry\u0027s Codex"},{"floor":24,"key":"hubris:SlimyHat"},{"floor":26,"key":"Replay:WaspNest"},{"floor":29,"key":"Quantum Egg"},{"floor":31,"key":"War Paint"},{"floor":40,"key":"Orichalcum"}],"event_choices":[{"cards_removed":["Gatherer:Strike_Gatherer"],"damage_healed":0,"gold_gain":0,"player_choice":"Card Removal","damage_taken":0,"max_hp_gain":0,"max_hp_loss":0,"event_name":"The Cleric","floor":11,"gold_loss":50},{"damage_healed":0,"gold_gain":0,"player_choice":"Obtained Book","damage_taken":16,"max_hp_gain":0,"max_hp_loss":0,"event_name":"Cursed Tome","floor":20,"gold_loss":0},{"damage_healed":0,"gold_gain":0,"player_choice":"Upgraded","damage_taken":0,"max_hp_gain":0,"max_hp_loss":0,"event_name":"Upgrade Shrine","floor":22,"gold_loss":0,"cards_upgraded":["expansioncontent:DashGenerateEvil"]},{"damage_healed":0,"gold_gain":0,"player_choice":"Paid","damage_taken":0,"relics_obtained":["Red Mask"],"max_hp_gain":0,"max_hp_loss":0,"event_name":"Tomb of Lord Red Mask","floor":37,"gold_loss":76},{"cards_removed":["Gatherer:Defend_Gatherer"],"damage_healed":0,"gold_gain":0,"player_choice":"Purged","damage_taken":0,"max_hp_gain":0,"max_hp_loss":0,"event_name":"Purifier","floor":39,"gold_loss":0}],"is_beta":false,"boss_relics":[{"not_picked":["hubris:HollowSoul","Empty Cage"],"picked":"hubris:ScarierMask"},{"not_picked":["ReplayTheSpireMod:DimensionalGlitch","construct:ClawGrip"],"picked":"Cursed Key"}],"items_purged_floors":[28],"is_endless":false,"potions_floor_spawned":[7,8,14,18,24,27,30,31,35,38],"killed_by":"Nemesis","ascension_level":0}}