{"host":"91blwi3hgehj6ch9","time":1610458069,"event":{"mods":["2.2 Compatiblity","AchievementEnabler","BaseMod","Colored Map","DeckTracker","Keyboard Shortcuts","Minty Spire (QoL Compilation)","Permanent Neow","Quick Restart","StSLib","SuperFastMode"],"gold_per_floor":[113,124,124,134,59,94,111,127,127,52,52,68,68,86,86,160,160,130,130],"floor_reached":18,"playtime":511,"items_purged":["Defend_G"],"score":287,"play_id":"35db92d4-f39b-42f7-9b36-7f1a794afb52","local_time":"20210112222749","is_ascension_mode":true,"campfire_choices":[{"floor":13.0,"key":"REST"},{"floor":15.0,"key":"REST"}],"circlet_count":0,"master_deck":["AscendersBane","Strike_G","Strike_G","Defend_G","Defend_G","Defend_G","Survivor","Neutralize","Backflip","Poisoned Stab","Underhanded Strike","Dagger Throw","Footwork","Underhanded Strike","Acrobatics","Reflex","Wraith Form v2"],"relics":["Ring of the Snake","StrikeDummy","CaptainsWheel","Calipers","Runic Pyramid"],"acts_visited":["Exordium","TheCity"],"potions_floor_usage":[],"damage_taken":[{"damage":5.0,"enemies":"2 Louse","floor":1.0,"turns":3.0},{"damage":0.0,"enemies":"Small Slimes","floor":2.0,"turns":5.0},{"damage":0.0,"enemies":"Cultist","floor":4.0,"turns":4.0},{"damage":32.0,"enemies":"Gremlin Nob","floor":6.0,"turns":4.0},{"damage":10.0,"enemies":"Exordium Thugs","floor":7.0,"turns":4.0},{"damage":2.0,"enemies":"3 Louse","floor":8.0,"turns":3.0},{"damage":3.0,"enemies":"Gremlin Gang","floor":12.0,"turns":4.0},{"damage":0.0,"enemies":"Looter","floor":14.0,"turns":3.0},{"damage":9.0,"enemies":"The Guardian","floor":16.0,"turns":15.0},{"damage":9,"enemies":"2 Thieves","floor":18,"turns":2}],"seed_played":"9142914340874796641","potions_obtained":[{"floor":4.0,"key":"Explosive Potion"},{"floor":7.0,"key":"SkillPotion"}],"is_trial":false,"path_per_floor":["M","M","?","M","$","E","M","M","T","?","?","M","R","M","R","B",null,"M"],"character_chosen":"THE_SILENT","items_purchased":[],"campfire_rested":2,"item_purchase_floors":[],"current_hp_per_floor":[54,54,49,49,49,17,7,5,5,5,5,2,20,20,38,29,52,43,43],"gold":130,"neow_bonus":"REMOVE_TWO","is_daily":false,"chose_seed":false,"campfire_upgraded":0,"win_rate":0.0,"timestamp":1610458069,"path_taken":["M","M","?","M","$","E","M","M","T","?","?","M","R","M","R","BOSS","BOSS","M"],"items_purchased_type":[],"build_version":"2020-12-22","purchased_purges":1,"victory":false,"max_hp_per_floor":[60,60,60,60,60,60,60,60,60,60,60,60,60,60,60,60,60,60,60],"card_choices":[{"not_picked":["Deflect","Riddle With Holes"],"picked":"Backflip","floor":1.0},{"not_picked":["Underhanded Strike","Prepared"],"picked":"Poisoned Stab","floor":2.0},{"not_picked":["Sucker Punch","Dodge and Roll"],"picked":"Underhanded Strike","floor":4.0},{"not_picked":["Infinite Blades","Sucker Punch"],"picked":"Dagger Throw","floor":6.0},{"not_picked":["Choke","Burst","Expertise"],"picked":"SKIP","floor":7.0},{"not_picked":["Bouncing Flask","Underhanded Strike"],"picked":"Footwork","floor":8.0},{"not_picked":["Outmaneuver","Blur"],"picked":"Acrobatics","floor":12.0},{"not_picked":["Slice","Riddle With Holes"],"picked":"Reflex","floor":14.0},{"not_picked":["Envenom","Storm of Steel"],"picked":"Wraith Form v2","floor":16}],"player_experience":160456,"relics_obtained":[{"floor":6.0,"key":"CaptainsWheel"},{"floor":9.0,"key":"Calipers"}],"event_choices":[{"damage_healed":0.0,"max_hp_gain":0.0,"max_hp_loss":0.0,"gold_gain":0.0,"event_name":"Scrap Ooze","player_choice":"Success","floor":3.0,"gold_loss":0.0,"damage_taken":5.0,"relics_obtained":["StrikeDummy"]},{"cards_removed":["Strike_G"],"damage_healed":0.0,"max_hp_gain":0.0,"max_hp_loss":0.0,"gold_gain":0.0,"event_name":"The Cleric","player_choice":"Card Removal","floor":10.0,"gold_loss":75.0,"damage_taken":0.0},{"damage_healed":0.0,"max_hp_gain":0.0,"max_hp_loss":0.0,"gold_gain":0.0,"cards_transformed":["Strike_G"],"event_name":"Transmorgrifier","player_choice":"Transformed","floor":11.0,"gold_loss":0.0,"damage_taken":0.0,"cards_obtained":["Underhanded Strike"]}],"is_beta":false,"boss_relics":[{"not_picked":["Philosopher\u0027s Stone","SlaversCollar"],"picked":"Runic Pyramid"}],"items_purged_floors":[5],"is_endless":false,"potions_floor_spawned":[4,7,14],"killed_by":"2 Thieves","ascension_level":15}}