{"host":"mwb0clku6crgv6yl","time":1610458436,"event":{"mods":["AchievementEnabler","BaseMod","Highlight Path","Koishi","Minty Spire (QoL Compilation)","Replay The Spire","StSLib","The Administrix","The Construct","The Cursed","The Gatherer","The Hierophant"],"gold_per_floor":[109,109,126,140,140,173,173,348,348,348,388,388,147,224,224,343,343,364,289,337,375,388,429,489,489,489,338,613,632,17,85,85,211,211,231,245,81,141,141,141,185,254,254,274,274,274,359,417,417,417],"floor_reached":51,"playtime":4278,"items_purged":[],"score":1025,"play_id":"793f8359-82a5-411e-b51a-b6d737597a5f","local_time":"20210112213356","is_ascension_mode":false,"campfire_choices":[{"floor":7,"key":"REST"},{"floor":12,"key":"REST"},{"data":"TheCursedMod:CircleOfFlame","floor":25,"key":"SMITH"},{"floor":32,"key":"DIG"},{"floor":46,"key":"REST"},{"floor":49,"key":"REST"}],"circlet_count":0,"master_deck":["TheCursedMod:CursedWand","TheCursedMod:CleanUpWorkshop","TheCursedMod:Dregs","TheCursedMod:Hemoplague+1","TheCursedMod:CircleOfFlame+1","TheCursedMod:CursedBlade","Injury","TheCursedMod:CursedStaff","Looming Evil","TheCursedMod:DarkBarrier+1","TheCursedMod:SpitefulPray","TheCursedMod:DemonicPact","TheCursedMod:Evocation","TheCursedMod:BlessingInDisguise+1","TheCursedMod:StingEye+1","TheCursedMod:HellfireBreathing+1","TheCursedMod:WearCloak","TheCursedMod:Evocation","TheCursedMod:AntiAging","TheCursedMod:SpitefulPlan","Regret","TheCursedMod:OutForBlood","TheCursedMod:ManaBullet","TheCursedMod:Stigma+1","TheCursedMod:CircleOfAbyss","TheCursedMod:SpitefulPray","TheCursedMod:FleshFromBone","TheCursedMod:NeowsMight","TheCursedMod:CursedBlade","TheCursedMod:CursedShiv+1","TheCursedMod:VoidForm","TheCursedMod:EmpowerCircles+1","Writhe","TheCursedMod:CircleOfWindfury","TheCursedMod:SoulCrush","TheCursedMod:CircleOfCorruption","TheCursedMod:CursedBoomerang","TheCursedMod:ManaBullet+1","TheCursedMod:CircleOfFlame+1","TheCursedMod:CursedMace"],"relics":["TheCursedMod:OminousMark","Golden Idol","Dead Branch","Incense Burner","ReplayTheSpireMod:Ring of Challenge","ReplayTheSpireMod:Ring of Addiction","Chameleon Ring","Potion Belt","Guide Book","Quantum Egg","Honey Jar","Pet Ghost","Red Mask","Replay:PocketPolymizer","TheCursedMod:BloodyHarpoon","Shuriken","ClockworkSouvenir","Tiny Chest","Anchor","Pandora\u0027s Box","Ancient Tea Set","Oddly Smooth Stone","Mango","Mercury Hourglass","ReplayTheSpireMod:Ninjato"],"acts_visited":["Exordium","TheCity","TheBeyond"],"potions_floor_usage":[11,16,18,24,33,36,42,47,50,50,50,50,50],"damage_taken":[{"damage":4,"enemies":"Jaw Worm","floor":1,"turns":4},{"damage":4,"enemies":"Cultist","floor":3,"turns":4},{"damage":5,"enemies":"2 Louse","floor":4,"turns":3},{"damage":39,"enemies":"3 Sentries","floor":6,"turns":9},{"damage":3,"enemies":"2 Fungi Beasts","floor":11,"turns":2},{"damage":4,"enemies":"Fading Forest","floor":16,"turns":11},{"damage":2,"enemies":"Spheric Guardian","floor":18,"turns":4},{"damage":0,"enemies":"Masked Bandits","floor":21,"turns":3},{"damage":9,"enemies":"Shell Parasite","floor":22,"turns":5},{"damage":0,"enemies":"Book of Stabbing","floor":23,"turns":4},{"damage":4,"enemies":"Cultist and Chosen","floor":24,"turns":3},{"damage":0,"enemies":"Snake Plant","floor":29,"turns":3},{"damage":6,"enemies":"Sentry and Sphere","floor":31,"turns":3},{"damage":1,"enemies":"Automaton","floor":33,"turns":6},{"damage":0,"enemies":"3 Shapes","floor":35,"turns":2},{"damage":1,"enemies":"Orb Walker","floor":36,"turns":2},{"damage":5,"enemies":"Maw","floor":38,"turns":6},{"damage":12,"enemies":"Giant Head","floor":41,"turns":5},{"damage":11,"enemies":"Transient","floor":42,"turns":5},{"damage":38,"enemies":"4 Shapes","floor":44,"turns":4},{"damage":4,"enemies":"Nemesis","floor":47,"turns":3},{"damage":0,"enemies":"Jaw Worm Horde","floor":48,"turns":4},{"damage":14,"enemies":"Donu and Deca","floor":50,"turns":3}],"seed_played":"-4737585002384544275","potions_obtained":[{"floor":3,"key":"Explosive Potion"},{"floor":4,"key":"Cursed Concoction"},{"floor":10,"key":"FearPotion"},{"floor":10,"key":"TheCursedMod:DregsPotion"},{"floor":10,"key":"Swift Potion"},{"floor":11,"key":"Adrenaline Potion"},{"floor":18,"key":"SteroidPotion"},{"floor":31,"key":"SkillPotion"},{"floor":33,"key":"Venom Potion"},{"floor":40,"key":"Explosive Potion"},{"floor":40,"key":"Energy Potion"},{"floor":42,"key":"ColorlessPotion"},{"floor":44,"key":"ColorlessPotion"},{"floor":47,"key":"ColorlessPotion"},{"floor":48,"key":"BlessingOfTheForge"}],"is_trial":false,"path_per_floor":["M","?","M","M","?","E","R","?","T","?","M","R","$","T","R","B",null,"M","?","T","?","M","E","M","R","T","$","?","M","$","M","R","B",null,"M","M","$","M","?","R","E","M","T","M","T","R","E","M","R","B",null],"character_chosen":"THE_CURSED","items_purchased":["FairyPotion","Guide Book","TheCursedMod:AntiAging","TheCursedMod:SpitefulPlan","Shuriken","ClockworkSouvenir","Tiny Chest","TheCursedMod:ManaBullet","TheCursedMod:VoidForm"],"campfire_rested":4,"item_purchase_floors":[13,13,27,27,30,30,30,30,37],"current_hp_per_floor":[71,71,67,62,62,23,45,45,45,45,42,64,64,64,64,73,73,71,71,71,71,62,62,58,58,58,58,58,60,60,54,54,53,69,71,70,70,67,73,71,61,52,66,28,28,54,50,52,78,66],"gold":417,"neow_bonus":"BOSS_RELIC","is_daily":false,"chose_seed":false,"campfire_upgraded":1,"win_rate":0.0,"timestamp":1610458436,"path_taken":["M","?","?","?","?","E","R","?","T","?","M","R","$","?","R","BOSS","M","?","?","?","M","E","M","R","T","$","?","M","$","M","R","BOSS","M","M","?","M","?","R","E","?","T","M","?","R","E","?","R","BOSS"],"items_purchased_type":["Potion","Relic","Card","Card","Relic","Relic","Relic","Card","Card"],"build_version":"2020-12-22","purchased_purges":0,"victory":true,"max_hp_per_floor":[75,75,75,75,75,75,75,75,75,75,75,75,75,75,73,73,73,73,73,73,73,71,71,71,71,71,71,69,71,71,69,69,69,69,71,71,71,73,73,71,73,75,89,89,89,87,87,89,89,91],"card_choices":[{"not_picked":["TheCursedMod:CircleOfFocus","TheCursedMod:WearCloak"],"picked":"TheCursedMod:Hemoplague","floor":1},{"not_picked":["TheCursedMod:Wield","TheCursedMod:HellfireBreathing"],"picked":"TheCursedMod:CircleOfFlame","floor":3},{"not_picked":["TheCursedMod:CircleOfBlood","TheCursedMod:SmokeScreen"],"picked":"TheCursedMod:CursedBlade","floor":4},{"not_picked":["TheCursedMod:Torture","TheCursedMod:SmokeScreen"],"picked":"TheCursedMod:CursedStaff","floor":6},{"not_picked":["TheCursedMod:RavingStaff","TheCursedMod:Obscuration"],"picked":"TheCursedMod:DarkBarrier","floor":11},{"not_picked":["TheCursedMod:ForbiddenAlchemy","TheCursedMod:ShockAndAwe"],"picked":"TheCursedMod:DemonicPact","floor":16},{"not_picked":["TheCursedMod:FuryStrike","TheCursedMod:CursedAmulet","TheCursedMod:Wield"],"picked":"TheCursedMod:Evocation","floor":18},{"not_picked":["TheCursedMod:SurpriseAttack","TheCursedMod:PrepareRite+1","TheCursedMod:CircleOfFocus+1"],"picked":"TheCursedMod:BlessingInDisguise+1","floor":21},{"not_picked":["TheCursedMod:Wield","TheCursedMod:Evocation+1","TheCursedMod:CursedSpellbook"],"picked":"TheCursedMod:StingEye+1","floor":22},{"not_picked":["TheCursedMod:Hemoplague","TheCursedMod:CursedBlade","TheCursedMod:StingEye"],"picked":"TheCursedMod:HellfireBreathing+1","floor":23},{"not_picked":["TheCursedMod:CircleOfFocus+1","TheCursedMod:Mangle","TheCursedMod:RapidMovement"],"picked":"TheCursedMod:WearCloak","floor":24},{"not_picked":["TheCursedMod:CircleOfCorruption","TheCursedMod:Torture","TheCursedMod:SpitefulPray"],"picked":"TheCursedMod:OutForBlood","floor":29},{"not_picked":["TheCursedMod:CursedShiv","TheCursedMod:SoulCrush+1","TheCursedMod:SpitefulStrike"],"picked":"TheCursedMod:Stigma+1","floor":31},{"not_picked":["TheCursedMod:ForbiddenAlchemy","TheCursedMod:DemonicPact","TheCursedMod:ShockAndAwe"],"picked":"TheCursedMod:CircleOfAbyss","floor":33},{"not_picked":["TheCursedMod:BlessingInDisguise","TheCursedMod:SurpriseAttack+1","TheCursedMod:Stretching+1"],"picked":"TheCursedMod:CursedBlade","floor":35},{"not_picked":["TheCursedMod:RavingStaff+1","TheCursedMod:SmokeScreen+1","TheCursedMod:SpitefulStrike+1"],"picked":"TheCursedMod:CursedShiv+1","floor":36},{"not_picked":["TheCursedMod:LuckyCharm","TheCursedMod:CursedBlade+1","TheCursedMod:DarkBarrier"],"picked":"TheCursedMod:EmpowerCircles+1","floor":38},{"not_picked":["TheCursedMod:FuryStrike+1","TheCursedMod:Stretching","TheCursedMod:RavingStaff+1"],"picked":"TheCursedMod:SoulCrush","floor":41},{"not_picked":["TheCursedMod:AshesToAshes","TheCursedMod:Obscuration+1","TheCursedMod:Stigma"],"picked":"TheCursedMod:CircleOfCorruption","floor":42},{"not_picked":["TheCursedMod:SaltUponWound+1","TheCursedMod:BlessingInDisguise+1","TheCursedMod:TacticalStrike+1"],"picked":"TheCursedMod:CursedBoomerang","floor":44},{"not_picked":["TheCursedMod:ShockAndAwe","TheCursedMod:AshesToAshes+1","TheCursedMod:RapidMovement+1"],"picked":"TheCursedMod:ManaBullet+1","floor":47},{"not_picked":["TheCursedMod:Torture","TheCursedMod:FuryStrike","TheCursedMod:Obscuration+1"],"picked":"TheCursedMod:CircleOfFlame+1","floor":48}],"player_experience":267723,"relics_obtained":[{"floor":6,"key":"Dead Branch"},{"floor":9,"key":"Incense Burner"},{"floor":10,"key":"ReplayTheSpireMod:Ring of Challenge"},{"floor":10,"key":"ReplayTheSpireMod:Ring of Addiction"},{"floor":10,"key":"Chameleon Ring"},{"floor":10,"key":"Potion Belt"},{"floor":14,"key":"Quantum Egg"},{"floor":20,"key":"Pet Ghost"},{"floor":21,"key":"Red Mask"},{"floor":23,"key":"Replay:PocketPolymizer"},{"floor":26,"key":"TheCursedMod:BloodyHarpoon"},{"floor":32,"key":"Anchor"},{"floor":38,"key":"Ancient Tea Set"},{"floor":41,"key":"Oddly Smooth Stone"},{"floor":43,"key":"Mango"},{"floor":45,"key":"Mercury Hourglass"},{"floor":47,"key":"ReplayTheSpireMod:Ninjato"}],"event_choices":[{"cards_removed":["TheCursedMod:Defend_TheCursed"],"damage_healed":0,"gold_gain":0,"player_choice":"Purged","damage_taken":0,"max_hp_gain":0,"max_hp_loss":0,"event_name":"Purifier","floor":2,"gold_loss":0},{"damage_healed":0,"gold_gain":0,"player_choice":"Take Wound","damage_taken":0,"relics_obtained":["Golden Idol"],"max_hp_gain":0,"max_hp_loss":0,"event_name":"Golden Idol","floor":5,"gold_loss":0,"cards_obtained":["Injury"]},{"damage_healed":0,"gold_gain":175,"player_choice":"AGREE","damage_taken":0,"max_hp_gain":0,"max_hp_loss":0,"event_name":"Liars Game","floor":8,"gold_loss":0,"cards_obtained":["Doubt"]},{"cards_removed":["Doubt"],"damage_healed":0,"gold_gain":0,"player_choice":"Gave Gold","damage_taken":0,"max_hp_gain":0,"max_hp_loss":0,"event_name":"Beggar","floor":19,"gold_loss":75},{"damage_healed":0,"gold_gain":0,"player_choice":"Fought Bandits","damage_taken":0,"max_hp_gain":0,"max_hp_loss":0,"event_name":"Masked Bandits","floor":21,"gold_loss":0},{"damage_healed":0,"gold_gain":275,"player_choice":"Desecrate","damage_taken":0,"max_hp_gain":0,"max_hp_loss":0,"event_name":"Golden Shrine","floor":28,"gold_loss":0,"cards_obtained":["Regret"]},{"damage_healed":18,"gold_gain":0,"player_choice":"Writhe","damage_taken":0,"max_hp_gain":0,"max_hp_loss":0,"event_name":"Winding Halls","floor":39,"gold_loss":0,"cards_obtained":["Writhe"]}],"is_beta":false,"boss_relics":[{"not_picked":["Runic Dome","Kintsugi"],"picked":"Honey Jar"},{"not_picked":["Replay:Drink Me","Astrolabe"],"picked":"Pandora\u0027s Box"}],"items_purged_floors":[],"is_endless":false,"potions_floor_spawned":[3,4,11,18,31,33,42,44,47,48],"ascension_level":0}}