{"host":"xkfvvb2eqyo6l3km","time":1610481633,"event":{"mods":["AchievementEnabler","BaseMod","Better Third Choice","BetterRewards","Colored Map","Colored Powertips","DeckTracker","Energized Spire","Force Act Four","Jorbs\u0027s Wanderer Trilogy","Minty Spire (QoL Compilation)","Permanent Neow","Spicy Shops","StSLib","The Blackbeard","The Blue Laboratory","The Disciple","The Hierophant","The Necromancer","The Sage","The Valiant","vexMod"],"gold_per_floor":[117,127,127,146,146,146,146],"floor_reached":6,"language":"ENG","playtime":184,"items_purged":[],"score":36,"play_id":"c9d1998d-c69a-43e7-a28c-fd22361094d5","local_time":"20210112180033","is_ascension_mode":false,"campfire_choices":[],"circlet_count":0,"master_deck":["Strike_B","Strike_B","Strike_B","Defend_B","Defend_B","Defend_B","Zap","Dualcast","Redo","Genetic Algorithm","Cold Snap"],"relics":["Cracked Core","Golden Idol"],"acts_visited":["Exordium"],"potions_floor_usage":[],"damage_taken":[{"damage":0,"enemies":"2 Louse","floor":1,"turns":1},{"damage":7,"enemies":"Jaw Worm","floor":2,"turns":4},{"damage":6,"enemies":"Cultist","floor":4,"turns":3},{"damage":59,"enemies":"Gremlin Nob","floor":6,"turns":4}],"seed_played":"-9036660354627200329","potions_obtained":[],"is_trial":false,"path_per_floor":["M","M","?","M","?","E"],"character_chosen":"DEFECT","items_purchased":[],"campfire_rested":0,"item_purchase_floors":[],"current_hp_per_floor":[75,68,68,62,44,0,0],"gold":146,"neow_bonus":"REMOVE_CARD","is_daily":false,"chose_seed":false,"campfire_upgraded":0,"win_rate":0.0,"timestamp":1610481633,"path_taken":["M","M","?","M","?","E"],"items_purchased_type":[],"build_version":"2020-12-22","purchased_purges":0,"victory":false,"max_hp_per_floor":[75,75,75,75,75,75,75],"card_choices":[{"not_picked":["Sweeping Beam","Beam Cell"],"picked":"Redo","floor":1},{"not_picked":["Compile Driver","Sweeping Beam"],"picked":"Genetic Algorithm","floor":2},{"not_picked":["Aggregate","Steam"],"picked":"Cold Snap","floor":4}],"player_experience":262918,"relics_obtained":[],"event_choices":[{"cards_removed":["Defend_B"],"damage_healed":0,"gold_gain":0,"player_choice":"Forget","damage_taken":0,"max_hp_gain":0,"max_hp_loss":0,"event_name":"Living Wall","floor":3,"gold_loss":0},{"damage_healed":0,"gold_gain":0,"player_choice":"Take Damage","damage_taken":18,"relics_obtained":["Golden Idol"],"max_hp_gain":0,"max_hp_loss":0,"event_name":"Golden Idol","floor":5,"gold_loss":0}],"is_beta":false,"boss_relics":[],"items_purged_floors":[],"is_endless":false,"potions_floor_spawned":[],"killed_by":"Gremlin Nob","ascension_level":0}}