{"host":"6qlyo3f7299xjl3s","time":1610458509,"event":{"mods":["Act Like it!","BaseMod","Better Match","Better Vampires","BetterRewards","Card Forge","Colored Map","Colored Powertips","Custom Start","Downfall","Hermit","Highlight Path","Minty Spire (QoL Compilation)","Permanent Neow","Shop Mod","StSLib","The Bug Knight","The Cursed","The Jungle","The Servant 0.9.4","Unceasing Turn Reminder","slay the spire mod where everything is the same but ironclad has a cowboy hat"],"gold_per_floor":[109,121,141,151,151,183,183,183,483,483,514,535,576,651,651,782,782,795,814,834,849,873,909,507,507,507,551,576,601,616,616,616,736,736,756,756,756,780,780,780,821,834,834,867,886,886,886,886],"floor_reached":47,"playtime":5274,"items_purged":[],"score":649,"play_id":"ef22ae76-0e8c-4b1a-86b8-a1263df1169b","local_time":"20210112143509","is_ascension_mode":false,"campfire_choices":[{"floor":8,"key":"RECALL"},{"floor":10,"key":"REST"},{"floor":15,"key":"REST"},{"floor":25,"key":"REST"},{"floor":32,"key":"REST"},{"floor":40,"key":"REST"}],"circlet_count":0,"master_deck":["HollowMod:FocusHealStart+1","HollowMod:PogoStrike+1","HollowMod:LordofShades+1","HollowMod:DashSlash+1","HollowMod:DashSlash+1","HollowMod:DashSlash+1","HollowMod:DashSlash+1","HollowMod:DashSlash+1","HollowMod:DashSlash+1","HollowMod:DashSlash+1","HollowMod:DashSlash+1","HollowMod:DescendingDark+1","HollowMod:ShadowDash+1","HollowMod:SiblingsShadow+1","HollowMod:SharpenedShadows+1","HollowMod:VengefulVoid+1","HollowMod:VoidDash+1","HollowMod:VengefulVoid+1","HollowMod:DescendingDark+1","HollowMod:AbyssShriek+1","HollowMod:VengefulVoid+1","HollowMod:SiblingsShadow+1","HollowMod:SharpenedShadows+1","HollowMod:SharpenedShadows+1","HollowMod:VengefulVoid+1","HollowMod:SiblingsShadow+1"],"relics":["HollowMod:VesselMask","Hammer of Thor","Seething Fire","Anvil of the Gods","Bottled Flame","Golden Idol","Old Coin","Prayer Wheel","Peace Pipe","Philosopher\u0027s Stone","Dream Catcher","ClockworkSouvenir","Pantograph","Lantern","Bag of Preparation","Velvet Choker","White Beast Statue","Toxic Egg 2","Mango"],"acts_visited":["Exordium","TheCity","TheBeyond"],"potions_floor_usage":[20,33,44,44],"damage_taken":[{"damage":0.0,"enemies":"Cultist","floor":1.0,"turns":3.0},{"damage":0.0,"enemies":"2 Louse","floor":2.0,"turns":1.0},{"damage":0.0,"enemies":"Small Slimes","floor":3.0,"turns":2.0},{"damage":6.0,"enemies":"HollowMod:HuskWarrior","floor":4.0,"turns":4.0},{"damage":20,"enemies":"3 Sentries","floor":6,"turns":7},{"damage":18,"enemies":"Lagavulin","floor":11,"turns":7},{"damage":8,"enemies":"Large Slime","floor":12,"turns":4},{"damage":13,"enemies":"Gremlin Nob","floor":13,"turns":5},{"damage":15,"enemies":"Slime Boss","floor":16,"turns":11},{"damage":10,"enemies":"Shell Parasite","floor":18,"turns":4},{"damage":5,"enemies":"HollowMod:HuskSentry","floor":19,"turns":3},{"damage":48,"enemies":"Snake Plant","floor":20,"turns":3},{"damage":9,"enemies":"Snecko","floor":21,"turns":3},{"damage":2,"enemies":"Chosen and Byrds","floor":22,"turns":4},{"damage":18,"enemies":"Gremlin Leader","floor":23,"turns":4},{"damage":15,"enemies":"Book of Stabbing","floor":27,"turns":3},{"damage":28,"enemies":"Snake Plant","floor":28,"turns":3},{"damage":11,"enemies":"Shelled Parasite and Fungi","floor":29,"turns":3},{"damage":0,"enemies":"3 Cultists","floor":30,"turns":3},{"damage":40,"enemies":"HollowMod:NKGrimm","floor":33,"turns":6},{"damage":16,"enemies":"3 Shapes","floor":35,"turns":3},{"damage":9,"enemies":"Orb Walker","floor":38,"turns":3},{"damage":18,"enemies":"Giant Head","floor":41,"turns":6},{"damage":26,"enemies":"HollowMod:SlobberingHusk","floor":42,"turns":6},{"damage":15,"enemies":"Nemesis","floor":44,"turns":5},{"damage":33,"enemies":"Sphere and 2 Shapes","floor":45,"turns":3},{"damage":20,"enemies":"Reptomancer","floor":47,"turns":2}],"seed_played":"7201367839070979993","potions_obtained":[{"floor":2.0,"key":"DuplicationPotion"},{"floor":6,"key":"hexamod:EctoCoolerPotion"},{"floor":12,"key":"Dexterity Potion"},{"floor":16,"key":"DuplicationPotion"},{"floor":20,"key":"FairyPotion"},{"floor":29,"key":"SteroidPotion"},{"floor":38,"key":"Swift Potion"},{"floor":44,"key":"EntropicBrew"},{"floor":45,"key":"Guardian:BlockOnCardUsePotion"}],"is_trial":false,"path_per_floor":["M","M","M","M","$","E","?","R","T","R","E","M","E","?","R","B",null,"M","M","M","M","M","E","$","R","T","E","M","M","M","?","R","B",null,"M","?","?","M","T","R","E","M","T","E","M","?","E"],"character_chosen":"THE_BUGKNIGHT","items_purchased":["ClockworkSouvenir","Pantograph"],"campfire_rested":5,"item_purchase_floors":[24,24],"current_hp_per_floor":[82,82,82,80,80,70,70,70,70,82,70,72,65,57,81,73,82,72,67,19,16,20,8,8,32,32,17,14,3,3,3,27,18,82,66,82,82,73,73,82,64,44,44,49,16,16,0,0],"gold":886,"neow_bonus":"TEN_PERCENT_HP_BONUS","is_daily":false,"chose_seed":false,"campfire_upgraded":0,"win_rate":0.0,"timestamp":1610458509,"path_taken":["M","?","?","?","$","E","?","R","T","R","E","M","E","?","R","BOSS","M","?","M","M","M","E","$","R","T","E","M","M","M","?","R","BOSS","M","?","?","M","?","R","E","M","T","E","M","?","E"],"items_purchased_type":["Relic","Relic"],"build_version":"2020-12-22","purchased_purges":0,"victory":false,"max_hp_per_floor":[82,82,82,82,82,82,82,82,82,82,82,82,82,82,82,82,82,82,82,82,82,82,82,82,82,82,82,82,82,82,82,82,82,82,82,82,82,82,82,82,82,82,82,96,96,96,96,96],"card_choices":[{"not_picked":["HollowMod:SharpenedNail","HollowMod:TaintedHusks"],"picked":"HollowMod:InfectedCysts","floor":1.0},{"not_picked":["HollowMod:MawleksShell","HollowMod:SharpenedNail"],"picked":"HollowMod:HeavyBlow","floor":2.0},{"not_picked":["HollowMod:WraithStrike","HollowMod:HeavyBlow"],"picked":"HollowMod:CrystalDash","floor":3.0},{"not_picked":["HollowMod:SiblingsSouls","HollowMod:ChannelNail"],"picked":"HollowMod:DungDefenderAura","floor":4.0},{"not_picked":["HollowMod:SiblingsSouls","HollowMod:ShadowDash"],"picked":"HollowMod:CycloneSlash","floor":6},{"not_picked":["HollowMod:HeavyBlow","HollowMod:CycloneSlash"],"picked":"HollowMod:BrokenVessel","floor":11},{"not_picked":["HollowMod:GreatSlash","HollowMod:SiblingsShadow"],"picked":"HollowMod:Weaversong","floor":12},{"not_picked":["HollowMod:SharpenedNail","HollowMod:PerfectDash"],"picked":"HollowMod:ChannelNail","floor":12},{"not_picked":["HollowMod:TaintedHusks","HollowMod:PerfectDash"],"picked":"HollowMod:DashSlash","floor":13},{"not_picked":["HollowMod:Hiveblood","HollowMod:HornetsHelp"],"picked":"HollowMod:LordofShades","floor":16},{"not_picked":["HollowMod:LifebloodCocoon+1","HollowMod:HowlingWraiths+1"],"picked":"HollowMod:VengefulVoid","floor":18},{"not_picked":["HollowMod:BaldurShell","HollowMod:SoulEater+1","HollowMod:SoulSplash+1"],"picked":"SKIP","floor":18},{"not_picked":["HollowMod:SoulStrike","HollowMod:CornifersMapStart","HollowMod:BaldurShell"],"picked":"SKIP","floor":19},{"not_picked":["HollowMod:SoulShaman+1","HollowMod:CornifersMapStart","HollowMod:BaldurShell+1"],"picked":"SKIP","floor":19},{"not_picked":["HollowMod:ChannelNail","HollowMod:DashSlash"],"picked":"HollowMod:DescendingDark","floor":20},{"not_picked":["HollowMod:CoiledNail+1","HollowMod:SoulShaman","HollowMod:PerfectDash"],"picked":"SKIP","floor":20},{"not_picked":["HollowMod:VoidDash","HollowMod:GoodIntentions+1"],"picked":"HollowMod:AbyssShriek+1","floor":21},{"not_picked":["HollowMod:SharpenedNail","HollowMod:NewLittleFool","HollowMod:SoulStrike"],"picked":"SKIP","floor":21},{"not_picked":["HollowMod:FallenFury+1","HollowMod:Grubsong"],"picked":"HollowMod:VengefulVoid","floor":22},{"not_picked":["HollowMod:CloakDash","HollowMod:VengefulSpirit+1","HollowMod:DescendingDark"],"picked":"SKIP","floor":22},{"not_picked":["HollowMod:PureNailStrike+1","HollowMod:CloakDash+1","HollowMod:VengefulSpirit+1"],"picked":"SKIP","floor":23},{"not_picked":["HollowMod:GreatSlash+1","HollowMod:ChannelNail"],"picked":"HollowMod:SiblingsShadow","floor":25},{"not_picked":["HollowMod:DreamGate","HollowMod:SoulShaman"],"picked":"HollowMod:SharpenedShadows","floor":27},{"not_picked":["HollowMod:DoubleDash+1","HollowMod:PerfectDash","HollowMod:CloakDash+1"],"picked":"SKIP","floor":28},{"not_picked":["HollowMod:InfectedCysts","HollowMod:SharpenedNail+1","HollowMod:HeavyBlow"],"picked":"SKIP","floor":28},{"not_picked":["HollowMod:AbyssShriek","HollowMod:NewGlowingWomb","HollowMod:VengefulSpirit"],"picked":"SKIP","floor":29},{"not_picked":["HollowMod:NewGlowingWomb","HollowMod:CoiledNail","HollowMod:TaintedHusks+1"],"picked":"SKIP","floor":29},{"not_picked":["HollowMod:TaintedHusks","HollowMod:BrokenVessel"],"picked":"HollowMod:SharpenedShadows","floor":30},{"not_picked":["HollowMod:GoodIntentions","HollowMod:DesolateDive","HollowMod:SharpenedNail"],"picked":"SKIP","floor":30},{"not_picked":["HollowMod:DescendingDark","HollowMod:InfectedCysts"],"picked":"HollowMod:VengefulVoid+1","floor":35},{"not_picked":["HollowMod:SharpenedShadows+1","HollowMod:DungDefenderAura+1","HollowMod:HowlingWraiths"],"picked":"SKIP","floor":35},{"not_picked":["HollowMod:GoodIntentions+1","HollowMod:TaintedHusks+1","HollowMod:InfectedAttack"],"picked":"SKIP","floor":38},{"not_picked":["HollowMod:HuntersJournal+1","HollowMod:SiblingsSouls","HollowMod:InfectionAssault+1"],"picked":"SKIP","floor":38},{"not_picked":["HollowMod:LifebloodCore","HollowMod:PureVessel","HollowMod:GreatSlash"],"picked":"SKIP","floor":41},{"not_picked":["HollowMod:RecoilStrike","HollowMod:InfectedAttack","HollowMod:NewLittleFool+1"],"picked":"SKIP","floor":42},{"not_picked":["HollowMod:NewJinnsSoul+1","HollowMod:InfectedCysts+1","HollowMod:NewLittleFool"],"picked":"SKIP","floor":42},{"not_picked":["HollowMod:SoulSplash+1","HollowMod:SoulStrike+1"],"picked":"HollowMod:SiblingsShadow+1","floor":44},{"not_picked":["HollowMod:CornifersMapStart+1","HollowMod:SoulSplash+1","HollowMod:NewGlowingWomb+1"],"picked":"SKIP","floor":45},{"not_picked":["HollowMod:PureNailStrike","HollowMod:NewJinnsSoul+1","HollowMod:CornifersMapStart+1"],"picked":"SKIP","floor":45}],"player_experience":123549,"relics_obtained":[{"floor":6,"key":"Bottled Flame"},{"floor":9,"key":"Old Coin"},{"floor":11,"key":"Prayer Wheel"},{"floor":13,"key":"Peace Pipe"},{"floor":23,"key":"Dream Catcher"},{"floor":26,"key":"Lantern"},{"floor":27,"key":"Bag of Preparation"},{"floor":41,"key":"White Beast Statue"},{"floor":43,"key":"Toxic Egg 2"},{"floor":44,"key":"Mango"}],"event_choices":[{"damage_healed":0,"gold_gain":0,"player_choice":"Take Wound","damage_taken":0,"relics_obtained":["Golden Idol"],"max_hp_gain":0,"max_hp_loss":0,"event_name":"Golden Idol","floor":7,"gold_loss":0,"cards_obtained":["Injury"]},{"damage_healed":0,"gold_gain":75,"player_choice":"Touch","damage_taken":8,"max_hp_gain":0,"max_hp_loss":0,"event_name":"FaceTrader","floor":14,"gold_loss":0},{"damage_healed":0,"gold_gain":0,"player_choice":"Ignored","damage_taken":0,"max_hp_gain":0,"max_hp_loss":0,"event_name":"Beggar","floor":31,"gold_loss":0},{"cards_removed":["HollowMod:DashSlash"],"damage_healed":0,"gold_gain":0,"player_choice":"Removed Attack","damage_taken":0,"max_hp_gain":0,"max_hp_loss":0,"event_name":"Falling","floor":37,"gold_loss":0},{"damage_healed":0,"gold_gain":0,"player_choice":"Ignored","damage_taken":0,"max_hp_gain":0,"max_hp_loss":0,"event_name":"Mysterious Sphere","floor":46,"gold_loss":0}],"is_beta":false,"boss_relics":[{"not_picked":["SlaversCollar","Ectoplasm"],"picked":"Philosopher\u0027s Stone"},{"not_picked":["Calling Bell","Tiny House"],"picked":"Velvet Choker"}],"items_purged_floors":[],"is_endless":false,"potions_floor_spawned":[2,6,12,16,20,22,23,27,29,30,38,41,42,44,45],"killed_by":"Reptomancer","ascension_level":0}}