{"host":"dhr6iszse2qz12e2","time":1610442303,"event":{"mods":["A Magickal Journey","Act Like it!","BaseMod","BetterRewards","Colored Map","Downfall","Gensokyo","Hubris","Infinite Spire","Marisa????????","Minty Spire (QoL Compilation)","Permanent Neow","Quick Restart","Replay The Spire","Shop Mod","StSLib","The Animator","The Cursed","The Hierophant","The IronCluck","The Jungle","everything is the same but u backflip on backflip","slay the spire mod where everything is the same but ironclad has a cowboy hat"],"gold_per_floor":[110,15,32,32,358,358,495,495,495,470,470,425,425,406,406,473,473,491,286,223,505,425,628,628,579,579,579,579,579,599,599,599,683,683,696,696,560,560,560,544,544,544,544,810,835,706,706,706,706,707,707,705,705,705],"floor_reached":53,"playtime":3588,"items_purged":[],"score":1562,"play_id":"15c42dcc-49d7-4be2-b3dd-6f55c6439ba5","local_time":"20210112110503","is_ascension_mode":true,"campfire_choices":[{"data":"hierophant:Remorse","floor":6,"key":"SMITH"},{"data":"hierophant:Levitation","floor":8,"key":"SMITH"},{"data":"hierophant:Remorse","floor":11,"key":"SMITH"},{"floor":15,"key":"REST"},{"data":"hierophant:CursedGold","floor":24,"key":"SMITH"},{"floor":28,"key":"REST"},{"floor":32,"key":"RECALL"},{"data":"hierophant:Generosity","floor":43,"key":"SMITH"},{"floor":49,"key":"REST"},{"data":"hierophant:AuricForm","floor":51,"key":"SMITH"}],"circlet_count":0,"master_deck":["hierophant:Strike_Hierophant","hierophant:Strike_Hierophant","hierophant:Strike_Hierophant","hierophant:Strike_Hierophant","hierophant:Punish","hierophant:Defend_Hierophant","hierophant:Defend_Hierophant","hierophant:Defend_Hierophant+1","hierophant:Defend_Hierophant","hierophant:ChurchCoffers","hierophant:Doubloon","hierophant:Charity+1","hierophant:Doubloon+1","hierophant:Remorse+1","hierophant:Levitation+1","hierophant:Doubloon","hierophant:Remorse+1","hierophant:Embezzle","hierophant:Doubloon","hierophant:Generosity+1","hierophant:OrnateBuckler+1","hierophant:Remorse","hierophant:CursedGold+1","hierophant:Doubloon","hierophant:Purify","hierophant:Doubloon","hierophant:CoinFling+1","hierophant:AuricForm+1","hierophant:Zeal+1","hierophant:AuricBeam+1","hierophant:AuricShield","infinitespire:Starlight","hierophant:AuricForm"],"relics":["hierophant:PropheticMaskRelic","WingedGreaves","Kunai","Strawberry","Omamori","War Paint","Regal Pillow","Lizard Tail","Bird Faced Urn","hubris:RunicObelisk","Potion Belt","Bronze Scales","Gambling Chip","Toy Ornithopter","Thread and Needle","hubris:GlazedTorus","Incense Burner","Philosopher\u0027s Stone","ReplayTheSpireMod:Ring of Collecting","Ring of Misfortune","infinitespire:PuzzleCube","Orichalcum","Vajra","Juzu Bracelet","InkBottle","Gensokyo:TheCrow","ReplayTheSpireMod:TigerMarble","Pear","StoneCalendar"],"acts_visited":["Gensokyo:Gensokyo","Gensokyo:Gensokyoer","Gensokyo:Gensokyoest","Exordium"],"potions_floor_usage":[7,10,12,23,23,33,40,52],"damage_taken":[{"damage":9,"enemies":"Gensokyo:Gryphon","floor":1,"turns":5},{"damage":6,"enemies":"Gensokyo:3_Fairies","floor":3,"turns":5},{"damage":21,"enemies":"Gensokyo:Python","floor":5,"turns":6},{"damage":9,"enemies":"Gensokyo:Mamizou","floor":7,"turns":9},{"damage":10,"enemies":"Gensokyo:Aya","floor":10,"turns":6},{"damage":9,"enemies":"Gensokyo:Mamizou","floor":12,"turns":5},{"damage":5,"enemies":"Gensokyo:Aya","floor":14,"turns":6},{"damage":23,"enemies":"Gensokyo:Kokoro","floor":16,"turns":11},{"damage":30,"enemies":"Gensokyo:2_Gloops","floor":18,"turns":5},{"damage":21,"enemies":"Gensokyo:CosmicMonolith","floor":20,"turns":5},{"damage":8,"enemies":"Gensokyo:Wraith","floor":21,"turns":4},{"damage":6,"enemies":"Gensokyo:Tenshi","floor":23,"turns":4},{"damage":23,"enemies":"Gensokyo:Slime_Group","floor":25,"turns":4},{"damage":2,"enemies":"Gensokyo:Reisen","floor":29,"turns":5},{"damage":12,"enemies":"Gensokyo:Koishi","floor":30,"turns":6},{"damage":12,"enemies":"Gensokyo:Kaguya","floor":33,"turns":4},{"damage":5,"enemies":"Gensokyo:3_Bats","floor":35,"turns":2},{"damage":21,"enemies":"Gensokyo:Doremy","floor":40,"turns":5},{"damage":14,"enemies":"Gensokyo:Kasen","floor":44,"turns":4},{"damage":30,"enemies":"Nightmare","floor":46,"turns":3},{"damage":20,"enemies":"Gensokyo:Kasen","floor":50,"turns":4},{"damage":0,"enemies":"Gensokyo:Scarlet_Devils","floor":52,"turns":5}],"seed_played":"-348493439063871648","potions_obtained":[{"floor":3,"key":"champ:CounterPotion"},{"floor":5,"key":"SkillPotion"},{"floor":10,"key":"Adrenaline Potion"},{"floor":16,"key":"BlessingOfTheForge"},{"floor":21,"key":"ColorlessPotion"},{"floor":25,"key":"FairyPotion"},{"floor":30,"key":"Milkshake"},{"floor":33,"key":"SpeedPotion"},{"floor":35,"key":"Flashbang"},{"floor":46,"key":"Strength Potion"}],"is_trial":false,"path_per_floor":["M","COS","M","?","M","R","E","R","T","E","R","E","?","E","R","B",null,"M","COS","M","M","$","E","R","M","T","T","R","E","E","AVR","R_BF","B",null,"M","?","COS","?","?","E","PTL","PTL","R","E","T","NM","?","AVR","R","E","R","B",null],"character_chosen":"HIEROPHANT","items_purchased":["hierophant:CursedGold"],"campfire_rested":3,"item_purchase_floors":[22],"current_hp_per_floor":[59,59,53,53,32,32,30,30,30,20,20,11,11,6,43,22,75,45,45,26,22,22,24,24,7,7,7,44,48,42,42,42,43,75,70,70,70,70,59,51,51,51,51,43,43,21,21,21,58,66,66,79,85,85],"gold":705,"neow_bonus":"ONE_RARE_RELIC","is_daily":false,"chose_seed":false,"campfire_upgraded":6,"win_rate":0.0,"timestamp":1610442303,"path_taken":["M","COS","?","?","M","R","E","R","T","E","R","E","?","E","R","BOSS","M","COS","M","M","$","E","R","M","T","?","R","E","E","AVR","R_BF","BOSS","M","?","COS","?","?","E","PTL","PTL","R","E","T","NM","?","AVR","R","E","R","BOSS"],"items_purchased_type":["Card"],"build_version":"2020-12-22","purchased_purges":0,"victory":false,"max_hp_per_floor":[68,68,68,68,68,68,75,75,75,75,75,75,75,75,75,75,75,75,75,75,75,75,75,75,75,75,75,75,75,75,75,75,75,75,75,75,75,75,75,75,75,75,75,75,75,75,75,75,75,85,85,85,85,85],"card_choices":[{"not_picked":["hierophant:Repentance","hierophant:HammerAndAnvil","hierophant:MorningPrayer"],"picked":"SKIP","floor":1},{"not_picked":["hierophant:ThreeLashes","hierophant:ArchangelShield","hierophant:PassingBell"],"picked":"SKIP","floor":3},{"not_picked":["hierophant:FlamingChariot","hierophant:PristineSoul"],"picked":"hierophant:Remorse","floor":5},{"not_picked":["hierophant:Smite","hierophant:HammerAndAnvil"],"picked":"hierophant:Levitation","floor":7},{"not_picked":["hierophant:ThreeLashes","hierophant:PassingBell"],"picked":"hierophant:Remorse","floor":10},{"not_picked":["hierophant:FlamingChariot","hierophant:Determination"],"picked":"hierophant:Embezzle","floor":12},{"not_picked":["hierophant:MorningPrayer","hierophant:HammerAndAnvil","hierophant:SealAway"],"picked":"SKIP","floor":14},{"not_picked":["hierophant:Determination","hierophant:DeathKnell"],"picked":"hierophant:Generosity","floor":16},{"not_picked":["hierophant:RepressedViolence+1","hierophant:OrnateBuckler","hierophant:Sermon"],"picked":"SKIP","floor":18},{"not_picked":["hierophant:PassingBell+1","hierophant:Shelter+1"],"picked":"hierophant:OrnateBuckler+1","floor":20},{"not_picked":["hierophant:Refuge","hierophant:FlamingChariot","hierophant:SolarFlare"],"picked":"SKIP","floor":20},{"not_picked":["hierophant:Refuge","hierophant:FlamingChariot","hierophant:SolarFlare"],"picked":"SKIP","floor":20},{"not_picked":["hierophant:Zeal","hierophant:Prophecy+1"],"picked":"hierophant:Remorse","floor":21},{"not_picked":["hierophant:HolyVerse","hierophant:MorningPrayer"],"picked":"hierophant:Purify","floor":23},{"not_picked":["hierophant:FieryStrike+1","hierophant:RepressedViolence"],"picked":"hierophant:CoinFling+1","floor":25},{"not_picked":["hierophant:MorningPrayer","hierophant:Sermon","hierophant:RustyCrate+1"],"picked":"SKIP","floor":29},{"not_picked":["hierophant:MorningPrayer","hierophant:Sermon","hierophant:RustyCrate+1"],"picked":"SKIP","floor":29},{"not_picked":["hierophant:DisplayOfPower+1","hierophant:Racketeering"],"picked":"hierophant:AuricForm","floor":30},{"not_picked":["hierophant:EyeForCoin+1","hierophant:ArchangelShield+1"],"picked":"hierophant:Zeal+1","floor":35},{"not_picked":["hierophant:DeathKnell","hierophant:Encroach+1"],"picked":"hierophant:AuricBeam+1","floor":40},{"not_picked":["hierophant:Encroach+1","hierophant:RepressedViolence","hierophant:HammerAndAnvil+1"],"picked":"SKIP","floor":44},{"not_picked":["hierophant:HammerAndAnvil+1","hierophant:Empathy+1"],"picked":"hierophant:AuricShield","floor":46},{"not_picked":["hierophant:PristineSoul+1","hierophant:MorningPrayer+1","hierophant:Glossolalia"],"picked":"SKIP","floor":50},{"not_picked":["hierophant:Anathema","hierophant:Generosity"],"picked":"hierophant:AuricForm","floor":52}],"player_experience":441460,"relics_obtained":[{"floor":7,"key":"Strawberry"},{"floor":9,"key":"Omamori"},{"floor":10,"key":"War Paint"},{"floor":12,"key":"Regal Pillow"},{"floor":14,"key":"Bird Faced Urn"},{"floor":23,"key":"Bronze Scales"},{"floor":27,"key":"Toy Ornithopter"},{"floor":29,"key":"Thread and Needle"},{"floor":30,"key":"hubris:GlazedTorus"},{"floor":36,"key":"ReplayTheSpireMod:Ring of Collecting"},{"floor":36,"key":"Ring of Misfortune"},{"floor":40,"key":"infinitespire:PuzzleCube"},{"floor":44,"key":"Vajra"},{"floor":45,"key":"Juzu Bracelet"},{"floor":46,"key":"InkBottle"},{"floor":50,"key":"Pear"}],"event_choices":[],"is_beta":false,"boss_relics":[{"not_picked":["hubris:GrandSneckoEye","infinitespire:Cupcake"],"picked":"hubris:RunicObelisk"},{"not_picked":["Coffee Dripper","Kintsugi"],"picked":"Philosopher\u0027s Stone"},{"not_picked":["Velvet Choker","Snecko Eye","Honey Jar"]}],"items_purged_floors":[],"is_endless":true,"potions_floor_spawned":[3,5,10,16,21,25,30,33,35,46],"ascension_level":2}}