{"host":"tnsigirk6wurdark","time":1610470649,"event":{"mods":["BaseMod","Colored Map","Colored Powertips","Highlight Path","Minty Spire (QoL Compilation)","Quick Restart","Relic Sorter","StSLib","Synergy Search"],"gold_per_floor":[118,293,46,65,65,65,77,112,112,112,112,125,125,138,138,212,212,230,230,75,92,66,81,81,96,150,162,174,174,174,20,20,20,20],"floor_reached":33,"playtime":2394,"items_purged":["Doubt"],"score":420,"play_id":"a0741ff0-d5e0-426a-80b4-e98b0d8aef7b","local_time":"20210112165729","is_ascension_mode":true,"campfire_choices":[{"data":"Venomology","floor":6.0,"key":"SMITH"},{"floor":11,"key":"REST"},{"data":"Noxious Fumes","floor":13,"key":"SMITH"},{"floor":15,"key":"REST"},{"floor":24,"key":"REST"},{"floor":30,"key":"REST"},{"data":"Bouncing Flask","floor":32,"key":"SMITH"}],"circlet_count":0,"master_deck":["AscendersBane","Strike_G","Strike_G","Strike_G","Strike_G","Strike_G","Defend_G","Defend_G","Defend_G","Survivor","Neutralize","Infinite Blades","Blade Dance","Quick Slash","Cloak And Dagger","Venomology+1","PiercingWail","Crippling Poison","Caltrops","Noxious Fumes+1","Leg Sweep","Quick Slash","Flying Knee","Sucker Punch+1","Calculated Gamble+1","Cloak And Dagger","Wraith Form v2","Deflect","Slice","Bouncing Flask+1","Bane+1","After Image"],"relics":["Runic Pyramid","Orrery","Pocketwatch","Omamori","StrikeDummy","Empty Cage","Regal Pillow","Dream Catcher"],"acts_visited":["Exordium","TheCity"],"potions_floor_usage":[12,16,16,21,21,21,23,25,27,27,28],"damage_taken":[{"damage":0.0,"enemies":"Jaw Worm","floor":1.0,"turns":5.0},{"damage":0.0,"enemies":"2 Louse","floor":4.0,"turns":3.0},{"damage":0.0,"enemies":"Cultist","floor":7.0,"turns":4.0},{"damage":40.0,"enemies":"Gremlin Nob","floor":8.0,"turns":5.0},{"damage":4,"enemies":"Large Slime","floor":12,"turns":7},{"damage":6,"enemies":"Looter","floor":14,"turns":3},{"damage":24,"enemies":"Slime Boss","floor":16,"turns":10},{"damage":0,"enemies":"Chosen","floor":18,"turns":6},{"damage":13,"enemies":"2 Thieves","floor":21,"turns":5},{"damage":50,"enemies":"Snecko","floor":23,"turns":9},{"damage":9,"enemies":"Snake Plant","floor":25,"turns":6},{"damage":19,"enemies":"3 Cultists","floor":27,"turns":5},{"damage":4,"enemies":"Centurion and Healer","floor":28,"turns":9},{"damage":23,"enemies":"Champ","floor":33,"turns":7}],"seed_played":"-4140899389015541293","potions_obtained":[{"floor":12,"key":"Swift Potion"},{"floor":16,"key":"ColorlessPotion"},{"floor":18,"key":"Explosive Potion"},{"floor":23,"key":"SteroidPotion"}],"is_trial":false,"path_per_floor":["M","?","$","M","?","R","M","E","T","?","R","M","R","M","R","B",null,"M","?","$","M","$","M","R","M","T","M","M","?","R","$","R","B"],"character_chosen":"THE_SILENT","items_purchased":["Blade Dance","Orrery","Regal Pillow","Cloak And Dagger","After Image"],"campfire_rested":4,"item_purchase_floors":[3,3,20,22,31],"current_hp_per_floor":[59,59,59,59,52,52,52,12,12,28,47,43,43,37,56,32,58,58,76,76,63,63,13,50,41,41,22,18,18,55,55,55,32,32],"gold":20,"neow_bonus":"BOSS_RELIC","is_daily":false,"chose_seed":false,"campfire_upgraded":3,"win_rate":0.0,"timestamp":1610470649,"path_taken":["M","?","$","M","?","R","M","E","T","?","R","M","R","M","R","BOSS","M","?","?","M","$","M","R","M","T","M","M","?","R","$","R","BOSS"],"items_purchased_type":["Card","Relic","Relic","Card","Card"],"build_version":"2020-12-22","purchased_purges":1,"victory":false,"max_hp_per_floor":[66,66,66,66,66,66,66,66,66,66,66,66,66,66,66,66,66,66,76,76,76,76,76,76,76,76,76,76,76,76,76,76,76,76],"card_choices":[{"not_picked":["Bane","Predator"],"picked":"Infinite Blades","floor":1.0},{"not_picked":["Backstab","Dagger Throw"],"picked":"Quick Slash","floor":3.0},{"not_picked":["Heel Hook","Expertise"],"picked":"Cloak And Dagger","floor":3.0},{"not_picked":["Quick Slash","Bane"],"picked":"Venomology","floor":3.0},{"not_picked":["Expertise","Caltrops"],"picked":"PiercingWail","floor":3.0},{"not_picked":["Blade Dance","Flechettes"],"picked":"Crippling Poison","floor":3.0},{"not_picked":["Outmaneuver","Endless Agony"],"picked":"Caltrops","floor":4.0},{"not_picked":["Dagger Spray","Masterful Stab"],"picked":"Noxious Fumes","floor":7.0},{"not_picked":["Backstab","Cloak And Dagger"],"picked":"Leg Sweep","floor":8},{"not_picked":["Prepared","PiercingWail"],"picked":"Quick Slash","floor":12},{"not_picked":["Riddle With Holes","Dagger Throw"],"picked":"Flying Knee","floor":14},{"not_picked":["Storm of Steel","Unload"],"picked":"Die Die Die","floor":16},{"not_picked":["Slice","Prepared"],"picked":"Sucker Punch+1","floor":18},{"not_picked":["Slice","Cloak And Dagger"],"picked":"Calculated Gamble+1","floor":21},{"not_picked":["Cloak And Dagger","Underhanded Strike+1"],"picked":"Wraith Form v2","floor":23},{"not_picked":["Slice","Cloak And Dagger"],"picked":"Deflect","floor":25},{"not_picked":["Blade Dance","Dodge and Roll"],"picked":"Slice","floor":27},{"not_picked":["Flechettes","Dodge and Roll"],"picked":"Bouncing Flask","floor":28},{"not_picked":["Tactician","Sucker Punch"],"picked":"Bane+1","floor":30}],"player_experience":681565,"relics_obtained":[{"floor":8,"key":"Omamori"},{"floor":9,"key":"StrikeDummy"},{"floor":26,"key":"Dream Catcher"}],"event_choices":[{"damage_healed":0.0,"max_hp_gain":0.0,"max_hp_loss":0.0,"gold_gain":175.0,"event_name":"Liars Game","player_choice":"AGREE","floor":2.0,"gold_loss":0.0,"damage_taken":0.0,"cards_obtained":["Doubt"]},{"damage_healed":0.0,"max_hp_gain":0.0,"max_hp_loss":0.0,"gold_gain":0.0,"event_name":"Scrap Ooze","player_choice":"Success","floor":5.0,"gold_loss":0.0,"damage_taken":7.0,"relics_obtained":["Pocketwatch"]},{"damage_healed":16,"gold_gain":0,"player_choice":"Healed and dodged fight","damage_taken":0,"max_hp_gain":0,"max_hp_loss":0,"event_name":"Mushrooms","floor":10,"gold_loss":0,"cards_obtained":["Parasite"]},{"cards_removed":["Die Die Die"],"damage_healed":8,"gold_gain":0,"player_choice":"Offered Rare","damage_taken":0,"max_hp_gain":10,"max_hp_loss":0,"event_name":"Bonfire Elementals","floor":19,"gold_loss":0},{"damage_healed":0,"gold_gain":0,"player_choice":"Ignored","damage_taken":0,"max_hp_gain":0,"max_hp_loss":0,"event_name":"Ghosts","floor":29,"gold_loss":0}],"is_beta":false,"boss_relics":[{"not_picked":["SacredBark","Tiny House"],"picked":"Empty Cage"}],"items_purged_floors":[3],"is_endless":false,"potions_floor_spawned":[7,12,16,18,23],"killed_by":"Champ","ascension_level":14}}