{"host":"xyxrly520c9wnx4a","time":1610466393,"event":{"mods":["AchievementEnabler","Act Like it!","Aspiration","BaseMod","Minty Spire (QoL Compilation)","Poor People Problems","Replay The Spire","StSLib","The Saiyan","Twitch Decklist","UnlockEverythingMod","【功能Mod】混沌之环修复补丁"],"gold_per_floor":[87,99,174,174,174,193,206,206,226,238,238,238,238],"floor_reached":12,"playtime":835,"items_purged":[],"score":72,"play_id":"f52877ec-3ec6-47c3-8a1b-3c1847b70c52","local_time":"20210112234633","is_ascension_mode":false,"campfire_choices":[{"data":"Saiyan:KaioKen","floor":8,"key":"SMITH"}],"circlet_count":0,"master_deck":["Saiyan:SAIYA_Strike","Saiyan:SAIYA_Strike","Saiyan:SAIYA_Strike","Saiyan:SAIYA_Strike","Saiyan:SAIYA_Defend","Saiyan:SAIYA_Defend","Saiyan:SAIYA_Defend","Saiyan:SAIYA_Defend","Saiyan:EnergyBlast","Saiyan:KaioKen+1","Saiyan:RuthlessBlow","Saiyan:Kienzan","Saiyan:Quickening","Saiyan:KameHameHa","Saiyan:TurtleShell"],"relics":["SaiyanSoul","SaiyanHeart","NeowsBlessing","Molten Egg 2"],"acts_visited":["Exordium"],"potions_floor_usage":[12,12],"damage_taken":[{"damage":0,"enemies":"Jaw Worm","floor":1,"turns":1},{"damage":0,"enemies":"Cultist","floor":2,"turns":1},{"damage":0,"enemies":"2 Louse","floor":6,"turns":1},{"damage":4,"enemies":"Blue Slaver","floor":7,"turns":3},{"damage":12,"enemies":"Red Slaver","floor":9,"turns":2},{"damage":13,"enemies":"3 Louse","floor":10,"turns":5},{"damage":33,"enemies":"Gremlin Nob","floor":12,"turns":4}],"seed_played":"7419301357999970093","potions_obtained":[{"floor":9,"key":"Death Potion"},{"floor":10,"key":"AttackPotion"}],"is_trial":false,"path_per_floor":["M","M","?","PTL","PTL","M","M","R","M","M","T","E"],"character_chosen":"SAIYAJIN","items_purchased":[],"campfire_rested":0,"item_purchase_floors":[],"current_hp_per_floor":[60,60,49,49,49,49,45,45,34,24,24,0,0],"gold":238,"neow_bonus":"THREE_ENEMY_KILL","is_daily":false,"chose_seed":false,"campfire_upgraded":1,"win_rate":0.0,"timestamp":1610466393,"path_taken":["M","M","?","PTL","PTL","M","M","R","M","M","T","E"],"items_purchased_type":[],"build_version":"2020-12-22","purchased_purges":0,"victory":false,"max_hp_per_floor":[60,60,60,60,60,60,60,60,61,64,64,64,64],"card_choices":[{"not_picked":["Saiyan:BackAttack","Saiyan:Scouter"],"picked":"Saiyan:Kienzan","floor":1},{"not_picked":["Saiyan:Flurry","Saiyan:Twize"],"picked":"Saiyan:Quickening","floor":2},{"not_picked":["Saiyan:Scouter","Saiyan:PlotArmor"],"picked":"Saiyan:KameHameHa","floor":6},{"not_picked":["Saiyan:TransfigurationBeam","Saiyan:Taunt","Saiyan:Planning"],"picked":"SKIP","floor":7},{"not_picked":["Saiyan:KameHameHa","Saiyan:SpiritSword","Saiyan:SoulSpice"],"picked":"SKIP","floor":9},{"not_picked":["Saiyan:MeteorDash","Saiyan:Planning"],"picked":"Saiyan:TurtleShell","floor":10}],"player_experience":64841,"relics_obtained":[{"floor":11,"key":"Molten Egg 2"}],"event_choices":[{"damage_healed":0,"gold_gain":75,"player_choice":"Gather Gold","damage_taken":11,"max_hp_gain":0,"max_hp_loss":0,"event_name":"World of Goop","floor":3,"gold_loss":0}],"is_beta":false,"boss_relics":[],"items_purged_floors":[],"is_endless":false,"potions_floor_spawned":[9,10],"killed_by":"Gremlin Nob","ascension_level":0}}