{"host":"68ypu360vyldwzrz","time":1610428118,"event":{"mods":["Act Like it!","BaseMod","Better Note","Better Third Choice","Better Vampires","BetterRewards","CapriCore","Downfall","Friendly Minions","GifTheSpireLib","Hermit","Hubris","Jorbs\u0027s Wanderer Trilogy","Luminous","Marisa????????","Minty Spire (QoL Compilation)","Quick Restart","Rare Cards Sparkle","Relic Stats","Remilia??????","Shade Mod","Shop Mod","StSLib","Td1madao Mod","The Administrix","The Alterego","The Cursed","The Hierophant","The Immortal","The Necromancer","The Senshi","The Servant 0.9.4","TheVacant","Wandering Minibosses"],"gold_per_floor":[216,226,226,301,301,301,324,54,81,93,22,48,48,61,61,158,158,176,176,176,176,193,193,193,204,204,204,219,219,231,13,13,112,112,126,146,146,146,165,165,200,200,200,200,210,485,22,39,39,39,39],"floor_reached":50,"playtime":4538,"items_purged":["Regret"],"score":618,"play_id":"70b1c93a-03bb-4d5f-bc86-e39ce95a53a6","local_time":"20210111230838","is_ascension_mode":false,"campfire_choices":[{"data":"Summon_Lich","floor":6.0,"key":"SMITH"},{"data":"Apotheosis","floor":13.0,"key":"SMITH"},{"data":"Slay_Living","floor":15.0,"key":"SMITH"},{"floor":23.0,"key":"RECALL"},{"data":"Summon_Vampire_Lady","floor":27.0,"key":"SMITH"},{"data":"Summon_Vampire_Lady","floor":32.0,"key":"SMITH"},{"data":"Summon_Death_Knight","floor":40,"key":"SMITH"},{"data":"Uncharnel","floor":44,"key":"SMITH"},{"floor":49,"key":"REST"}],"circlet_count":0,"master_deck":["Summon_Death_Knight+1","Strike_W","Strike_W","Strike_W","Defend_W","Defend_W","Defend_W","Defend_W","Negative_Energy_Arrows","Bone_Wall","Negative_Energy_Shield","Bone_Shift","Summon_Lich+1","Shade_Step","Apotheosis+1","Spectral_Armor","Bone_Armory","Slay_Living+1","Death_March_Dance","Summon_Vampire_Lady+1","CurseOfTheBell","Negative_Energy_Sphere","Bone_Armor+1","Consume_Illness","Summon_Undead+1","Summon_Vampire_Lady+1","Summon_Death_Knight+1","Toxic_Smoke_Screen","Uncharnel+1","Necrotic_Claws","Toxic_Smoke_Screen+1","Blood_Whip+1","Negative_Energy_Mist+1","Negative_Energy_Mist+1","Negative_Energy_Javelin"],"relics":["Vampire_Amulet","hubris:Icosahedron","Bag of Marbles","Thread and Needle","Calling Bell","hubris:ToyBattleship","hubris:CrystalStatue","StoneCalendar","wanderingMiniBosses:CarrionFlame","hubris:Zylophone","Pen Nib","hubris:Stopwatch","Anchor","hubris:MysteriousPyramids","Bottled Tornado","Orrery"],"acts_visited":["Exordium","TheCity","TheBeyond"],"potions_floor_usage":[],"damage_taken":[{"damage":5.0,"enemies":"Jaw Worm","floor":1.0,"turns":4.0},{"damage":0.0,"enemies":"2 Louse","floor":2.0,"turns":2.0},{"damage":0.0,"enemies":"Small Slimes","floor":10.0,"turns":3.0},{"damage":16.0,"enemies":"Lagavulin","floor":12.0,"turns":8.0},{"damage":0.0,"enemies":"Looter","floor":14.0,"turns":6.0},{"damage":25.0,"enemies":"Slime Boss","floor":16.0,"turns":11.0},{"damage":1.0,"enemies":"Chosen","floor":18.0,"turns":7.0},{"damage":0.0,"enemies":"3 Byrds","floor":22.0,"turns":4.0},{"damage":4.0,"enemies":"Cultist and Chosen","floor":25.0,"turns":5.0},{"damage":0.0,"enemies":"Snake Plant","floor":28.0,"turns":5.0},{"damage":0.0,"enemies":"3 Cultists","floor":30.0,"turns":4.0},{"damage":20.0,"enemies":"hubris:MusketHawk","floor":33.0,"turns":10.0},{"damage":4.0,"enemies":"3 Darklings","floor":35.0,"turns":4.0},{"damage":17.0,"enemies":"Orb Walker","floor":36.0,"turns":5.0},{"damage":49,"enemies":"Maw","floor":39,"turns":9},{"damage":35,"enemies":"Giant Head","floor":41,"turns":13},{"damage":36,"enemies":"Transient","floor":45,"turns":5},{"damage":17,"enemies":"3 Darklings","floor":48,"turns":5},{"damage":163,"enemies":"hubris:GrandSnecko","floor":50,"turns":14}],"seed_played":"1809438555657122284","potions_obtained":[{"floor":1.0,"key":"ColorlessPotion"},{"floor":14.0,"key":"Ancient Potion"},{"floor":16.0,"key":"BlessingOfTheForge"},{"floor":18.0,"key":"DistilledChaos"},{"floor":25.0,"key":"Guardian:BlockOnCardUsePotion"},{"floor":39,"key":"SpeedPotion"},{"floor":45,"key":"Dexterity Potion"}],"is_trial":false,"path_per_floor":["M","M","?","?","?","R","T","$","T","M","$","E","R","M","R","B",null,"M","?","?","?","M","R","?","M","T","R","M","?","M","$","R","B",null,"M","M","?","$","M","R","E","?","T","R","M","?","$","M","R","B"],"character_chosen":"NECROMANCER","items_purchased":["Shade_Step","Apotheosis","Bone_Armory","Summon_Vampire_Lady","EssenceOfSteel","Bottled Tornado","Orrery"],"campfire_rested":1,"item_purchase_floors":[8,8,11,31,31,47,47],"current_hp_per_floor":[72,75,75,64,64,64,64,64,64,68,68,54,54,56,56,39,75,75,75,75,75,75,75,75,75,75,75,75,75,75,75,75,73,75,73,69,69,69,48,48,66,66,66,66,44,44,44,32,54,0,0],"gold":39,"neow_bonus":"HUNDRED_GOLD","is_daily":false,"chose_seed":false,"campfire_upgraded":7,"win_rate":0.0,"timestamp":1610428118,"path_taken":["M","M","?","?","?","R","?","$","T","M","$","E","R","M","R","BOSS","M","?","?","?","M","R","?","?","T","R","M","?","M","$","R","BOSS","M","?","?","?","?","R","E","?","T","R","M","?","$","?","R","BOSS"],"items_purchased_type":["Card","Card","Card","Card","Potion","Relic","Relic"],"build_version":"2020-12-22","purchased_purges":1,"victory":false,"max_hp_per_floor":[75,75,75,75,75,75,75,75,75,75,75,75,75,75,75,75,75,75,75,75,75,75,75,75,75,75,75,75,75,75,75,75,75,75,75,75,75,75,75,75,75,75,75,75,75,75,75,75,75,75,75],"relic_stats":{"counters":[19,124],"StoneCalendar":[208],"Pen Nib":[6],"obtain_stats":[{"hubris:CrystalStatue":17,"Thread and Needle":12,"StoneCalendar":17,"Pen Nib":29,"hubris:MysteriousPyramids":43,"Bottled Tornado":47,"Calling Bell":17,"hubris:Zylophone":26,"Anchor":41,"hubris:Icosahedron":3,"wanderingMiniBosses:CarrionFlame":18,"hubris:Stopwatch":34,"Orrery":47,"Vampire_Amulet":0,"Bag of Marbles":9,"hubris:ToyBattleship":17},{"hubris:CrystalStatue":6,"Thread and Needle":4,"StoneCalendar":6,"Pen Nib":10,"hubris:MysteriousPyramids":16,"Bottled Tornado":17,"Calling Bell":6,"hubris:Zylophone":9,"Anchor":16,"hubris:Icosahedron":2,"wanderingMiniBosses:CarrionFlame":7,"hubris:Stopwatch":12,"Orrery":17,"Vampire_Amulet":0,"Bag of Marbles":2,"hubris:ToyBattleship":6},{"hubris:CrystalStatue":34,"Thread and Needle":17,"StoneCalendar":34,"Pen Nib":55,"hubris:MysteriousPyramids":100,"Bottled Tornado":105,"Calling Bell":34,"hubris:Zylophone":50,"Anchor":100,"hubris:Icosahedron":6,"wanderingMiniBosses:CarrionFlame":41,"hubris:Stopwatch":69,"Orrery":105,"Vampire_Amulet":0,"Bag of Marbles":6,"hubris:ToyBattleship":34}]},"card_choices":[{"not_picked":["Necrotic_Claws","Bone_Bullets"],"picked":"Negative_Energy_Shield","floor":1.0},{"not_picked":["Bone_Bullets","Blood_Is_Power"],"picked":"Bone_Shift","floor":2.0},{"not_picked":["Bone_Armory","Negative_Energy_Sphere"],"picked":"Spectral_Armor","floor":10.0},{"not_picked":["Life_Tap","Bone_Shift"],"picked":"Slay_Living","floor":12.0},{"not_picked":["Shackles_Of_Pain","Bone_Bullets"],"picked":"Death_March_Dance","floor":14.0},{"not_picked":["Cloudkill","Grasp_Heart"],"picked":"Summon_Vampire_Lady","floor":16.0},{"not_picked":["Negative_Energy_Burst+1","Bone_Armor"],"picked":"Negative_Energy_Sphere","floor":18.0},{"not_picked":["Chill_Blood","Scare"],"picked":"Bone_Armor+1","floor":22.0},{"not_picked":["Bone_Prison","Scare"],"picked":"Consume_Illness","floor":25.0},{"not_picked":["Bone_Bullets+1","Bone_Spikes","Scare+1"],"picked":"SKIP","floor":28.0},{"not_picked":["Negative_Energy_Sphere","Bone_Bullets+1"],"picked":"Summon_Undead+1","floor":30.0},{"not_picked":["Negative_Energy_Bomb","Summon_Vampire_Lady"],"picked":"Summon_Death_Knight","floor":33.0},{"not_picked":["Flesh_Made_Foul","Pandemic","Deaths_Shadow"],"picked":"SKIP","floor":35.0},{"not_picked":["Violent_Necrosis","Consume_Illness"],"picked":"Toxic_Smoke_Screen","floor":36.0},{"not_picked":["Scare+1","Siphon_Strength+1"],"picked":"Uncharnel","floor":39},{"not_picked":["Violent_Necrosis","Blood_Whip"],"picked":"Necrotic_Claws","floor":41},{"not_picked":["Bone_Bullets","Shackles_Of_Pain","Pandemic"],"picked":"SKIP","floor":45},{"not_picked":["Blood_Shield+1","Requiem"],"picked":"Toxic_Smoke_Screen+1","floor":47},{"not_picked":["Chill_Blood+1","Bone_Spikes"],"picked":"Blood_Whip+1","floor":47},{"not_picked":["Blood_Shield","Exploit+1"],"picked":"Negative_Energy_Mist+1","floor":47},{"not_picked":["Exploit","Siphon_Strength"],"picked":"Negative_Energy_Mist+1","floor":47},{"not_picked":["Consume_Illness+1","Flesh_Made_Foul"],"picked":"Negative_Energy_Javelin","floor":47},{"not_picked":["Bone_Shift","Pandemic","Blood_Wake"],"picked":"SKIP","floor":48}],"player_experience":389196,"relics_obtained":[{"floor":9.0,"key":"Bag of Marbles"},{"floor":12.0,"key":"Thread and Needle"},{"floor":17.0,"key":"hubris:ToyBattleship"},{"floor":17.0,"key":"hubris:CrystalStatue"},{"floor":17.0,"key":"StoneCalendar"},{"floor":18.0,"key":"wanderingMiniBosses:CarrionFlame"},{"floor":26.0,"key":"hubris:Zylophone"},{"floor":41,"key":"Anchor"},{"floor":43,"key":"hubris:MysteriousPyramids"}],"event_choices":[{"damage_healed":0.0,"max_hp_gain":0.0,"max_hp_loss":0.0,"gold_gain":75.0,"event_name":"betterThird:BetterGoop","player_choice":"Gold","floor":4.0,"gold_loss":0.0,"damage_taken":11.0},{"damage_healed":0.0,"max_hp_gain":0.0,"max_hp_loss":0.0,"gold_gain":0.0,"event_name":"betterNote:BetterNote","player_choice":"Ignored","floor":19.0,"gold_loss":0.0,"damage_taken":0.0,"cards_obtained":["Toxic_Smoke_Screen"]},{"damage_healed":0.0,"max_hp_gain":0.0,"max_hp_loss":0.0,"gold_gain":0.0,"event_name":"Beggar","player_choice":"Ignored","floor":20.0,"gold_loss":0.0,"damage_taken":0.0},{"damage_healed":0.0,"max_hp_gain":0.0,"max_hp_loss":0.0,"gold_gain":0.0,"event_name":"Ghosts","player_choice":"Ignored","floor":21.0,"gold_loss":0.0,"damage_taken":0.0},{"damage_healed":0.0,"max_hp_gain":0.0,"max_hp_loss":0.0,"gold_gain":0.0,"event_name":"Vampires","player_choice":"Ignored","floor":24.0,"gold_loss":0.0,"damage_taken":0.0},{"damage_healed":0.0,"max_hp_gain":0.0,"max_hp_loss":0.0,"gold_gain":0.0,"event_name":"WeMeetAgain","player_choice":"Gave Potion","floor":29.0,"gold_loss":0.0,"damage_taken":0.0,"relics_obtained":["Pen Nib"]},{"damage_healed":0,"gold_gain":0,"player_choice":"Ignored","damage_taken":0,"max_hp_gain":0,"max_hp_loss":0,"event_name":"Mysterious Sphere","floor":37,"gold_loss":0},{"cards_removed":["Strike_W"],"damage_healed":0,"gold_gain":0,"player_choice":"Removed Attack","damage_taken":0,"max_hp_gain":0,"max_hp_loss":0,"event_name":"Falling","floor":42,"gold_loss":0},{"damage_healed":0,"gold_gain":275,"player_choice":"Desecrate","damage_taken":0,"max_hp_gain":0,"max_hp_loss":0,"event_name":"Golden Shrine","floor":46,"gold_loss":0,"cards_obtained":["Regret"]}],"is_beta":false,"boss_relics":[{"not_picked":["hubris:RunicObelisk","hubris:VirtuousBlindfold"],"picked":"Calling Bell"},{"not_picked":["Coffee Dripper","SlaversCollar"],"picked":"hubris:Stopwatch"}],"items_purged_floors":[47],"is_endless":false,"potions_floor_spawned":[1,14,16,18,25,39,45],"killed_by":"hubris:GrandSnecko","ascension_level":0}}