{"host":"480qzmvu0s2e3e6w","time":1610430688,"event":{"mods":["BaseMod","Colored Map","DeckTracker","Lobotomy","Minty Spire (QoL Compilation)","StSLib","SuperFastMode"],"gold_per_floor":[117,136,154,170,1,15,30,44,44,44,61,61,78,93,93,167,167,184,109,128,128,128,128,143,175,175,175,189,189,203,215,215,292,292,307,121,140,152,163,163,163,196,222,232,232,242,267,267,267,267,267,267,6,37,37,37],"floor_reached":55,"playtime":3669,"items_purged":["Strike_P","Strike_P"],"score":1355,"play_id":"3fa7f15f-e6c0-4785-b449-6e93be6ef820","local_time":"20210112145128","is_ascension_mode":true,"campfire_choices":[{"floor":10.0,"key":"REST"},{"data":"MentalFortress","floor":12.0,"key":"SMITH"},{"data":"Adaptation","floor":15.0,"key":"SMITH"},{"data":"Meditate","floor":23.0,"key":"SMITH"},{"floor":27.0,"key":"REST"},{"data":"Ragnarok","floor":29.0,"key":"SMITH"},{"floor":32.0,"key":"REST"},{"data":"MentalFortress","floor":40.0,"key":"SMITH"},{"floor":49,"key":"RECALL"},{"floor":52,"key":"REST"}],"circlet_count":0,"master_deck":["AscendersBane","Strike_P","Defend_P+1","Defend_P","Defend_P","Eruption+1","Vigilance","JustLucky","FlurryOfBlows","MentalFortress+1","Adaptation+1","CutThroughFate","Indignation","FearNoEvil","Meditate+1","DeceiveReality+1","Ragnarok+1","FollowUp","EmptyBody","MentalFortress+1","LessonLearned","Wallop+1","ConjureBlade","EmptyFist+1","CrushJoints+1","InnerPeace","BattleHymn","Halt"],"relics":["HolyWater","Membership Card","Ginger","Anchor","Shuriken","VioletLotus","Lee\u0027s Waffle","Damaru","Smiling Mask","StrikeDummy","Mummified Hand","Ornamental Fan","Thread and Needle"],"acts_visited":["Exordium","TheCity","TheBeyond","TheEnding"],"potions_floor_usage":[55],"damage_taken":[{"damage":0.0,"enemies":"Cultist","floor":1.0,"turns":2.0},{"damage":0.0,"enemies":"Small Slimes","floor":2.0,"turns":2.0},{"damage":0.0,"enemies":"Jaw Worm","floor":3.0,"turns":3.0},{"damage":18.0,"enemies":"Lots of Slimes","floor":4.0,"turns":5.0},{"damage":13.0,"enemies":"Looter","floor":6.0,"turns":4.0},{"damage":2.0,"enemies":"Exordium Wildlife","floor":7.0,"turns":3.0},{"damage":21.0,"enemies":"2 Fungi Beasts","floor":8.0,"turns":3.0},{"damage":0.0,"enemies":"3 Louse","floor":11.0,"turns":2.0},{"damage":6.0,"enemies":"Large Slime","floor":13.0,"turns":5.0},{"damage":0.0,"enemies":"Gremlin Gang","floor":14.0,"turns":2.0},{"damage":10.0,"enemies":"The Guardian","floor":16.0,"turns":7.0},{"damage":1.0,"enemies":"Spheric Guardian","floor":18.0,"turns":3.0},{"damage":2.0,"enemies":"Shell Parasite","floor":20.0,"turns":3.0},{"damage":17.0,"enemies":"Centurion and Healer","floor":24.0,"turns":5.0},{"damage":0.0,"enemies":"Slavers","floor":25.0,"turns":1.0},{"damage":11.0,"enemies":"Snake Plant","floor":28.0,"turns":3.0},{"damage":1.0,"enemies":"3 Cultists","floor":30.0,"turns":6.0},{"damage":0.0,"enemies":"Snecko","floor":31.0,"turns":3.0},{"damage":20.0,"enemies":"Champ","floor":33.0,"turns":9.0},{"damage":28.0,"enemies":"3 Darklings","floor":35.0,"turns":4.0},{"damage":2.0,"enemies":"Orb Walker","floor":37.0,"turns":4.0},{"damage":24.0,"enemies":"3 Darklings","floor":38.0,"turns":5.0},{"damage":0.0,"enemies":"Maw","floor":39.0,"turns":6.0},{"damage":34.0,"enemies":"Nemesis","floor":42.0,"turns":9.0},{"damage":8.0,"enemies":"Sphere and 2 Shapes","floor":44.0,"turns":6.0},{"damage":4.0,"enemies":"3 Darklings","floor":46.0,"turns":5.0},{"damage":0,"enemies":"Giant Head","floor":47,"turns":4},{"damage":10,"enemies":"Time Eater","floor":50,"turns":8},{"damage":48,"enemies":"Shield and Spear","floor":54,"turns":5},{"damage":35,"enemies":"The Heart","floor":55,"turns":2}],"seed_played":"4575061385657696689","potions_obtained":[{"floor":6.0,"key":"SteroidPotion"},{"floor":8.0,"key":"SteroidPotion"},{"floor":11.0,"key":"Strength Potion"},{"floor":24.0,"key":"Ancient Potion"},{"floor":25.0,"key":"AttackPotion"},{"floor":30.0,"key":"Fruit Juice"},{"floor":35.0,"key":"SkillPotion"},{"floor":37.0,"key":"Weak Potion"}],"is_trial":false,"path_per_floor":["M","M","M","M","$","M","M","M","T","R","M","R","M","M","R","B",null,"M","?","M","?","?","R","M","E","T","R","M","R","M","M","R","B",null,"M","$","M","M","M","R","?","E","T","M","T","M","E","?","R","B",null,"R","$","E","B"],"character_chosen":"WATCHER","items_purchased":["Membership Card","CutThroughFate","Lee\u0027s Waffle","Damaru","BattleHymn","Halt","Ornamental Fan","Dexterity Potion"],"campfire_rested":4,"item_purchase_floors":[5,5,36,36,53,53,53,53],"current_hp_per_floor":[61,61,61,43,43,30,28,7,7,27,27,27,21,21,21,11,54,53,53,51,32,32,32,15,15,15,36,25,25,29,29,52,32,67,39,85,83,59,59,59,59,25,25,27,27,23,23,23,23,13,64,81,81,33,0,0],"gold":37,"neow_bonus":"UPGRADE_CARD","is_daily":false,"chose_seed":false,"campfire_upgraded":5,"win_rate":0.0,"timestamp":1610430688,"path_taken":["M","M","M","M","$","?","M","M","T","R","M","R","M","M","R","BOSS","M","?","M","?","?","R","M","E","T","R","M","R","?","M","R","BOSS","M","$","M","?","M","R","?","E","T","M","?","M","E","?","R","BOSS","R","$","E","BOSS"],"items_purchased_type":["Relic","Card","Relic","Relic","Card","Card","Relic","Potion"],"build_version":"2020-12-22","purchased_purges":2,"victory":false,"max_hp_per_floor":[68,68,68,68,68,68,68,68,68,68,68,68,68,68,68,68,68,68,68,68,73,73,73,73,73,73,73,73,73,78,78,78,78,78,78,85,85,85,85,85,81,81,81,81,81,81,81,81,81,81,81,81,81,81,81,81],"card_choices":[{"not_picked":["Crescendo","PathToVictory"],"picked":"JustLucky","floor":1.0},{"not_picked":["ThirdEye","WaveOfTheHand"],"picked":"FlurryOfBlows","floor":2.0},{"not_picked":["Evaluate","WaveOfTheHand"],"picked":"MentalFortress","floor":3.0},{"not_picked":["FlurryOfBlows","EmptyFist"],"picked":"Adaptation","floor":4.0},{"not_picked":["PathToVictory","BowlingBash"],"picked":"Indignation","floor":6.0},{"not_picked":["Crescendo","Prostrate"],"picked":"FearNoEvil","floor":7.0},{"not_picked":["Establishment","SashWhip","JustLucky"],"picked":"SKIP","floor":8.0},{"not_picked":["Protect","SashWhip","Crescendo"],"picked":"SKIP","floor":11.0},{"not_picked":["EmptyBody","FlyingSleeves"],"picked":"Meditate","floor":13.0},{"not_picked":["FollowUp","Sanctity"],"picked":"DeceiveReality","floor":14.0},{"not_picked":["Brilliance","Omniscience"],"picked":"Ragnarok","floor":16.0},{"not_picked":["CrushJoints","Evaluate"],"picked":"FollowUp","floor":18.0},{"not_picked":["Prostrate","Conclude"],"picked":"EmptyBody","floor":20.0},{"not_picked":["FollowUp","EmptyBody"],"picked":"MentalFortress","floor":24.0},{"not_picked":["CutThroughFate","FlyingSleeves"],"picked":"LessonLearned","floor":25.0},{"not_picked":["CarveReality","EmptyBody","Protect"],"picked":"SKIP","floor":28.0},{"not_picked":["CrushJoints","Prostrate"],"picked":"Wallop","floor":30.0},{"not_picked":["SashWhip","DeceiveReality","ThirdEye"],"picked":"SKIP","floor":31.0},{"not_picked":["SpiritShield","Establishment"],"picked":"ConjureBlade","floor":33.0},{"not_picked":["FollowUp","Consecrate+1"],"picked":"EmptyFist+1","floor":35.0},{"not_picked":["Indignation+1","Conclude","SashWhip"],"picked":"SKIP","floor":37.0},{"not_picked":["ThirdEye+1","BowlingBash","EmptyBody"],"picked":"SKIP","floor":38.0},{"not_picked":["SashWhip+1","SpiritShield"],"picked":"CrushJoints+1","floor":39.0},{"not_picked":["FollowUp","Indignation","CutThroughFate+1"],"picked":"SKIP","floor":42.0},{"not_picked":["SandsOfTime+1","LikeWater+1","FollowUp"],"picked":"SKIP","floor":44.0},{"not_picked":["CrushJoints","Consecrate","PathToVictory"],"picked":"SKIP","floor":46.0},{"not_picked":["SashWhip+1","Pray"],"picked":"InnerPeace","floor":47},{"not_picked":["LikeWater","SashWhip","PathToVictory"],"picked":"SKIP","floor":54}],"player_experience":677770,"relics_obtained":[{"floor":9.0,"key":"Ginger"},{"floor":25.0,"key":"Anchor"},{"floor":26.0,"key":"Shuriken"},{"floor":42.0,"key":"Smiling Mask"},{"floor":45.0,"key":"StrikeDummy"},{"floor":47,"key":"Mummified Hand"},{"floor":54,"key":"Thread and Needle"}],"event_choices":[{"cards_removed":["Strike_P"],"damage_healed":0.0,"max_hp_gain":0.0,"max_hp_loss":0.0,"gold_gain":0.0,"event_name":"Beggar","player_choice":"Gave Gold","floor":19.0,"gold_loss":75.0,"damage_taken":0.0},{"damage_healed":0.0,"max_hp_gain":5.0,"max_hp_loss":0.0,"gold_gain":0.0,"event_name":"Forgotten Altar","player_choice":"Shed Blood","floor":21.0,"gold_loss":0.0,"damage_taken":24.0},{"damage_healed":0.0,"max_hp_gain":0.0,"max_hp_loss":0.0,"gold_gain":0.0,"event_name":"Ghosts","player_choice":"Ignored","floor":22.0,"gold_loss":0.0,"damage_taken":0.0},{"damage_healed":0.0,"max_hp_gain":0.0,"max_hp_loss":4.0,"gold_gain":0.0,"event_name":"Winding Halls","player_choice":"Max HP","floor":41.0,"gold_loss":0.0,"damage_taken":0.0},{"cards_removed":["Defend_P"],"damage_healed":0,"gold_gain":0,"player_choice":"Removed Skill","damage_taken":0,"max_hp_gain":0,"max_hp_loss":0,"event_name":"Falling","floor":48,"gold_loss":0}],"is_beta":false,"boss_relics":[{"not_picked":["Pandora\u0027s Box","Fusion Hammer"],"picked":"HolyWater"},{"not_picked":["Black Star","Empty Cage"],"picked":"VioletLotus"}],"items_purged_floors":[36,53],"is_endless":false,"potions_floor_spawned":[6,8,11,24,25,30,35,37],"killed_by":"The Heart","ascension_level":15}}