{"host":"5ty8fyb0ngp9gspj","time":1610419432,"event":{"mods":["2.2 Compatiblity","AchievementEnabler","Act Like it!","BaseMod","Colored Map","Downfall","Minty Spire (QoL Compilation)","Rare Cards Sparkle","StSLib"],"gold_per_floor":[99,110,129,129,39,39,90,90,101,276,226,256,131,195,213,213,213,213],"floor_reached":16,"playtime":534,"items_purged":["Slimebound:Strike_Slimebound"],"score":118,"play_id":"53b49eae-40e4-4abb-88b9-604b7330e22c","local_time":"20210112134352","is_ascension_mode":true,"campfire_choices":[{"data":"Slimebound:Split","floor":1,"key":"SMITH"},{"data":"Slimebound:CorrosiveSpit","floor":6,"key":"SMITH"},{"floor":11,"key":"RECALL"},{"data":"Doubt","floor":13,"key":"PURGE"}],"circlet_count":0,"master_deck":["Slimebound:Strike_Slimebound","Slimebound:Strike_Slimebound","Slimebound:Tackle","Slimebound:Defend_Slimebound","Slimebound:Defend_Slimebound","Slimebound:Defend_Slimebound","Slimebound:Defend_Slimebound","Slimebound:Split+1","Slimebound:CorrosiveSpit+1","Slimebound:LeechingTouch","Slimebound:SplitLeeching","Slimebound:WasteNot"],"relics":["Slimebound:AbsorbEndCombat","Slimebound:GreedOozeRelic","Slimebound:ScrapOozeRelic","Letter Opener","downfall:HeartBlessingRed","Bottled Lightning"],"acts_visited":["Exordium"],"potions_floor_usage":[12,15],"damage_taken":[{"damage":14,"enemies":"2 Louse","floor":2,"turns":3},{"damage":15,"enemies":"Small Slimes","floor":3,"turns":3},{"damage":8,"enemies":"downfall:FleeingMerchant","floor":5,"turns":4},{"damage":8,"enemies":"Cultist","floor":9,"turns":3},{"damage":37,"enemies":"3 Sentries","floor":12,"turns":6},{"damage":29,"enemies":"Gremlin Nob","floor":14,"turns":4},{"damage":19,"enemies":"Exordium Wildlife","floor":15,"turns":2},{"damage":12,"enemies":"downfall:Defect","floor":16,"turns":1}],"seed_played":"-2888127707996344849","potions_obtained":[{"floor":2,"key":"ColorlessPotion"},{"floor":14,"key":"SkillPotion"}],"is_trial":false,"path_per_floor":["R","M","M","?","$","R","T","?","M","?","R","E","R","?","M","B"],"character_chosen":"SLIMEBOUND","items_purchased":[],"campfire_rested":0,"item_purchase_floors":[],"current_hp_per_floor":[66,62,59,59,65,65,65,65,66,66,66,43,43,20,11,0,0,0],"gold":213,"neow_bonus":"TEN_PERCENT_HP_BONUS","is_daily":false,"chose_seed":false,"campfire_upgraded":2,"win_rate":0.0,"timestamp":1610419432,"path_taken":["R","M","M","?","$","R","T","?","M","?","R","E","R","?","M","BOSS"],"items_purchased_type":[],"build_version":"2020-12-22","purchased_purges":1,"victory":false,"max_hp_per_floor":[66,66,66,66,66,66,66,66,66,66,66,66,66,66,66,66,66,66],"card_choices":[{"not_picked":["Slimebound:LevelUp","Slimebound:GoopSpray"],"picked":"Slimebound:LeechingTouch","floor":2},{"not_picked":["Slimebound:FlameTackle","Slimebound:SlimeSpikes","Slimebound:ViciousTackle"],"picked":"SKIP","floor":3},{"not_picked":["Slimebound:RejuvenatingLick","Slimebound:DivideAndConquer"],"picked":"Slimebound:SplitLeeching","floor":5},{"not_picked":["Slimebound:Schlurp","Slimebound:SplitAcid"],"picked":"Slimebound:WasteNot","floor":9},{"not_picked":["Slimebound:SlimeSpikes","Slimebound:SplitBruiser","Slimebound:Equalize"],"picked":"SKIP","floor":12},{"not_picked":["Slimebound:ViciousTackle","Slimebound:SplitAcid","Slimebound:SplitLeeching"],"picked":"SKIP","floor":15}],"player_experience":353554,"relics_obtained":[{"floor":7,"key":"Juzu Bracelet"},{"floor":12,"key":"Letter Opener"},{"floor":14,"key":"Bottled Lightning"}],"event_choices":[],"is_beta":false,"boss_relics":[],"items_purged_floors":[5],"is_endless":false,"potions_floor_spawned":[2,14],"killed_by":"downfall:Defect","ascension_level":4}}