{"host":"oehe2dxjvdgux73m","time":1610465821,"event":{"mods":["AchievementEnabler","BaseMod","Colored Map","Colored Powertips","DeckTracker","Keyboard Shortcuts","Minty Spire (QoL Compilation)","Permanent Neow","Quick Restart","StSLib","SuperFastMode"],"gold_per_floor":[114,129,145,220,230,230,256,275,275,300,310,310,343,354,354,458,458,478,433,433],"floor_reached":19,"playtime":516,"items_purged":[],"score":281,"play_id":"33895f35-0927-4ad5-94c5-2a3727091b18","local_time":"20210113003701","is_ascension_mode":true,"campfire_choices":[{"data":"Carnage","floor":6.0,"key":"SMITH"},{"floor":15,"key":"REST"}],"circlet_count":0,"master_deck":["Strike_R+1","Strike_R","Strike_R+1","Defend_R","Defend_R","Defend_R","Defend_R","Bash","Carnage+1","Seeing Red","Impervious","Carnage","Wild Strike","Burning Pact","Berserk+1"],"relics":["Burning Blood","Regal Pillow","Whetstone","Bag of Preparation","Frozen Egg 2"],"acts_visited":["Exordium","TheCity"],"potions_floor_usage":[16],"damage_taken":[{"damage":9.0,"enemies":"Jaw Worm","floor":1.0,"turns":3.0},{"damage":7.0,"enemies":"2 Louse","floor":2.0,"turns":3.0},{"damage":0.0,"enemies":"Cultist","floor":3.0,"turns":2.0},{"damage":39.0,"enemies":"Exordium Thugs","floor":5.0,"turns":6.0},{"damage":0.0,"enemies":"Gremlin Nob","floor":7.0,"turns":2.0},{"damage":10.0,"enemies":"Gremlin Gang","floor":8.0,"turns":4.0},{"damage":20.0,"enemies":"Lagavulin","floor":10.0,"turns":3.0},{"damage":4.0,"enemies":"2 Fungi Beasts","floor":11.0,"turns":3.0},{"damage":15,"enemies":"Gremlin Nob","floor":13,"turns":4},{"damage":16,"enemies":"Lots of Slimes","floor":14,"turns":5},{"damage":80,"enemies":"Hexaghost","floor":16,"turns":10},{"damage":56,"enemies":"Shell Parasite","floor":18,"turns":6},{"damage":11,"enemies":"2 Thieves","floor":19,"turns":2}],"seed_played":"8585671562217640522","potions_obtained":[{"floor":1.0,"key":"GamblersBrew"},{"floor":2.0,"key":"BloodPotion"},{"floor":5.0,"key":"DistilledChaos"},{"floor":8.0,"key":"FairyPotion"},{"floor":13,"key":"FairyPotion"},{"floor":14,"key":"Block Potion"},{"floor":18,"key":"ElixirPotion"}],"is_trial":false,"path_per_floor":["M","M","M","?","M","R","E","M","T","E","M","?","E","M","R","B",null,"M","M"],"character_chosen":"IRONCLAD","items_purchased":[],"campfire_rested":1,"item_purchase_floors":[],"current_hp_per_floor":[69,68,72,61,42,42,48,44,44,30,32,32,23,13,49,22,60,10,0,0],"gold":433,"neow_bonus":"REMOVE_TWO","is_daily":false,"chose_seed":false,"campfire_upgraded":1,"win_rate":0.0,"timestamp":1610465821,"path_taken":["M","M","M","?","M","R","E","M","T","E","M","?","E","M","R","BOSS","M","M"],"items_purchased_type":[],"build_version":"2020-12-22","purchased_purges":0,"victory":false,"max_hp_per_floor":[72,72,72,72,72,72,72,72,72,72,72,72,72,72,72,72,72,72,72,72],"card_choices":[{"not_picked":["Thunderclap","Seeing Red"],"picked":"Carnage","floor":1.0},{"not_picked":["Iron Wave","Havoc","True Grit"],"picked":"SKIP","floor":2.0},{"not_picked":["Uppercut","Iron Wave"],"picked":"Seeing Red","floor":3.0},{"not_picked":["Body Slam","Twin Strike"],"picked":"Impervious","floor":5.0},{"not_picked":["Thunderclap","Iron Wave"],"picked":"Carnage","floor":7.0},{"not_picked":["Seeing Red","Armaments","Ghostly Armor"],"picked":"SKIP","floor":8.0},{"not_picked":["Combust","Corruption"],"picked":"Wild Strike","floor":10.0},{"not_picked":["Entrench","Armaments"],"picked":"Burning Pact","floor":11.0},{"not_picked":["Twin Strike","Pommel Strike","Headbutt"],"picked":"SKIP","floor":13},{"not_picked":["Armaments","Headbutt","Warcry"],"picked":"SKIP","floor":14},{"not_picked":["Double Tap","Immolate"],"picked":"Berserk+1","floor":16},{"not_picked":["Havoc+1","Inflame+1","Fire Breathing+1"],"picked":"SKIP","floor":18}],"player_experience":143433,"relics_obtained":[{"floor":7.0,"key":"Regal Pillow"},{"floor":9.0,"key":"Whetstone"},{"floor":10.0,"key":"Bag of Preparation"},{"floor":13,"key":"Frozen Egg 2"}],"event_choices":[{"damage_healed":0.0,"max_hp_gain":0.0,"max_hp_loss":0.0,"gold_gain":75.0,"event_name":"World of Goop","player_choice":"Gather Gold","floor":4.0,"gold_loss":0.0,"damage_taken":11.0},{"damage_healed":0,"gold_gain":0,"player_choice":"Ignored","damage_taken":0,"max_hp_gain":0,"max_hp_loss":0,"event_name":"Shining Light","floor":12,"gold_loss":0}],"is_beta":false,"boss_relics":[{"not_picked":["Sozu","Coffee Dripper","Velvet Choker"]}],"items_purged_floors":[],"is_endless":false,"potions_floor_spawned":[1,2,5,8,13,14,18],"killed_by":"2 Thieves","ascension_level":6}}