{"host":"z9grmtg2w0nmz8n1","time":1610432694,"event":{"mods":["Aspiration","Bard","BaseMod","Beaked The Cultist","Better Altar","Better Match","Better Note","Better Sensory Stone","Better Skull","Better Third Choice","BetterRewards","CCEM","Colored Map","Conspire","Downfall","GifTheSpireLib","Googly Eyes","Halation","Hermit","Highlight Path","Hubris","Hunter ??","Jedi Mod","Jorbs\u0027s Wanderer Trilogy","Mad Scientist","Marisa????????","Minty Spire (QoL Compilation)","Permanent Neow","Replay The Spire","Shade Mod","Shop Mod","Spicy Shops","StSLib","Stuff the Spire","The Bug Knight","The Construct","The Necromancer","The Runesmith","The Witch"],"gold_per_floor":[119,119,135,135,135,135,9,29,75,92,110,139,139,149,149,254,254,265,281,110,141,153,153],"floor_reached":22,"playtime":1302,"items_purged":["Strike_P","StuffTheSpire:CuriosityCurse"],"score":197,"play_id":"03db9a8d-2048-40b7-938c-adfa3ed634f5","local_time":"20210112042454","is_ascension_mode":true,"campfire_choices":[{"floor":6,"key":"RECALL"},{"floor":15,"key":"REST"}],"circlet_count":0,"master_deck":["Strike_P","Strike_P","Strike_P","Defend_P","Defend_P","Defend_P","Defend_P","Eruption","Vigilance","Consecrate","Sanctity","DeceiveReality","Prostrate","PathToVictory","Consecrate","CarveReality","Replay:DivineShield","Replay:LoomingThreat","Consecrate+1","Prostrate"],"relics":["PureWater","Replay:Arrowhead","hubris:Towel","StuffTheSpire:Tea","Replay:Bandana"],"acts_visited":["Exordium","TheCity"],"potions_floor_usage":[10,12,14,16,19],"damage_taken":[{"damage":10,"enemies":"Small Slimes","floor":1,"turns":4},{"damage":0,"enemies":"2 Louse","floor":3,"turns":2},{"damage":0,"enemies":"Cultist","floor":8,"turns":6},{"damage":0,"enemies":"Blue Slaver","floor":10,"turns":5},{"damage":6,"enemies":"Lots of Slimes","floor":11,"turns":4},{"damage":19,"enemies":"Lagavulin","floor":12,"turns":6},{"damage":18,"enemies":"Gremlin Gang","floor":14,"turns":4},{"damage":39,"enemies":"The Guardian","floor":16,"turns":17},{"damage":21,"enemies":"Chosen","floor":18,"turns":8},{"damage":1,"enemies":"3 Byrds","floor":19,"turns":4},{"damage":31,"enemies":"Shelled Parasite and Fungi","floor":21,"turns":9},{"damage":15,"enemies":"Snake Plant","floor":22,"turns":4}],"seed_played":"3738010664352348272","potions_obtained":[{"floor":1,"key":"Death Potion"},{"floor":3,"key":"champ:CounterPotion"},{"floor":5,"key":"LifebloodPotion"},{"floor":14,"key":"StancePotion"},{"floor":16,"key":"champ:CounterPotion"},{"floor":21,"key":"BottledMiracle"}],"is_trial":false,"path_per_floor":["M","?","M","?","?","R","$","M","T","M","M","E","?","M","R","B",null,"M","M","$","M","M"],"character_chosen":"WATCHER","items_purchased":["Prostrate","Replay:Bandana"],"campfire_rested":1,"item_purchase_floors":[7,20],"current_hp_per_floor":[62,62,62,62,62,62,62,62,62,62,56,37,37,19,40,1,72,51,50,50,19,4,4],"gold":153,"neow_bonus":"THREE_CARDS","is_daily":false,"chose_seed":false,"campfire_upgraded":0,"win_rate":0.0,"timestamp":1610432694,"path_taken":["M","?","M","?","?","R","$","M","T","M","?","E","?","M","R","BOSS","M","?","$","?","M"],"items_purchased_type":["Card","Relic"],"build_version":"2020-12-22","purchased_purges":2,"victory":false,"max_hp_per_floor":[72,72,72,72,72,72,72,72,72,72,72,72,72,72,72,72,72,72,72,72,72,72,72],"card_choices":[{"not_picked":["Wireheading","DeceiveReality"],"picked":"Consecrate","floor":0},{"not_picked":["Crescendo","TalkToTheHand"],"picked":"Sanctity","floor":1},{"not_picked":["Replay:AtTheReady","Indignation"],"picked":"DeceiveReality","floor":3},{"not_picked":["CutThroughFate","LikeWater"],"picked":"PathToVictory","floor":8},{"not_picked":["Pray","BowlingBash"],"picked":"Consecrate","floor":10},{"not_picked":["FollowUp","Replay:Vibes"],"picked":"CarveReality","floor":11},{"not_picked":["Crescendo","BowlingBash","JustLucky"],"picked":"SKIP","floor":12},{"not_picked":["CrushJoints","Worship"],"picked":"Replay:DivineShield","floor":14},{"not_picked":["LessonLearned","jedi:nirvanicrebirth"],"picked":"Replay:LoomingThreat","floor":16},{"not_picked":["Collect","Prostrate"],"picked":"Consecrate+1","floor":18},{"not_picked":["Vengeance","Adaptation"],"picked":"Prostrate","floor":19},{"not_picked":["EmptyMind","Collect","ClearTheMind"],"picked":"SKIP","floor":21}],"player_experience":849362,"relics_obtained":[{"floor":12,"key":"StuffTheSpire:Tea"}],"event_choices":[{"damage_healed":0,"gold_gain":0,"player_choice":"Got Potions","damage_taken":0,"max_hp_gain":0,"max_hp_loss":0,"event_name":"Lab","floor":5,"gold_loss":0},{"damage_healed":0,"gold_gain":0,"player_choice":"Ignored","damage_taken":0,"max_hp_gain":0,"max_hp_loss":0,"event_name":"Transmorgrifier","floor":13,"gold_loss":0}],"is_beta":false,"boss_relics":[{"not_picked":["hubris:BlackHole","Replay:Ancient Bell","CCEMRelics:GreenEgg"]}],"items_purged_floors":[7,20],"is_endless":false,"potions_floor_spawned":[1,3,14,16,21],"killed_by":"Snake Plant","ascension_level":1}}