{"host":"zksvs3x2ysy9npnz","time":1610411272,"event":{"mods":["Aspiration","BaseMod","Beaked The Cultist","BetterRewards","Clockwork Mod","Colored Map","Conspire","Downfall","Duelist Mod","Ekko","Energized Spire","Fiend Mod","Halation","Highlight Path","Hubris","Hunter ??","Infinite Spire","Jedi Mod","JesterMod","Magitek Elite","Minty Spire (QoL Compilation)","Permanent Neow","Quick Restart","Relic Stats","Replay The Spire","Retaliation","Shade Mod","Shop Mod","StSLib","The Construct","The Poker Player","The Runesmith","The Witch","thorton"],"gold_per_floor":[128,128,128,147,147,147,163,163,187,208,233,233,254,254,254,660,660,651,651,651,416,443,443,484,516,541,541,566,566,566],"floor_reached":28,"playtime":3644,"items_purged":["Normality"],"score":316,"play_id":"a0c508f4-57d4-4a7c-b847-9aecbc1ed1ee","local_time":"20210112012752","is_ascension_mode":true,"campfire_choices":[{"data":"thethorton:MomentaryBreak","floor":6.0,"key":"SMITH"},{"data":"thethorton:BusinessBash","floor":8.0,"key":"SMITH"},{"floor":12.0,"key":"REST"},{"floor":15.0,"key":"REST"},{"floor":23,"key":"REST"},{"floor":27,"key":"REST"}],"circlet_count":0,"master_deck":["thethorton:Strike","thethorton:Strike","thethorton:Strike","thethorton:Strike","thethorton:Defend","thethorton:Defend","thethorton:Defend","thethorton:Defend","thethorton:Heckle+1","thethorton:CreditCard+1","thethorton:MomentaryBreak+1","thethorton:BusinessBash+1","Injury","thethorton:MomentaryBreak+1","thethorton:FearfulRun+1","thethorton:SicklyRun+1","thethorton:Investment+1","thethorton:Jackpot+1","thethorton:ShoutAndRun+1","thethorton:Investment+1","Flash of Steel","thethorton:BusinessBurst+1"],"relics":["thethorton:CouragePotion","hubris:Icosahedron","hubris:Towel","Toxic Egg 2","Blood Vial","Omamori","Golden_Hairpin","Omamori","Bag of Marbles","Matryoshka","Singing Bowl","jedi:crownofsimplicity","aspiration:FrozenJewel","aspiration:HiddenCompartment","thethorton:BusinessCardPrinter"],"acts_visited":["Exordium","TheCity"],"potions_floor_usage":[18],"damage_taken":[{"damage":13.0,"enemies":"Small Slimes","floor":1.0,"turns":7.0},{"damage":4.0,"enemies":"2 Louse","floor":4.0,"turns":7.0},{"damage":13.0,"enemies":"Jaw Worm","floor":7.0,"turns":5.0},{"damage":25.0,"enemies":"3 Louse","floor":10.0,"turns":4.0},{"damage":15.0,"enemies":"Large Slime","floor":11.0,"turns":10.0},{"damage":28.0,"enemies":"2 Fungi Beasts","floor":13.0,"turns":5.0},{"damage":27.0,"enemies":"Fading Forest","floor":16.0,"turns":11.0},{"damage":25,"enemies":"2 Thieves","floor":18,"turns":4},{"damage":26,"enemies":"Shell Parasite","floor":22,"turns":5},{"damage":15,"enemies":"Nightmare","floor":24,"turns":6},{"damage":43,"enemies":"Sentry and Sphere","floor":25,"turns":7},{"damage":46,"enemies":"Snecko","floor":28,"turns":8}],"seed_played":"785527391950939351","potions_obtained":[{"floor":7.0,"key":"champ:CounterPotion"},{"floor":13.0,"key":"Fire Potion"},{"floor":16.0,"key":"Elixir"},{"floor":22,"key":"Explosive Potion"}],"is_trial":false,"path_per_floor":["M","?","?","M","?","R","M","R","T","M","M","R","M","?","R","B",null,"M","?","?","$","M","R","NM","M","T","R","M"],"character_chosen":"THE_THORT","items_purchased":["thethorton:Investment+1","Flash of Steel"],"campfire_rested":4,"item_purchase_floors":[21,21],"current_hp_per_floor":[55,55,55,54,54,54,45,45,45,30,25,45,27,27,47,38,61,43,43,43,43,27,47,44,13,13,34,0,0,0],"gold":566,"neow_bonus":"RANDOM_EVENT","is_daily":false,"chose_seed":false,"campfire_upgraded":2,"win_rate":0.0,"timestamp":1610411272,"path_taken":["M","?","?","M","?","R","?","R","T","M","M","R","M","?","R","BOSS","M","?","?","$","M","R","NM","M","T","R","M"],"items_purchased_type":["Card","Card"],"build_version":"2020-12-22","purchased_purges":1,"victory":false,"max_hp_per_floor":[68,68,68,68,68,68,68,68,68,68,68,68,68,68,68,68,68,68,68,68,68,68,68,70,72,72,72,72,72,72],"relic_stats":{"Blood Vial":18,"Singing Bowl":4,"counters":[12,79],"obtain_stats":[{"Singing Bowl":24,"Omamori":13,"jedi:crownofsimplicity":25,"hubris:Towel":3,"aspiration:HiddenCompartment":26,"aspiration:FrozenJewel":25,"Blood Vial":9,"Golden_Hairpin":17,"hubris:Icosahedron":2,"Matryoshka":22,"thethorton:BusinessCardPrinter":26,"thethorton:CouragePotion":0,"Bag of Marbles":22,"Toxic Egg 2":5},{"Singing Bowl":10,"Omamori":6,"jedi:crownofsimplicity":11,"hubris:Towel":1,"aspiration:HiddenCompartment":11,"aspiration:FrozenJewel":11,"Blood Vial":3,"Golden_Hairpin":7,"hubris:Icosahedron":1,"Matryoshka":9,"thethorton:BusinessCardPrinter":11,"thethorton:CouragePotion":0,"Bag of Marbles":9,"Toxic Egg 2":2},{"Singing Bowl":64,"Omamori":34,"jedi:crownofsimplicity":68,"hubris:Towel":7,"aspiration:HiddenCompartment":71,"aspiration:FrozenJewel":69,"Blood Vial":19,"Golden_Hairpin":49,"hubris:Icosahedron":7,"Matryoshka":57,"thethorton:BusinessCardPrinter":71,"thethorton:CouragePotion":0,"Bag of Marbles":56,"Toxic Egg 2":14}]},"card_choices":[{"not_picked":["thethorton:DownPayment","thethorton:StampSmack"],"picked":"thethorton:MomentaryBreak","floor":1.0},{"not_picked":["thethorton:BoardroomBlast","thethorton:StumblingSlap"],"picked":"thethorton:BusinessBash","floor":4.0},{"not_picked":["thethorton:AngerMoment","thethorton:RunningKick"],"picked":"thethorton:MomentaryBreak+1","floor":7.0},{"not_picked":["thethorton:CannonShot","thethorton:TakeAccounts"],"picked":"thethorton:FearfulRun+1","floor":10.0},{"not_picked":["thethorton:LongTermPayoff+1","thethorton:PocketChange"],"picked":"thethorton:SicklyRun+1","floor":11.0},{"not_picked":["thethorton:FearfulRun+1","thethorton:WhirlingBriefcase"],"picked":"thethorton:Investment+1","floor":13.0},{"not_picked":["thethorton:Hexaghostify+1","thethorton:YoureFired"],"picked":"thethorton:Jackpot+1","floor":16.0},{"not_picked":["thethorton:RunningFeint+1","thethorton:RunningKick"],"picked":"thethorton:ShoutAndRun+1","floor":18},{"not_picked":["thethorton:LongTermPayoff+1","thethorton:StampSmack"],"picked":"thethorton:BusinessBurst+1","floor":22},{"not_picked":["thethorton:DownPayment+1","thethorton:CallIn+1","thethorton:FearfulRun+1"],"picked":"Singing Bowl","floor":24},{"not_picked":["thethorton:BusinessBoom","thethorton:ShoutAndRun+1","thethorton:WhirlingBriefcase+1"],"picked":"Singing Bowl","floor":25}],"player_experience":2467114,"relics_obtained":[{"floor":9.0,"key":"Blood Vial"},{"floor":24,"key":"Singing Bowl"},{"floor":26,"key":"aspiration:HiddenCompartment"},{"floor":26,"key":"thethorton:BusinessCardPrinter"}],"event_choices":[{"damage_healed":0,"gold_gain":0,"player_choice":"Opened","damage_taken":0,"relics_obtained":["Omamori"],"max_hp_gain":0,"max_hp_loss":0,"event_name":"The Mausoleum","floor":20,"gold_loss":0,"cards_obtained":["Writhe"]}],"is_beta":false,"boss_relics":[{"not_picked":["energizedSpire:DeadBattery","conspire:RunicOctahedron"],"picked":"Golden_Hairpin"}],"items_purged_floors":[21],"is_endless":false,"potions_floor_spawned":[7,13,16,22],"killed_by":"Snecko","ascension_level":5}}