{"host":"oeqgep2lwmjgysjb","time":1610462768,"event":{"mods":["AchievementEnabler","Aspiration","BaseMod","Colored Powertips","Custom Start","Hubris","Minty Spire (QoL Compilation)","Quick Restart","Replay The Spire","Shop Mod","StSLib"],"gold_per_floor":[118,43,60,76,94,119,132,165,165,193,41,60,90,120,120,224,224,235,235,285,46,103,103,150,150,150,150,166,193,228,288,288,389,389,403,37,53,90,135,203,218,218,218,272,21,21,78,119,119,119],"floor_reached":51,"playtime":6547,"items_purged":["FearNoEvil","ReachHeaven","Replay:BluntJabs"],"score":804,"play_id":"86914ca1-80c2-409a-ba8b-cd8f49ec7b67","local_time":"20210113014608","daily_mods":["Draft","DeadlyEvents","Elite Swarm"],"is_ascension_mode":false,"campfire_choices":[{"floor":15,"key":"REST"},{"floor":23,"key":"REST"},{"floor":25,"key":"REST"},{"floor":27,"key":"REST"},{"floor":32,"key":"REST"},{"data":"MentalFortress","floor":42,"key":"SMITH"},{"data":"FlurryOfBlows","floor":42,"key":"SMITH"},{"floor":46,"key":"REST"},{"floor":49,"key":"REST"}],"circlet_count":0,"master_deck":["DevaForm+1","FlyingSleeves","Evaluate+1","Consecrate","DeceiveReality+1","Crescendo","InnerPeace+1","Weave+1","TalkToTheHand+1","Replay:Cycle+1","CutThroughFate","FlurryOfBlows+1","EmptyMind+1","ReachHeaven+1","DevaForm+1","Crescendo","WindmillStrike","FlurryOfBlows+1","LessonLearned+1","DeusExMachina+1","FlurryOfBlows","EmptyFist+1","Establishment+1","LessonLearned+1","JustLucky+1","Crescendo+1","ClearTheMind+1","Mayhem","BattleHymn+1","JustLucky+1","Wish+1","MentalFortress+1","Study+1","MasterReality","DeceiveReality","Omniscience+1","ConjureBlade","Replay:Cycle","MentalFortress+1","InnerPeace+1","TalkToTheHand","Nirvana+1","FlurryOfBlows","FlurryOfBlows+1","FlurryOfBlows+1","CutThroughFate+1"],"relics":["PureWater","Toy Ornithopter","Dream Catcher","Calipers","Thread and Needle","Gremlin Food","Astrolabe","Ring of Peace","ReplayTheSpireMod:Ring of Challenge","BranchBurnRelic","Singing Bowl","Prayer Wheel","Replay:Arrowhead","Replay:Bronze Core","Pondfish Scales","Blood Vial","Vajra","Art of War","Replay:Accelerometer","Golden Egg"],"acts_visited":["Exordium","TheCity","TheBeyond"],"potions_floor_usage":[10,16,16,22,24,31,39,40,41,50],"damage_taken":[{"damage":0,"enemies":"Cultist","floor":1,"turns":3},{"damage":0,"enemies":"Small Slimes","floor":3,"turns":2},{"damage":0,"enemies":"2 Louse","floor":4,"turns":2},{"damage":12,"enemies":"Blue Slaver","floor":5,"turns":3},{"damage":8,"enemies":"Gremlin Nob","floor":6,"turns":3},{"damage":11,"enemies":"Exordium Wildlife","floor":7,"turns":3},{"damage":4,"enemies":"Lagavulin","floor":8,"turns":6},{"damage":11,"enemies":"3 Sentries","floor":10,"turns":4},{"damage":11,"enemies":"Lots of Slimes","floor":12,"turns":3},{"damage":0,"enemies":"Lagavulin","floor":13,"turns":4},{"damage":22,"enemies":"The Guardian","floor":16,"turns":7},{"damage":9,"enemies":"Spheric Guardian","floor":18,"turns":4},{"damage":22,"enemies":"2 Thieves","floor":20,"turns":3},{"damage":9,"enemies":"3 Cultists","floor":22,"turns":5},{"damage":48,"enemies":"Slavers","floor":24,"turns":6},{"damage":18,"enemies":"Cultist and Chosen","floor":28,"turns":6},{"damage":18,"enemies":"Gremlin Leader","floor":29,"turns":5},{"damage":0,"enemies":"Chosen and Byrds","floor":30,"turns":4},{"damage":14,"enemies":"Slavers","floor":31,"turns":5},{"damage":20,"enemies":"Collector","floor":33,"turns":8},{"damage":2,"enemies":"Orb Walker","floor":35,"turns":3},{"damage":6,"enemies":"3 Darklings","floor":37,"turns":4},{"damage":0,"enemies":"Maw","floor":38,"turns":6},{"damage":0,"enemies":"4 Shapes","floor":39,"turns":1},{"damage":4,"enemies":"Nemesis","floor":40,"turns":5},{"damage":0,"enemies":"3 Darklings","floor":41,"turns":4},{"damage":52,"enemies":"Reptomancer","floor":44,"turns":5},{"damage":18,"enemies":"Giant Head","floor":47,"turns":7},{"damage":10,"enemies":"Jaw Worm Horde","floor":48,"turns":4},{"damage":0,"enemies":"Replay:Hell Engine","floor":50,"turns":7}],"seed_played":"5324786577492405536","potions_obtained":[{"floor":4,"key":"Elixir"},{"floor":5,"key":"SmokeBomb"},{"floor":6,"key":"Swift Potion"},{"floor":13,"key":"SpeedPotion"},{"floor":20,"key":"Explosive Potion"},{"floor":22,"key":"Elixir"},{"floor":29,"key":"GamblersBrew"},{"floor":33,"key":"FearPotion"},{"floor":35,"key":"StancePotion"},{"floor":48,"key":"FairyPotion"}],"is_trial":true,"path_per_floor":["M","$","M","M","M","E","M","E","T","E","$","M","E","?","R","B",null,"M","?","M","$","M","R","E","R","T","R","M","E","M","E","R","B",null,"M","$","M","M","M","E","M","R","T","E","$","R","E","M","R","B",null],"character_chosen":"WATCHER","items_purchased":["FlurryOfBlows","Mayhem","BattleHymn","Pondfish Scales","MentalFortress","FlurryOfBlows","DuplicationPotion"],"campfire_rested":7,"item_purchase_floors":[11,21,21,36,36,45,45],"current_hp_per_floor":[72,72,72,72,60,52,41,37,37,31,31,20,20,20,41,29,72,63,63,41,41,37,58,15,36,36,59,56,38,40,31,55,50,78,78,78,74,76,81,84,88,88,88,43,43,70,71,63,92,94],"gold":119,"neow_bonus":"","is_daily":false,"chose_seed":false,"campfire_upgraded":2,"win_rate":0.0,"timestamp":1610462768,"path_taken":["M","$","M","M","?","E","M","E","T","E","$","M","?","?","R","BOSS","M","?","M","$","M","R","E","R","T","R","?","E","?","?","R","BOSS","M","?","M","M","M","E","M","R","T","E","$","R","E","M","R","BOSS"],"items_purchased_type":["Card","Card","Card","Relic","Card","Card","Potion"],"build_version":"2020-12-22","purchased_purges":3,"victory":true,"max_hp_per_floor":[72,72,72,72,72,72,72,72,72,72,72,72,72,72,72,72,72,72,72,72,72,72,72,72,72,72,74,74,74,76,76,78,78,78,80,80,82,84,84,86,88,88,88,90,90,90,92,92,94,94],"card_choices":[{"not_picked":["SignatureMove","Swivel"],"picked":"FlyingSleeves","floor":0},{"not_picked":["ThirdEye","EmptyFist"],"picked":"Evaluate","floor":0},{"not_picked":["Halt","SashWhip"],"picked":"Consecrate","floor":0},{"not_picked":["PathToVictory","Wallop"],"picked":"ReachHeaven","floor":0},{"not_picked":["Prostrate","Meditate"],"picked":"DeceiveReality","floor":0},{"not_picked":["FollowUp","Consecrate"],"picked":"Crescendo","floor":0},{"not_picked":["SashWhip","BowlingBash"],"picked":"InnerPeace","floor":0},{"not_picked":["Replay:Vibes","SashWhip"],"picked":"Weave","floor":0},{"not_picked":["FlurryOfBlows","PathToVictory"],"picked":"TalkToTheHand","floor":0},{"not_picked":["Replay:Vibes","Prostrate"],"picked":"FearNoEvil","floor":0},{"not_picked":["Replay:AtTheReady","FlurryOfBlows"],"picked":"Replay:Cycle","floor":0},{"not_picked":["Evaluate","SashWhip"],"picked":"CutThroughFate","floor":0},{"not_picked":["Prostrate","ForeignInfluence"],"picked":"FlurryOfBlows","floor":0},{"not_picked":["Replay:AtTheReady","ClearTheMind"],"picked":"EmptyMind","floor":0},{"not_picked":["PathToVictory","Replay:DivineShield"],"picked":"ReachHeaven","floor":0},{"not_picked":["Wallop","Prostrate"],"picked":"LikeWater","floor":1},{"not_picked":["Replay:Anticipation","Halt"],"picked":"Crescendo","floor":3},{"not_picked":["Halt","DeceiveReality"],"picked":"WindmillStrike","floor":4},{"not_picked":["FlyingSleeves","Replay:ManipulateFuture"],"picked":"FlurryOfBlows","floor":5},{"not_picked":["Judgement","SpiritShield"],"picked":"LessonLearned","floor":6},{"not_picked":["Crescendo","Replay:ManipulateFuture","Replay:AtTheReady"],"picked":"SKIP","floor":7},{"not_picked":["Vault","Scrawl"],"picked":"DeusExMachina","floor":8},{"not_picked":["Alpha","SpiritShield"],"picked":"Replay:LoomingThreat","floor":10},{"not_picked":["CrushJoints","Replay:ManipulateFuture"],"picked":"EmptyFist","floor":12},{"not_picked":["SpiritShield","Replay:AllIn"],"picked":"Establishment","floor":13},{"not_picked":["DevaForm","MasterReality"],"picked":"LessonLearned","floor":16},{"not_picked":["EmptyFist+1","Crescendo"],"picked":"ClearTheMind+1","floor":18},{"not_picked":["Crescendo","Wallop"],"picked":"Replay:BluntJabs","floor":20},{"not_picked":["Perseverance+1","SashWhip+1","ClearTheMind"],"picked":"SKIP","floor":22},{"not_picked":["Replay:Battleflow","Conclude"],"picked":"JustLucky+1","floor":23},{"not_picked":["DevaForm","Replay:AllIn"],"picked":"Wish","floor":24},{"not_picked":["CrushJoints","BattleHymn"],"picked":"MentalFortress","floor":25},{"not_picked":["WheelKick+1","FearNoEvil","Meditate"],"picked":"Singing Bowl","floor":27},{"not_picked":["Evaluate+1","Consecrate"],"picked":"Study+1","floor":28},{"not_picked":["Establishment","Brilliance"],"picked":"MasterReality","floor":29},{"not_picked":["EmptyBody+1","SashWhip","Prostrate"],"picked":"Singing Bowl","floor":30},{"not_picked":["WreathOfFlame+1","ThirdEye"],"picked":"DeceiveReality","floor":30},{"not_picked":["Blasphemy","DeusExMachina"],"picked":"Omniscience","floor":31},{"not_picked":["Replay:AtTheReady","CarveReality","DeceiveReality"],"picked":"Singing Bowl","floor":32},{"not_picked":["Wish","LessonLearned"],"picked":"ConjureBlade","floor":33},{"not_picked":["CrushJoints","BowlingBash+1","Replay:ManipulateFuture"],"picked":"Singing Bowl","floor":35},{"not_picked":["SpiritShield","SashWhip+1"],"picked":"Replay:Cycle","floor":35},{"not_picked":["JustLucky+1","Protect+1","EmptyFist+1"],"picked":"Singing Bowl","floor":37},{"not_picked":["Swivel","SashWhip+1"],"picked":"InnerPeace","floor":37},{"not_picked":["Replay:BluntJabs","CarveReality+1"],"picked":"TalkToTheHand","floor":38},{"not_picked":["Sanctity","Study+1","DeceiveReality+1"],"picked":"Singing Bowl","floor":38},{"not_picked":["Blasphemy","Judgement","Wish"],"picked":"Singing Bowl","floor":40},{"not_picked":["JustLucky+1","FlyingSleeves","Prostrate"],"picked":"Singing Bowl","floor":41},{"not_picked":["PathToVictory+1","ForeignInfluence"],"picked":"Nirvana+1","floor":41},{"not_picked":["Judgement","Alpha","Devotion"],"picked":"Singing Bowl","floor":44},{"not_picked":["SashWhip+1","Replay:BluntJabs"],"picked":"FlurryOfBlows+1","floor":46},{"not_picked":["DeusExMachina","SpiritShield","Brilliance"],"picked":"Singing Bowl","floor":47},{"not_picked":["Vengeance+1","SashWhip+1"],"picked":"FlurryOfBlows+1","floor":48},{"not_picked":["Replay:Hum+1","BattleHymn"],"picked":"CutThroughFate+1","floor":48},{"not_picked":["PathToVictory+1","BowlingBash+1","ClearTheMind+1"],"picked":"Singing Bowl","floor":49}],"player_experience":243311,"relics_obtained":[{"floor":6,"key":"Toy Ornithopter"},{"floor":8,"key":"Dream Catcher"},{"floor":9,"key":"Calipers"},{"floor":10,"key":"Thread and Needle"},{"floor":13,"key":"Gremlin Food"},{"floor":19,"key":"Ring of Peace"},{"floor":19,"key":"ReplayTheSpireMod:Ring of Challenge"},{"floor":24,"key":"Dead Branch"},{"floor":26,"key":"Singing Bowl"},{"floor":29,"key":"Prayer Wheel"},{"floor":31,"key":"Replay:Arrowhead"},{"floor":40,"key":"Blood Vial"},{"floor":40,"key":"Vajra"},{"floor":43,"key":"Art of War"},{"floor":44,"key":"Replay:Accelerometer"},{"floor":47,"key":"Golden Egg"}],"event_choices":[{"damage_healed":0,"gold_gain":30,"player_choice":"Searched \u00271\u0027 times","damage_taken":0,"max_hp_gain":0,"max_hp_loss":0,"event_name":"Dead Adventurer","floor":14,"gold_loss":0}],"is_beta":false,"boss_relics":[{"not_picked":["aspiration:SilentSkillbook","Sozu"],"picked":"Astrolabe"},{"not_picked":["hubris:TerracottaHorce","aspiration:FutureDiary"],"picked":"Replay:Bronze Core"}],"items_purged_floors":[2,11,45],"is_endless":false,"potions_floor_spawned":[4,5,6,8,13,20,22,29,33,35,37,39,48],"ascension_level":0}}