{"host":"wghdsg8ym2wc7ov9","time":1610414538,"event":{"mods":["AchievementEnabler","Astrologer","BaseMod","Beaked The Cultist","Better Altar","Better Note","Colored Map","Downfall","Hermit","Highlight Path","Jorbs\u0027s Wanderer Trilogy","KinomotoSakuraMod(????)","Minty Spire (QoL Compilation)","Random Character Button","Relic Stats","SIMod","Shop Mod","StSLib","The Blackbeard","The Bladedancer","The Construct","The Cursed","The Death Knight","The Gatherer","The Hierophant","The Marked","The Mystic","The Necromancer","The Runesmith","The Senshi","The Servant 0.9.4"],"gold_per_floor":[99,114,129,67,82,97,147,147,147,72,72,87,87,102,117,217,217,217,232,232,247,262,277,327,342,372,37,37,37,52,67,82,82,82],"floor_reached":33,"playtime":15015,"items_purged":[],"score":340,"play_id":"e767116a-213d-422d-a628-9fbf8814f017","local_time":"20210111172218","daily_mods":["Allstar","Uncertain Future","Terminal"],"is_ascension_mode":false,"campfire_choices":[{"floor":1,"key":"RECALL"},{"data":"expansioncontent:Hexaburn","floor":10,"key":"SMITH"},{"data":"expansioncontent:DashGenerateEvil","floor":13,"key":"SMITH"},{"data":"Sunlight","floor":18,"key":"SMITH"},{"floor":28,"key":"REST"}],"circlet_count":0,"master_deck":["Strike_S","Strike_S","Strike_S","Strike_S","Defend_S","Defend_S+1","Defend_S","Defend_S","KidneyShot","Exchange","Thinking Ahead","expansioncontent:PolyBeam","expansioncontent:DashGenerateEvil+1","expansioncontent:Hexaburn+1","GreatAndPowerful","ShatteredReality","Collapse+1","RealityMarble+1","Defy+1","TimeWarp","SpecialFormula","Contraction","Rearm","Barrier","Sunlight+1","Potential","ShiftingGears+1","TimeTheft","SilverBlades","Starlight","ShatteredReality+1","Foresight","Dilation","StarChef","Defy","Revamp+1"],"relics":["Uniform","Anchor","downfall:HeartBlessingRed","StoneMask","construct:FoamFinger","Bottled Flame"],"acts_visited":["Exordium","TheCity"],"potions_floor_usage":[16,25,25,26,33],"damage_taken":[{"damage":0,"enemies":"Jaw Worm","floor":2,"turns":3},{"damage":0,"enemies":"2 Louse","floor":3,"turns":1},{"damage":0,"enemies":"downfall:FleeingMerchant","floor":4,"turns":4},{"damage":0,"enemies":"Small Slimes","floor":5,"turns":3},{"damage":0,"enemies":"Red Slaver","floor":6,"turns":3},{"damage":0,"enemies":"2 Fungi Beasts","floor":12,"turns":3},{"damage":0,"enemies":"3 Louse","floor":14,"turns":2},{"damage":0,"enemies":"Exordium Wildlife","floor":15,"turns":2},{"damage":0,"enemies":"downfall:Watcher","floor":16,"turns":8},{"damage":0,"enemies":"Chosen","floor":19,"turns":5},{"damage":0,"enemies":"3 Byrds","floor":21,"turns":3},{"damage":2,"enemies":"Snake Plant","floor":22,"turns":5},{"damage":0,"enemies":"Chosen and Byrds","floor":23,"turns":5},{"damage":0,"enemies":"Shelled Parasite and Fungi","floor":25,"turns":5},{"damage":39,"enemies":"Book of Stabbing","floor":26,"turns":5},{"damage":0,"enemies":"downfall:FleeingMerchant","floor":27,"turns":4},{"damage":2,"enemies":"Sentry and Sphere","floor":30,"turns":4},{"damage":8,"enemies":"Snecko","floor":31,"turns":3},{"damage":0,"enemies":"Snake Plant","floor":32,"turns":4},{"damage":66,"enemies":"downfall:Silent","floor":33,"turns":7}],"seed_played":"2608465768335268498","potions_obtained":[{"floor":3,"key":"GamblersBrew"},{"floor":6,"key":"Weak Potion"},{"floor":12,"key":"Ancient Potion"},{"floor":16,"key":"ColorlessPotion"},{"floor":21,"key":"SkillPotion"},{"floor":25,"key":"Fire Potion"},{"floor":29,"key":"CultistPotion"},{"floor":30,"key":"champ:CounterPotion"},{"floor":31,"key":"Guardian:BlockOnCardUsePotion"}],"is_trial":false,"path_per_floor":["R","M","M","$","M","M","T","?","?","R","?","M","R","M","M","B",null,"R","M","?","M","M","M","T","M","E","$","R","?","M","M","M","B"],"character_chosen":"THE_SERVANT","items_purchased":["Defy","Dilation","Bottled Flame"],"campfire_rested":1,"item_purchase_floors":[4,27,27],"current_hp_per_floor":[63,62,61,60,59,58,57,56,60,59,58,57,56,55,54,53,52,51,51,50,52,52,53,52,53,22,27,42,42,46,46,49,0,0],"gold":82,"neow_bonus":"","is_daily":true,"chose_seed":false,"campfire_upgraded":3,"win_rate":0.0,"timestamp":1610414538,"path_taken":["R","M","M","$","M","M","T","?","?","R","?","M","R","M","M","BOSS","R","M","?","M","?","M","T","M","E","$","R","?","M","M","M","BOSS"],"items_purchased_type":["Card","Card","Relic"],"build_version":"2020-12-22","purchased_purges":0,"victory":false,"max_hp_per_floor":[63,62,61,60,59,58,57,56,60,59,58,57,56,55,54,53,52,51,51,50,52,52,53,52,53,53,52,51,50,51,51,51,51,51],"relic_stats":{"counters":[20,79],"obtain_stats":[{"Anchor":7,"Bottled Flame":27,"construct:FoamFinger":26,"downfall:HeartBlessingRed":10,"StoneMask":17,"Uniform":0},{"Anchor":5,"Bottled Flame":16,"construct:FoamFinger":15,"downfall:HeartBlessingRed":5,"StoneMask":9,"Uniform":0},{"Anchor":14,"Bottled Flame":61,"construct:FoamFinger":57,"downfall:HeartBlessingRed":14,"StoneMask":29,"Uniform":0}]},"card_choices":[{"not_picked":["Alleviate","Spin"],"picked":"ShatteredReality","floor":2},{"not_picked":["Sabotage","Spin"],"picked":"Collapse","floor":3},{"not_picked":["Rewind","Unruled"],"picked":"RealityMarble","floor":4},{"not_picked":["Shuttle","Advance"],"picked":"TimeWarp","floor":5},{"not_picked":["ShatteredReality","ShiftingGears"],"picked":"SpecialFormula","floor":6},{"not_picked":["Ricochet","Rewind"],"picked":"Contraction","floor":12},{"not_picked":["Rewind","DoubleEdge"],"picked":"Rearm","floor":14},{"not_picked":["BottledTime","Replace"],"picked":"Barrier","floor":15},{"not_picked":["FloweringNight","Solidify"],"picked":"Sunlight","floor":16},{"not_picked":["Unruled","WasteNot"],"picked":"Potential","floor":19},{"not_picked":["Potential","Unruled+1"],"picked":"ShiftingGears+1","floor":21},{"not_picked":["Unruled","Ricochet"],"picked":"TimeTheft","floor":22},{"not_picked":["Moonlight","Desolation+1"],"picked":"SilverBlades","floor":23},{"not_picked":["Moondial","SpecialFormula"],"picked":"Starlight","floor":25},{"not_picked":["TimeWarp","Replace"],"picked":"ShatteredReality+1","floor":26},{"not_picked":["KillingDoll","Potential"],"picked":"Foresight","floor":27},{"not_picked":["Comet+1","Revamp+1"],"picked":"StarChef","floor":30},{"not_picked":["ShatteredReality","Replace"],"picked":"Defy","floor":31},{"not_picked":["Replace","Rearm"],"picked":"Revamp+1","floor":32}],"player_experience":701011,"relics_obtained":[{"floor":7,"key":"Anchor"},{"floor":26,"key":"construct:FoamFinger"}],"event_choices":[{"damage_healed":0,"gold_gain":0,"player_choice":"Donut","damage_taken":0,"max_hp_gain":5,"max_hp_loss":0,"event_name":"Big Fish","floor":9,"gold_loss":0},{"cards_removed":["Regret"],"damage_healed":0,"gold_gain":0,"player_choice":"Card Removal","damage_taken":0,"max_hp_gain":0,"max_hp_loss":0,"event_name":"The Cleric","floor":11,"gold_loss":0},{"damage_healed":0,"gold_gain":0,"player_choice":"Upgraded","damage_taken":0,"max_hp_gain":0,"max_hp_loss":0,"event_name":"Upgrade Shrine","floor":20,"gold_loss":0,"cards_upgraded":["Collapse"]}],"is_beta":false,"boss_relics":[{"not_picked":["SacredBark","Sozu"],"picked":"StoneMask"}],"items_purged_floors":[],"is_endless":false,"potions_floor_spawned":[3,6,12,16,21,25,30,31],"killed_by":"downfall:Silent","ascension_level":0}}