{"host":"2se5dq1do2gp0x9k","time":1610414742,"event":{"mods":["BaseMod","Block Reminder","Colored Map","Colored Powertips","Minty Spire (QoL Compilation)","Relic Stats","StSLib","SuperFastMode","Synergy Search"],"gold_per_floor":[117,117,131,145,145,180,180,211,211,211,211,211,244,117,117,196,196,208,227,241,241,241,241,266,266,266,266,295,295,26,76,76,152,152,162,54,54,54,65,65,99,99,99,99,150,184,197,231,231,231,231],"floor_reached":50,"playtime":2833,"items_purged":["Strike_P","Defend_P"],"score":1236,"play_id":"e0da227d-1463-4714-b5e5-b27b1ef90c6f","local_time":"20210111172542","is_ascension_mode":true,"campfire_choices":[{"data":"SashWhip","floor":7.0,"key":"SMITH"},{"data":"EmptyFist","floor":10.0,"key":"SMITH"},{"data":"Vault","floor":12.0,"key":"SMITH"},{"data":"FlyingSleeves","floor":15.0,"key":"SMITH"},{"data":"Ghostly","floor":23.0,"key":"SMITH"},{"data":"Ghostly","floor":29.0,"key":"SMITH"},{"data":"Forethought","floor":32.0,"key":"SMITH"},{"data":"FlyingSleeves","floor":40.0,"key":"SMITH"},{"data":"Eruption","floor":42.0,"key":"SMITH"},{"data":"Vault","floor":44.0,"key":"SMITH"},{"data":"Tantrum","floor":49.0,"key":"SMITH"}],"circlet_count":0,"master_deck":["AscendersBane","Strike_P+1","Strike_P+1","Strike_P+1","Defend_P","Defend_P","Eruption+1","Vigilance","Consecrate+1","SashWhip+1","EmptyFist+1","TalkToTheHand","InnerPeace","Vault+1","Consecrate","FlyingSleeves+1","Vault+1","Wireheading","Tantrum+1","FlyingSleeves+1","Ghostly+1","Ghostly","Ghostly+1","Wireheading","CutThroughFate","Forethought+1","Wireheading","Weave","ThirdEye","Writhe","FollowUp","Pain","Injury","WreathOfFlame+1","FlurryOfBlows+1","Omniscience+1"],"relics":["PureWater","Oddly Smooth Stone","Whetstone","WingedGreaves","Meat on the Bone","StoneCalendar","SlaversCollar","Mummified Hand","InkBottle","White Beast Statue","Yang","Membership Card","Cursed Key","Toxic Egg 2","Lizard Tail","Torii","PreservedInsect","Blood Vial","FossilizedHelix"],"acts_visited":["Exordium","TheCity","TheBeyond"],"potions_floor_usage":[50],"damage_taken":[{"damage":1.0,"enemies":"Jaw Worm","floor":1.0,"turns":4.0},{"damage":0.0,"enemies":"Small Slimes","floor":3.0,"turns":2.0},{"damage":0.0,"enemies":"2 Louse","floor":4.0,"turns":1.0},{"damage":7.0,"enemies":"Gremlin Nob","floor":6.0,"turns":3.0},{"damage":12.0,"enemies":"Lagavulin","floor":8.0,"turns":8.0},{"damage":8.0,"enemies":"3 Sentries","floor":13.0,"turns":5.0},{"damage":15.0,"enemies":"Slime Boss","floor":16.0,"turns":7.0},{"damage":2.0,"enemies":"Spheric Guardian","floor":18.0,"turns":4.0},{"damage":0.0,"enemies":"Chosen","floor":19.0,"turns":4.0},{"damage":4.0,"enemies":"Centurion and Healer","floor":20.0,"turns":5.0},{"damage":4.0,"enemies":"Book of Stabbing","floor":24.0,"turns":6.0},{"damage":0.0,"enemies":"Slavers","floor":27.0,"turns":1.0},{"damage":0.0,"enemies":"Gremlin Leader","floor":28.0,"turns":5.0},{"damage":16.0,"enemies":"Collector","floor":33.0,"turns":11.0},{"damage":11.0,"enemies":"3 Darklings","floor":35.0,"turns":5.0},{"damage":0.0,"enemies":"3 Shapes","floor":39.0,"turns":3.0},{"damage":0.0,"enemies":"Reptomancer","floor":41.0,"turns":5.0},{"damage":0.0,"enemies":"Giant Head","floor":46.0,"turns":8.0},{"damage":7.0,"enemies":"Maw","floor":47.0,"turns":7.0},{"damage":13.0,"enemies":"Reptomancer","floor":48.0,"turns":5.0},{"damage":48,"enemies":"Donu and Deca","floor":50,"turns":6}],"seed_played":"-7178292816991817466","potions_obtained":[{"floor":3.0,"key":"Explosive Potion"},{"floor":4.0,"key":"Regen Potion"},{"floor":20.0,"key":"SmokeBomb"},{"floor":28.0,"key":"Weak Potion"},{"floor":33.0,"key":"PowerPotion"},{"floor":35.0,"key":"SkillPotion"},{"floor":47.0,"key":"StancePotion"}],"is_trial":false,"path_per_floor":["M","?","M","M","?","E","R","E","T","R","?","R","E","$","R","B",null,"M","M","M","?","?","R","E","T","T","E","E","R","$","?","R","B",null,"M","$","T","?","M","R","E","R","T","R","T","E","M","E","R","B"],"character_chosen":"WATCHER","items_purchased":["FlyingSleeves","Membership Card","Forethought","Wireheading","Weave","ThirdEye"],"campfire_rested":0,"item_purchase_floors":[14,30,30,36,36,36],"current_hp_per_floor":[60,40,40,40,40,33,33,36,36,36,36,36,40,40,40,37,60,58,58,54,35,35,35,31,31,31,31,31,31,31,31,31,27,34,23,23,23,23,23,23,23,23,23,23,23,23,30,19,19,0,0],"gold":231,"neow_bonus":"RANDOM_COMMON_RELIC","is_daily":false,"chose_seed":false,"campfire_upgraded":11,"win_rate":0.0,"timestamp":1610414742,"path_taken":["M","?","M","M","?","E","R","E","T","R","?","R","E","$","R","BOSS","M","M","M","?","?","R","E","?","T","E","E","R","$","?","R","BOSS","M","$","?","?","M","R","E","R","T","R","?","E","?","E","R","BOSS"],"items_purchased_type":["Card","Relic","Card","Card","Card","Card"],"build_version":"2020-12-22","purchased_purges":2,"victory":false,"max_hp_per_floor":[68,68,68,68,68,68,68,68,68,68,68,68,68,68,68,68,68,68,68,68,73,36,36,36,36,36,36,36,36,36,36,36,36,36,36,36,36,36,36,36,36,36,36,36,36,36,36,36,36,36,36],"relic_stats":{"Torii":0,"counters":[21,105],"StoneCalendar":[223],"Yang":[142],"PreservedInsect":191,"Whetstone":["Consecrate","Strike_P"],"Cursed Key":3,"Blood Vial":6,"Lizard Tail":18,"Mummified Hand":[23],"obtain_stats":[{"Torii":43,"Oddly Smooth Stone":0,"StoneCalendar":13,"Yang":28,"PreservedInsect":45,"Whetstone":6,"Cursed Key":34,"White Beast Statue":26,"Blood Vial":46,"SlaversCollar":17,"Lizard Tail":41,"Mummified Hand":24,"WingedGreaves":8,"Membership Card":30,"PureWater":0,"Toxic Egg 2":37,"InkBottle":25,"FossilizedHelix":48,"Meat on the Bone":9},{"Torii":17,"Oddly Smooth Stone":0,"StoneCalendar":6,"Yang":13,"PreservedInsect":17,"Whetstone":4,"Cursed Key":14,"White Beast Statue":11,"Blood Vial":18,"SlaversCollar":7,"Lizard Tail":17,"Mummified Hand":11,"WingedGreaves":5,"Membership Card":13,"PureWater":0,"Toxic Egg 2":15,"InkBottle":11,"FossilizedHelix":20,"Meat on the Bone":5},{"Torii":79,"Oddly Smooth Stone":0,"StoneCalendar":23,"Yang":55,"PreservedInsect":79,"Whetstone":10,"Cursed Key":66,"White Beast Statue":49,"Blood Vial":87,"SlaversCollar":30,"Lizard Tail":79,"Mummified Hand":49,"WingedGreaves":18,"Membership Card":55,"PureWater":0,"Toxic Egg 2":71,"InkBottle":49,"FossilizedHelix":99,"Meat on the Bone":18}],"InkBottle":[24],"Meat on the Bone":48},"card_choices":[{"not_picked":["ThirdEye","Meditate"],"picked":"Consecrate","floor":1.0},{"not_picked":["Halt","ThirdEye"],"picked":"SashWhip","floor":3.0},{"not_picked":["CutThroughFate","CrushJoints"],"picked":"EmptyFist","floor":4.0},{"not_picked":["PathToVictory","FollowUp"],"picked":"TalkToTheHand","floor":6.0},{"not_picked":["SandsOfTime","Crescendo"],"picked":"InnerPeace","floor":8.0},{"not_picked":["Brilliance","ClearTheMind"],"picked":"Consecrate","floor":13.0},{"not_picked":["Wish","Establishment"],"picked":"Vault","floor":16.0},{"not_picked":["WindmillStrike","Consecrate"],"picked":"Wireheading","floor":18.0},{"not_picked":["Perseverance+1","Evaluate"],"picked":"Tantrum","floor":19.0},{"not_picked":["Prostrate","CrushJoints"],"picked":"FlyingSleeves","floor":20.0},{"not_picked":["WheelKick","WindmillStrike"],"picked":"Wireheading","floor":24.0},{"not_picked":["FollowUp","Evaluate"],"picked":"CutThroughFate","floor":28.0},{"not_picked":["BowlingBash","Perseverance+1","CrushJoints"],"picked":"SKIP","floor":35.0},{"not_picked":["ThirdEye+1","Crescendo+1"],"picked":"FollowUp","floor":39.0},{"not_picked":["Pray+1","FollowUp","MentalFortress"],"picked":"SKIP","floor":41.0},{"not_picked":["DeceiveReality+1","EmptyBody+1"],"picked":"WreathOfFlame+1","floor":46.0},{"not_picked":["EmptyFist+1","LikeWater+1"],"picked":"FlurryOfBlows+1","floor":47.0},{"not_picked":["PathToVictory+1","EmptyFist"],"picked":"Omniscience+1","floor":48.0}],"player_experience":3834725,"relics_obtained":[{"floor":6.0,"key":"Whetstone"},{"floor":8.0,"key":"WingedGreaves"},{"floor":9.0,"key":"Meat on the Bone"},{"floor":13.0,"key":"StoneCalendar"},{"floor":24.0,"key":"Mummified Hand"},{"floor":25.0,"key":"InkBottle"},{"floor":26.0,"key":"White Beast Statue"},{"floor":28.0,"key":"Yang"},{"floor":37.0,"key":"Toxic Egg 2"},{"floor":41.0,"key":"Lizard Tail"},{"floor":43.0,"key":"Torii"},{"floor":45.0,"key":"PreservedInsect"},{"floor":46.0,"key":"Blood Vial"},{"floor":48.0,"key":"FossilizedHelix"}],"event_choices":[{"damage_healed":0.0,"max_hp_gain":0.0,"max_hp_loss":0.0,"gold_gain":0.0,"event_name":"Shining Light","player_choice":"Entered Light","floor":2.0,"gold_loss":0.0,"damage_taken":20.0,"cards_upgraded":["Strike_P","Strike_P"]},{"damage_healed":0.0,"max_hp_gain":0.0,"max_hp_loss":0.0,"gold_gain":0.0,"event_name":"Liars Game","player_choice":"Ignored","floor":5.0,"gold_loss":0.0,"damage_taken":0.0},{"damage_healed":0.0,"max_hp_gain":0.0,"max_hp_loss":0.0,"gold_gain":0.0,"event_name":"Match and Keep!","player_choice":"1 cards matched","floor":11.0,"gold_loss":0.0,"damage_taken":0.0,"cards_obtained":["Vault"]},{"damage_healed":0.0,"max_hp_gain":5.0,"max_hp_loss":0.0,"gold_gain":0.0,"event_name":"Forgotten Altar","player_choice":"Shed Blood","floor":21.0,"gold_loss":0.0,"damage_taken":24.0},{"damage_healed":0.0,"max_hp_gain":0.0,"max_hp_loss":37.0,"gold_gain":0.0,"event_name":"Ghosts","player_choice":"Became a Ghost","floor":22.0,"gold_loss":0.0,"damage_taken":0.0,"cards_obtained":["Ghostly","Ghostly","Ghostly"]},{"damage_healed":0.0,"max_hp_gain":0.0,"max_hp_loss":0.0,"gold_gain":50.0,"event_name":"Golden Shrine","player_choice":"Pray","floor":31.0,"gold_loss":0.0,"damage_taken":0.0},{"cards_removed":["Defend_P"],"damage_healed":0.0,"max_hp_gain":0.0,"max_hp_loss":0.0,"gold_gain":0.0,"event_name":"Falling","player_choice":"Removed Skill","floor":38.0,"gold_loss":0.0,"damage_taken":0.0}],"is_beta":false,"boss_relics":[{"not_picked":["Pandora\u0027s Box","Runic Dome"],"picked":"SlaversCollar"},{"not_picked":["Fusion Hammer","Calling Bell"],"picked":"Cursed Key"}],"items_purged_floors":[14,30],"is_endless":false,"potions_floor_spawned":[3,4,20,27,28,33,35,39,41,46,47,48],"killed_by":"Donu and Deca","ascension_level":16}}