{"host":"mai03x2ekbjy4059","time":1610491583,"event":{"mods":["2.2 Compatiblity","BaseMod","DeckTracker","Highlight Path","Keyboard Shortcuts","Minty Spire (QoL Compilation)","Permanent Neow","Quick Restart","SuperFastMode","everything is the same but u backflip on backflip"],"gold_per_floor":[115,115,40,5,5,48,66,66,66,110,110,150,166,189,189,282,282,295,59,72,72,96,137,137,173,173,173,197,221,131,174,174,174,174],"floor_reached":33,"language":"KOR","playtime":1155,"items_purged":["Defend_P"],"score":657,"play_id":"ea70e691-9538-4492-8cf3-1afb0c75f4d6","local_time":"20210113074623","is_ascension_mode":true,"campfire_choices":[{"floor":11.0,"key":"REST"},{"data":"Eruption","floor":15.0,"key":"SMITH"},{"floor":24.0,"key":"REST"},{"data":"Scrawl","floor":32.0,"key":"SMITH"}],"circlet_count":0,"master_deck":["AscendersBane","Strike_P","Strike_P+1","Defend_P","Defend_P","Eruption+1","Vigilance","FlurryOfBlows+1","FearNoEvil+1","Scrawl+1","MentalFortress","InnerPeace"],"relics":["PureWater","PreservedInsect","Golden Idol","Nunchaku","Matryoshka","Dream Catcher","Lantern","Black Star","TheAbacus","MutagenicStrength","Meat on the Bone","Bronze Scales","Mercury Hourglass","Whetstone","Oddly Smooth Stone","TeardropLocket","CeramicFish","Blue Candle","Damaru"],"acts_visited":["Exordium","TheCity"],"potions_floor_usage":[],"damage_taken":[{"damage":2.0,"enemies":"Jaw Worm","floor":1.0,"turns":3.0},{"damage":22.0,"enemies":"3 Sentries","floor":6.0,"turns":6.0},{"damage":0.0,"enemies":"2 Louse","floor":7.0,"turns":1.0},{"damage":17.0,"enemies":"Lagavulin","floor":10.0,"turns":6.0},{"damage":0.0,"enemies":"Gremlin Nob","floor":12.0,"turns":2.0},{"damage":0.0,"enemies":"Cultist","floor":13.0,"turns":2.0},{"damage":1.0,"enemies":"3 Louse","floor":14.0,"turns":3.0},{"damage":18.0,"enemies":"The Guardian","floor":16.0,"turns":13.0},{"damage":0.0,"enemies":"Spheric Guardian","floor":18.0,"turns":1.0},{"damage":12.0,"enemies":"2 Thieves","floor":20.0,"turns":4.0},{"damage":19.0,"enemies":"Cultist and Chosen","floor":22.0,"turns":4.0},{"damage":16.0,"enemies":"Book of Stabbing","floor":23.0,"turns":3.0},{"damage":0.0,"enemies":"Gremlin Leader","floor":25.0,"turns":2.0},{"damage":4.0,"enemies":"Snake Plant","floor":28.0,"turns":2.0},{"damage":0.0,"enemies":"3 Cultists","floor":29.0,"turns":3.0},{"damage":0.0,"enemies":"Book of Stabbing","floor":31.0,"turns":1.0},{"damage":46,"enemies":"Champ","floor":33,"turns":6}],"seed_played":"-5946403249202883809","potions_obtained":[{"floor":1.0,"key":"GamblersBrew"},{"floor":10.0,"key":"Swift Potion"},{"floor":13.0,"key":"BlessingOfTheForge"},{"floor":18.0,"key":"PowerPotion"},{"floor":22.0,"key":"Weak Potion"},{"floor":23.0,"key":"EssenceOfSteel"},{"floor":31.0,"key":"Explosive Potion"}],"is_trial":false,"path_per_floor":["M","?","$","?","?","E","M","?","T","E","R","E","M","M","R","B",null,"M","$","M","?","M","E","R","E","T","?","M","M","?","E","R","B"],"character_chosen":"WATCHER","items_purchased":["MentalFortress","TheAbacus"],"campfire_rested":2,"item_purchase_floors":[19,19],"current_hp_per_floor":[63,45,45,61,45,23,23,23,23,6,25,25,25,24,24,6,50,50,50,38,38,19,3,22,34,34,34,42,42,42,42,42,0,0],"gold":174,"neow_bonus":"REMOVE_TWO","is_daily":false,"chose_seed":false,"campfire_upgraded":2,"win_rate":0.0,"timestamp":1610491583,"path_taken":["M","?","$","?","?","E","M","?","T","E","R","E","M","?","R","BOSS","M","$","M","?","M","E","R","E","T","?","M","M","?","E","R","BOSS"],"items_purchased_type":["Card","Relic"],"build_version":"2020-12-22","purchased_purges":1,"victory":false,"max_hp_per_floor":[65,65,65,65,65,65,65,65,65,65,65,65,65,65,65,65,65,65,65,65,65,65,65,65,65,65,65,65,65,65,65,65,65,65],"card_choices":[{"not_picked":["WindmillStrike","WreathOfFlame","FollowUp"],"picked":"SKIP","floor":1.0},{"not_picked":["Prostrate","BowlingBash"],"picked":"FlurryOfBlows","floor":6.0},{"not_picked":["Consecrate","CarveReality","SashWhip"],"picked":"SKIP","floor":7.0},{"not_picked":["Swivel","Prostrate","Perseverance"],"picked":"SKIP","floor":10.0},{"not_picked":["EmptyMind","WindmillStrike"],"picked":"FearNoEvil","floor":11.0},{"not_picked":["MasterReality","BowlingBash","Vengeance"],"picked":"SKIP","floor":12.0},{"not_picked":["ReachHeaven","FollowUp","Protect"],"picked":"SKIP","floor":13.0},{"not_picked":["Evaluate","Consecrate","Halt"],"picked":"SKIP","floor":14.0},{"not_picked":["Vault","Wish"],"picked":"Scrawl","floor":16.0},{"not_picked":["ForeignInfluence+1","PathToVictory","Prostrate"],"picked":"SKIP","floor":18.0},{"not_picked":["PathToVictory+1","FlurryOfBlows","JustLucky+1"],"picked":"SKIP","floor":20.0},{"not_picked":["Prostrate+1","Nirvana"],"picked":"InnerPeace","floor":22.0},{"not_picked":["Worship","PathToVictory","Wallop"],"picked":"SKIP","floor":23.0},{"not_picked":["MasterReality","EmptyMind","Consecrate"],"picked":"SKIP","floor":25.0},{"not_picked":["Prostrate+1","CutThroughFate","PathToVictory"],"picked":"SKIP","floor":28.0},{"not_picked":["FlyingSleeves","CrushJoints","Worship"],"picked":"SKIP","floor":29.0},{"not_picked":["EmptyFist","CrushJoints","Ragnarok"],"picked":"SKIP","floor":31.0}],"player_experience":1066118,"relics_obtained":[{"floor":6.0,"key":"Nunchaku"},{"floor":9.0,"key":"Matryoshka"},{"floor":10.0,"key":"Dream Catcher"},{"floor":12.0,"key":"Lantern"},{"floor":23.0,"key":"Meat on the Bone"},{"floor":23.0,"key":"Bronze Scales"},{"floor":25.0,"key":"Mercury Hourglass"},{"floor":25.0,"key":"Whetstone"},{"floor":26.0,"key":"Oddly Smooth Stone"},{"floor":26.0,"key":"TeardropLocket"},{"floor":31.0,"key":"Blue Candle"},{"floor":31.0,"key":"Damaru"}],"event_choices":[{"damage_healed":0.0,"max_hp_gain":0.0,"max_hp_loss":0.0,"gold_gain":0.0,"event_name":"Scrap Ooze","player_choice":"Success","floor":2.0,"gold_loss":0.0,"damage_taken":18.0,"relics_obtained":["PreservedInsect"]},{"damage_healed":16.0,"max_hp_gain":0.0,"max_hp_loss":0.0,"gold_gain":0.0,"event_name":"The Cleric","player_choice":"Healed","floor":4.0,"gold_loss":35.0,"damage_taken":0.0},{"damage_healed":0.0,"max_hp_gain":0.0,"max_hp_loss":0.0,"gold_gain":0.0,"event_name":"Golden Idol","player_choice":"Take Damage","floor":5.0,"gold_loss":0.0,"damage_taken":16.0,"relics_obtained":["Golden Idol"]},{"damage_healed":0.0,"max_hp_gain":0.0,"max_hp_loss":0.0,"gold_gain":0.0,"event_name":"Match and Keep!","player_choice":"0 cards matched","floor":8.0,"gold_loss":0.0,"damage_taken":0.0,"cards_obtained":[]},{"damage_healed":0.0,"max_hp_gain":0.0,"max_hp_loss":0.0,"gold_gain":0.0,"event_name":"Drug Dealer","player_choice":"Inject Mutagens","floor":21.0,"gold_loss":0.0,"damage_taken":0.0,"relics_obtained":["MutagenicStrength"]},{"damage_healed":0.0,"max_hp_gain":0.0,"max_hp_loss":0.0,"gold_gain":0.0,"event_name":"The Mausoleum","player_choice":"Opened","floor":27.0,"gold_loss":0.0,"damage_taken":0.0,"relics_obtained":["CeramicFish"]},{"cards_removed":["Strike_P"],"damage_healed":0.0,"max_hp_gain":0.0,"max_hp_loss":0.0,"gold_gain":0.0,"event_name":"Designer","player_choice":"Upgrade and Remove","floor":30.0,"gold_loss":90.0,"damage_taken":0.0,"cards_upgraded":["Strike_P"]}],"is_beta":false,"boss_relics":[{"not_picked":["Ectoplasm","Velvet Choker"],"picked":"Black Star"}],"items_purged_floors":[3],"is_endless":false,"potions_floor_spawned":[1,10,13,14,18,22,23,31],"killed_by":"Champ","ascension_level":13}}