{"host":"i0avyit1s6jb1siw","time":1610451337,"event":{"mods":["BaseMod","DeckTracker","Dota2Spire","Highlight Path","Minty Spire (QoL Compilation)","Quick Restart","StSLib","SuperFastMode"],"gold_per_floor":[115,58,58,76,92,127,127,158,184,233,261,310,321,341,341,341,341],"floor_reached":16,"playtime":379,"items_purged":[],"score":248,"play_id":"5d47d3fd-8598-4086-8f0d-6b705d38422c","local_time":"20210112123537","is_ascension_mode":true,"campfire_choices":[{"data":"Corpse Explosion","floor":7,"key":"SMITH"},{"data":"Well Laid Plans","floor":15,"key":"SMITH"}],"circlet_count":0,"master_deck":["AscendersBane","Strike_G","Strike_G","Strike_G","Strike_G","Strike_G","Defend_G","Defend_G","Defend_G","Defend_G","Defend_G","Survivor","Neutralize","Crippling Poison","Blade Dance","Endless Agony","Well Laid Plans+1","Corpse Explosion+1","Backstab","Calculated Gamble","Caltrops","Cloak And Dagger"],"relics":["Ring of the Snake","Orichalcum","MealTicket","Dota2Spire:HandOfMidas","Dota2Spire:UrnOfShadows","Bag of Marbles"],"acts_visited":["Exordium"],"potions_floor_usage":[6,6,11,16],"damage_taken":[{"damage":8,"enemies":"Jaw Worm","floor":1,"turns":7},{"damage":0,"enemies":"Cultist","floor":4,"turns":4},{"damage":2,"enemies":"Small Slimes","floor":5,"turns":3},{"damage":9,"enemies":"Lagavulin","floor":6,"turns":5},{"damage":12,"enemies":"3 Sentries","floor":8,"turns":4},{"damage":1,"enemies":"Blue Slaver","floor":10,"turns":5},{"damage":8,"enemies":"Gremlin Nob","floor":11,"turns":3},{"damage":1,"enemies":"Looter","floor":12,"turns":2},{"damage":0,"enemies":"Lots of Slimes","floor":13,"turns":3},{"damage":0,"enemies":"Gremlin Gang","floor":14,"turns":1},{"damage":21,"enemies":"Hexaghost","floor":16,"turns":9}],"seed_played":"-7199819947164555160","potions_obtained":[{"floor":0,"key":"FearPotion"},{"floor":0,"key":"CunningPotion"},{"floor":6,"key":"SteroidPotion"},{"floor":12,"key":"FearPotion"},{"floor":13,"key":"Strength Potion"}],"is_trial":false,"path_per_floor":["M","$","?","M","M","E","R","E","T","M","E","M","M","M","R","B"],"character_chosen":"THE_SILENT","items_purchased":["Blade Dance"],"campfire_rested":0,"item_purchase_floors":[2],"current_hp_per_floor":[51,51,51,51,49,40,40,28,28,27,19,18,18,18,18,0,0],"gold":341,"neow_bonus":"THREE_SMALL_POTIONS","is_daily":false,"chose_seed":false,"campfire_upgraded":2,"win_rate":0.0,"timestamp":1610451337,"path_taken":["M","$","?","M","?","E","R","E","T","M","E","M","M","M","R","BOSS"],"items_purchased_type":["Card"],"build_version":"2020-12-22","purchased_purges":0,"victory":false,"max_hp_per_floor":[66,66,66,66,66,66,66,66,66,66,66,66,66,66,66,66,66],"card_choices":[{"not_picked":["Dagger Throw","Underhanded Strike"],"picked":"Crippling Poison","floor":1},{"not_picked":["Slice","Skewer"],"picked":"Endless Agony","floor":4},{"not_picked":["Poisoned Stab","Concentrate"],"picked":"Well Laid Plans","floor":5},{"not_picked":["PiercingWail","Catalyst"],"picked":"Corpse Explosion","floor":6},{"not_picked":["Outmaneuver","Bane","Poisoned Stab"],"picked":"SKIP","floor":8},{"not_picked":["Flying Knee","Quick Slash"],"picked":"Backstab","floor":10},{"not_picked":["Dodge and Roll","Masterful Stab"],"picked":"Calculated Gamble","floor":11},{"not_picked":["Bane","Dagger Spray","Concentrate"],"picked":"SKIP","floor":12},{"not_picked":["Underhanded Strike","Choke"],"picked":"Caltrops","floor":13},{"not_picked":["All Out Attack","Bane"],"picked":"Cloak And Dagger","floor":14}],"player_experience":2213626,"relics_obtained":[{"floor":3,"key":"Orichalcum"},{"floor":6,"key":"MealTicket"},{"floor":8,"key":"Dota2Spire:HandOfMidas"},{"floor":9,"key":"Dota2Spire:UrnOfShadows"},{"floor":11,"key":"Bag of Marbles"}],"event_choices":[{"damage_healed":0,"gold_gain":0,"player_choice":"Relic","damage_taken":0,"max_hp_gain":0,"max_hp_loss":0,"event_name":"Wheel of Change","floor":3,"gold_loss":0}],"is_beta":false,"boss_relics":[],"items_purged_floors":[],"is_endless":false,"potions_floor_spawned":[4,6,12,13,14],"killed_by":"Hexaghost","ascension_level":20}}