{"host":"T","time":1610463923,"event":{"mods":["Aspiration","BaseMod","Downfall","GungeonMod","Hunter ¡‘»À","Minty Spire (QoL Compilation)","READ ME - Guardian Mod","Relic Stats","StSLib","The Alterego","The Cursed","The Jungle","The Runesmith","The Servant 0.9.4"],"gold_per_floor":[99,116,133,308,327,347,400,428,52,52,70,55,55,87,104,209,209,59,78,89,89,89,89,89,89,89,74,74,59,86,102,113,216,216,141,156,156,156,206,226,280,280,227,259,284,284,284,296,321,321,321,353,75,75,75],"floor_reached":56,"playtime":6404,"items_purged":["Doubt","Shame","Moonlight+1"],"score":1428,"play_id":"6f7d6702-eff9-47b8-be0e-f73783afd7e7","local_time":"20210112230523","is_ascension_mode":false,"campfire_choices":[{"floor":1.0,"key":"RECALL"},{"data":"sneckomod:UnlimitedRolls","floor":13.0,"key":"SMITH"},{"data":"Sadistic Nature","floor":18.0,"key":"SMITH"},{"data":"sneckomod:UnknownRareSkill","floor":23.0,"key":"SMITH"},{"data":"FloweringNight","floor":35.0,"key":"SMITH"},{"data":"sneckomod:SerpentMind","floor":46.0,"key":"SMITH"},{"data":"Deny","floor":54,"key":"SMITH"}],"circlet_count":0,"master_deck":["sneckomod:Defend+1","sneckomod:Defend","sneckomod:Defend","sneckomod:TailWhip","sneckomod:SnekBite+1","sneckomod:Unknown","sneckomod:Unknown","sneckomod:UnknownVulnerable","sneckomod:UnknownBlock","sneckomod:SerpentMind+1","sneckomod:UnknownUncommonAttack","sneckomod:SlitherStrike","sneckomod:UnlimitedRolls+1","Sadistic Nature+1","sneckomod:UnknownBlock","sneckomod:Restock","sneckomod:UnknownVulnerable","sneckomod:UnknownUncommonPower","sneckomod:UnknownRareSkill+1","sneckomod:DiceCrush","TimeTheft+1","sneckomod:UnknownCommonSkill+1","Potential","sneckomod:UnknownCommonSkill","sneckomod:UnknownClassHUNTRESS","sneckomod:UnknownEthereal+1","FloweringNight+1","sneckomod:Nope+1","Spin","sneckomod:Unknown1Cost+1","DemoMod:Invincible","sneckomod:RainOfDice+1","Alleviate+1","Deny+1","sneckomod:UnknownClassSLIMEBOUND"],"relics":["sneckomod:SneckoSoul","InkBottle","DemoMod:GnawedKey","aspiration:BabyByrd","Tiny Chest","aspiration:ServantSkillbook","downfall:HeartBlessingBlue","downfall:HeartBlessingRed","Nilry\u0027s Codex","Sundial","aspiration:RitualStick","DemoMod:SerJunkan","War Paint","DemoMod:Junk","Sozu","downfall:HeartBlessingGreen","Mummified Hand","TungstenRod","Strange Spoon","Gremlin Horn","DemoMod:GlassGuonStoneRelic","DemoMod:JetPack","Sling"],"acts_visited":["Exordium","TheCity","TheBeyond","TheEnding"],"potions_floor_usage":[],"damage_taken":[{"damage":5.0,"enemies":"2 Louse","floor":2.0,"turns":3.0},{"damage":1.0,"enemies":"Jaw Worm","floor":3.0,"turns":3.0},{"damage":0.0,"enemies":"Cultist","floor":5.0,"turns":3.0},{"damage":14.0,"enemies":"Large Slime","floor":6.0,"turns":5.0},{"damage":8.0,"enemies":"Lagavulin","floor":8.0,"turns":6.0},{"damage":4.0,"enemies":"downfall:FleeingMerchant","floor":9.0,"turns":4.0},{"damage":4.0,"enemies":"2 Fungi Beasts","floor":11.0,"turns":4.0},{"damage":6.0,"enemies":"downfall:FleeingMerchant","floor":12.0,"turns":4.0},{"damage":9.0,"enemies":"3 Sentries","floor":14.0,"turns":4.0},{"damage":13.0,"enemies":"Exordium Wildlife","floor":15.0,"turns":2.0},{"damage":23.0,"enemies":"downfall:Defect","floor":16.0,"turns":5.0},{"damage":0.0,"enemies":"Shell Parasite","floor":19.0,"turns":3.0},{"damage":0.0,"enemies":"Spheric Guardian","floor":20.0,"turns":4.0},{"damage":13.0,"enemies":"downfall:FleeingMerchant","floor":27.0,"turns":4.0},{"damage":1.0,"enemies":"downfall:FleeingMerchant","floor":29.0,"turns":4.0},{"damage":48.0,"enemies":"Slavers","floor":30.0,"turns":5.0},{"damage":6.0,"enemies":"Cultist and Chosen","floor":31.0,"turns":4.0},{"damage":8.0,"enemies":"Snake Plant","floor":32.0,"turns":3.0},{"damage":6.0,"enemies":"downfall:Silent","floor":33.0,"turns":5.0},{"damage":11.0,"enemies":"3 Shapes","floor":36.0,"turns":3.0},{"damage":9.0,"enemies":"Mind Bloom Boss Battle","floor":39.0,"turns":4.0},{"damage":0.0,"enemies":"Orb Walker","floor":40.0,"turns":2.0},{"damage":0.0,"enemies":"downfall:FleeingMerchant","floor":43.0,"turns":1.0},{"damage":0.0,"enemies":"Reptomancer","floor":44.0,"turns":4.0},{"damage":10,"enemies":"Maw","floor":48,"turns":4},{"damage":0,"enemies":"3 Darklings","floor":49,"turns":2},{"damage":0,"enemies":"downfall:Ironclad","floor":50,"turns":5},{"damage":0,"enemies":"downfall:CharBossMerchant","floor":52,"turns":4},{"damage":0,"enemies":"downfall:NeowBoss","floor":55,"turns":15}],"seed_played":"323139760722280795","potions_obtained":[{"floor":2.0,"key":"LiquidBronze"},{"floor":3.0,"key":"DistilledChaos"},{"floor":11.0,"key":"Swift Potion"},{"floor":16.0,"key":"DistilledChaos"},{"floor":30.0,"key":"Weak Potion"},{"floor":31.0,"key":"Fire Potion"},{"floor":32.0,"key":"DistilledChaos"}],"is_trial":false,"path_per_floor":["R","M","M","?","M","M","T","E","$","?","M","$","R","E","M","B",null,"R","M","M","?","?","R","T","?","T","$","?","$","E","M","M","B",null,"R","M","?","T","?","M","T","?","$","E","T","R","?","M","M","B",null,"E","$","R","B",null],"character_chosen":"THE_SNECKO","items_purchased":["DemoMod:GnawedKey","Sadistic Nature","Strange Spoon","DemoMod:Invincible","Sling"],"campfire_rested":0,"item_purchase_floors":[9,9,43,43,53],"current_hp_per_floor":[99,95,95,95,95,82,82,74,70,70,67,61,61,53,41,21,106,116,116,116,116,100,100,100,77,77,69,69,68,21,16,16,10,120,120,109,109,109,100,100,100,100,101,101,101,101,101,91,91,91,121,118,118,118,122],"gold":75,"neow_bonus":"TEN_PERCENT_HP_BONUS","is_daily":false,"chose_seed":false,"campfire_upgraded":6,"win_rate":0.0,"timestamp":1610463923,"path_taken":["R","M","M","?","M","M","T","E","$","?","M","?","R","E","M","BOSS","R","M","M","?","?","R","T","?","?","?","?","$","E","M","M","BOSS","R","M","?","?","?","M","T","?","?","E","?","R","?","M","M","BOSS","E","$","R","BOSS"],"items_purchased_type":["Relic","Card","Relic","Card","Relic"],"build_version":"2020-12-18","purchased_purges":3,"victory":true,"max_hp_per_floor":[99,100,101,101,101,102,102,102,102,102,103,103,103,104,105,106,106,116,116,116,116,116,116,116,116,116,117,117,117,118,119,120,120,120,120,120,120,120,120,120,120,120,121,121,121,121,121,121,121,121,121,122,122,122,122],"relic_stats":{"Sozu":3,"Strange Spoon":[46],"Gremlin Horn":[5,5],"counters":[29,119],"Sundial":[30],"Mummified Hand":[70],"Tiny Chest":3,"War Paint":["sneckomod:Defend","sneckomod:UnknownCommonSkill"],"obtain_stats":[{"DemoMod:Junk":30,"downfall:HeartBlessingRed":18,"Gremlin Horn":44,"Nilry\u0027s Codex":22,"downfall:HeartBlessingGreen":35,"DemoMod:GlassGuonStoneRelic":2,"War Paint":28,"sneckomod:SneckoSoul":0,"Sling":53,"aspiration:RitualStick":25,"Sozu":34,"Strange Spoon":43,"aspiration:BabyByrd":10,"downfall:HeartBlessingBlue":18,"Sundial":24,"Mummified Hand":38,"aspiration:ServantSkillbook":17,"Tiny Chest":14,"DemoMod:SerJunkan":26,"DemoMod:GnawedKey":9,"InkBottle":8,"TungstenRod":39,"DemoMod:JetPack":52},{"DemoMod:Junk":16,"downfall:HeartBlessingRed":11,"Gremlin Horn":24,"Nilry\u0027s Codex":13,"downfall:HeartBlessingGreen":19,"DemoMod:GlassGuonStoneRelic":1,"War Paint":14,"sneckomod:SneckoSoul":0,"Sling":28,"aspiration:RitualStick":13,"Sozu":19,"Strange Spoon":23,"aspiration:BabyByrd":6,"downfall:HeartBlessingBlue":11,"Sundial":13,"Mummified Hand":20,"aspiration:ServantSkillbook":11,"Tiny Chest":9,"DemoMod:SerJunkan":13,"DemoMod:GnawedKey":6,"InkBottle":5,"TungstenRod":21,"DemoMod:JetPack":28},{"DemoMod:Junk":63,"downfall:HeartBlessingRed":43,"Gremlin Horn":89,"Nilry\u0027s Codex":50,"downfall:HeartBlessingGreen":75,"DemoMod:GlassGuonStoneRelic":3,"War Paint":54,"sneckomod:SneckoSoul":0,"Sling":104,"aspiration:RitualStick":50,"Sozu":75,"Strange Spoon":85,"aspiration:BabyByrd":24,"downfall:HeartBlessingBlue":43,"Sundial":50,"Mummified Hand":78,"aspiration:ServantSkillbook":43,"Tiny Chest":36,"DemoMod:SerJunkan":50,"DemoMod:GnawedKey":24,"InkBottle":20,"TungstenRod":82,"DemoMod:JetPack":104}],"InkBottle":[63],"aspiration:RitualStick":[1],"TungstenRod":12},"card_choices":[{"not_picked":["sneckomod:UnknownWeak","sneckomod:QuickMove"],"picked":"sneckomod:UnknownVulnerable","floor":2.0},{"not_picked":["sneckomod:UnknownCommonSkill","sneckomod:RainOfDice"],"picked":"sneckomod:UnknownBlock","floor":3.0},{"not_picked":["sneckomod:UnknownUncommonSkill","sneckomod:UnknownStrike"],"picked":"sneckomod:SerpentMind","floor":5.0},{"not_picked":["sneckomod:UnknownClassPURPLE","sneckomod:UnknownClassSLIMEBOUND"],"picked":"sneckomod:UnknownUncommonAttack","floor":6.0},{"not_picked":["sneckomod:ImprovisedAttack","sneckomod:Nope"],"picked":"sneckomod:SlitherStrike","floor":8.0},{"not_picked":["sneckomod:UnknownUncommonPower","sneckomod:Nope"],"picked":"sneckomod:UnlimitedRolls","floor":9.0},{"not_picked":["sneckomod:ImprovisedGuard","sneckomod:RainOfDice"],"picked":"sneckomod:UnknownBlock","floor":11.0},{"not_picked":["sneckomod:UnknownClassHEXA_GHOST_PURPLE","sneckomod:ImprovisedGuard"],"picked":"sneckomod:Restock","floor":12.0},{"not_picked":["sneckomod:CheapStock","sneckomod:UnknownClassHUNTRESS"],"picked":"sneckomod:UnknownVulnerable","floor":14.0},{"not_picked":["sneckomod:CheapStock","sneckomod:UnknownClassPassionlip_Purple"],"picked":"sneckomod:UnknownUncommonPower","floor":15.0},{"not_picked":["sneckomod:SerpentMind","sneckomod:Restock"],"picked":"sneckomod:UnknownRareSkill","floor":16.0},{"not_picked":["sneckomod:QuickBite","sneckomod:Unknown2Cost","Sabotage"],"picked":"sneckomod:DiceCrush","floor":19.0},{"not_picked":["Defy","Reset","sneckomod:DiceCrush"],"picked":"TimeTheft+1","floor":20.0},{"not_picked":["sneckomod:SoulDraw","Replace","Ricochet"],"picked":"sneckomod:UnknownCommonSkill","floor":27.0},{"not_picked":["sneckomod:QuickBite","DoubleEdge","Read"],"picked":"Potential","floor":29.0},{"not_picked":["Potential+1","sneckomod:UnknownCommonAttack","Deadline+1"],"picked":"sneckomod:UnknownCommonSkill","floor":30.0},{"not_picked":["sneckomod:DiceBlock","Spin+1","Rearm"],"picked":"sneckomod:UnknownClassHUNTRESS","floor":31.0},{"not_picked":["sneckomod:UnknownCommonSkill","ShatteredReality","Replace"],"picked":"sneckomod:UnknownEthereal+1","floor":32.0},{"not_picked":["Sunlight","sneckomod:SoulExchange","Duplication"],"picked":"FloweringNight","floor":33.0},{"not_picked":["sneckomod:IronFang+1","Rearm","sneckomod:UnknownWeak"],"picked":"Moonlight+1","floor":36.0},{"not_picked":["sneckomod:UnknownExhaust","sneckomod:QuickMove+1","FanOfKnives"],"picked":"sneckomod:Nope+1","floor":40.0},{"not_picked":["sneckomod:UnknownCommonSkill+1","Revamp","FastForward+1"],"picked":"sneckomod:Unknown1Cost+1","floor":43.0},{"not_picked":["sneckomod:UnknownX","sneckomod:UnknownCommonAttack","Potential+1"],"picked":"sneckomod:RainOfDice+1","floor":44.0},{"not_picked":["BottledTime+1","sneckomod:WideSting","Potential"],"picked":"Alleviate+1","floor":48},{"not_picked":["DoubleEdge+1","sneckomod:UnknownStrike+1","sneckomod:UnknownVulnerable+1"],"picked":"Deny","floor":49},{"not_picked":["Sabotage","DoubleEdge+1","BottledTime+1"],"picked":"sneckomod:UnknownClassSLIMEBOUND","floor":52}],"player_experience":395264,"relics_obtained":[{"floor":8.0,"key":"InkBottle"},{"floor":14.0,"key":"Tiny Chest"},{"floor":22.0,"key":"Nilry\u0027s Codex"},{"floor":24.0,"key":"Sundial"},{"floor":26.0,"key":"DemoMod:SerJunkan"},{"floor":30.0,"key":"DemoMod:Junk"},{"floor":38.0,"key":"Mummified Hand"},{"floor":39.0,"key":"TungstenRod"},{"floor":41.0,"key":"DemoMod:Junk"},{"floor":44.0,"key":"Gremlin Horn"},{"floor":45.0,"key":"DemoMod:Junk"},{"floor":52,"key":"DemoMod:JetPack"}],"event_choices":[{"damage_healed":0.0,"max_hp_gain":0.0,"max_hp_loss":0.0,"gold_gain":0.0,"event_name":"Addict","player_choice":"Stole Relic","floor":28.0,"gold_loss":0.0,"damage_taken":0.0,"relics_obtained":["War Paint"],"cards_obtained":["Shame"]},{"cards_removed":["sneckomod:Strike"],"damage_healed":0.0,"max_hp_gain":0.0,"max_hp_loss":0.0,"gold_gain":0.0,"event_name":"Falling","player_choice":"Removed Attack","floor":37.0,"gold_loss":0.0,"damage_taken":0.0},{"damage_healed":0.0,"max_hp_gain":0.0,"max_hp_loss":0.0,"gold_gain":0.0,"cards_transformed":["sneckomod:Strike"],"event_name":"Transmorgrifier","player_choice":"Transformed","floor":42.0,"gold_loss":0.0,"damage_taken":0.0,"cards_obtained":["Spin"]},{"damage_healed":0,"gold_gain":0,"player_choice":"Upgraded","damage_taken":0,"max_hp_gain":0,"max_hp_loss":0,"event_name":"Upgrade Shrine","floor":47,"gold_loss":0,"cards_upgraded":["sneckomod:SnekBite"]}],"is_beta":true,"boss_relics":[{"not_picked":["Velvet Choker","Tiny House"],"picked":"aspiration:ServantSkillbook"},{"not_picked":["Calling Bell","aspiration:FutureDiary"],"picked":"Sozu"}],"items_purged_floors":[9,43,53],"is_endless":false,"potions_floor_spawned":[2,3,11,16,30,31,32,40,48,52],"ascension_level":0}}