{"host":"y3h3n3f7seyagppx","time":1610469601,"event":{"mods":["AlwaysNeverKeys","BaseMod","Better Vampires","Colored Powertips","DeckTracker","Emptier Cage","Minty Spire (QoL Compilation)","Permanent Neow","Quick Restart","Rare Cards Sparkle","Relic Sorter","Relic Stats","StSLib","Transform Curses"],"gold_per_floor":[116,41,41,41,6,32,32,66,90,90,123,143,173,197,197,269,269,281,295,24,35,35,35,61,76,99,99,131,131,158,101,110,196,196,221,48,48,75,88,117,117,159,159,175,234,273,273,346,346,346,346,346,346,57,93,93],"floor_reached":57,"playtime":5851,"items_purged":["Strike_R","Strike_R"],"score":3361,"play_id":"4f293983-e500-4772-8567-993a6f53f8d3","local_time":"20210112114001","is_ascension_mode":true,"campfire_choices":[{"data":"Carnage","floor":7.0,"key":"SMITH"},{"data":"Bash","floor":10.0,"key":"SMITH"},{"data":"Inflame","floor":15.0,"key":"SMITH"},{"data":"Second Wind","floor":23.0,"key":"SMITH"},{"data":"Uppercut","floor":27.0,"key":"SMITH"},{"data":"Flame Barrier","floor":29,"key":"SMITH"},{"floor":32,"key":"REST"},{"floor":41,"key":"REST"},{"floor":49,"key":"REST"},{"floor":53,"key":"REST"}],"circlet_count":0,"master_deck":["AscendersBane","Defend_R+1","Defend_R","Defend_R","Defend_R","Bash+1","Carnage+1","Inflame+1","Second Wind+1","Exhume","Sentinel","Offering","Flame Barrier+1","Feed","Uppercut+1","Clash","Iron Wave","Sentinel","Corruption","Body Slam+1","Shrug It Off","Ghostly Armor+1","Spot Weakness+1","Feel No Pain","Shrug It Off"],"relics":["Burning Blood","NeowsBlessing","Pantograph","Meat on the Bone","Dead Branch","Boot","Mango","Ancient Tea Set","Juzu Bracelet","Snecko Eye","PreservedInsect","Happy Flower","CeramicFish","Tiny Chest","Dream Catcher","Black Star","Art of War","Vajra","Kunai","Ornamental Fan","InkBottle","Mercury Hourglass","Bottled Flame","Ginger","Omamori","War Paint","Self Forming Clay","Medical Kit","Unceasing Top","Strawberry"],"acts_visited":["Exordium","TheCity","TheBeyond","TheEnding"],"potions_floor_usage":[33,56],"damage_taken":[{"damage":0.0,"enemies":"Cultist","floor":1.0,"turns":1.0},{"damage":0.0,"enemies":"Gremlin Nob","floor":6.0,"turns":1.0},{"damage":0.0,"enemies":"3 Sentries","floor":8.0,"turns":2.0},{"damage":16.0,"enemies":"Lagavulin","floor":11.0,"turns":7.0},{"damage":5.0,"enemies":"2 Louse","floor":12.0,"turns":4.0},{"damage":28.0,"enemies":"Gremlin Nob","floor":13.0,"turns":4.0},{"damage":10.0,"enemies":"The Guardian","floor":16.0,"turns":11.0},{"damage":17.0,"enemies":"2 Thieves","floor":18.0,"turns":4.0},{"damage":6.0,"enemies":"Chosen","floor":19.0,"turns":2.0},{"damage":8.0,"enemies":"Snake Plant","floor":21.0,"turns":4.0},{"damage":0.0,"enemies":"Book of Stabbing","floor":24.0,"turns":2.0},{"damage":16.0,"enemies":"Chosen and Byrds","floor":25.0,"turns":12.0},{"damage":26,"enemies":"Gremlin Leader","floor":28,"turns":7},{"damage":28,"enemies":"Book of Stabbing","floor":30,"turns":4},{"damage":6,"enemies":"Automaton","floor":33,"turns":7},{"damage":3,"enemies":"3 Darklings","floor":35,"turns":6},{"damage":0,"enemies":"Orb Walker","floor":39,"turns":2},{"damage":0,"enemies":"Nemesis","floor":40,"turns":7},{"damage":5,"enemies":"Reptomancer","floor":42,"turns":3},{"damage":6,"enemies":"Jaw Worm Horde","floor":44,"turns":4},{"damage":9,"enemies":"2 Orb Walkers","floor":45,"turns":3},{"damage":6,"enemies":"Giant Head","floor":46,"turns":1},{"damage":10,"enemies":"Awakened One","floor":50,"turns":4},{"damage":33,"enemies":"Donu and Deca","floor":51,"turns":7},{"damage":6,"enemies":"Shield and Spear","floor":55,"turns":1},{"damage":6,"enemies":"The Heart","floor":56,"turns":7}],"seed_played":"5293907490761921076","potions_obtained":[{"floor":1.0,"key":"BlessingOfTheForge"},{"floor":8.0,"key":"Explosive Potion"},{"floor":11.0,"key":"PowerPotion"},{"floor":25.0,"key":"SpeedPotion"},{"floor":33,"key":"DuplicationPotion"}],"is_trial":false,"path_per_floor":["M","$","?","?","?","E","R","E","T","R","E","M","E","T","R","B",null,"M","M","$","M","?","R","E","M","T","R","E","R","E","?","R","B",null,"M","$","?","T","M","E","R","E","T","M","?","E","?","T","R","B","B",null,"R","$","E","B",null],"character_chosen":"IRONCLAD","items_purchased":["PreservedInsect","Art of War","Medical Kit","Feel No Pain","DistilledChaos"],"campfire_rested":4,"item_purchase_floors":[20,36,54,54,54],"current_hp_per_floor":[74,74,39,32,50,56,56,62,62,62,66,67,57,57,57,78,86,75,75,75,73,73,73,79,75,75,75,59,59,49,49,78,102,102,105,105,100,100,103,106,106,106,106,109,106,109,109,109,112,108,88,108,115,115,122,122],"gold":93,"neow_bonus":"THREE_ENEMY_KILL","is_daily":false,"chose_seed":false,"campfire_upgraded":6,"win_rate":0.0,"timestamp":1610469601,"path_taken":["M","$","?","?","?","E","R","E","T","R","E","M","E","?","R","BOSS","M","M","$","M","?","R","E","M","T","R","E","R","E","?","R","BOSS","M","?","?","?","M","E","R","E","T","M","?","E","?","?","R","BOSS","BOSS","R","$","E","BOSS"],"items_purchased_type":["Relic","Relic","Relic","Card","Potion"],"build_version":"2020-12-22","purchased_purges":2,"victory":true,"max_hp_per_floor":[75,75,75,75,75,75,75,75,75,75,89,89,89,89,89,89,89,89,89,89,89,89,89,89,95,95,95,99,99,99,99,99,102,102,105,105,100,100,103,106,106,106,106,109,109,112,112,112,112,112,115,115,115,115,122,122],"relic_stats":{"CeramicFish":90,"Juzu Bracelet":1,"Ginger":[2],"Boot":[10],"Burning Blood":140,"Dream Catcher":4,"Pantograph":50,"Tiny Chest":1,"Kunai":[16],"InkBottle":[19],"Happy Flower":[25],"counters":[26,117],"Self Forming Clay":[24],"Dead Branch":[394],"PreservedInsect":451,"War Paint":["Ghostly Armor","Defend_R"],"Medical Kit":[6],"Mercury Hourglass":[87],"Ornamental Fan":[64],"Snecko Eye":[153,161,171,174],"Black Star":4,"Art of War":[3],"obtain_stats":[{"CeramicFish":26,"Vajra":38,"Mango":11,"Juzu Bracelet":14,"Ginger":45,"Boot":9,"Ancient Tea Set":13,"Burning Blood":0,"Dream Catcher":30,"Pantograph":3,"Strawberry":55,"Tiny Chest":28,"Kunai":40,"InkBottle":42,"NeowsBlessing":0,"Happy Flower":24,"Self Forming Clay":48,"Dead Branch":8,"PreservedInsect":20,"Omamori":46,"War Paint":46,"Medical Kit":54,"Mercury Hourglass":42,"Bottled Flame":43,"Ornamental Fan":40,"Snecko Eye":17,"Black Star":34,"Art of War":36,"Unceasing Top":55,"Meat on the Bone":6},{"CeramicFish":12,"Vajra":16,"Mango":4,"Juzu Bracelet":6,"Ginger":21,"Boot":3,"Ancient Tea Set":6,"Burning Blood":0,"Dream Catcher":14,"Pantograph":1,"Strawberry":25,"Tiny Chest":13,"Kunai":18,"InkBottle":19,"NeowsBlessing":0,"Happy Flower":11,"Self Forming Clay":22,"Dead Branch":3,"PreservedInsect":9,"Omamori":22,"War Paint":22,"Medical Kit":24,"Mercury Hourglass":19,"Bottled Flame":19,"Ornamental Fan":18,"Snecko Eye":7,"Black Star":15,"Art of War":16,"Unceasing Top":25,"Meat on the Bone":2},{"CeramicFish":54,"Vajra":78,"Mango":11,"Juzu Bracelet":19,"Ginger":97,"Boot":4,"Ancient Tea Set":19,"Burning Blood":0,"Dream Catcher":65,"Pantograph":1,"Strawberry":110,"Tiny Chest":61,"Kunai":87,"InkBottle":90,"NeowsBlessing":0,"Happy Flower":42,"Self Forming Clay":98,"Dead Branch":4,"PreservedInsect":36,"Omamori":98,"War Paint":98,"Medical Kit":109,"Mercury Hourglass":90,"Bottled Flame":90,"Ornamental Fan":87,"Snecko Eye":30,"Black Star":72,"Art of War":78,"Unceasing Top":110,"Meat on the Bone":2}],"Unceasing Top":[0],"Meat on the Bone":24},"card_choices":[{"not_picked":["Flex","Headbutt"],"picked":"Carnage","floor":1.0},{"not_picked":["Body Slam","Entrench"],"picked":"Inflame","floor":6.0},{"not_picked":["Fire Breathing","Bloodletting"],"picked":"Second Wind","floor":8.0},{"not_picked":["Thunderclap","Disarm"],"picked":"Exhume","floor":11.0},{"not_picked":["Entrench","Hemokinesis","Heavy Blade"],"picked":"SKIP","floor":12.0},{"not_picked":["Evolve","Dropkick"],"picked":"Sentinel","floor":13.0},{"not_picked":["Bludgeon","Reaper"],"picked":"Offering","floor":16.0},{"not_picked":["Thunderclap","Perfected Strike+1","True Grit"],"picked":"SKIP","floor":18.0},{"not_picked":["Armaments","Seeing Red","True Grit"],"picked":"SKIP","floor":19.0},{"not_picked":["Armaments","Seeing Red","True Grit"],"picked":"SKIP","floor":19.0},{"not_picked":["Reckless Charge","Thunderclap","Pommel Strike"],"picked":"SKIP","floor":21.0},{"not_picked":["Pommel Strike","Iron Wave"],"picked":"Feed","floor":24.0},{"not_picked":["Entrench","Dropkick"],"picked":"Uppercut","floor":25.0},{"not_picked":["Metallicize","Twin Strike","Offering"],"picked":"SKIP","floor":28},{"not_picked":["Flex","Clash+1","Infernal Blade"],"picked":"SKIP","floor":30},{"not_picked":["Combust+1","Perfected Strike"],"picked":"Sentinel","floor":32},{"not_picked":["Brutality","Reaper"],"picked":"Corruption","floor":33},{"not_picked":["Evolve","Warcry+1"],"picked":"Body Slam+1","floor":35},{"not_picked":["Infernal Blade","Perfected Strike","Pummel"],"picked":"SKIP","floor":39},{"not_picked":["Sword Boomerang","Fire Breathing+1","Havoc"],"picked":"SKIP","floor":40},{"not_picked":["Hemokinesis","Anger"],"picked":"Shrug It Off","floor":42},{"not_picked":["Armaments","Pommel Strike","Iron Wave+1"],"picked":"SKIP","floor":44},{"not_picked":["Wild Strike+1","Pommel Strike"],"picked":"Ghostly Armor","floor":45},{"not_picked":["Rupture","Corruption"],"picked":"Spot Weakness+1","floor":46},{"not_picked":["Headbutt","Anger"],"picked":"Shrug It Off","floor":55}],"player_experience":20734732,"relics_obtained":[{"floor":6.0,"key":"Meat on the Bone"},{"floor":8.0,"key":"Dead Branch"},{"floor":9.0,"key":"Boot"},{"floor":11.0,"key":"Mango"},{"floor":13.0,"key":"Ancient Tea Set"},{"floor":14.0,"key":"Juzu Bracelet"},{"floor":24.0,"key":"Happy Flower"},{"floor":26.0,"key":"CeramicFish"},{"floor":28,"key":"Tiny Chest"},{"floor":30,"key":"Dream Catcher"},{"floor":38,"key":"Vajra"},{"floor":40,"key":"Kunai"},{"floor":40,"key":"Ornamental Fan"},{"floor":42,"key":"InkBottle"},{"floor":42,"key":"Mercury Hourglass"},{"floor":43,"key":"Bottled Flame"},{"floor":45,"key":"Ginger"},{"floor":46,"key":"Omamori"},{"floor":46,"key":"War Paint"},{"floor":48,"key":"Self Forming Clay"},{"floor":55,"key":"Unceasing Top"},{"floor":55,"key":"Strawberry"}],"event_choices":[{"damage_healed":0.0,"max_hp_gain":0.0,"max_hp_loss":0.0,"gold_gain":0.0,"event_name":"Scrap Ooze","player_choice":"Success","floor":3.0,"gold_loss":0.0,"damage_taken":35.0,"relics_obtained":["Pantograph"]},{"cards_removed":["Strike_R"],"damage_healed":0.0,"max_hp_gain":0.0,"max_hp_loss":0.0,"gold_gain":0.0,"event_name":"Golden Wing","player_choice":"Card Removal","floor":4.0,"gold_loss":0.0,"damage_taken":7.0},{"damage_healed":18.0,"max_hp_gain":0.0,"max_hp_loss":0.0,"gold_gain":0.0,"event_name":"The Cleric","player_choice":"Healed","floor":5.0,"gold_loss":35.0,"damage_taken":0.0},{"damage_healed":0.0,"max_hp_gain":0.0,"max_hp_loss":0.0,"gold_gain":0.0,"event_name":"The Library","player_choice":"Read","floor":22.0,"gold_loss":0.0,"damage_taken":0.0,"cards_obtained":["Flame Barrier"]},{"damage_healed":0,"gold_gain":0,"cards_transformed":["Strike_R","Strike_R"],"player_choice":"Transformed Cards","damage_taken":0,"max_hp_gain":0,"max_hp_loss":0,"event_name":"Designer","floor":31,"gold_loss":75,"cards_obtained":["Clash","Iron Wave"]},{"damage_healed":0,"gold_gain":0,"player_choice":"Max HP","damage_taken":0,"max_hp_gain":0,"max_hp_loss":5,"event_name":"Winding Halls","floor":37,"gold_loss":0},{"damage_healed":0,"gold_gain":0,"player_choice":"Fight","damage_taken":0,"max_hp_gain":0,"max_hp_loss":0,"event_name":"Mysterious Sphere","floor":45,"gold_loss":0},{"damage_healed":0,"gold_gain":0,"player_choice":"Ignored","damage_taken":0,"max_hp_gain":0,"max_hp_loss":0,"event_name":"Tomb of Lord Red Mask","floor":47,"gold_loss":0}],"is_beta":false,"boss_relics":[{"not_picked":["Coffee Dripper","Busted Crown"],"picked":"Snecko Eye"},{"not_picked":["Velvet Choker","Runic Cube"],"picked":"Black Star"}],"items_purged_floors":[2,20],"is_endless":false,"potions_floor_spawned":[1,8,11,25,30,33,35,39],"ascension_level":20}}