{"host":"qxvfhyaudhuuf9dn","time":1610495166,"event":{"mods":["Arknights The Spire","BaseMod","Colored Map","Highlight Path","Minty Spire (QoL Compilation)","StSLib","Waifu the Spire","【功能Mod】混沌之环修复补丁"],"gold_per_floor":[109,126,126,126,144,182,226,226,226],"floor_reached":8,"language":"ZHS","playtime":777,"items_purged":[],"score":66,"play_id":"9bb7207f-3ba1-4331-8695-c4e1f04932c9","local_time":"20210113074606","daily_mods":["SealedDeck","Heirloom","Time Dilation","Flight"],"is_ascension_mode":false,"campfire_choices":[],"circlet_count":0,"master_deck":["ats:Curse Doll","ats:Revitalization","ats:Apocalypse","ats:Apocalypse","ats:Revitalization","ats:Ignite","ats:Cat Scratch","ats:Childhood Dance","ats:Thorns","ats:Apocalypse","ats:Poison Spread","ats:Defend Order","ats:Chain Hook","ats:Chain Hook"],"relics":["ats:Sanity","Incense Burner","Golden Idol","ats:Originium","MealTicket","ats:Hidden Killer"],"acts_visited":["Exordium"],"potions_floor_usage":[],"damage_taken":[{"damage":19,"enemies":"Cultist","floor":1,"turns":5},{"damage":8,"enemies":"2 Louse","floor":2,"turns":3},{"damage":18,"enemies":"Jaw Worm","floor":5,"turns":4},{"damage":80,"enemies":"3 Sentries","floor":6,"turns":12},{"damage":38,"enemies":"Gremlin Nob","floor":7,"turns":4},{"damage":27,"enemies":"Lagavulin","floor":8,"turns":5}],"seed_played":"-7719967460417911381","potions_obtained":[{"floor":5,"key":"Dexterity Potion"},{"floor":6,"key":"Dexterity Potion"}],"is_trial":true,"path_per_floor":["M","M","?","?","M","E","E","E"],"character_chosen":"DOCTOR_CLASS","items_purchased":[],"campfire_rested":0,"item_purchase_floors":[],"current_hp_per_floor":[67,72,54,54,54,42,8,0,0],"gold":226,"neow_bonus":"","is_daily":false,"chose_seed":false,"campfire_upgraded":0,"win_rate":0.0,"timestamp":1610495166,"path_taken":["M","M","?","?","?","E","E","E"],"items_purchased_type":[],"build_version":"2020-12-22","purchased_purges":0,"victory":false,"max_hp_per_floor":[72,72,72,72,72,72,72,72,72],"card_choices":[{"not_picked":["ats:LN2 Cannon","ats:Powerful Strike"],"picked":"ats:Poison Spread","floor":1},{"not_picked":["ats:Sunburst","ats:Apocalypse"],"picked":"ats:Defend Order","floor":2},{"not_picked":["ats:Powerful Strike","ats:Revitalization","ats:Charging Defense"],"picked":"SKIP","floor":5},{"not_picked":["ats:Powerful Strike","ats:Red Shift"],"picked":"ats:Chain Hook","floor":6},{"not_picked":["ats:Wolf Pack","ats:Neurotoxin"],"picked":"ats:Chain Hook","floor":7}],"player_experience":36187,"relics_obtained":[{"floor":6,"key":"ats:Originium"},{"floor":6,"key":"MealTicket"},{"floor":7,"key":"ats:Originium"},{"floor":7,"key":"ats:Hidden Killer"}],"event_choices":[{"damage_healed":0,"gold_gain":0,"player_choice":"Take Damage","damage_taken":18,"relics_obtained":["Golden Idol"],"max_hp_gain":0,"max_hp_loss":0,"event_name":"Golden Idol","floor":3,"gold_loss":0},{"damage_healed":0,"gold_gain":0,"player_choice":"Bought 0 Potions","damage_taken":0,"max_hp_gain":0,"max_hp_loss":0,"event_name":"The Woman in Blue","floor":4,"gold_loss":0}],"is_beta":false,"boss_relics":[],"items_purged_floors":[],"is_endless":true,"potions_floor_spawned":[5,6],"killed_by":"Lagavulin","ascension_level":0}}