{"host":"qm4rv4rkpk76sbxu","time":1610455014,"event":{"mods":["BaseMod","Bestiary","Block Reminder","DeckTracker","Filter the Spire","Keyboard Shortcuts","Minty Spire (QoL Compilation)","MonsterHotkey","Potion Indicator Mod","Quick Restart","Relic Stats","Slay-I","StSLib","ojb\u0027s Better Paths Mod"],"gold_per_floor":[210,135,410,424,21,21,55,55,55,67,67,92,111,141,141,214,214,234,244,118,118,118,143,143,174,174,184,399,417,445,29,29,103,103,118,134,134,134,145,170,1,1,1,14,26,26,56,71,71,71,71,71,71,14,45,45,45],"floor_reached":56,"playtime":4720,"items_purged":["Regret","Strike_G"],"score":2216,"play_id":"1c43ceb6-1888-46bf-9cec-2eb1e9364a03","local_time":"20210112133654","is_ascension_mode":true,"campfire_choices":[{"data":"Sucker Punch","floor":6.0,"key":"SMITH"},{"data":"All Out Attack","floor":8.0,"key":"SMITH"},{"data":"Noxious Fumes","floor":15.0,"key":"SMITH"},{"data":"Neutralize","floor":24.0,"key":"SMITH"},{"data":"Envenom","floor":32.0,"key":"SMITH"},{"floor":42.0,"key":"REST"},{"data":"Footwork","floor":46.0,"key":"SMITH"},{"floor":49.0,"key":"RECALL"},{"floor":53.0,"key":"REST"}],"circlet_count":0,"master_deck":["AscendersBane","Strike_G","Strike_G","Strike_G","Defend_G","Defend_G","Defend_G","Defend_G","Defend_G","Survivor","Neutralize+1","Dagger Throw","Sucker Punch+1","All Out Attack+1","Terror+1","Corpse Explosion+1","Noxious Fumes+1","Blade Dance+1","Venomology+1","Prepared+1","Dodge and Roll+1","Cloak And Dagger+1","Burst+1","Cloak And Dagger+1","PiercingWail+1","Envenom+1","Good Instincts+1","Unload","Blur+1","Deflect+1","Madness+1","Madness+1","Bouncing Flask+1","Deflect+1","Footwork+1","Leg Sweep+1","Endless Agony","Deflect+1","Dodge and Roll+1","Footwork","Cloak And Dagger+1"],"relics":["Ring of the Snake","Dead Branch","Dream Catcher","Kunai","Toxic Egg 2","PreservedInsect","Runic Pyramid","White Beast Statue","Pocketwatch","MealTicket","The Specimen","Old Coin","Bottled Flame","Medical Kit","Philosopher\u0027s Stone","HornCleat","Membership Card","Lantern","Lizard Tail"],"acts_visited":["Exordium","TheCity","TheBeyond","TheEnding"],"potions_floor_usage":[56,56,56],"damage_taken":[{"damage":9.0,"enemies":"Jaw Worm","floor":1.0,"turns":7.0},{"damage":14.0,"enemies":"Cultist","floor":4.0,"turns":5.0},{"damage":12.0,"enemies":"3 Sentries","floor":7.0,"turns":7.0},{"damage":0.0,"enemies":"2 Louse","floor":10.0,"turns":1.0},{"damage":1.0,"enemies":"Gremlin Nob","floor":12.0,"turns":3.0},{"damage":0.0,"enemies":"Lots of Slimes","floor":13.0,"turns":1.0},{"damage":6.0,"enemies":"3 Sentries","floor":14.0,"turns":2.0},{"damage":10.0,"enemies":"Hexaghost","floor":16.0,"turns":6.0},{"damage":1.0,"enemies":"3 Byrds","floor":18.0,"turns":4.0},{"damage":0.0,"enemies":"Spheric Guardian","floor":19.0,"turns":3.0},{"damage":0.0,"enemies":"Gremlin Leader","floor":23.0,"turns":3.0},{"damage":0.0,"enemies":"Slavers","floor":25.0,"turns":1.0},{"damage":0.0,"enemies":"Snecko","floor":27.0,"turns":4.0},{"damage":0.0,"enemies":"Cultist and Chosen","floor":29.0,"turns":2.0},{"damage":5.0,"enemies":"Gremlin Leader","floor":30.0,"turns":5.0},{"damage":4.0,"enemies":"Champ","floor":33.0,"turns":12.0},{"damage":0.0,"enemies":"Orb Walker","floor":35.0,"turns":3.0},{"damage":6.0,"enemies":"3 Darklings","floor":36.0,"turns":5.0},{"damage":0.0,"enemies":"Sphere and 2 Shapes","floor":39.0,"turns":3.0},{"damage":18.0,"enemies":"Reptomancer","floor":40.0,"turns":6.0},{"damage":7.0,"enemies":"Spire Growth","floor":44.0,"turns":5.0},{"damage":0.0,"enemies":"Jaw Worm Horde","floor":45.0,"turns":4.0},{"damage":0.0,"enemies":"Nemesis","floor":47.0,"turns":5.0},{"damage":0.0,"enemies":"Transient","floor":48.0,"turns":6.0},{"damage":1.0,"enemies":"Donu and Deca","floor":50.0,"turns":6.0},{"damage":44.0,"enemies":"Time Eater","floor":51.0,"turns":13.0},{"damage":26.0,"enemies":"Shield and Spear","floor":55.0,"turns":8.0},{"damage":73,"enemies":"The Heart","floor":56,"turns":9}],"seed_played":"5334003672436698498","potions_obtained":[{"floor":1.0,"key":"SkillPotion"},{"floor":7.0,"key":"GamblersBrew"},{"floor":12.0,"key":"EssenceOfSteel"},{"floor":14.0,"key":"PowerPotion"},{"floor":18.0,"key":"Explosive Potion"},{"floor":23.0,"key":"SteroidPotion"},{"floor":25.0,"key":"LiquidBronze"},{"floor":27.0,"key":"AttackPotion"},{"floor":33.0,"key":"LiquidBronze"},{"floor":35.0,"key":"SteroidPotion"},{"floor":36.0,"key":"Strength Potion"},{"floor":40.0,"key":"BlessingOfTheForge"},{"floor":44.0,"key":"SkillPotion"},{"floor":45.0,"key":"SpeedPotion"},{"floor":48.0,"key":"SmokeBomb"},{"floor":55.0,"key":"Weak Potion"}],"is_trial":false,"path_per_floor":["M","?","?","M","$","R","E","R","T","M","?","E","M","E","R","B",null,"M","M","$","?","T","E","R","E","T","M","?","M","E","$","R","B",null,"M","M","?","?","M","E","$","R","T","M","M","R","E","M","R","B","B",null,"R","$","E","B"],"character_chosen":"THE_SILENT","items_purchased":["Dead Branch","Cloak And Dagger+1","Medical Kit","Envenom","Good Instincts+1","Membership Card","Dodge and Roll+1","Footwork"],"campfire_rested":2,"item_purchase_floors":[5,20,31,31,31,41,54,54],"current_hp_per_floor":[50,50,50,36,36,36,24,24,24,24,24,23,23,17,17,7,51,50,50,50,50,50,50,50,50,50,50,50,50,45,60,60,56,64,64,58,58,46,46,28,43,62,62,55,55,55,55,55,55,54,10,52,66,66,40,0,0],"gold":45,"neow_bonus":"HUNDRED_GOLD","is_daily":false,"chose_seed":false,"campfire_upgraded":6,"win_rate":0.0,"timestamp":1610455014,"path_taken":["M","?","?","?","$","R","E","R","T","M","?","E","M","E","R","BOSS","M","M","?","?","?","E","R","E","T","M","?","?","E","?","R","BOSS","M","M","?","?","M","E","$","R","T","M","M","R","E","M","R","BOSS","BOSS","R","$","E","BOSS"],"items_purchased_type":["Relic","Card","Relic","Card","Card","Relic","Card","Card"],"build_version":"2020-12-22","purchased_purges":2,"victory":false,"max_hp_per_floor":[66,66,66,66,66,66,66,66,66,66,66,66,66,66,66,66,66,66,66,66,66,66,66,66,66,66,66,66,66,66,66,66,66,66,66,66,66,66,66,66,66,66,66,66,66,66,66,66,66,66,66,66,66,66,66,66,66],"relic_stats":{"Dream Catcher":2,"Lizard Tail":33,"counters":[28,139],"Dead Branch":[319],"MealTicket":30,"PreservedInsect":330,"Kunai":[94],"Medical Kit":[9],"obtain_stats":[{"Lantern":47,"The Specimen":26,"Dead Branch":5,"PreservedInsect":14,"Medical Kit":31,"White Beast Statue":22,"Old Coin":28,"Dream Catcher":7,"Bottled Flame":30,"Lizard Tail":55,"HornCleat":40,"MealTicket":25,"Philosopher\u0027s Stone":34,"Kunai":9,"Membership Card":41,"Toxic Egg 2":12,"Ring of the Snake":0,"Runic Pyramid":17,"Pocketwatch":23},{"Lantern":23,"The Specimen":12,"Dead Branch":2,"PreservedInsect":7,"Medical Kit":15,"White Beast Statue":10,"Old Coin":13,"Dream Catcher":3,"Bottled Flame":15,"Lizard Tail":27,"HornCleat":20,"MealTicket":12,"Philosopher\u0027s Stone":16,"Kunai":3,"Membership Card":20,"Toxic Egg 2":5,"Ring of the Snake":0,"Runic Pyramid":8,"Pocketwatch":11},{"Lantern":97,"The Specimen":43,"Dead Branch":12,"PreservedInsect":26,"Medical Kit":54,"White Beast Statue":39,"Old Coin":47,"Dream Catcher":19,"Bottled Flame":54,"Lizard Tail":130,"HornCleat":83,"MealTicket":43,"Philosopher\u0027s Stone":66,"Kunai":19,"Membership Card":83,"Toxic Egg 2":23,"Ring of the Snake":0,"Runic Pyramid":32,"Pocketwatch":42}],"Ring of the Snake":[57],"Pocketwatch":[2]},"card_choices":[{"not_picked":["Dagger Spray","Quick Slash"],"picked":"Dagger Throw","floor":1.0},{"not_picked":["Outmaneuver","Flying Knee"],"picked":"Sucker Punch","floor":4.0},{"not_picked":["Underhanded Strike","Dash"],"picked":"All Out Attack","floor":7.0},{"not_picked":["Backstab","Masterful Stab"],"picked":"Terror","floor":10.0},{"not_picked":["Flying Knee","Concentrate+1"],"picked":"Corpse Explosion+1","floor":12.0},{"not_picked":["Outmaneuver+1","Noxious Fumes","Finisher"],"picked":"SKIP","floor":13.0},{"not_picked":["Outmaneuver+1","Finisher"],"picked":"Noxious Fumes","floor":13.0},{"not_picked":["Storm of Steel+1","Choke"],"picked":"Blade Dance+1","floor":14.0},{"not_picked":["Bullet Time+1","Night Terror+1"],"picked":"Venomology+1","floor":16.0},{"not_picked":["Endless Agony","Riddle With Holes+1"],"picked":"Prepared+1","floor":18.0},{"not_picked":["Blade Dance+1","Underhanded Strike"],"picked":"Dodge and Roll+1","floor":19.0},{"not_picked":["Sucker Punch","Flying Knee"],"picked":"Burst+1","floor":23.0},{"not_picked":["Escape Plan+1","Predator+1","Sucker Punch"],"picked":"SKIP","floor":25.0},{"not_picked":["Quick Slash","Choke+1"],"picked":"Cloak And Dagger+1","floor":27.0},{"not_picked":["Blade Dance+1","Flechettes"],"picked":"PiercingWail+1","floor":29.0},{"not_picked":["Reflex+1","Dash","Blade Dance+1"],"picked":"SKIP","floor":30.0},{"not_picked":["Grand Finale","Corpse Explosion+1"],"picked":"Unload","floor":33.0},{"not_picked":["Distraction+1","Deflect+1"],"picked":"Blur+1","floor":35.0},{"not_picked":["Dagger Throw","Blade Dance+1"],"picked":"Deflect+1","floor":36.0},{"not_picked":["All Out Attack+1","PiercingWail+1","Deadly Poison+1"],"picked":"SKIP","floor":39.0},{"not_picked":["Infinite Blades","Prepared+1"],"picked":"Bouncing Flask+1","floor":40.0},{"not_picked":["Dash","Well Laid Plans+1"],"picked":"Deflect+1","floor":42.0},{"not_picked":["Cloak And Dagger+1","Blade Dance+1"],"picked":"Footwork","floor":44.0},{"not_picked":["Prepared+1","Dodge and Roll+1"],"picked":"Leg Sweep+1","floor":45.0},{"not_picked":["Flechettes","Storm of Steel+1","Tools of the Trade"],"picked":"SKIP","floor":47.0},{"not_picked":["Sucker Punch+1","Slice"],"picked":"Endless Agony","floor":48.0},{"not_picked":["Masterful Stab","Terror+1"],"picked":"Deflect+1","floor":53.0},{"not_picked":["Wraith Form v2","Footwork"],"picked":"Cloak And Dagger+1","floor":55.0}],"player_experience":1254904,"relics_obtained":[{"floor":7.0,"key":"Dream Catcher"},{"floor":9.0,"key":"Kunai"},{"floor":12.0,"key":"Toxic Egg 2"},{"floor":14.0,"key":"PreservedInsect"},{"floor":22.0,"key":"White Beast Statue"},{"floor":23.0,"key":"Pocketwatch"},{"floor":25.0,"key":"MealTicket"},{"floor":26.0,"key":"The Specimen"},{"floor":30.0,"key":"Bottled Flame"},{"floor":40.0,"key":"HornCleat"},{"floor":47.0,"key":"Lantern"},{"floor":55.0,"key":"Lizard Tail"}],"event_choices":[{"cards_removed":["Strike_G"],"damage_healed":0.0,"max_hp_gain":0.0,"max_hp_loss":0.0,"gold_gain":0.0,"event_name":"The Cleric","player_choice":"Card Removal","floor":2.0,"gold_loss":75.0,"damage_taken":0.0},{"damage_healed":0.0,"max_hp_gain":0.0,"max_hp_loss":0.0,"gold_gain":275.0,"event_name":"Golden Shrine","player_choice":"Desecrate","floor":3.0,"gold_loss":0.0,"damage_taken":0.0,"cards_obtained":["Regret"]},{"damage_healed":0.0,"max_hp_gain":0.0,"max_hp_loss":0.0,"gold_gain":0.0,"event_name":"Upgrade Shrine","player_choice":"Upgraded","floor":11.0,"gold_loss":0.0,"damage_taken":0.0,"cards_upgraded":["Terror"]},{"damage_healed":0.0,"max_hp_gain":0.0,"max_hp_loss":0.0,"gold_gain":0.0,"event_name":"Vampires","player_choice":"Ignored","floor":21.0,"gold_loss":0.0,"damage_taken":0.0},{"damage_healed":0.0,"max_hp_gain":0.0,"max_hp_loss":0.0,"gold_gain":0.0,"event_name":"Addict","player_choice":"Obtained Relic","floor":28.0,"gold_loss":85.0,"damage_taken":0.0,"relics_obtained":["Old Coin"]},{"damage_healed":0.0,"max_hp_gain":0.0,"max_hp_loss":0.0,"gold_gain":0.0,"event_name":"Tomb of Lord Red Mask","player_choice":"Ignored","floor":37.0,"gold_loss":0.0,"damage_taken":0.0},{"damage_healed":0.0,"max_hp_gain":0.0,"max_hp_loss":0.0,"gold_gain":0.0,"event_name":"Winding Halls","player_choice":"Embrace Madness","floor":38.0,"gold_loss":0.0,"damage_taken":12.0,"cards_obtained":["Madness","Madness"]}],"is_beta":false,"boss_relics":[{"not_picked":["Sozu","Tiny House"],"picked":"Runic Pyramid"},{"not_picked":["WristBlade","Black Star"],"picked":"Philosopher\u0027s Stone"}],"items_purged_floors":[5,20],"is_endless":false,"potions_floor_spawned":[1,7,12,14,18,23,25,27,29,30,33,35,36,39,40,44,45,47,48,55],"killed_by":"The Heart","ascension_level":20}}