{"host":"7icsapbuzx467fpx","time":1610412684,"event":{"mods":["BaseMod","Colored Map","Minty Spire (QoL Compilation)","Prisma Mod","Replay The Spire","StSLib","The Alterego","Waifu the Spire"],"gold_per_floor":[111,111,130,141,155,186,199,33,58,88,103,103,136,149,149,244,244,256,256,11,11,11,44,44,67,67,83,109,126,156,73,73,170,170,189,240,264,84,94,119,119,119,119,138,108,108,126,140,140,40],"floor_reached":51,"playtime":4821,"items_purged":["PrismaMod:ChloeCommonAttack","Clumsy","Self Repair"],"score":834,"play_id":"54ee3277-2fce-4f62-8f3f-4ba53e57b1ef","local_time":"20210112015124","is_ascension_mode":false,"campfire_choices":[{"floor":15,"key":"REST"},{"data":"RitualDagger","floor":24,"key":"SMITH"},{"data":"PrismaMod:ChloeAnyRareTrace","floor":41,"key":"SMITH"},{"data":"alterego_mod:Valentines","floor":46,"key":"SMITH"},{"floor":49,"key":"REST"}],"circlet_count":0,"master_deck":["PrismaMod:ChloeCommonAttack","PrismaMod:ChloeCommonAttack","PrismaMod:ChloeCommonAttack","PrismaMod:ChloeCommonAttack","PrismaMod:ChloeCommonDefend","PrismaMod:ChloeCommonDefend","PrismaMod:ChloeCommonDefend","PrismaMod:ChloeCommonDefend","PrismaMod:ChloeCommonDefend","PrismaMod:ChloeCheapDefend+1","PrismaMod:ChloeRhongomyniad+1","PrismaMod:ChloeDiscardRecovery","PrismaMod:ChloeExcalibur","PrismaMod:ChloeCheapAttackTwo","PrismaMod:ChloeCheapAttackTwo","PrismaMod:ChloeAnyRareTrace+1","PrismaMod:ChloeGaeBolg+1","PrismaMod:ChloeChristmas","PrismaMod:ChloeChristmas","PrismaMod:ChloeUncommonAttack","CrushJoints","PrismaMod:ChloeAnyRareTrace","Bandage Up+1","RitualDagger+1","PrismaMod:MiyuUberAttack","alterego_mod:Valentines+1","Pot Of Greed","Pot Of Greed","Pot Of Greed","alterego_mod:BiFurious","Headbutt+1","Venomology","Replay:ManipulateFuture+1","PrismaMod:ChloeCarnivalAttack+1","PrismaMod:ChloeBetterTracePools+1"],"relics":["PrismaMod:PrismaTraceOn","NeowsBlessing","Bronze Scales","Blue Doll","Whetstone","Replay:Wax Seal","PrismaticShard","Oddly Smooth Stone","Velvet Choker","Ring of Searing","ReplayTheSpireMod:Ring of Addiction","Chameleon Ring","Potion Belt","Divine Protection","Centennial Puzzle","Mango","War Paint","Pen Nib","Grinning Jar","Molten Egg 2","Philosopher\u0027s Stone","Lizard Tail","Replay:Mystery Machine","Simple Rune","Snack Pack"],"acts_visited":["Exordium","TheCity","TheBeyond"],"potions_floor_usage":[10,16,16,16,16,16,28,30,30,33,33,33,35,36,40,40,42,47,47,48,50,50,50,50],"damage_taken":[{"damage":0,"enemies":"2 Louse","floor":1,"turns":1},{"damage":0,"enemies":"Cultist","floor":3,"turns":1},{"damage":0,"enemies":"Small Slimes","floor":4,"turns":2},{"damage":4,"enemies":"Blue Slaver","floor":5,"turns":3},{"damage":18,"enemies":"Replay:BlueRogue","floor":6,"turns":4},{"damage":0,"enemies":"Looter","floor":7,"turns":3},{"damage":7,"enemies":"Lagavulin","floor":10,"turns":3},{"damage":4,"enemies":"Exordium Thugs","floor":11,"turns":3},{"damage":0,"enemies":"3 Sentries","floor":13,"turns":4},{"damage":0,"enemies":"Exordium Wildlife","floor":14,"turns":3},{"damage":36,"enemies":"Hexaghost","floor":16,"turns":5},{"damage":9,"enemies":"Shell Parasite","floor":18,"turns":4},{"damage":11,"enemies":"Gremlin Leader","floor":23,"turns":5},{"damage":5,"enemies":"Chosen","floor":27,"turns":3},{"damage":33,"enemies":"Slavers","floor":28,"turns":4},{"damage":0,"enemies":"Sentry and Sphere","floor":29,"turns":2},{"damage":7,"enemies":"Book of Stabbing","floor":30,"turns":3},{"damage":0,"enemies":"Centurion and Healer","floor":31,"turns":4},{"damage":50,"enemies":"Champ","floor":33,"turns":7},{"damage":22,"enemies":"3 Darklings","floor":35,"turns":5},{"damage":83,"enemies":"2 Orb Walkers","floor":36,"turns":5},{"damage":9,"enemies":"3 Shapes","floor":39,"turns":4},{"damage":0,"enemies":"R_Hoarder","floor":40,"turns":5},{"damage":0,"enemies":"Jaw Worm Horde","floor":42,"turns":1},{"damage":12,"enemies":"Writhing Mass","floor":44,"turns":4},{"damage":2,"enemies":"4 Shapes","floor":47,"turns":4},{"damage":12,"enemies":"3 Darklings","floor":48,"turns":3},{"damage":137,"enemies":"Time Eater","floor":50,"turns":11}],"seed_played":"-5380496023650892496","potions_obtained":[{"floor":4,"key":"EntropicBrew"},{"floor":5,"key":"SkillPotion"},{"floor":6,"key":"Regen Potion"},{"floor":7,"key":"Energy Potion"},{"floor":11,"key":"AttackPotion"},{"floor":16,"key":"Adrenaline Potion"},{"floor":19,"key":"DuplicationPotion"},{"floor":19,"key":"SpeedPotion"},{"floor":19,"key":"Weak Potion"},{"floor":27,"key":"Energy Potion"},{"floor":28,"key":"Weak Potion"},{"floor":31,"key":"Fire Potion"},{"floor":33,"key":"AttackPotion"},{"floor":36,"key":"Dexterity Potion"},{"floor":40,"key":"Elixir"},{"floor":44,"key":"LiquidBronze"},{"floor":45,"key":"Fire Potion"},{"floor":45,"key":"Flashbang"},{"floor":47,"key":"Swift Potion"}],"is_trial":false,"path_per_floor":["M","?","M","M","M","E","M","$","T","E","M","?","E","M","R","B",null,"M","?","$","?","?","E","R","T","T","M","E","M","E","M","R_BF","B",null,"M","?","T","$","M","E","R","M","T","M","?","R","M","M","R","B",null],"character_chosen":"CHLOE","items_purchased":["PrismaMod:ChloeGaeBolg+1","PrismaMod:ChloeChristmas","Divine Protection","PrismaMod:ChloeCarnivalAttack+1"],"campfire_rested":2,"item_purchase_floors":[8,8,20,38],"current_hp_per_floor":[75,75,75,75,71,53,53,53,53,51,47,47,47,47,69,42,75,66,66,66,66,60,67,67,67,67,66,48,54,57,61,61,50,85,85,27,27,27,28,34,34,34,34,54,54,54,60,58,81,17],"gold":40,"neow_bonus":"THREE_ENEMY_KILL","is_daily":false,"chose_seed":false,"campfire_upgraded":3,"win_rate":0.0,"timestamp":1610412684,"path_taken":["M","?","?","M","M","E","M","$","T","E","M","?","E","M","R","BOSS","M","?","$","?","?","E","R","?","T","M","E","M","E","M","R_BF","BOSS","M","?","?","$","?","E","R","?","T","M","?","R","?","M","R","BOSS"],"items_purchased_type":["Card","Card","Relic","Card"],"build_version":"2020-12-22","purchased_purges":3,"victory":true,"max_hp_per_floor":[75,75,75,75,75,75,75,75,75,75,75,75,75,75,75,75,75,75,75,75,75,75,87,87,87,85,85,85,85,85,85,85,85,85,85,85,85,85,85,83,83,83,83,83,83,81,81,81,81,81],"card_choices":[{"not_picked":["PrismaMod:ChloeDiscardRecovery","PrismaMod:ChloeMordred"],"picked":"PrismaMod:ChloeRhongomyniad","floor":1},{"not_picked":["PrismaMod:ChloeUncommonAttack","PrismaMod:ChloeExhaustTwo"],"picked":"PrismaMod:ChloeDiscardRecovery","floor":3},{"not_picked":["PrismaMod:ChloeExhaustOne","PrismaMod:ChloeCommonAOEAttack"],"picked":"PrismaMod:ChloeExcalibur","floor":4},{"not_picked":["PrismaMod:ChloeCheapDefend","PrismaMod:ChloeBetterTracePools"],"picked":"PrismaMod:ChloeCheapAttackTwo","floor":5},{"not_picked":["PrismaMod:ChloeCheapDefend","PrismaMod:ChloeRitsuka"],"picked":"PrismaMod:ChloeCheapAttackTwo","floor":6},{"not_picked":["PrismaMod:ChloeCheapDefendTwo","PrismaMod:ChloeUncommonAOEAttack"],"picked":"PrismaMod:ChloeAnyRareTrace","floor":7},{"not_picked":["PrismaMod:ChloeCommonAOEAttack","PrismaMod:ChloeCheapAttackTwo","PrismaMod:ChloeCheapDefend"],"picked":"SKIP","floor":10},{"not_picked":["PrismaMod:ChloeMaid","PrismaMod:ChloeRitsuka"],"picked":"PrismaMod:ChloeUncommonAttack","floor":11},{"not_picked":["Dark Embrace","Gash","ReplayTheSpireMod:Corrosion Curse"],"picked":"SKIP","floor":13},{"not_picked":["PrismaMod:MiyuEvokeBuffDex","ReplayTheSpireMod:Repulse"],"picked":"CrushJoints","floor":14},{"not_picked":["alterego_mod:Lift","PrismaMod:IllyaInstallCaster"],"picked":"PrismaMod:ChloeAnyRareTrace","floor":16},{"not_picked":["Prepared","PrismaMod:IllyaHassanGift"],"picked":"Bandage Up","floor":18},{"not_picked":["ReplayTheSpireMod:Corrosion Curse","Reinforced Body"],"picked":"PrismaMod:MiyuUberAttack","floor":23},{"not_picked":["PrismaMod:MiyuCheapChannelAttack","PrismaMod:MiyuChannelDefendEvoke"],"picked":"alterego_mod:Valentines","floor":27},{"not_picked":["Headbutt","PrismaMod:MiyuCommonAOEAttack"],"picked":"alterego_mod:BiFurious","floor":28},{"not_picked":["alterego_mod:Punishment+1","Pray","PrismaMod:IllyaCheapChannelDefend"],"picked":"SKIP","floor":29},{"not_picked":["Backflip","alterego_mod:Smother"],"picked":"Headbutt+1","floor":30},{"not_picked":["PrismaMod:IllyaBerserCAR+1","alterego_mod:SakuraPetals+1"],"picked":"Self Repair","floor":31},{"not_picked":["PrismaMod:IllyaUberPoisonChannel","Metamorphosis"],"picked":"Venomology","floor":33},{"not_picked":["Sneak Up+1","JustLucky+1","Dagger Throw+1"],"picked":"SKIP","floor":35},{"not_picked":["Heavy Blade+1","Sucker Punch+1"],"picked":"Replay:ManipulateFuture+1","floor":36},{"not_picked":["Riddle With Holes+1","ReplayTheSpireMod:Corrosion Curse+1","Replay:ManipulateFuture+1"],"picked":"SKIP","floor":39},{"not_picked":["alterego_mod:MagicResistance","Dropkick+1","ReplayTheSpireMod:Repulse+1"],"picked":"SKIP","floor":40},{"not_picked":["Cold Snap+1","Intimidate"],"picked":"PrismaMod:ChloeBetterTracePools+1","floor":44},{"not_picked":["PrismaMod:ChloeCheapAttackTwo+1","PrismaMod:IllyaBerserCAR+1","BowlingBash+1"],"picked":"SKIP","floor":47},{"not_picked":["Replay:BluntJabs+1","alterego_mod:Skirt+1","Meditate+1"],"picked":"SKIP","floor":48}],"player_experience":41821,"relics_obtained":[{"floor":6,"key":"Blue Doll"},{"floor":9,"key":"Whetstone"},{"floor":10,"key":"Replay:Wax Seal"},{"floor":13,"key":"Oddly Smooth Stone"},{"floor":19,"key":"Ring of Searing"},{"floor":19,"key":"ReplayTheSpireMod:Ring of Addiction"},{"floor":19,"key":"Chameleon Ring"},{"floor":19,"key":"Potion Belt"},{"floor":23,"key":"Mango"},{"floor":25,"key":"War Paint"},{"floor":26,"key":"Pen Nib"},{"floor":28,"key":"Grinning Jar"},{"floor":30,"key":"Molten Egg 2"},{"floor":36,"key":"Lizard Tail"},{"floor":37,"key":"Replay:Mystery Machine"},{"floor":40,"key":"Simple Rune"},{"floor":43,"key":"Snack Pack"}],"event_choices":[{"cards_removed":["PrismaMod:ChloeCheapAttack"],"damage_healed":0,"gold_gain":0,"player_choice":"Gave Card","damage_taken":0,"relics_obtained":["Bronze Scales"],"max_hp_gain":0,"max_hp_loss":0,"event_name":"WeMeetAgain","floor":2,"gold_loss":0},{"damage_healed":0,"gold_gain":0,"player_choice":"Joined the Cult","damage_taken":6,"max_hp_gain":0,"max_hp_loss":0,"event_name":"Nest","floor":22,"gold_loss":0,"cards_obtained":["RitualDagger"]},{"damage_healed":0,"gold_gain":0,"player_choice":"Ignored","damage_taken":0,"max_hp_gain":0,"max_hp_loss":0,"event_name":"Ghosts","floor":32,"gold_loss":0},{"damage_healed":0,"gold_gain":0,"player_choice":"Fight","damage_taken":0,"max_hp_gain":0,"max_hp_loss":0,"event_name":"Mysterious Sphere","floor":36,"gold_loss":0},{"damage_healed":0,"gold_gain":0,"player_choice":"Bought 2 Potions","damage_taken":0,"max_hp_gain":0,"max_hp_loss":0,"event_name":"The Woman in Blue","floor":45,"gold_loss":0}],"is_beta":false,"boss_relics":[{"not_picked":["Replay:Grab Bag","ReplayTheSpireMod:DimensionalGlitch"],"picked":"Velvet Choker"},{"not_picked":["Astrolabe","Honey Jar"],"picked":"Philosopher\u0027s Stone"}],"items_purged_floors":[8,20,38],"is_endless":false,"potions_floor_spawned":[4,5,6,7,11,16,27,28,31,33,36,40,44,47],"ascension_level":0}}