{"host":"uv231blk40vjdojr","time":1610479635,"event":{"mods":["AchievementEnabler","BaseMod","Bestiary","Minty Spire (QoL Compilation)","Relic Stats"],"gold_per_floor":[116,41,51,62,78,104,104,117,185,215,229,179,179,179,179,179,179],"floor_reached":16,"language":"ENG","playtime":440,"items_purged":["Defend_R"],"score":112,"play_id":"10d57cfc-eb29-4db8-90ab-f3621fc5422c","local_time":"20210112202715","is_ascension_mode":false,"campfire_choices":[{"data":"Bash","floor":7,"key":"SMITH"},{"data":"Inflame","floor":15,"key":"SMITH"}],"circlet_count":0,"master_deck":["Strike_R","Strike_R","Strike_R","Defend_R","Defend_R","Defend_R","Bash+1","Inflame+1"],"relics":["Burning Blood","Paper Frog","Ornamental Fan","Champion Belt"],"acts_visited":["Exordium"],"potions_floor_usage":[4,6,10,11,16],"damage_taken":[{"damage":1,"enemies":"Jaw Worm","floor":1,"turns":3},{"damage":0,"enemies":"2 Louse","floor":3,"turns":3},{"damage":7,"enemies":"Small Slimes","floor":4,"turns":3},{"damage":18,"enemies":"Red Slaver","floor":5,"turns":4},{"damage":38,"enemies":"Lagavulin","floor":6,"turns":5},{"damage":8,"enemies":"Gremlin Gang","floor":8,"turns":7},{"damage":27,"enemies":"3 Sentries","floor":10,"turns":9},{"damage":5,"enemies":"Blue Slaver","floor":11,"turns":2},{"damage":13,"enemies":"Hexaghost","floor":16,"turns":7}],"seed_played":"4116018077083458262","potions_obtained":[{"floor":0,"key":"Fire Potion"},{"floor":0,"key":"GamblersBrew"},{"floor":0,"key":"AttackPotion"},{"floor":6,"key":"AttackPotion"},{"floor":8,"key":"Strength Potion"},{"floor":10,"key":"Explosive Potion"}],"is_trial":false,"path_per_floor":["M","$","M","M","M","E","R","M","T","E","M","?","?","?","R","B"],"character_chosen":"IRONCLAD","items_purchased":[],"campfire_rested":0,"item_purchase_floors":[],"current_hp_per_floor":[80,80,80,79,67,35,35,33,33,12,13,13,13,13,13,0,0],"gold":179,"neow_bonus":"THREE_SMALL_POTIONS","is_daily":false,"chose_seed":false,"campfire_upgraded":2,"win_rate":0.0,"timestamp":1610479635,"path_taken":["M","$","M","M","M","E","R","M","T","E","M","?","?","?","R","BOSS"],"items_purchased_type":[],"build_version":"2020-12-22","purchased_purges":1,"victory":false,"max_hp_per_floor":[80,80,80,80,80,80,80,80,80,80,80,80,80,80,80,80,80],"relic_stats":{"counters":[9,43],"Ornamental Fan":[16],"Champion Belt":[6],"obtain_stats":[{"Ornamental Fan":9,"Champion Belt":10,"Burning Blood":0,"Paper Frog":6},{"Ornamental Fan":6,"Champion Belt":7,"Burning Blood":0,"Paper Frog":5},{"Ornamental Fan":25,"Champion Belt":34,"Burning Blood":0,"Paper Frog":18}],"Burning Blood":37},"card_choices":[{"not_picked":["Headbutt","Blood for Blood","Rampage"],"picked":"SKIP","floor":1},{"not_picked":["Havoc","Rampage","Clothesline"],"picked":"SKIP","floor":3},{"not_picked":["Havoc","Power Through","Rage"],"picked":"SKIP","floor":4},{"not_picked":["Armaments","Clothesline","Twin Strike"],"picked":"SKIP","floor":5},{"not_picked":["Twin Strike","Fire Breathing","Body Slam"],"picked":"SKIP","floor":6},{"not_picked":["Twin Strike","Sword Boomerang","Thunderclap"],"picked":"SKIP","floor":8},{"not_picked":["Reaper","Clothesline","Twin Strike"],"picked":"SKIP","floor":10},{"not_picked":["Wild Strike","Feel No Pain","Rupture"],"picked":"SKIP","floor":11}],"player_experience":671301,"relics_obtained":[{"floor":6,"key":"Paper Frog"},{"floor":9,"key":"Ornamental Fan"},{"floor":10,"key":"Champion Belt"}],"event_choices":[{"cards_removed":["Strike_R"],"damage_healed":0,"gold_gain":0,"player_choice":"Card Removal","damage_taken":0,"max_hp_gain":0,"max_hp_loss":0,"event_name":"The Cleric","floor":12,"gold_loss":50},{"damage_healed":0,"gold_gain":0,"player_choice":"Searched \u00270\u0027 times","damage_taken":0,"max_hp_gain":0,"max_hp_loss":0,"event_name":"Dead Adventurer","floor":13,"gold_loss":0},{"damage_healed":0,"gold_gain":0,"cards_transformed":["Strike_R"],"player_choice":"Transformed","damage_taken":0,"max_hp_gain":0,"max_hp_loss":0,"event_name":"Transmorgrifier","floor":14,"gold_loss":0,"cards_obtained":["Inflame"]}],"is_beta":false,"boss_relics":[],"items_purged_floors":[2],"is_endless":false,"potions_floor_spawned":[3,6,8,10],"killed_by":"Hexaghost","ascension_level":0}}