{"host":"ue3qa4y58fiwdsvn","time":1610476045,"event":{"mods":["BaseMod","BetterRewards","Colored Map","Colored Powertips","Downfall","Friendly Minions","Hubris","Infinite Spire","Minty Spire (QoL Compilation)","Replay The Spire","Shop Mod","StSLib","The Bug Knight","The Construct","The Cursed","The Gatherer","UnlockEverythingMod"],"gold_per_floor":[114,131,142,159,434,434,453,453,478,478,498,67,95,95,95,192,192,173,192,203,203,228,228,228,228,280,308,320,320,330,429,429,429,429,429],"floor_reached":33,"playtime":1833,"items_purged":["Regret"],"score":267,"play_id":"adb943c5-5795-4037-a8b5-360989fbf0ee","local_time":"20210113022725","is_ascension_mode":false,"metric_token":1109,"campfire_choices":[{"data":"Gatherer:Centralize","floor":6,"key":"SMITH"},{"data":"Gatherer:RecoveryHerb","floor":8,"key":"SMITH"},{"data":"Gatherer:Frenzy","floor":10,"key":"SMITH"},{"floor":15,"key":"REST"},{"floor":23,"key":"REST"},{"data":"Replay:SS_forest_6","floor":25,"key":"SMITH"},{"floor":29,"key":"REST"},{"floor":32,"key":"REST"}],"circlet_count":0,"master_deck":["Gatherer:Strike_Gatherer","Gatherer:Strike_Gatherer","Gatherer:Strike_Gatherer","Gatherer:Strike_Gatherer","Gatherer:Strike_Gatherer+1","Gatherer:Defend_Gatherer","Gatherer:Defend_Gatherer","Gatherer:Defend_Gatherer","Gatherer:Defend_Gatherer","Gatherer:Defend_Gatherer","Gatherer:Centralize+1","Gatherer:FlowerWhip","Gatherer:FlowerShield","Gatherer:ScrollOfWall","Gatherer:RecipeChange","Gatherer:Frenzy+1","Gatherer:RecoveryHerb+1","Gatherer:Duality","Replay:SS_forest_6+1","Gatherer:MindSearch","Gatherer:FlamingBottle+1","Gatherer:OddSpoils+1","Gatherer:QuickSynthesis","Gatherer:BambuSword+1","Gatherer:BigPouch","Gatherer:PotentialSlash+1"],"relics":["Gatherer:MiracleBag","Art of War","Membership Card","MerchantsRug","infinitespire:ShieldingShard","Blue Doll","infinitespire:Beetle Shell","Pen Nib","Whetstone","hubris:MobiusCoin"],"acts_visited":["Exordium","TheCity"],"potions_floor_usage":[3,13,13,20,20,27,27,28,28],"damage_taken":[{"damage":6,"enemies":"Cultist","floor":1,"turns":3},{"damage":3,"enemies":"Jaw Worm","floor":2,"turns":2},{"damage":0,"enemies":"2 Louse","floor":3,"turns":1},{"damage":4,"enemies":"2 Fungi Beasts","floor":4,"turns":4},{"damage":11,"enemies":"Blue Slaver","floor":7,"turns":4},{"damage":16,"enemies":"Exordium Wildlife","floor":11,"turns":3},{"damage":16,"enemies":"Lagavulin","floor":13,"turns":4},{"damage":43,"enemies":"The Guardian","floor":16,"turns":11},{"damage":14,"enemies":"2 Thieves","floor":18,"turns":4},{"damage":25,"enemies":"Shell Parasite","floor":19,"turns":5},{"damage":13,"enemies":"Cultist and Chosen","floor":20,"turns":5},{"damage":54,"enemies":"Nightmare","floor":27,"turns":8},{"damage":6,"enemies":"Shelled Parasite and Fungi","floor":28,"turns":1},{"damage":15,"enemies":"Snake Plant","floor":30,"turns":3},{"damage":98,"enemies":"hubris:MusketHawk","floor":33,"turns":9}],"seed_played":"139713768355143699","potions_obtained":[{"floor":1,"key":"Fire Potion"},{"floor":3,"key":"SpeedPotion"},{"floor":11,"key":"construct:ShiftPotion"},{"floor":18,"key":"Strength Potion"},{"floor":28,"key":"FearPotion"}],"is_trial":false,"path_per_floor":["M","M","M","M","?","R","M","R","T","R","M","$","E","T","R","B",null,"M","M","M","?","T","R","AVR","R","T","NM","M","R","M","?","R","B"],"character_chosen":"THE_GATHERER","items_purchased":["Membership Card","Replay:SS_forest_6","MerchantsRug","infinitespire:ShieldingShard"],"campfire_rested":4,"item_purchase_floors":[12,12,12,12],"current_hp_per_floor":[66,63,63,59,59,59,48,48,48,48,35,35,23,23,44,4,72,60,45,35,35,35,56,56,56,56,4,5,26,16,16,37,0,0,0],"gold":429,"neow_bonus":"","is_daily":false,"chose_seed":false,"campfire_upgraded":4,"win_rate":0.0,"timestamp":1610476045,"path_taken":["M","?","M","M","?","R","?","R","T","R","M","$","E","?","R","BOSS","M","M","?","?","?","R","AVR","R","T","NM","M","R","M","?","R","BOSS"],"items_purchased_type":["Relic","Card","Relic","Relic"],"build_version":"2020-12-22","purchased_purges":1,"victory":false,"max_hp_per_floor":[72,72,72,72,72,72,72,72,72,72,72,72,72,72,72,72,72,72,72,72,72,72,72,72,72,72,72,72,72,72,72,72,72,72,72],"card_choices":[{"not_picked":["Gatherer:EchoOfNature","Gatherer:BigPouch"],"picked":"Gatherer:FlowerShield","floor":1},{"not_picked":["Gatherer:BigPouch","Gatherer:GatherMaterial"],"picked":"Gatherer:ScrollOfWall","floor":2},{"not_picked":["Gatherer:Convert","Gatherer:Herbalism"],"picked":"Gatherer:RecipeChange","floor":3},{"not_picked":["Gatherer:Convert","Gatherer:SaveValuables"],"picked":"Gatherer:Frenzy","floor":4},{"not_picked":["Gatherer:FlowerFalling","Gatherer:PotentialSlash"],"picked":"Gatherer:RecoveryHerb","floor":7},{"not_picked":["Gatherer:WoolGloves","Gatherer:ScrollOfWall"],"picked":"Gatherer:Duality","floor":11},{"not_picked":["Gatherer:PotentialSlash","Gatherer:Liquidism"],"picked":"Gatherer:MindSearch","floor":13},{"not_picked":["Gatherer:ColorfulGarden","Gatherer:PoisonMastery"],"picked":"Gatherer:FlamingBottle","floor":16},{"not_picked":["Gatherer:Duplicator","Gatherer:FlowerShield"],"picked":"Gatherer:OddSpoils+1","floor":18},{"not_picked":["Gatherer:GatherMaterial","Gatherer:VenomBarrier+1"],"picked":"Gatherer:QuickSynthesis","floor":19},{"not_picked":["Gatherer:AcidicSpray","Gatherer:SaveValuables"],"picked":"Gatherer:BambuSword+1","floor":20},{"not_picked":["Gatherer:Examine","Gatherer:Pollute+1"],"picked":"Gatherer:BigPouch","floor":27},{"not_picked":["Gatherer:TacticalStrike","Gatherer:AromaProtection"],"picked":"Gatherer:PotentialSlash+1","floor":28},{"not_picked":["Gatherer:TreeGrowth","Gatherer:PotentialSlash","Gatherer:AromaProtection+1"],"picked":"SKIP","floor":30}],"player_experience":7052,"relics_obtained":[{"floor":9,"key":"Art of War"},{"floor":13,"key":"Blue Doll"},{"floor":14,"key":"infinitespire:Beetle Shell"},{"floor":22,"key":"Pen Nib"},{"floor":26,"key":"Whetstone"},{"floor":27,"key":"hubris:MobiusCoin"}],"event_choices":[{"damage_healed":0,"gold_gain":275,"player_choice":"Desecrate","damage_taken":0,"max_hp_gain":0,"max_hp_loss":0,"event_name":"Golden Shrine","floor":5,"gold_loss":0,"cards_obtained":["Regret"]},{"damage_healed":0,"gold_gain":99,"player_choice":"Stole From Cult","damage_taken":0,"max_hp_gain":0,"max_hp_loss":0,"event_name":"Nest","floor":31,"gold_loss":0}],"is_beta":false,"boss_relics":[{"not_picked":["Replay:Wanted Poster","ReplayTheSpireMod:SealedPack"],"picked":"Gatherer:MiracleBag"}],"items_purged_floors":[12],"is_endless":false,"potions_floor_spawned":[1,3,11,18,28],"killed_by":"hubris:MusketHawk","ascension_level":0}}