{"host":"zjnmjbs15rdpqnz9","time":1610431338,"event":{"mods":["BaseMod","Minty Spire (QoL Compilation)"],"gold_per_floor":[114,81,96,96,111,126,141,171,171,186,216,66,96,111,111,211,211,226,241,191,221,17,17,17,17,42,57,87,87,117,144,156,268,280,307,419,471,333,348,403,468,483,483,483,483,93,123,138,138,138],"floor_reached":51,"playtime":2179,"items_purged":[],"score":1214,"play_id":"80781e48-49a5-4fca-a470-36ae7b3e1163","local_time":"20210111230218","daily_mods":["Cursed Run","Hoarder","DeadlyEvents"],"is_ascension_mode":false,"campfire_choices":[{"data":"TalkToTheHand","floor":15,"key":"SMITH"},{"data":"TalkToTheHand","floor":23,"key":"SMITH"},{"data":"TalkToTheHand","floor":25,"key":"SMITH"},{"floor":29,"key":"REST"},{"floor":32,"key":"REST"},{"floor":44,"key":"REST"},{"floor":49,"key":"REST"}],"circlet_count":0,"master_deck":["Strike_P","Strike_P","Strike_P","Strike_P","Defend_P","Defend_P","Defend_P","Defend_P","Eruption","Vigilance","TalkToTheHand+1","TalkToTheHand+1","TalkToTheHand+1","MentalFortress","MentalFortress","MentalFortress","CutThroughFate","CutThroughFate","CutThroughFate","Normality","Normality","Normality","Meditate","Meditate+1","Meditate","Nirvana+1","Nirvana+1","Nirvana+1","TalkToTheHand+1","TalkToTheHand","TalkToTheHand","Injury","Injury","Injury","Devotion+1","Devotion+1","Devotion+1","CutThroughFate","CutThroughFate","CutThroughFate","ThirdEye+1","ThirdEye","ThirdEye","Shame","Shame","Shame","Doubt","Doubt","Doubt","Wish","Wish","Wish","CurseOfTheBell","CurseOfTheBell","CurseOfTheBell","Ragnarok","Ragnarok","Ragnarok","Shame","Shame","Shame","Apotheosis","Apotheosis","Apotheosis","Mayhem+1","Mayhem+1","Mayhem+1","WaveOfTheHand","WaveOfTheHand","WaveOfTheHand","ThirdEye+1","ThirdEye+1","ThirdEye+1","Writhe","Writhe","Writhe"],"relics":["Cursed Key","Darkstone Periapt","Du-Vu Doll","Frozen Egg 2","Orichalcum","GoldenEye","Melange","Calipers","Black Star","Pen Nib","Ornamental Fan","Nunchaku","Akabeko","War Paint","Vajra","Centennial Puzzle","MawBank","Calling Bell","Strawberry","Pear","Lizard Tail","HandDrill","Question Card","Damaru","MealTicket","Bag of Preparation","Torii","Mummified Hand"],"acts_visited":["Exordium","TheCity","TheBeyond"],"potions_floor_usage":[21,21,35,50,50],"damage_taken":[{"damage":0,"enemies":"Cultist","floor":1,"turns":2},{"damage":1,"enemies":"2 Louse","floor":3,"turns":2},{"damage":1,"enemies":"Jaw Worm","floor":5,"turns":4},{"damage":0,"enemies":"Looter","floor":6,"turns":3},{"damage":10,"enemies":"Gremlin Gang","floor":7,"turns":6},{"damage":0,"enemies":"Lagavulin","floor":8,"turns":7},{"damage":14,"enemies":"Large Slime","floor":10,"turns":3},{"damage":6,"enemies":"Gremlin Nob","floor":11,"turns":3},{"damage":6,"enemies":"Lagavulin","floor":13,"turns":7},{"damage":7,"enemies":"Red Slaver","floor":14,"turns":3},{"damage":12,"enemies":"Hexaghost","floor":16,"turns":10},{"damage":21,"enemies":"2 Thieves","floor":18,"turns":4},{"damage":8,"enemies":"Chosen","floor":19,"turns":3},{"damage":7,"enemies":"Gremlin Leader","floor":21,"turns":5},{"damage":15,"enemies":"3 Cultists","floor":27,"turns":4},{"damage":19,"enemies":"Book of Stabbing","floor":28,"turns":4},{"damage":30,"enemies":"Slavers","floor":30,"turns":4},{"damage":6,"enemies":"Cultist and Chosen","floor":31,"turns":3},{"damage":2,"enemies":"Champ","floor":33,"turns":9},{"damage":3,"enemies":"3 Darklings","floor":35,"turns":4},{"damage":0,"enemies":"3 Shapes","floor":37,"turns":4},{"damage":18,"enemies":"Jaw Worm Horde","floor":39,"turns":4},{"damage":9,"enemies":"Giant Head","floor":40,"turns":4},{"damage":19,"enemies":"4 Shapes","floor":41,"turns":5},{"damage":0,"enemies":"3 Darklings","floor":42,"turns":3},{"damage":22,"enemies":"Reptomancer","floor":47,"turns":5},{"damage":1,"enemies":"Sphere and 2 Shapes","floor":48,"turns":2},{"damage":6,"enemies":"Time Eater","floor":50,"turns":5}],"seed_played":"-5514344210177769252","potions_obtained":[{"floor":1,"key":"GamblersBrew"},{"floor":5,"key":"Weak Potion"},{"floor":8,"key":"BlessingOfTheForge"},{"floor":27,"key":"SpeedPotion"},{"floor":30,"key":"BlessingOfTheForge"},{"floor":35,"key":"Fruit Juice"},{"floor":37,"key":"Dexterity Potion"},{"floor":41,"key":"CultistPotion"}],"is_trial":false,"path_per_floor":["M","$","M","?","M","M","M","E","T","M","E","$","E","M","R","B",null,"M","M","?","E","$","R","$","R","T","M","E","R","E","M","R","B",null,"M","?","M","$","M","E","M","M","T","R","?","$","E","M","R","B",null],"character_chosen":"WATCHER","items_purchased":["MentalFortress","Melange","ThirdEye","Nunchaku","HandDrill","Bag of Preparation","Mayhem+1","WaveOfTheHand"],"campfire_rested":4,"item_purchase_floors":[2,12,22,22,38,46,46,46],"current_hp_per_floor":[72,72,71,71,70,70,60,60,78,64,58,58,52,45,45,51,108,87,79,79,72,72,72,72,72,90,75,56,93,63,57,94,110,179,181,181,181,181,163,154,135,135,153,202,192,202,180,179,202,214],"gold":138,"neow_bonus":"","is_daily":true,"chose_seed":false,"campfire_upgraded":3,"win_rate":0.0,"timestamp":1610431338,"path_taken":["M","$","?","?","M","M","M","E","T","M","?","?","E","M","R","BOSS","M","?","?","?","$","R","?","R","T","M","E","R","E","M","R","BOSS","M","?","M","$","M","E","M","?","T","R","?","$","?","M","R","BOSS"],"items_purchased_type":["Card","Relic","Card","Relic","Relic","Relic","Card","Card"],"build_version":"2020-12-22","purchased_purges":0,"victory":true,"max_hp_per_floor":[72,72,72,72,72,72,72,72,90,90,90,90,90,90,90,108,108,108,108,108,108,108,108,108,108,126,126,126,126,126,126,126,144,179,184,184,184,184,184,184,184,184,202,202,202,202,202,202,202,220],"card_choices":[{"not_picked":["Evaluate","DeceiveReality"],"picked":"TalkToTheHand","floor":1},{"not_picked":["FlurryOfBlows","PathToVictory"],"picked":"CutThroughFate","floor":3},{"not_picked":["PathToVictory","FlyingSleeves","SashWhip"],"picked":"SKIP","floor":5},{"not_picked":["Worship","Conclude","Swivel"],"picked":"SKIP","floor":6},{"not_picked":["Consecrate","FollowUp","SignatureMove"],"picked":"SKIP","floor":7},{"not_picked":["DeceiveReality","MasterReality+1","Wallop"],"picked":"SKIP","floor":8},{"not_picked":["CrushJoints","Prostrate"],"picked":"Meditate","floor":10},{"not_picked":["ClearTheMind","Consecrate"],"picked":"Nirvana+1","floor":11},{"not_picked":["SpiritShield","PathToVictory","Halt"],"picked":"SKIP","floor":13},{"not_picked":["SashWhip","WreathOfFlame"],"picked":"TalkToTheHand","floor":14},{"not_picked":["Wish","Vault"],"picked":"Devotion+1","floor":16},{"not_picked":["Consecrate+1","Prostrate"],"picked":"CutThroughFate","floor":18},{"not_picked":["Conclude","EmptyBody","Weave"],"picked":"SKIP","floor":19},{"not_picked":["Swivel","Vengeance","Meditate"],"picked":"SKIP","floor":21},{"not_picked":["Swivel+1","Establishment+1","Sanctity"],"picked":"SKIP","floor":27},{"not_picked":["ForeignInfluence","JustLucky","Nirvana+1"],"picked":"SKIP","floor":28},{"not_picked":["ThirdEye","Collect","Brilliance"],"picked":"SKIP","floor":30},{"not_picked":["Consecrate","Protect","EmptyFist"],"picked":"SKIP","floor":31},{"not_picked":["DevaForm+1","DeusExMachina"],"picked":"Wish","floor":33},{"not_picked":["ClearTheMind+1","WheelKick+1","BattleHymn+1"],"picked":"SKIP","floor":35},{"not_picked":["Evaluate","BattleHymn+1","Adaptation+1"],"picked":"SKIP","floor":37},{"not_picked":["JustLucky","ThirdEye","FlyingSleeves+1"],"picked":"SKIP","floor":39},{"not_picked":["WheelKick+1","FollowUp","SashWhip+1"],"picked":"SKIP","floor":40},{"not_picked":["BowlingBash","PathToVictory+1","Crescendo"],"picked":"Ragnarok","floor":41},{"not_picked":["Indignation+1","Prostrate+1","Worship+1","FearNoEvil"],"picked":"SKIP","floor":42},{"not_picked":["Good Instincts","Violence","Dramatic Entrance"],"picked":"Apotheosis","floor":45},{"not_picked":["BowlingBash+1","Meditate+1","TalkToTheHand"],"picked":"ThirdEye+1","floor":47},{"not_picked":["CrushJoints+1","Evaluate+1","Protect","EmptyBody"],"picked":"SKIP","floor":48}],"player_experience":803804,"relics_obtained":[{"floor":8,"key":"Frozen Egg 2"},{"floor":9,"key":"Orichalcum"},{"floor":11,"key":"GoldenEye"},{"floor":13,"key":"Calipers"},{"floor":21,"key":"Pen Nib"},{"floor":21,"key":"Ornamental Fan"},{"floor":26,"key":"Akabeko"},{"floor":28,"key":"War Paint"},{"floor":28,"key":"Vajra"},{"floor":30,"key":"Centennial Puzzle"},{"floor":30,"key":"MawBank"},{"floor":34,"key":"Strawberry"},{"floor":34,"key":"Pear"},{"floor":34,"key":"Lizard Tail"},{"floor":40,"key":"Question Card"},{"floor":40,"key":"Damaru"},{"floor":43,"key":"MealTicket"},{"floor":47,"key":"Torii"},{"floor":47,"key":"Mummified Hand"}],"event_choices":[{"damage_healed":0,"gold_gain":0,"player_choice":"Grow","damage_taken":0,"max_hp_gain":0,"max_hp_loss":0,"event_name":"Living Wall","floor":4,"gold_loss":0,"cards_upgraded":["TalkToTheHand"]},{"damage_healed":0,"gold_gain":0,"player_choice":"Bet on Murderer","damage_taken":0,"max_hp_gain":0,"max_hp_loss":0,"event_name":"The Joust","floor":20,"gold_loss":50},{"damage_healed":0,"gold_gain":100,"player_choice":"Pray","damage_taken":0,"max_hp_gain":0,"max_hp_loss":0,"event_name":"Golden Shrine","floor":36,"gold_loss":0},{"damage_healed":0,"gold_gain":0,"player_choice":"Memory 3","damage_taken":10,"max_hp_gain":0,"max_hp_loss":0,"event_name":"SensoryStone","floor":45,"gold_loss":0}],"is_beta":false,"boss_relics":[{"not_picked":["Sozu","Tiny House"],"picked":"Black Star"},{"not_picked":["SacredBark","Pandora\u0027s Box"],"picked":"Calling Bell"}],"items_purged_floors":[],"is_endless":false,"potions_floor_spawned":[1,5,8,11,14,18,27,30,35,37,40,41],"ascension_level":0}}