{"host":"hjw1ay65n7jm40lc","time":1610417545,"event":{"mods":["AchievementEnabler","BaseMod","Block Reminder","Colored Map","Colored Powertips","Curses Come First","Downfall","Googly Eyes","Hermit","Highlight Path","Minty Spire (QoL Compilation)","Quick Restart","Relic Stats","StSLib"],"gold_per_floor":[99,111,128,147,160,179,206,217,238,238,279,279,317,317,333,440,467,467,487,506,550,570,595,621,621,539,567,597,614,655,513,535,645,645,645,668,553,553,562,562,613,643,643,663,663,334,360,10,38,38],"floor_reached":51,"playtime":7238,"items_purged":["Guardian:Defend_Guardian","Guardian:Defend_Guardian","Guardian:Defend_Guardian"],"score":869,"play_id":"d3324b8e-864f-4504-93b6-8809309c0509","local_time":"20210111211225","is_ascension_mode":true,"campfire_choices":[{"data":"Guardian:TwinSlam","floor":1.0,"key":"SMITH"},{"data":"Guardian:ShieldSpikes","floor":10.0,"key":"SMITH"},{"data":"Guardian:CurlUp","floor":12.0,"key":"SMITH"},{"floor":18.0,"key":"RECALL"},{"data":"Guardian:CompilePackage","floor":35.0,"key":"SMITH"},{"data":"Guardian:SphericShield","floor":40.0,"key":"SMITH"},{"data":"Guardian:SpikerProtocol","floor":43.0,"key":"SMITH"},{"data":"Guardian:RevengeProtocol","floor":45.0,"key":"SMITH"}],"circlet_count":0,"master_deck":["Guardian:Defend_Guardian","Guardian:CurlUp+1","Guardian:TwinSlam+1","Guardian:ShieldCharger","Guardian:SphericShield+1","Guardian:ShieldSpikes+1","Guardian:PrimingBeam","Guardian:RevengeProtocol+1","Guardian:StasisField+1","Guardian:StasisEngine+1","Guardian:RollAttack+1","Guardian:TimeCapacitor+1","Guardian:Gem_White","Guardian:BodySlam+1","Guardian:Planning+1","Guardian:SpikerProtocol+1","Guardian:ArmoredProtocol","Guardian:CompilePackage+1","Guardian:CompilePackage+1","Guardian:Reroute","Guardian:SphericShield","Guardian:StasisEngine+1","Guardian:BodySlam+1"],"relics":["Guardian:StasisSlotReductionRelic","CeramicFish","Vajra","bronze:BronzeIdol","Astrolabe","Red Mask","Kunai","Guardian:PickAxe","downfall:HeartBlessingRed","Nunchaku","Oddly Smooth Stone","Runic Pyramid","Guardian:PocketSentry","FossilizedHelix","Gambling Chip","Membership Card","hexamod:CandleOfCauterizing","Bag of Preparation","DollysMirror","Lizard Tail","Pantograph"],"acts_visited":["Exordium","TheCity","TheBeyond"],"potions_floor_usage":[49,50,50,50],"damage_taken":[{"damage":0.0,"enemies":"Cultist","floor":2.0,"turns":3.0},{"damage":0.0,"enemies":"Small Slimes","floor":3.0,"turns":3.0},{"damage":0.0,"enemies":"2 Louse","floor":4.0,"turns":3.0},{"damage":7.0,"enemies":"2 Fungi Beasts","floor":5.0,"turns":5.0},{"damage":0.0,"enemies":"3 Louse","floor":6.0,"turns":3.0},{"damage":0.0,"enemies":"Red Slaver","floor":8.0,"turns":6.0},{"damage":0.0,"enemies":"Blue Slaver","floor":9.0,"turns":5.0},{"damage":0.0,"enemies":"Lagavulin","floor":11.0,"turns":8.0},{"damage":9.0,"enemies":"3 Sentries","floor":13.0,"turns":5.0},{"damage":6.0,"enemies":"Lots of Slimes","floor":15.0,"turns":4.0},{"damage":25.0,"enemies":"downfall:Silent","floor":16.0,"turns":12.0},{"damage":0.0,"enemies":"Shell Parasite","floor":19.0,"turns":12.0},{"damage":12.0,"enemies":"Cultist and Chosen","floor":20.0,"turns":11.0},{"damage":11.0,"enemies":"Masked Bandits","floor":21.0,"turns":3.0},{"damage":9.0,"enemies":"Centurion and Healer","floor":22.0,"turns":11.0},{"damage":20.0,"enemies":"Slavers","floor":23.0,"turns":12.0},{"damage":0.0,"enemies":"Snecko","floor":27.0,"turns":5.0},{"damage":1.0,"enemies":"Gremlin Leader","floor":28.0,"turns":5.0},{"damage":0.0,"enemies":"3 Cultists","floor":29.0,"turns":5.0},{"damage":17.0,"enemies":"Slavers","floor":30.0,"turns":6.0},{"damage":0.0,"enemies":"downfall:FleeingMerchant","floor":31.0,"turns":4.0},{"damage":0.0,"enemies":"Snake Plant","floor":32.0,"turns":4.0},{"damage":11.0,"enemies":"ArchetypeAct2MushroomsNewAge","floor":33.0,"turns":7.0},{"damage":0.0,"enemies":"3 Darklings","floor":36.0,"turns":4.0},{"damage":0.0,"enemies":"downfall:FleeingMerchant","floor":37.0,"turns":4.0},{"damage":5.0,"enemies":"Nemesis","floor":42.0,"turns":5.0},{"damage":0.0,"enemies":"3 Shapes","floor":44.0,"turns":2.0},{"damage":0.0,"enemies":"downfall:FleeingMerchant","floor":46.0,"turns":2.0},{"damage":0,"enemies":"Reptomancer","floor":47,"turns":4},{"damage":0,"enemies":"Jaw Worm Horde","floor":49,"turns":3},{"damage":19,"enemies":"downfall:Defect","floor":50,"turns":7}],"seed_played":"-5505004765940285159","potions_obtained":[{"floor":4.0,"key":"Fire Potion"},{"floor":5.0,"key":"Explosive Potion"},{"floor":6.0,"key":"SpeedPotion"},{"floor":9.0,"key":"BlessingOfTheForge"},{"floor":11.0,"key":"PowerPotion"},{"floor":19.0,"key":"BlessingOfTheForge"},{"floor":21.0,"key":"Weak Potion"},{"floor":23.0,"key":"SteroidPotion"},{"floor":29.0,"key":"sneckomod:MuddlingPotion"},{"floor":44.0,"key":"Dexterity Potion"},{"floor":49,"key":"Block Potion"}],"is_trial":false,"path_per_floor":["R","M","M","M","M","M","T","M","M","R","E","R","E","?","M","B",null,"R","M","M","?","M","E","T","?","R","M","E","M","E","$","M","B",null,"R","M","?","?","?","R","T","E","R","M","R","$","E","$","M","B",null],"character_chosen":"GUARDIAN","items_purchased":["Guardian:ArmoredProtocol","Gambling Chip","PowerPotion","Membership Card","hexamod:CandleOfCauterizing","DollysMirror","Lizard Tail","Pantograph"],"campfire_rested":0,"item_purchase_floors":[31,46,46,46,46,48,48,48],"current_hp_per_floor":[80,80,80,80,73,73,73,73,73,73,73,73,64,64,58,33,80,80,80,68,57,48,28,28,54,54,54,53,53,36,36,36,25,80,80,80,80,80,80,80,80,75,75,75,75,75,75,75,75,61],"gold":38,"neow_bonus":"BOSS_RELIC","is_daily":false,"chose_seed":false,"campfire_upgraded":7,"win_rate":0.0,"timestamp":1610417545,"path_taken":["R","M","?","M","M","M","T","?","M","R","E","R","E","?","M","BOSS","R","M","M","?","M","E","T","?","R","M","E","M","E","$","M","BOSS","R","M","?","?","?","R","T","E","R","?","R","$","E","$","M","BOSS"],"items_purchased_type":["Card","Relic","Potion","Relic","Relic","Relic","Relic","Relic"],"build_version":"2020-12-22","purchased_purges":3,"victory":true,"max_hp_per_floor":[80,80,80,80,80,80,80,80,80,80,80,80,80,80,80,80,80,80,80,80,80,80,80,80,80,80,80,80,80,80,80,80,80,80,80,80,80,80,80,80,80,80,80,80,80,80,80,80,80,80],"relic_stats":{"Nunchaku":[9],"Lizard Tail":0,"counters":[31,173],"CeramicFish":216,"Astrolabe":["Guardian:Gem_Cyan","Guardian:StasisField","Guardian:StasisEngine"],"Gambling Chip":[7],"Pantograph":5,"Bag of Preparation":[4],"Kunai":[13],"obtain_stats":[{"Guardian:StasisSlotReductionRelic":0,"hexamod:CandleOfCauterizing":46,"downfall:HeartBlessingRed":26,"CeramicFish":7,"Astrolabe":17,"Guardian:ModeShifter":0,"Vajra":11,"Oddly Smooth Stone":30,"Guardian:PocketSentry":41,"Bag of Preparation":47,"bronze:BronzeIdol":13,"Guardian:PickAxe":24,"Nunchaku":28,"Lizard Tail":48,"DollysMirror":48,"Gambling Chip":46,"Pantograph":48,"Red Mask":21,"Kunai":23,"Membership Card":46,"FossilizedHelix":42,"Runic Pyramid":34},{"Guardian:StasisSlotReductionRelic":0,"hexamod:CandleOfCauterizing":28,"downfall:HeartBlessingRed":16,"CeramicFish":5,"Astrolabe":11,"Guardian:ModeShifter":0,"Vajra":8,"Oddly Smooth Stone":20,"Guardian:PocketSentry":25,"Bag of Preparation":29,"bronze:BronzeIdol":9,"Guardian:PickAxe":16,"Nunchaku":18,"Lizard Tail":29,"DollysMirror":29,"Gambling Chip":28,"Pantograph":29,"Red Mask":14,"Kunai":16,"Membership Card":28,"FossilizedHelix":26,"Runic Pyramid":23},{"Guardian:StasisSlotReductionRelic":0,"hexamod:CandleOfCauterizing":159,"downfall:HeartBlessingRed":106,"CeramicFish":17,"Astrolabe":57,"Guardian:ModeShifter":0,"Vajra":36,"Oddly Smooth Stone":127,"Guardian:PocketSentry":150,"Bag of Preparation":163,"bronze:BronzeIdol":41,"Guardian:PickAxe":106,"Nunchaku":116,"Lizard Tail":163,"DollysMirror":163,"Gambling Chip":159,"Pantograph":163,"Red Mask":83,"Kunai":106,"Membership Card":159,"FossilizedHelix":155,"Runic Pyramid":142}]},"card_choices":[{"not_picked":["Guardian:Repulse","Guardian:Reroute"],"picked":"Guardian:ShieldCharger","floor":2.0},{"not_picked":["Guardian:PrismaticBarrier","Guardian:GuardianWhirl","Guardian:Reroute"],"picked":"SKIP","floor":3.0},{"not_picked":["Guardian:TemporalStrike","Guardian:Gem_Lightblue"],"picked":"Guardian:Gem_Blue","floor":4.0},{"not_picked":["Guardian:Harden","Guardian:Gem_Green"],"picked":"Guardian:SphericShield","floor":5.0},{"not_picked":["Guardian:RefractedBeam","Guardian:WalkerClaw"],"picked":"Guardian:ShieldSpikes","floor":6.0},{"not_picked":["Guardian:ShieldCharger","Guardian:Gem_Lightblue","Guardian:FuturePlans"],"picked":"SKIP","floor":8.0},{"not_picked":["Guardian:ChargeCore","Guardian:Emergency"],"picked":"Guardian:PrimingBeam","floor":9.0},{"not_picked":["Guardian:SentryBeam","Guardian:PiercingHide"],"picked":"Guardian:Gem_Synthetic","floor":11.0},{"not_picked":["Guardian:BronzeArmor","Guardian:PiercingHide"],"picked":"Guardian:Gem_Crimson","floor":13.0},{"not_picked":["Guardian:ShieldCharger","Guardian:DonusPower","Guardian:Incinerate"],"picked":"SKIP","floor":15.0},{"not_picked":["Guardian:HyperBeam_Guardian","Guardian:SphericShield"],"picked":"Guardian:RevengeProtocol","floor":16.0},{"not_picked":["Guardian:ChargeCore","Guardian:TimeBomb","Guardian:WalkerClaw"],"picked":"SKIP","floor":19.0},{"not_picked":["Guardian:Reroute+1","Guardian:Suspension+1"],"picked":"Guardian:RollAttack+1","floor":20.0},{"not_picked":["Guardian:Recover+1","Guardian:PiercingHide+1"],"picked":"Guardian:TimeCapacitor+1","floor":21.0},{"not_picked":["Guardian:CrystalBeam+1","Guardian:Gem_Green"],"picked":"Guardian:Gem_Purple","floor":22.0},{"not_picked":["Guardian:ShieldCharger+1","Guardian:VentSteam","Guardian:FastForward"],"picked":"SKIP","floor":23.0},{"not_picked":["Guardian:PolyBeam","Guardian:Gem_Red"],"picked":"Guardian:BodySlam+1","floor":27.0},{"not_picked":["Guardian:PrismaticBeam","Guardian:Planning","Guardian:CrystalBeam+1"],"picked":"SKIP","floor":28.0},{"not_picked":["Guardian:TemporalShield","Guardian:WalkerClaw+1","Guardian:Emergency"],"picked":"SKIP","floor":29.0},{"not_picked":["Guardian:GuardianWhirl","Guardian:PolyBeam"],"picked":"Guardian:Planning+1","floor":30.0},{"not_picked":["Guardian:Gem_Red","Guardian:Reroute"],"picked":"Guardian:SpikerProtocol","floor":31.0},{"not_picked":["Guardian:Gem_Lightblue","Guardian:CrystalBeam"],"picked":"Guardian:Gem_Cyan","floor":32.0},{"not_picked":["Guardian:TimeSifter","Guardian:GemFire"],"picked":"Guardian:CompilePackage","floor":33.0},{"not_picked":["Guardian:Gem_Purple","Guardian:DecasProtection"],"picked":"Guardian:Gem_White","floor":36.0},{"not_picked":["Guardian:CrystalBeam+1","Guardian:TimeBomb+1","Guardian:Suspension"],"picked":"SKIP","floor":37.0},{"not_picked":["Guardian:CrystalBeam+1","Guardian:Gem_Cyan","Guardian:Preprogram"],"picked":"SKIP","floor":42.0},{"not_picked":["Guardian:Emergency","Guardian:DonusPower+1"],"picked":"Guardian:Reroute","floor":44.0},{"not_picked":["Guardian:BronzeArmor","Guardian:Gem_Crimson"],"picked":"Guardian:SphericShield","floor":46.0},{"not_picked":["Guardian:BronzeOrb+1","Guardian:Repulse","Guardian:Gem_Cyan"],"picked":"SKIP","floor":47},{"not_picked":["Guardian:TemporalStrike+1","Guardian:Planning+1"],"picked":"Guardian:BodySlam+1","floor":49}],"player_experience":856626,"relics_obtained":[{"floor":7.0,"key":"CeramicFish"},{"floor":11.0,"key":"Vajra"},{"floor":13.0,"key":"bronze:BronzeIdol"},{"floor":21.0,"key":"Red Mask"},{"floor":23.0,"key":"Kunai"},{"floor":24.0,"key":"Guardian:PickAxe"},{"floor":28.0,"key":"Nunchaku"},{"floor":30.0,"key":"Oddly Smooth Stone"},{"floor":41.0,"key":"Guardian:PocketSentry"},{"floor":42.0,"key":"FossilizedHelix"},{"floor":47,"key":"Bag of Preparation"}],"event_choices":[{"cards_removed":["Guardian:Strike_Guardian"],"damage_healed":0.0,"max_hp_gain":0.0,"max_hp_loss":0.0,"gold_gain":0.0,"event_name":"The Cleric","player_choice":"Card Removal","floor":14.0,"gold_loss":0.0,"damage_taken":0.0},{"damage_healed":0.0,"max_hp_gain":0.0,"max_hp_loss":0.0,"gold_gain":0.0,"event_name":"Masked Bandits","player_choice":"Fought Bandits","floor":21.0,"gold_loss":0.0,"damage_taken":0.0},{"damage_healed":26.0,"max_hp_gain":0.0,"max_hp_loss":0.0,"gold_gain":0.0,"event_name":"The Library","player_choice":"Heal","floor":25.0,"gold_loss":0.0,"damage_taken":0.0}],"is_beta":false,"boss_relics":[{"not_picked":["Empty Cage","Sozu"],"picked":"Astrolabe"},{"not_picked":["Calling Bell","SlaversCollar"],"picked":"Runic Pyramid"}],"items_purged_floors":[31,37,46],"is_endless":false,"potions_floor_spawned":[4,5,6,9,11,19,21,22,23,29,44,49],"ascension_level":1}}