{"host":"tm3ghj8mno6gwywm","time":1610453683,"event":{"mods":["2.2 Compatiblity","AchievementEnabler","Bard","BaseMod","Beaked The Cultist","Better Third Choice","Colored Map","Colored Powertips","Conspire","Downfall","Glutton Mod","GungeonMod","Halation","Hermit","Hubris","Infinite Spire","Jorbs\u0027s Wanderer Trilogy","Lobotomy","Mad Scientist","Marisa????????","Marked Mod","Mimic Mod","Minty Spire (QoL Compilation)","Potionbrewer","Quick Restart","READ ME - Guardian Mod","Replay The Spire","Shade Mod","Shop Mod","Somnambulant","Spicy Shops","StSLib","SuperFastMode","The Bug Knight","The Construct","The Cursed","The Disciple","The Factory","The Hierophant","The IronCluck","The Judge","The Jungle","The Necromancer","The Runesmith","The Servant 0.9.4","egg"],"gold_per_floor":[111,71,81,113,113,144,144,32,32,32,32,52,71,81,81,193,193,211,229,259,259,27,61,73,85,127,139,151,175,187,227,239,356,368,393,418,430,461,487,499,511,88,111,122,139,139,15,73,73,89,89,89,89,10,47,71],"floor_reached":57,"playtime":1851,"items_purged":[],"score":1315,"play_id":"472f558c-654d-4e96-bd0a-7b6b5cf806e0","local_time":"20210112071443","is_ascension_mode":false,"campfire_choices":[{"floor":7,"key":"REST"},{"floor":10,"key":"REST"},{"floor":15,"key":"RECALL"},{"floor":25,"key":"REST"},{"floor":27,"key":"REST"},{"data":"Vigilance","floor":30,"key":"SMITH"},{"data":"Eruption","floor":32,"key":"SMITH"},{"data":"Defend_P","floor":40,"key":"SMITH"},{"data":"Defend_P","floor":46,"key":"SMITH"},{"floor":49,"key":"REST"},{"data":"Defend_P","floor":53,"key":"SMITH"}],"circlet_count":0,"master_deck":["Strike_P","Strike_P","Strike_P","Defend_P","Defend_P+1","Defend_P+1","Defend_P+1","Eruption+1","Vigilance+1","SpiritShield+1","MarkedMod:Acupuncture+1","MarkedMod:PinPointDefense+1","CutThroughFate+1","DevaForm+1","PathToVictory+1","CrushJoints+1","Panache+1","Consecrate+1","PathToVictory+1","MarkedMod:GentlePulse+1","Replay:LoomingThreat+1","SashWhip+1","MarkedMod:FirstStrike+1","ClearTheMind+1","LikeWater+1","MarkedMod:GentlePulse+1","MarkedMod:GentlePulse+1"],"relics":["PureWater","WingedGreaves","Membership Card","Quantum Egg","Frozen Egg 2","Toxic Egg 2","Molten Egg 2","Black Star","Mummified Hand","Lizard Tail","infinitespire:Midas Blood","infinitespire:Lucky Rock","Replay:Bottled Steam","Vajra","potionbrewer:Torch","Lantern","hubris:Icosahedron","construct:ClawGrip","MutagenicStrength","InkBottle","infinitespire:Broken Mirror","MawBank","Eternal Feather","FossilizedHelix","infinitespire:CheckeredPen","Garlic","DemoMod:BlueGuonStone","Mirror","ReplayTheSpireMod:Ninjato","TheAbacus","Strange Spoon","Juzu Bracelet","Pear","Du-Vu Doll","DemoMod:WhiteGuonStone","Boot","ReplayTheSpireMod:Lightbulb"],"acts_visited":["Exordium","TheCity","TheBeyond","TheEnding"],"potions_floor_usage":[16,23,23,29,33,38,38,50,56],"damage_taken":[{"damage":0,"enemies":"Cultist","floor":1,"turns":2},{"damage":3,"enemies":"2 Louse","floor":3,"turns":2},{"damage":1,"enemies":"Small Slimes","floor":4,"turns":5},{"damage":48,"enemies":"HollowMod:MossKnight","floor":6,"turns":14},{"damage":4,"enemies":"Small Slimes","floor":12,"turns":3},{"damage":5,"enemies":"2 Fungi Beasts","floor":13,"turns":4},{"damage":0,"enemies":"3 Louse","floor":14,"turns":5},{"damage":60,"enemies":"Fading Forest","floor":16,"turns":11},{"damage":2,"enemies":"Shell Parasite","floor":18,"turns":4},{"damage":27,"enemies":"Chosen","floor":19,"turns":5},{"damage":21,"enemies":"Shelled Parasite and Fungi","floor":20,"turns":7},{"damage":42,"enemies":"HollowMod:Nosk","floor":23,"turns":4},{"damage":0,"enemies":"Centurion and Healer","floor":26,"turns":5},{"damage":0,"enemies":"Centurion and Healer","floor":29,"turns":3},{"damage":0,"enemies":"conspire:Head Lice","floor":31,"turns":4},{"damage":0,"enemies":"conspire:MysteriousRune","floor":33,"turns":6},{"damage":0,"enemies":"3 Darklings","floor":35,"turns":5},{"damage":0,"enemies":"3 Shapes","floor":36,"turns":3},{"damage":4,"enemies":"Maw","floor":38,"turns":4},{"damage":0,"enemies":"Writhing Mass","floor":39,"turns":4},{"damage":0,"enemies":"Jaw Worm Horde","floor":44,"turns":3},{"damage":0,"enemies":"Spire Growth","floor":45,"turns":3},{"damage":16,"enemies":"2 Orb Walkers","floor":48,"turns":3},{"damage":52,"enemies":"infinitespire:MassOfShapes","floor":50,"turns":12},{"damage":5,"enemies":"Shield and Spear","floor":55,"turns":5},{"damage":40,"enemies":"The Heart","floor":56,"turns":7}],"seed_played":"-4141480515641871944","potions_obtained":[{"floor":1,"key":"GamblersBrew"},{"floor":6,"key":"champ:CounterPotion"},{"floor":12,"key":"potionbrewer:DiscountPotion"},{"floor":18,"key":"GamblersBrew"},{"floor":31,"key":"champ:CounterPotion"},{"floor":33,"key":"potionbrewer:CleansingPotion"},{"floor":36,"key":"potionbrewer:ToxicPotion"},{"floor":44,"key":"BottledMiracle"},{"floor":48,"key":"StancePotion"}],"is_trial":false,"path_per_floor":["M","$","M","MIM","?","E","R","$","T","R","?","M","M","M","R","B",null,"M","M","M","?","$","E","?","R","MIM","R","$","M","R","E","R","B",null,"M","M","?","M","M","R","AVR","$","T","M","M","R","$","?","R","B",null,null,"R","$","E","B",null],"character_chosen":"WATCHER","items_purchased":["MarkedMod:PinPointDefense+1","Vajra","potionbrewer:Torch","Panache+1","InkBottle","Regen Potion","Mirror","ReplayTheSpireMod:Ninjato","LikeWater+1","TheAbacus","Strange Spoon","Pear","DemoMod:WhiteGuonStone"],"campfire_rested":5,"item_purchase_floors":[2,8,8,22,22,22,42,42,42,42,42,47,54],"current_hp_per_floor":[72,72,69,68,68,20,41,41,41,62,62,58,53,53,53,18,72,70,43,22,22,22,36,36,57,57,72,72,72,72,72,72,72,72,72,72,72,68,68,72,72,72,72,72,72,72,82,66,82,30,30,82,82,82,77,37],"gold":71,"neow_bonus":"ONE_RANDOM_RARE_CARD","is_daily":false,"chose_seed":false,"campfire_upgraded":5,"win_rate":0.0,"timestamp":1610453683,"path_taken":["M","$","M","?","?","E","R","$","T","R","?","M","M","M","R","BOSS","M","M","M","?","$","E","?","R","MIM","R","?","M","R","E","R","BOSS","M","M","?","?","M","R","AVR","$","T","M","M","R","$","?","R","BOSS","R","$","E","BOSS"],"items_purchased_type":["Card","Relic","Relic","Card","Relic","Potion","Relic","Relic","Card","Relic","Relic","Relic","Relic"],"build_version":"2020-12-22","purchased_purges":0,"victory":true,"max_hp_per_floor":[72,72,72,72,72,72,72,72,72,72,72,72,72,72,72,72,72,72,72,72,72,72,72,72,72,72,72,72,72,72,72,72,72,72,72,72,72,72,72,72,72,72,72,72,72,72,82,82,82,82,82,82,82,82,82,82],"card_choices":[{"not_picked":["Crescendo+1","WindmillStrike+1"],"picked":"MarkedMod:Acupuncture+1","floor":1},{"not_picked":["Judgement+1","FlyingSleeves+1"],"picked":"CutThroughFate+1","floor":3},{"not_picked":["Crescendo+1","Replay:AtTheReady+1"],"picked":"DevaForm+1","floor":6},{"not_picked":["InnerPeace+1","Nirvana+1","Replay:Battleflow+1"],"picked":"SKIP","floor":12},{"not_picked":["BowlingBash+1","EmptyMind+1"],"picked":"PathToVictory+1","floor":13},{"not_picked":["ThirdEye+1","SashWhip+1","FlyingSleeves+1"],"picked":"SKIP","floor":14},{"not_picked":["Protect+1","Replay:ManipulateFuture+1","Indignation+1"],"picked":"SKIP","floor":18},{"not_picked":["Replay:BluntJabs+1","CutThroughFate+1"],"picked":"CrushJoints+1","floor":19},{"not_picked":["Prostrate+1","EmptyFist+1","Scrawl+1"],"picked":"SKIP","floor":20},{"not_picked":["FlurryOfBlows+1","CrushJoints+1"],"picked":"Consecrate+1","floor":23},{"not_picked":["MarkedMod:Acupuncture+1","Prostrate+1"],"picked":"PathToVictory+1","floor":29},{"not_picked":["Scrawl+1","CarveReality+1"],"picked":"MarkedMod:GentlePulse+1","floor":31},{"not_picked":["DeusExMachina+1","Devotion+1"],"picked":"Replay:LoomingThreat+1","floor":33},{"not_picked":["BowlingBash+1","JustLucky+1"],"picked":"SashWhip+1","floor":35},{"not_picked":["Consecrate+1","Conclude+1"],"picked":"MarkedMod:FirstStrike+1","floor":36},{"not_picked":["WheelKick+1","TalkToTheHand+1","Pray+1"],"picked":"SKIP","floor":38},{"not_picked":["Prostrate+1","Replay:Cycle+1","SignatureMove+1"],"picked":"SKIP","floor":39},{"not_picked":["WindmillStrike+1","Consecrate+1"],"picked":"MarkedMod:GentlePulse+1","floor":44},{"not_picked":["EmptyFist+1","DeusExMachina+1","Nirvana+1"],"picked":"SKIP","floor":45},{"not_picked":["Consecrate+1","Crescendo+1"],"picked":"MarkedMod:GentlePulse+1","floor":55}],"player_experience":811857,"relics_obtained":[{"floor":4,"key":"infinitespire:Midas Blood"},{"floor":6,"key":"infinitespire:Lucky Rock"},{"floor":6,"key":"Replay:Bottled Steam"},{"floor":9,"key":"Lantern"},{"floor":23,"key":"infinitespire:Broken Mirror"},{"floor":23,"key":"MawBank"},{"floor":26,"key":"Eternal Feather"},{"floor":26,"key":"FossilizedHelix"},{"floor":31,"key":"infinitespire:CheckeredPen"},{"floor":31,"key":"Garlic"},{"floor":43,"key":"Juzu Bracelet"},{"floor":48,"key":"Du-Vu Doll"},{"floor":55,"key":"Boot"},{"floor":55,"key":"ReplayTheSpireMod:Lightbulb"}],"event_choices":[{"damage_healed":68,"gold_gain":0,"player_choice":"Leave","damage_taken":0,"max_hp_gain":0,"max_hp_loss":72,"event_name":"betterThird:BetterShining","floor":5,"gold_loss":0},{"damage_healed":0,"gold_gain":0,"player_choice":"Inject Mutagens","damage_taken":0,"relics_obtained":["MutagenicStrength"],"max_hp_gain":0,"max_hp_loss":0,"event_name":"Drug Dealer","floor":21,"gold_loss":0},{"damage_healed":0,"gold_gain":0,"player_choice":"Ignored","damage_taken":0,"max_hp_gain":0,"max_hp_loss":0,"event_name":"NoteForYourself","floor":24,"gold_loss":0},{"damage_healed":0,"gold_gain":0,"cards_transformed":["Strike_P"],"player_choice":"Transformed","damage_taken":0,"max_hp_gain":0,"max_hp_loss":0,"event_name":"Transmorgrifier","floor":37,"gold_loss":0,"cards_obtained":["ClearTheMind"]},{"damage_healed":0,"gold_gain":0,"player_choice":"Fight","damage_taken":0,"max_hp_gain":0,"max_hp_loss":0,"event_name":"Mysterious Sphere","floor":48,"gold_loss":0}],"is_beta":false,"boss_relics":[{"not_picked":["Replay:Fungal Core","halation:Prosthetics"],"picked":"construct:ClawGrip"},{"not_picked":["hubris:TerracottaHorce","Busted Crown","halation:PlatinumPhoenix"]}],"items_purged_floors":[],"is_endless":false,"potions_floor_spawned":[1,6,12,18,31,33,36,44,48,55],"ascension_level":0}}