{"host":"w7dhjqgqsib0c3vt","time":1610445590,"event":{"mods":["ATMod(°¢èªMod)","BaseMod","Minty Spire (QoL Compilation)","Shop Mod","StSLib","TheWitcher"],"gold_per_floor":[111,261,186,25,25,25,38,38,38,65,76,108,126,146,146,218,218,236,236,251,277,11,38,99,99,99,2,2,2,2,62,62,208,208,301,301,7,75,210,210,260,82,82,132,190,190,22,62,62,87],"floor_reached":51,"playtime":1297,"items_purged":["Shame"],"score":1482,"play_id":"850556b9-bf6e-4a6b-92a8-efd4bd53aa18","local_time":"20210112175950","is_ascension_mode":true,"campfire_choices":[{"data":"AT_ShrugMaster","floor":6.0,"key":"SMITH"},{"data":"Neutralize","floor":8.0,"key":"SMITH"},{"floor":15.0,"key":"REST"},{"floor":28.0,"key":"REST"},{"floor":32.0,"key":"REST"},{"data":"Mind Blast","floor":40.0,"key":"SMITH"},{"data":"1","floor":46.0,"key":"LIFT"},{"floor":49,"key":"REST"}],"circlet_count":0,"master_deck":["AscendersBane","Strike_G","Strike_G","Strike_G","Strike_G","Strike_G","Defend_G","Defend_G","Defend_G","Defend_G","Survivor","Neutralize+1","AT_ShrugMaster+1","Dash","Accuracy","Flying Knee","Sucker Punch","PiercingWail","AT_FocusSwordFire","Riddle With Holes","Die Die Die","Deflect","Blade Dance+1","Deadly Poison+1","Prepared+1","Dagger Spray","Mind Blast+1","AT_WomanClash","Backflip+1","AT_Desolate","Flying Knee","AT_KingSlayer","AT_ShadowStep+1","AT_ShrugMaster+1","Terror","Slice","AT_TearsDenial","Slice","AT_ArcaneSupremacy","Blind","AT_ThistleTea"],"relics":["Ring of the Snake","AT_ATBox","NeowsBlessing","HandDrill","AT_GuinsooRageblade","Ninja Scroll","Bag of Marbles","Philosopher\u0027s Stone","Red Mask","Orrery","AT_MibuBalloonWealth","AT_ForceNature","InkBottle","Darkstone Periapt","SacredBark","AT_ArchangelStaff","Question Card","Girya","AT_ImmortalShieldbow","Incense Burner","Orichalcum"],"acts_visited":["Exordium","TheCity","TheBeyond"],"potions_floor_usage":[48],"damage_taken":[{"damage":0.0,"enemies":"Small Slimes","floor":1.0,"turns":1.0},{"damage":0.0,"enemies":"Jaw Worm","floor":7.0,"turns":1.0},{"damage":0.0,"enemies":"Gremlin Nob","floor":10.0,"turns":1.0},{"damage":0.0,"enemies":"Cultist","floor":11.0,"turns":3.0},{"damage":4.0,"enemies":"Lagavulin","floor":12.0,"turns":4.0},{"damage":16.0,"enemies":"Lots of Slimes","floor":13.0,"turns":4.0},{"damage":1.0,"enemies":"Blue Slaver","floor":14.0,"turns":3.0},{"damage":0.0,"enemies":"Slime Boss","floor":16.0,"turns":5.0},{"damage":0.0,"enemies":"Chosen","floor":18.0,"turns":3.0},{"damage":6.0,"enemies":"2 Thieves","floor":20.0,"turns":3.0},{"damage":4.0,"enemies":"Masked Bandits","floor":21.0,"turns":4.0},{"damage":14.0,"enemies":"Slavers","floor":23.0,"turns":4.0},{"damage":5.0,"enemies":"Chosen and Byrds","floor":24.0,"turns":3.0},{"damage":0.0,"enemies":"Shelled Parasite and Fungi","floor":31.0,"turns":1.0},{"damage":46.0,"enemies":"Automaton","floor":33.0,"turns":10.0},{"damage":0.0,"enemies":"3 Shapes","floor":35.0,"turns":2.0},{"damage":0.0,"enemies":"3 Darklings","floor":39.0,"turns":1.0},{"damage":30.0,"enemies":"Nemesis","floor":41.0,"turns":5.0},{"damage":2.0,"enemies":"Mind Bloom Boss Battle","floor":44.0,"turns":5.0},{"damage":16.0,"enemies":"Giant Head","floor":45.0,"turns":6.0},{"damage":0,"enemies":"Spire Growth","floor":48,"turns":1},{"damage":25,"enemies":"Time Eater","floor":50,"turns":5}],"seed_played":"-8200050898169195451","potions_obtained":[{"floor":1.0,"key":"Strength Potion"},{"floor":7.0,"key":"GamblersBrew"},{"floor":14.0,"key":"Strength Potion"},{"floor":23.0,"key":"Explosive Potion"},{"floor":33.0,"key":"ColorlessPotion"},{"floor":35.0,"key":"Fruit Juice"},{"floor":39.0,"key":"FairyPotion"}],"is_trial":false,"path_per_floor":["M","?","?","$","?","R","M","R","T","E","M","E","M","M","R","B",null,"M","?","M","?","$","E","M","?","T","$","R","?","?","M","R","B",null,"M","?","$","T","M","R","E","$","T","?","E","R","$","M","R","B",null],"character_chosen":"THE_SILENT","items_purchased":["HandDrill","Orrery","Mind Blast","AT_Desolate","Energy Potion","AT_ArchangelStaff","SteroidPotion","AT_TearsDenial","AT_ArcaneSupremacy","Blind"],"campfire_rested":4,"item_purchase_floors":[4,22,22,27,27,37,37,42,47,47],"current_hp_per_floor":[59,59,59,59,59,59,59,59,59,59,59,55,39,38,57,57,64,64,64,58,54,54,40,35,17,17,17,38,38,38,38,59,13,57,67,67,67,67,67,67,37,37,37,35,29,29,29,29,53,28],"gold":87,"neow_bonus":"THREE_ENEMY_KILL","is_daily":false,"chose_seed":false,"campfire_upgraded":3,"win_rate":0.0,"timestamp":1610445590,"path_taken":["M","?","?","$","?","R","?","R","T","E","M","E","?","M","R","BOSS","M","?","M","?","$","E","?","?","T","$","R","?","?","M","R","BOSS","M","?","?","?","M","R","E","$","T","?","E","R","$","M","R","BOSS"],"items_purchased_type":["Relic","Relic","Card","Card","Potion","Relic","Potion","Card","Card","Card"],"build_version":"2020-12-22","purchased_purges":1,"victory":true,"max_hp_per_floor":[66,66,66,66,66,66,66,66,66,66,66,66,66,66,66,66,66,66,66,66,66,66,66,66,71,71,71,71,71,71,71,71,71,71,81,81,81,81,81,81,81,81,81,81,81,81,81,81,81,81],"card_choices":[{"not_picked":["Accuracy","Deadly Poison"],"picked":"Dash","floor":1.0},{"not_picked":["Dagger Throw","Deflect"],"picked":"Flying Knee","floor":7.0},{"not_picked":["AT_WindFlip","Flying Knee"],"picked":"Sucker Punch","floor":10.0},{"not_picked":["Prepared","Grand Finale"],"picked":"PiercingWail","floor":11.0},{"not_picked":["Dagger Spray","Flechettes"],"picked":"AT_FocusSwordFire","floor":12.0},{"not_picked":["Dodge and Roll","Skewer","Sucker Punch"],"picked":"SKIP","floor":13.0},{"not_picked":["Deflect","Prepared"],"picked":"Riddle With Holes","floor":14.0},{"not_picked":["A Thousand Cuts","Phantasmal Killer"],"picked":"Die Die Die","floor":16.0},{"not_picked":["Calculated Gamble","Acrobatics"],"picked":"Quick Slash","floor":18.0},{"not_picked":["PiercingWail+1","Sucker Punch"],"picked":"Deflect","floor":20.0},{"not_picked":["Slice","PiercingWail+1"],"picked":"Blade Dance+1","floor":22.0},{"not_picked":["Outmaneuver","AT_MyraUnstableElement"],"picked":"Deadly Poison+1","floor":22.0},{"not_picked":["Backflip","Eviscerate"],"picked":"Prepared+1","floor":22.0},{"not_picked":["Sucker Punch","Venomology"],"picked":"Dagger Spray","floor":22.0},{"not_picked":["PiercingWail","Dash"],"picked":"AT_WomanClash","floor":23.0},{"not_picked":["Prepared","Dagger Throw"],"picked":"Backflip+1","floor":24.0},{"not_picked":["Dash","Blade Dance"],"picked":"Flying Knee","floor":31.0},{"not_picked":["Venomology","Adrenaline"],"picked":"AT_KingSlayer","floor":33.0},{"not_picked":["Poisoned Stab","Escape Plan"],"picked":"AT_ShadowStep+1","floor":35.0},{"not_picked":["Calculated Gamble","Acrobatics","Expertise+1"],"picked":"Terror","floor":39.0},{"not_picked":["AT_TwilightShroud+1","Cloak And Dagger","Acrobatics"],"picked":"Slice","floor":41.0},{"not_picked":["Sucker Punch+1","Calculated Gamble","Deflect"],"picked":"Slice","floor":44.0},{"not_picked":["Prepared+1","Dagger Spray","AT_ShadowStep","Acrobatics"],"picked":"SKIP","floor":45.0},{"not_picked":["AT_MyraUnstableElement","Expertise","Caltrops"],"picked":"AT_ThistleTea","floor":48}],"player_experience":616127,"relics_obtained":[{"floor":9.0,"key":"AT_GuinsooRageblade"},{"floor":10.0,"key":"Ninja Scroll"},{"floor":12.0,"key":"Bag of Marbles"},{"floor":21.0,"key":"Red Mask"},{"floor":23.0,"key":"AT_MibuBalloonWealth"},{"floor":26.0,"key":"AT_ForceNature"},{"floor":38.0,"key":"Question Card"},{"floor":41.0,"key":"Girya"},{"floor":43.0,"key":"AT_ImmortalShieldbow"},{"floor":44.0,"key":"Incense Burner"},{"floor":45.0,"key":"Orichalcum"}],"event_choices":[{"damage_healed":0.0,"max_hp_gain":0.0,"max_hp_loss":0.0,"gold_gain":150.0,"event_name":"Liars Game","player_choice":"AGREE","floor":2.0,"gold_loss":0.0,"damage_taken":0.0,"cards_obtained":["Doubt"]},{"cards_removed":["Doubt"],"damage_healed":0.0,"max_hp_gain":0.0,"max_hp_loss":0.0,"gold_gain":0.0,"event_name":"The Cleric","player_choice":"Card Removal","floor":3.0,"gold_loss":75.0,"damage_taken":0.0},{"damage_healed":0.0,"max_hp_gain":0.0,"max_hp_loss":0.0,"gold_gain":0.0,"cards_transformed":["Defend_G"],"event_name":"Transmorgrifier","player_choice":"Transformed","floor":5.0,"gold_loss":0.0,"damage_taken":0.0,"cards_obtained":["Accuracy"]},{"damage_healed":0.0,"max_hp_gain":0.0,"max_hp_loss":0.0,"gold_gain":0.0,"event_name":"Vampires","player_choice":"Ignored","floor":19.0,"gold_loss":0.0,"damage_taken":0.0},{"damage_healed":0.0,"max_hp_gain":0.0,"max_hp_loss":0.0,"gold_gain":0.0,"event_name":"Masked Bandits","player_choice":"Fought Bandits","floor":21.0,"gold_loss":0.0,"damage_taken":0.0},{"damage_healed":0.0,"max_hp_gain":5.0,"max_hp_loss":0.0,"gold_gain":0.0,"event_name":"Forgotten Altar","player_choice":"Shed Blood","floor":25.0,"gold_loss":0.0,"damage_taken":23.0},{"damage_healed":0.0,"max_hp_gain":0.0,"max_hp_loss":0.0,"gold_gain":0.0,"event_name":"Addict","player_choice":"Stole Relic","floor":29.0,"gold_loss":0.0,"damage_taken":0.0,"relics_obtained":["InkBottle"],"cards_obtained":["Shame"]},{"cards_removed":["Quick Slash"],"damage_healed":0.0,"max_hp_gain":0.0,"max_hp_loss":0.0,"gold_gain":0.0,"event_name":"WeMeetAgain","player_choice":"Gave Card","floor":30.0,"gold_loss":0.0,"damage_taken":0.0,"relics_obtained":["Darkstone Periapt"]},{"damage_healed":0.0,"max_hp_gain":0.0,"max_hp_loss":0.0,"gold_gain":0.0,"event_name":"Duplicator","player_choice":"Copied","floor":36.0,"gold_loss":0.0,"damage_taken":0.0,"cards_obtained":["AT_ShrugMaster"]},{"damage_healed":0.0,"max_hp_gain":0.0,"max_hp_loss":0.0,"gold_gain":0.0,"event_name":"MindBloom","player_choice":"Fight","floor":44.0,"gold_loss":0.0,"damage_taken":0.0}],"is_beta":false,"boss_relics":[{"not_picked":["SlaversCollar","Busted Crown"],"picked":"Philosopher\u0027s Stone"},{"not_picked":["Tiny House","Astrolabe"],"picked":"SacredBark"}],"items_purged_floors":[37],"is_endless":false,"potions_floor_spawned":[1,7,14,23,33,35,39],"ascension_level":16}}