{"host":"t7mx8yfj1no5p62f","time":1610463453,"event":{"mods":["BaseMod","Bestiary","Colored Map","Colored Powertips","Minty Spire (QoL Compilation)","Relic Stats","StSLib"],"gold_per_floor":[119,132,147,227,227,227,241,241,321,349,40,40,40],"floor_reached":12,"playtime":359,"items_purged":["Strike_G"],"score":156,"play_id":"eecce5c7-1733-4eb7-abc4-7e5c8049b357","local_time":"20210112095733","is_ascension_mode":true,"campfire_choices":[{"data":"All Out Attack","floor":6,"key":"SMITH"},{"data":"Blade Dance","floor":8,"key":"SMITH"}],"circlet_count":0,"master_deck":["AscendersBane","Strike_G","Strike_G","Strike_G","Defend_G","Defend_G","Defend_G","Defend_G","Defend_G","Survivor","Neutralize","Poisoned Stab","All Out Attack+1","Blade Dance+1","Blade Dance","Dagger Spray","Master of Strategy"],"relics":["Ring of the Snake","Omamori","Gremlin Horn","Tiny Chest"],"acts_visited":["Exordium"],"potions_floor_usage":[],"damage_taken":[{"damage":4,"enemies":"Cultist","floor":1,"turns":4},{"damage":2,"enemies":"Jaw Worm","floor":2,"turns":5},{"damage":1,"enemies":"2 Louse","floor":3,"turns":3},{"damage":1,"enemies":"Blue Slaver","floor":7,"turns":5},{"damage":16,"enemies":"3 Sentries","floor":10,"turns":8},{"damage":37,"enemies":"Lagavulin","floor":12,"turns":5}],"seed_played":"-2464166313382588451","potions_obtained":[],"is_trial":false,"path_per_floor":["M","M","M","?","?","R","M","R","T","E","$","E"],"character_chosen":"THE_SILENT","items_purchased":["Dagger Spray","Master of Strategy"],"campfire_rested":0,"item_purchase_floors":[11,11],"current_hp_per_floor":[55,53,52,52,52,52,51,51,51,35,35,0,0],"gold":40,"neow_bonus":"RANDOM_COMMON_RELIC","is_daily":false,"chose_seed":false,"campfire_upgraded":2,"win_rate":0.0,"timestamp":1610463453,"path_taken":["M","M","M","?","?","R","M","R","T","E","$","E"],"items_purchased_type":["Card","Card"],"build_version":"2020-12-22","purchased_purges":1,"victory":false,"max_hp_per_floor":[66,66,66,66,66,66,66,66,66,66,66,66,66],"relic_stats":{"Gremlin Horn":[1,1],"counters":[6,30],"Tiny Chest":0,"obtain_stats":[{"Gremlin Horn":9,"Tiny Chest":10,"Omamori":0,"Ring of the Snake":0},{"Gremlin Horn":4,"Tiny Chest":5,"Omamori":0,"Ring of the Snake":0},{"Gremlin Horn":17,"Tiny Chest":25,"Omamori":0,"Ring of the Snake":0}],"Ring of the Snake":[12]},"card_choices":[{"not_picked":["Outmaneuver","Deflect","Dodge and Roll"],"picked":"SKIP","floor":1},{"not_picked":["Escape Plan","Outmaneuver"],"picked":"Poisoned Stab","floor":2},{"not_picked":["Envenom","Prepared"],"picked":"All Out Attack","floor":3},{"not_picked":["PiercingWail","Poisoned Stab"],"picked":"Blade Dance","floor":7},{"not_picked":["Cloak And Dagger","Quick Slash"],"picked":"Blade Dance","floor":10}],"player_experience":1735776,"relics_obtained":[{"floor":9,"key":"Gremlin Horn"},{"floor":10,"key":"Tiny Chest"}],"event_choices":[{"damage_healed":0,"gold_gain":80,"player_choice":"Gained Gold","damage_taken":0,"max_hp_gain":0,"max_hp_loss":0,"event_name":"Golden Wing","floor":4,"gold_loss":0},{"cards_removed":["Strike_G"],"damage_healed":0,"gold_gain":0,"player_choice":"Offered Basic","damage_taken":0,"max_hp_gain":0,"max_hp_loss":0,"event_name":"Bonfire Elementals","floor":5,"gold_loss":0}],"is_beta":false,"boss_relics":[],"items_purged_floors":[11],"is_endless":false,"potions_floor_spawned":[],"killed_by":"Lagavulin","ascension_level":20}}