{"host":"1c52r9kaxdyo25eq","time":1610462929,"event":{"mods":["AchievementEnabler","BaseMod","Minty Spire (QoL Compilation)","Rare Cards Sparkle","SuperFastMode","everything is the same but u backflip on backflip"],"gold_per_floor":[115,133,133,153,169,169,169,193,193,193,209,209,230,255,255,374,374,392,413,323,338,352,352,367,367,393,393,409,428,428,452,452,452,452],"floor_reached":33,"playtime":888,"items_purged":[],"score":282,"play_id":"2bfadfe7-8bfd-49bb-896d-54b6bf6a7f63","local_time":"20210112234849","is_ascension_mode":true,"campfire_choices":[{"data":"Defragment","floor":6,"key":"SMITH"},{"floor":10,"key":"REST"},{"floor":15,"key":"REST"},{"data":"Recycle","floor":23,"key":"SMITH"},{"floor":25,"key":"REST"},{"data":"Thunder Strike","floor":27,"key":"SMITH"},{"floor":32,"key":"REST"}],"circlet_count":0,"master_deck":["Strike_B","Strike_B","Defend_B","Defend_B","Defend_B","Zap","Dualcast","Machine Learning","Compile Driver","Melter+1","Defragment+1","Recycle+1","Electrodynamics","Undo","Thunder Strike+1","Reinforced Body+1","Coolheaded","Fusion+1","Biased Cognition","Recycle"],"relics":["Cracked Core","Golden Idol","The Courier","Bag of Preparation","Nuclear Battery","Happy Flower"],"acts_visited":["Exordium","TheCity"],"potions_floor_usage":[13,16,24,28,33],"damage_taken":[{"damage":2,"enemies":"Small Slimes","floor":1,"turns":3},{"damage":7,"enemies":"2 Louse","floor":2,"turns":3},{"damage":0,"enemies":"Cultist","floor":4,"turns":3},{"damage":25,"enemies":"Exordium Thugs","floor":5,"turns":4},{"damage":8,"enemies":"Red Slaver","floor":8,"turns":3},{"damage":12,"enemies":"Looter","floor":11,"turns":3},{"damage":13,"enemies":"Large Slime","floor":13,"turns":3},{"damage":11,"enemies":"Slime Boss","floor":16,"turns":5},{"damage":31,"enemies":"Shell Parasite","floor":18,"turns":5},{"damage":0,"enemies":"Chosen","floor":19,"turns":4},{"damage":8,"enemies":"Centurion and Healer","floor":21,"turns":7},{"damage":11,"enemies":"Snake Plant","floor":22,"turns":4},{"damage":4,"enemies":"3 Cultists","floor":24,"turns":4},{"damage":12,"enemies":"Shelled Parasite and Fungi","floor":28,"turns":5},{"damage":0,"enemies":"Centurion and Healer","floor":29,"turns":4},{"damage":11,"enemies":"Cultist and Chosen","floor":31,"turns":6},{"damage":23,"enemies":"Champ","floor":33,"turns":7}],"seed_played":"-3163014017980321956","potions_obtained":[{"floor":2,"key":"Explosive Potion"},{"floor":5,"key":"DistilledChaos"},{"floor":13,"key":"PotionOfCapacity"},{"floor":18,"key":"Block Potion"},{"floor":22,"key":"LiquidMemories"},{"floor":31,"key":"AttackPotion"}],"is_trial":false,"path_per_floor":["M","M","?","M","M","R","?","M","T","R","M","?","M","T","R","B",null,"M","M","?","M","M","R","M","R","T","R","M","M","?","M","R","B"],"character_chosen":"DEFECT","items_purchased":[],"campfire_rested":4,"item_purchase_floors":[],"current_hp_per_floor":[66,59,52,52,27,27,27,19,19,37,25,25,12,12,30,19,63,32,32,32,24,13,13,9,27,27,27,15,15,15,4,22,0,0],"gold":452,"neow_bonus":"THREE_RARE_CARDS","is_daily":false,"chose_seed":false,"campfire_upgraded":3,"win_rate":0.0,"timestamp":1610462929,"path_taken":["M","M","?","M","M","R","?","M","T","R","M","?","M","?","R","BOSS","M","?","?","M","M","R","M","R","T","R","?","M","?","M","R","BOSS"],"items_purchased_type":[],"build_version":"2020-12-22","purchased_purges":0,"victory":false,"max_hp_per_floor":[68,68,68,68,68,68,63,63,63,63,63,63,63,63,63,63,63,63,63,63,63,63,63,63,63,63,63,63,63,63,63,63,63,63],"card_choices":[{"not_picked":["Fission","Amplify"],"picked":"Machine Learning","floor":0},{"not_picked":["Beam Cell","Reprogram","Streamline"],"picked":"SKIP","floor":1},{"not_picked":["Rip and Tear","White Noise"],"picked":"Compile Driver","floor":2},{"not_picked":["Tempest","Rebound"],"picked":"Melter","floor":4},{"not_picked":["Leap","Sweeping Beam"],"picked":"Defragment","floor":5},{"not_picked":["Steam","Barrage","Capacitor"],"picked":"SKIP","floor":8},{"not_picked":["Cold Snap","Stack"],"picked":"Recycle","floor":11},{"not_picked":["Glacier","Cold Snap"],"picked":"Undo","floor":13},{"not_picked":["Machine Learning","All For One"],"picked":"Thunder Strike","floor":16},{"not_picked":["Gash","Conserve Battery","Tempest"],"picked":"SKIP","floor":18},{"not_picked":["Beam Cell+1","Hologram"],"picked":"Reinforced Body+1","floor":19},{"not_picked":["Stack","Hello World+1","Blizzard"],"picked":"SKIP","floor":21},{"not_picked":["Redo","Leap"],"picked":"Coolheaded","floor":22},{"not_picked":["Undo","Sweeping Beam","Beam Cell+1"],"picked":"SKIP","floor":24},{"not_picked":["Rebound","Chill"],"picked":"Fusion+1","floor":28},{"not_picked":["Stack+1","Beam Cell"],"picked":"Biased Cognition","floor":29},{"not_picked":["Darkness+1","Steam"],"picked":"Recycle","floor":31}],"player_experience":582841,"relics_obtained":[{"floor":9,"key":"The Courier"},{"floor":14,"key":"Bag of Preparation"},{"floor":26,"key":"Happy Flower"}],"event_choices":[{"cards_removed":["Defend_B"],"damage_healed":0,"gold_gain":0,"player_choice":"Card Removal","damage_taken":7,"max_hp_gain":0,"max_hp_loss":0,"event_name":"Golden Wing","floor":3,"gold_loss":0},{"damage_healed":0,"gold_gain":0,"player_choice":"Lose Max HP","damage_taken":0,"relics_obtained":["Golden Idol"],"max_hp_gain":0,"max_hp_loss":5,"event_name":"Golden Idol","floor":7,"gold_loss":0},{"damage_healed":0,"gold_gain":0,"cards_transformed":["Strike_B"],"player_choice":"Change","damage_taken":0,"max_hp_gain":0,"max_hp_loss":0,"event_name":"Living Wall","floor":12,"gold_loss":0,"cards_obtained":["Electrodynamics"]},{"cards_removed":["Strike_B"],"damage_healed":0,"gold_gain":0,"player_choice":"Upgrade and Remove","damage_taken":0,"max_hp_gain":0,"max_hp_loss":0,"event_name":"Designer","floor":20,"gold_loss":90,"cards_upgraded":["Melter"]},{"damage_healed":0,"gold_gain":0,"player_choice":"Ignored","damage_taken":0,"max_hp_gain":0,"max_hp_loss":0,"event_name":"Vampires","floor":30,"gold_loss":0}],"is_beta":false,"boss_relics":[{"not_picked":["SacredBark","Tiny House"],"picked":"Nuclear Battery"}],"items_purged_floors":[],"is_endless":false,"potions_floor_spawned":[2,5,11,13,18,22,31],"killed_by":"Champ","ascension_level":3}}