{"host":"njruw0b0uprlitpx","time":1610417188,"event":{"mods":["2.2 Compatiblity","Bartender","BaseMod","Better Altar","Better Match","Better Note","Better Sensory Stone","Better Skull","Better Third Choice","BetterRewards","Block Reminder","Colored Map","Colored Powertips","Energized Spire","Jedi Mod","Keyboard Shortcuts","Magitek Elite","Minty Spire (QoL Compilation)","Quick Restart","Rare Cards Sparkle","Relic Stats","Replay The Spire","SacredBarkPlus","Spicy Shops","StSLib","SuperFastMode","The Blackbeard","The Bug Knight","The Construct","The Dragon Tamer","The Mystic","The Necromancer","The Runesmith","Wandering Minibosses"],"gold_per_floor":[99,49,49,49,13,13,13,13,13,13,13,13,13,13,13,42,42,116,188,188,12,65,65,137,137,137,216,37,37,111,185,185,328,364,446,547,648,19,19,83,83,147,147,159,251,3,111,129,129,159],"floor_reached":51,"playtime":2199,"items_purged":["blackbeard:BlackbeardStrike","blackbeard:BlackbeardDefend","blackbeard:BlackbeardStrike","blackbeard:BlackbeardDefend","blackbeard:Cutlass","Pride"],"score":1661,"play_id":"521a8a1e-c167-45b8-8924-b3ceeded58fe","local_time":"20210111200628","is_ascension_mode":true,"campfire_choices":[{"floor":6.0,"key":"REST"},{"floor":11.0,"key":"REST"},{"data":"blackbeard:Parrot","floor":15.0,"key":"SMITH"},{"floor":23.0,"key":"REST"},{"floor":29.0,"key":"REST"},{"floor":32.0,"key":"REST"},{"floor":41.0,"key":"REST"},{"data":"blackbeard:PowerHungry","floor":44.0,"key":"SMITH"},{"data":"blackbeard:GoldenGuillotine","floor":49,"key":"SMITH"}],"circlet_count":0,"master_deck":["AscendersBane","blackbeard:IntimidatingStrike","blackbeard:GoldenStrike","blackbeard:DangerousBlow","blackbeard:BeatUp","blackbeard:Revenge","blackbeard:Parrot+1","blackbeard:GoldenDefense","blackbeard:Lifeboat","blackbeard:PirateHook","HandOfGreed","Trip","Flash of Steel","blackbeard:GoldenDefense","blackbeard:Spear","blackbeard:PowerHungry+1","blackbeard:DelayedPain","blackbeard:GoldenStrike","blackbeard:TerrorOfTheSeas","blackbeard:Intoxication","blackbeard:BlindAttacks","blackbeard:RearmingStrike+1","Discovery","blackbeard:RemoveScurvy","blackbeard:PowderKeg","blackbeard:SmithingHammer","blackbeard:GoldenDefense","blackbeard:BeatUp","blackbeard:Boarding","blackbeard:Rum","blackbeard:WeaponMastery","blackbeard:WiseDefense","blackbeard:GoldenGuillotine+1","AbeCurse","blackbeard:Dagger+1","blackbeard:CaptainsHat+1","blackbeard:SmithingHammer+1","blackbeard:GoldenStrike","blackbeard:WiseDefense+1","blackbeard:PiratesWill","blackbeard:GoldenCannonball","blackbeard:Anchor","AscendersBane","blackbeard:PirateStrength+1"],"relics":["blackbeard:LoadTheCannons","Replay:Bandana","Shovel","blackbeard:CannonballsOfSteel","jedi:ominousloannote","Orrery","Replay:Bottled Flurry","jedi:HeartOfTheCards","ReplayTheSpireMod:ShopPack","blackbeard:Spearhead","Gambling Chip","Smiling Mask","Odd Mushroom","Velvet Choker","HollowMod:PaleOreRelic","Mercury Hourglass","CeramicFish","BargainBundle","Toolbox","Replay:Ringing Soul","Replay:Grab Bag","ChewingGum","Abe\u0027s Treasure","Astrolabe","Pocketwatch","HandDrill","blackbeard:PoorMathSkills","Mango","White Beast Statue","MawBank","Replay:Wax Seal","Lee\u0027s Waffle"],"acts_visited":["Exordium","TheCity","TheBeyond"],"potions_floor_usage":[45,50,50],"damage_taken":[{"damage":12.0,"enemies":"Jaw Worm","floor":1.0,"turns":2.0},{"damage":8.0,"enemies":"Small Slimes","floor":4.0,"turns":2.0},{"damage":30.0,"enemies":"3 Sentries","floor":8.0,"turns":5.0},{"damage":25.0,"enemies":"The Mushroom Lair","floor":10.0,"turns":4.0},{"damage":0.0,"enemies":"Cultist","floor":12.0,"turns":4.0},{"damage":0.0,"enemies":"Large Slime","floor":14.0,"turns":3.0},{"damage":15.0,"enemies":"The Guardian","floor":16.0,"turns":7.0},{"damage":24.0,"enemies":"3 Byrds","floor":18.0,"turns":5.0},{"damage":15.0,"enemies":"2 Thieves","floor":19.0,"turns":3.0},{"damage":0.0,"enemies":"Snake Plant","floor":22.0,"turns":2.0},{"damage":10.0,"enemies":"Book of Stabbing","floor":24.0,"turns":5.0},{"damage":24.0,"enemies":"Shelled Parasite and Fungi","floor":27.0,"turns":4.0},{"damage":13.0,"enemies":"Slavers","floor":30.0,"turns":2.0},{"damage":8.0,"enemies":"3 Cultists","floor":31.0,"turns":4.0},{"damage":22.0,"enemies":"Collector","floor":33.0,"turns":8.0},{"damage":0.0,"enemies":"3 Shapes","floor":35.0,"turns":3.0},{"damage":19.0,"enemies":"2 Orb Walkers","floor":36.0,"turns":3.0},{"damage":25.0,"enemies":"3 Darklings","floor":37.0,"turns":3.0},{"damage":13.0,"enemies":"Writhing Mass","floor":40.0,"turns":3.0},{"damage":14.0,"enemies":"Maw","floor":42.0,"turns":4.0},{"damage":0,"enemies":"Nemesis","floor":45,"turns":3},{"damage":0,"enemies":"3 Darklings","floor":47,"turns":5},{"damage":17,"enemies":"Time Eater","floor":50,"turns":5}],"seed_played":"-7192733853064245993","potions_obtained":[{"floor":8.0,"key":"PowerPotion"},{"floor":16.0,"key":"Weak Potion"},{"floor":22.0,"key":"AttackPotion"},{"floor":24.0,"key":"SteroidPotion"},{"floor":31.0,"key":"blackbeard:OrangeJuicePotion"},{"floor":35.0,"key":"Adrenaline Potion"},{"floor":40.0,"key":"Strength Potion"},{"floor":45,"key":"Venom Potion"},{"floor":47,"key":"PowerPotion"}],"is_trial":false,"path_per_floor":["M","?","?","M","$","R","?","E","T","?","R","M","?","M","R","B",null,"M","M","?","$","M","R","E","?","T","M","$","R","E","M","R","B",null,"M","?","M","$","T","M","R","M","T","R","E","$","M","?","R","B",null],"character_chosen":"BLACKBEARD_CLASS","items_purchased":["Replay:Bandana","blackbeard:CannonballsOfSteel","jedi:ominousloannote","blackbeard:GoldenStrike","blackbeard:DangerousBlow","Strength Potion","Orrery","Replay:Bottled Flurry","jedi:HeartOfTheCards","blackbeard:PirateHook","ReplayTheSpireMod:ShopPack","Elixir","blackbeard:RemoveScurvy","BargainBundle","Toolbox","blackbeard:BeatUp","blackbeard:Boarding","SkillPotion","blackbeard:Rum","HandDrill","blackbeard:PiratesWill","blackbeard:PoorMathSkills","Mango","blackbeard:GoldenCannonball","Lee\u0027s Waffle"],"campfire_rested":6,"item_purchase_floors":[0,0,0,0,0,0,0,0,0,0,0,5,21,28,28,28,28,28,28,38,38,38,38,46,46],"current_hp_per_floor":[56,56,56,48,48,70,70,40,40,19,41,41,66,66,66,51,69,45,30,30,30,35,57,47,47,47,23,23,45,40,40,64,58,81,84,65,54,71,71,58,91,82,82,82,82,120,123,126,126,109],"gold":159,"neow_bonus":"","is_daily":false,"chose_seed":false,"campfire_upgraded":3,"win_rate":0.0,"timestamp":1610417188,"path_taken":["M","?","?","?","$","R","?","E","T","?","R","M","?","?","R","BOSS","M","M","?","$","M","R","E","?","T","M","$","R","E","M","R","BOSS","M","?","M","?","?","?","R","M","T","R","E","$","M","?","R","BOSS"],"items_purchased_type":["Relic","Relic","Relic","Card","Card","Potion","Relic","Relic","Relic","Card","Relic","Potion","Card","Relic","Relic","Card","Card","Potion","Card","Relic","Card","Relic","Relic","Card","Relic"],"build_version":"2020-12-22","purchased_purges":6,"victory":true,"max_hp_per_floor":[75,75,75,75,75,75,75,75,75,75,75,75,75,75,75,75,75,75,75,75,75,75,75,75,75,75,75,75,75,78,81,81,84,87,90,90,93,110,110,110,110,110,110,110,110,120,123,126,126,126],"relic_stats":{"Lee\u0027s Waffle":35,"Shovel":0,"counters":[60,178],"Gambling Chip":[27],"CeramicFish":126,"Astrolabe":["blackbeard:Dagger","blackbeard:CaptainsHat","blackbeard:SmithingHammer"],"HandDrill":[18],"Smiling Mask":650,"MawBank":72,"obtain_stats":[{"Golden Egg":43,"Calipers":0,"CeramicFish":22,"Vajra":37,"jedi:shrinkray":14,"Blood Vial":6,"Sozu":17,"Lizard Tail":43,"HornCleat":14,"jedi:paperlyon":34,"Strawberry":0,"Kunai":26,"Replay:Wax Seal":11,"Sneakers":0,"ReplayTheSpireMod:CursedCoin":14,"Dead Branch":40,"Counterbalance":42,"Choco_Feather":51,"Pen Nib":0,"Ring of Chaos":34,"Letter Opener":9,"Question Card":9,"Akabeko":0,"SlaversCollar":34,"Bottled Flame":27,"Replay:Baseball":21,"Water_Ring":4,"Shuriken":10,"energizedSpire:NeverEndingSparkler":17,"Bird Faced Urn":29,"Tintinnabulum":3,"StrikeDummy":31,"Lantern":28,"Singing Bowl":0,"Torii":24,"Piano_Music":0,"Replay:Mystery Machine":6,"jedi:archwizardhat":25,"Power_Wrist":36,"Replay:Rubber Ducky":9,"Dream Catcher":46,"Replay:Bandana":0,"Matryoshka":26,"Mummified Hand":42,"Gambling Chip":21,"Genji_Glove":10,"Red Mask":24,"Guardian:BottledAnomaly":37,"Replay:Bottled Eggs":37,"ReplayTheSpireMod:Ninjato":19,"NeowsBlessing":0,"Guide Book":21,"The Courier":26,"Ring of Greed":8,"energizedSpire:DeadBattery":17,"MawBank":8,"White Beast Statue":43,"Replay:Arrowhead":28,"Mercury Hourglass":20,"jedi:fakemustache":29,"Strange Spoon":14,"Anchor":29,"jedi:ominousloannote":0,"Ornamental Fan":15,"Turnip":31,"Art of War":7,"Membership Card":14,"hexamod:BolsterEngine":13,"jedi:arcanewood":29,"TungstenRod":0},{"Golden Egg":39,"Calipers":23,"CeramicFish":50,"Vajra":17,"jedi:shrinkray":48,"Blood Vial":4,"Sozu":49,"Lizard Tail":21,"HornCleat":48,"jedi:paperlyon":16,"Strawberry":23,"Kunai":10,"Replay:Wax Seal":47,"Sneakers":0,"ReplayTheSpireMod:CursedCoin":6,"Dead Branch":20,"Counterbalance":21,"Choco_Feather":42,"Pen Nib":43,"Ring of Chaos":56,"Letter Opener":4,"Question Card":26,"Akabeko":43,"SlaversCollar":36,"Bottled Flame":33,"Replay:Baseball":50,"Water_Ring":44,"Shuriken":26,"energizedSpire:NeverEndingSparkler":29,"Bird Faced Urn":34,"Tintinnabulum":44,"StrikeDummy":15,"Lantern":33,"Singing Bowl":23,"Torii":32,"Piano_Music":23,"Replay:Mystery Machine":46,"jedi:archwizardhat":52,"Power_Wrist":57,"Replay:Rubber Ducky":46,"Dream Catcher":22,"Replay:Bandana":43,"Matryoshka":32,"Mummified Hand":39,"Gambling Chip":50,"Genji_Glove":26,"Red Mask":10,"Guardian:BottledAnomaly":17,"Replay:Bottled Eggs":17,"ReplayTheSpireMod:Ninjato":8,"NeowsBlessing":0,"Guide Book":50,"The Courier":52,"Ring of Greed":46,"energizedSpire:DeadBattery":7,"MawBank":46,"White Beast Statue":39,"Replay:Arrowhead":53,"Mercury Hourglass":8,"jedi:fakemustache":53,"Strange Spoon":48,"Anchor":53,"jedi:ominousloannote":23,"Ornamental Fan":48,"Turnip":15,"Art of War":26,"Membership Card":6,"hexamod:BolsterEngine":6,"jedi:arcanewood":53,"TungstenRod":43},{"Golden Egg":118,"Calipers":73,"CeramicFish":143,"Vajra":58,"jedi:shrinkray":138,"Blood Vial":12,"Sozu":141,"Lizard Tail":67,"HornCleat":138,"jedi:paperlyon":56,"Strawberry":73,"Kunai":39,"Replay:Wax Seal":137,"Sneakers":0,"ReplayTheSpireMod:CursedCoin":22,"Dead Branch":64,"Counterbalance":67,"Choco_Feather":124,"Pen Nib":128,"Ring of Chaos":163,"Letter Opener":12,"Question Card":80,"Akabeko":128,"SlaversCollar":109,"Bottled Flame":100,"Replay:Baseball":143,"Water_Ring":130,"Shuriken":80,"energizedSpire:NeverEndingSparkler":89,"Bird Faced Urn":102,"Tintinnabulum":130,"StrikeDummy":52,"Lantern":100,"Singing Bowl":73,"Torii":97,"Piano_Music":73,"Replay:Mystery Machine":135,"jedi:archwizardhat":149,"Power_Wrist":165,"Replay:Rubber Ducky":135,"Dream Catcher":70,"Replay:Bandana":128,"Matryoshka":97,"Mummified Hand":118,"Gambling Chip":143,"Genji_Glove":80,"Red Mask":39,"Guardian:BottledAnomaly":58,"Replay:Bottled Eggs":58,"ReplayTheSpireMod:Ninjato":34,"NeowsBlessing":0,"Guide Book":143,"The Courier":149,"Ring of Greed":135,"energizedSpire:DeadBattery":31,"MawBank":135,"White Beast Statue":118,"Replay:Arrowhead":152,"Mercury Hourglass":34,"jedi:fakemustache":152,"Strange Spoon":138,"Anchor":152,"jedi:ominousloannote":73,"Ornamental Fan":138,"Turnip":52,"Art of War":80,"Membership Card":22,"hexamod:BolsterEngine":22,"jedi:arcanewood":152,"TungstenRod":128}],"Mercury Hourglass":[207],"Pocketwatch":[3]},"card_choices":[{"not_picked":["blackbeard:Toast","blackbeard:DeadlyArsenal"],"picked":"blackbeard:BeatUp","floor":0.0},{"not_picked":["blackbeard:GhostInTheRum","blackbeard:FieryDefense"],"picked":"blackbeard:Revenge","floor":0.0},{"not_picked":["blackbeard:BeatUp","blackbeard:PiratesWill"],"picked":"blackbeard:Parrot","floor":0.0},{"not_picked":["blackbeard:Dagger","blackbeard:BeatUp"],"picked":"blackbeard:GoldenDefense","floor":0.0},{"not_picked":["blackbeard:Scrap","blackbeard:TacticalRetreat"],"picked":"blackbeard:Lifeboat","floor":0.0},{"not_picked":["Sadistic Nature","Secret Weapon"],"picked":"HandOfGreed","floor":0.0},{"not_picked":["Dark Shackles","ReplayTheSpireMod:Necrogeddon"],"picked":"Trip","floor":0.0},{"not_picked":["Purity","Trip"],"picked":"Flash of Steel","floor":0.0},{"not_picked":["blackbeard:Shrapnel","blackbeard:CloakAndCannonball"],"picked":"blackbeard:GoldenDefense","floor":1.0},{"not_picked":["blackbeard:Dagger","blackbeard:AgileStrike"],"picked":"blackbeard:Spear","floor":4.0},{"not_picked":["blackbeard:Toast","blackbeard:DeadlyArsenal"],"picked":"blackbeard:PowerHungry","floor":8.0},{"not_picked":["blackbeard:FishingNets","blackbeard:Recklessness"],"picked":"blackbeard:DelayedPain","floor":10.0},{"not_picked":["blackbeard:Dagger","blackbeard:DeadlyArsenal"],"picked":"blackbeard:GoldenStrike","floor":12.0},{"not_picked":["blackbeard:CloakAndCannonball","blackbeard:Recklessness"],"picked":"blackbeard:TerrorOfTheSeas","floor":14.0},{"not_picked":["blackbeard:Salvager","blackbeard:Parrot"],"picked":"blackbeard:Intoxication","floor":16.0},{"not_picked":["blackbeard:GoldenDefense+1","blackbeard:Fencing"],"picked":"blackbeard:BlindAttacks","floor":18.0},{"not_picked":["blackbeard:GhostInTheRum","blackbeard:Spear+1"],"picked":"blackbeard:RearmingStrike+1","floor":19.0},{"not_picked":["blackbeard:DoubleCannonball+1","blackbeard:FieryDefense"],"picked":"blackbeard:PowderKeg","floor":22.0},{"not_picked":["blackbeard:FieryDefense","blackbeard:TerrorOfTheSeas"],"picked":"blackbeard:SmithingHammer","floor":24.0},{"not_picked":["blackbeard:PowderKeg","blackbeard:Toast"],"picked":"blackbeard:GoldenDefense","floor":27.0},{"not_picked":["blackbeard:BlindAttacks","blackbeard:Rum"],"picked":"blackbeard:WeaponMastery","floor":30.0},{"not_picked":["blackbeard:BeatUp","blackbeard:RearmingStrike"],"picked":"blackbeard:WiseDefense","floor":31.0},{"not_picked":["blackbeard:Salvager","blackbeard:UndeadForm"],"picked":"blackbeard:GoldenGuillotine","floor":33.0},{"not_picked":["blackbeard:DoubleCannonball","blackbeard:Boarding+1"],"picked":"blackbeard:GoldenStrike","floor":35.0},{"not_picked":["blackbeard:ChaoticDefense+1","blackbeard:DoubleBottom+1"],"picked":"blackbeard:WiseDefense+1","floor":37.0},{"not_picked":["blackbeard:CaptainsCabin","blackbeard:DeadlyArsenal","blackbeard:Sharpening+1"],"picked":"SKIP","floor":40.0},{"not_picked":["blackbeard:TacticalRetreat","blackbeard:Revenge","blackbeard:SwordDance"],"picked":"SKIP","floor":42.0},{"not_picked":["blackbeard:DoubleCannonball+1","blackbeard:Fencing","blackbeard:DeadlyArsenal"],"picked":"SKIP","floor":45},{"not_picked":["blackbeard:SwordDance","blackbeard:DangerousBlow+1"],"picked":"blackbeard:Anchor","floor":47}],"player_experience":1737557,"relics_obtained":[{"floor":8.0,"key":"Gambling Chip"},{"floor":9.0,"key":"Smiling Mask"},{"floor":10.0,"key":"Odd Mushroom"},{"floor":24.0,"key":"HollowMod:PaleOreRelic"},{"floor":26.0,"key":"CeramicFish"},{"floor":30.0,"key":"Replay:Ringing Soul"},{"floor":36.0,"key":"Pocketwatch"},{"floor":39.0,"key":"White Beast Statue"},{"floor":43.0,"key":"MawBank"},{"floor":45,"key":"Replay:Wax Seal"}],"event_choices":[{"cards_removed":["blackbeard:BlackbeardDefend"],"damage_healed":0.0,"max_hp_gain":0.0,"max_hp_loss":0.0,"gold_gain":0.0,"event_name":"The Cleric","player_choice":"Card Removal","floor":2.0,"gold_loss":50.0,"damage_taken":0.0},{"damage_healed":0.0,"max_hp_gain":0.0,"max_hp_loss":0.0,"gold_gain":0.0,"event_name":"WeMeetAgain","player_choice":"Gave Potion","floor":3.0,"gold_loss":0.0,"damage_taken":0.0,"relics_obtained":["blackbeard:Spearhead"]},{"damage_healed":0.0,"max_hp_gain":0.0,"max_hp_loss":0.0,"gold_gain":0.0,"event_name":"blackbeard:GoldsmithEvent","player_choice":"Ignored","floor":7.0,"gold_loss":0.0,"damage_taken":0.0},{"damage_healed":0.0,"max_hp_gain":0.0,"max_hp_loss":0.0,"gold_gain":0.0,"event_name":"Mushrooms","player_choice":"Fought Mushrooms","floor":10.0,"gold_loss":0.0,"damage_taken":0.0},{"damage_healed":25.0,"max_hp_gain":0.0,"max_hp_loss":0.0,"gold_gain":0.0,"event_name":"Big Fish","player_choice":"Banana","floor":13.0,"gold_loss":0.0,"damage_taken":0.0},{"cards_removed":["blackbeard:Parrot"],"damage_healed":0.0,"max_hp_gain":0.0,"max_hp_loss":0.0,"gold_gain":0.0,"event_name":"betterNote:BetterNote","player_choice":"Take \u0026 Give","floor":20.0,"gold_loss":0.0,"damage_taken":0.0,"cards_obtained":["Discovery"]},{"damage_healed":0.0,"max_hp_gain":0.0,"max_hp_loss":0.0,"gold_gain":0.0,"event_name":"Mysterious Sphere","player_choice":"Fight","floor":36.0,"gold_loss":0.0,"damage_taken":0.0},{"damage_healed":0,"gold_gain":3,"player_choice":"3","damage_taken":0,"max_hp_gain":0,"max_hp_loss":0,"event_name":"betterStone:BetterStone","floor":48,"gold_loss":0,"cards_obtained":["blackbeard:PirateStrength"]}],"is_beta":false,"boss_relics":[{"not_picked":["energizedSpire:MagnifyingGlass","Silver_Glasses"],"picked":"Velvet Choker"},{"not_picked":["Replay:Drink Me","Snecko Heart"],"picked":"Replay:Grab Bag"},{"not_picked":["energizedSpire:DeadBattery","energizedSpire:NeverEndingSparkler"],"picked":"ChewingGum"},{"not_picked":["Replay:Bronze Core","jedi:hotpepper"],"picked":"Abe\u0027s Treasure"},{"not_picked":["Pandora\u0027s Box","Gem_Box"],"picked":"Astrolabe"}],"items_purged_floors":[0,21,21,28,38,38],"is_endless":false,"potions_floor_spawned":[8,16,22,24,30,31,35,40,42,45,47],"ascension_level":12}}