{"host":"ctlqibkg0sskiu65","time":1610435434,"event":{"mods":["2.2 Compatiblity","AchievementEnabler","Aspiration","BaseMod","BetterRewards","Colored Map","Colored Powertips","Conspire","Downfall","Fiend Mod","Infinite Spire","Minty Spire (QoL Compilation)","Quick Restart","Replay The Spire","Shop Mod","StSLib","The Bladedancer","The Cursed","The Hierophant","The Jungle","The Kombatant","The Poker Player","The Servant 0.9.4","TheBandit"],"gold_per_floor":[119,119,137,58,58,77,77,105,179,279,313,328,328,346,346,448,448,465,483,234,308,321,321,352,352,352,352,451,451,467,482,482,482,482],"floor_reached":33,"playtime":1099,"items_purged":["Strike_G"],"score":440,"play_id":"80d0147b-f445-4ef8-a362-f9fac560da9d","local_time":"20210112011034","is_ascension_mode":true,"campfire_choices":[{"data":"Replay:Poison Smokescreen","floor":7.0,"key":"SMITH"},{"floor":13.0,"key":"REST"},{"floor":15,"key":"REST"},{"floor":23,"key":"REST"},{"floor":27,"key":"REST"},{"data":"Catalyst","floor":32,"key":"SMITH"}],"circlet_count":0,"master_deck":["AscendersBane","Strike_G","Strike_G","Strike_G","Defend_G","Defend_G","Defend_G","Defend_G+1","Defend_G+1","Survivor","Neutralize","Infinite Blades","Poisoned Stab","Dagger Spray","Draining Mist","Replay:Poison Smokescreen+1","Bouncing Flask","Catalyst+1","Poisoned Stab","ReplayTheSpireMod:Speed Training","Poisoned Stab","ReplayTheSpireMod:Speed Training"],"relics":["Ring of the Serpent","ReplayTheSpireMod:TigerMarble","Mummified Hand","infinitespire:Lucky Rock","Chemical X","infinitespire:Broken Mirror","Replay:Bottled Steam","Basket Of Snakes","Busted Crown","conspire:Flyswatter","War Paint"],"acts_visited":["Exordium","TheCity"],"potions_floor_usage":[14,22,33],"damage_taken":[{"damage":4.0,"enemies":"Jaw Worm","floor":1.0,"turns":4.0},{"damage":2.0,"enemies":"2 Louse","floor":3.0,"turns":3.0},{"damage":0.0,"enemies":"Cultist","floor":6.0,"turns":4.0},{"damage":24.0,"enemies":"Gremlin Nob","floor":8.0,"turns":5.0},{"damage":23.0,"enemies":"Lagavulin","floor":11.0,"turns":8.0},{"damage":1.0,"enemies":"Exordium Wildlife","floor":12.0,"turns":3.0},{"damage":0,"enemies":"Lots of Slimes","floor":14,"turns":1},{"damage":22,"enemies":"Hexaghost","floor":16,"turns":8},{"damage":13,"enemies":"3 Byrds","floor":18,"turns":6},{"damage":6,"enemies":"Chosen","floor":19,"turns":4},{"damage":13,"enemies":"Centurion and Healer","floor":22,"turns":7},{"damage":20,"enemies":"Slavers","floor":24,"turns":3},{"damage":18,"enemies":"Sentry and Sphere","floor":30,"turns":5},{"damage":0,"enemies":"Chosen and Byrds","floor":31,"turns":4},{"damage":50,"enemies":"Champ","floor":33,"turns":7}],"seed_played":"-3578973963892719570","potions_obtained":[{"floor":3.0,"key":"SneckoOil"},{"floor":6.0,"key":"champ:CounterPotion"},{"floor":8.0,"key":"BlessingOfTheForge"},{"floor":12.0,"key":"Toxic Potion"},{"floor":19,"key":"DistilledChaos"},{"floor":30,"key":"Elixir"},{"floor":31,"key":"LifebloodPotion"}],"is_trial":false,"path_per_floor":["M","?","M","$","?","M","R","E","T","?","E","M","R","M","R","B",null,"M","M","$","T","M","R","E","AVR","T","R","?","T","M","M","R","B"],"character_chosen":"THE_SILENT","items_purchased":["Infinite Blades","Draining Mist","Poisoned Stab","Chemical X"],"campfire_rested":4,"item_purchase_floors":[0,4,20,20],"current_hp_per_floor":[59,59,57,57,57,57,57,33,33,33,10,9,30,30,51,29,60,47,41,41,41,28,49,29,29,29,50,50,50,32,32,32,0,0],"gold":482,"neow_bonus":"","is_daily":false,"chose_seed":false,"campfire_upgraded":2,"win_rate":0.0,"timestamp":1610435434,"path_taken":["M","?","M","$","?","?","R","E","T","?","E","M","R","M","R","BOSS","M","M","$","?","M","R","E","AVR","T","R","?","?","?","M","R","BOSS"],"items_purchased_type":["Card","Card","Card","Relic"],"build_version":"2020-12-22","purchased_purges":1,"victory":false,"max_hp_per_floor":[70,70,70,70,70,70,70,70,70,70,70,70,70,70,70,70,70,70,70,70,70,70,70,70,70,70,70,70,70,70,70,70,70,70],"card_choices":[{"not_picked":["Underhanded Strike","PiercingWail"],"picked":"Poisoned Stab","floor":1.0},{"not_picked":["Blur","Slice"],"picked":"Dagger Spray","floor":3.0},{"not_picked":["Sneak Up","Dagger Throw"],"picked":"Replay:Poison Smokescreen","floor":6.0},{"not_picked":["Heel Hook","Deflect","Underhanded Strike"],"picked":"SKIP","floor":8.0},{"not_picked":["Accuracy","Blade Dance"],"picked":"Bouncing Flask","floor":11.0},{"not_picked":["Deflect","Calculated Gamble","Outmaneuver"],"picked":"SKIP","floor":12.0},{"not_picked":["Prepared","PiercingWail"],"picked":"Catalyst","floor":14},{"not_picked":["Slice+1","Outmaneuver"],"picked":"Poisoned Stab","floor":18},{"not_picked":["Dash","Distraction"],"picked":"ReplayTheSpireMod:Speed Training","floor":19},{"not_picked":["Backstab","Cloak And Dagger","Dodge and Roll"],"picked":"SKIP","floor":22},{"not_picked":["Dagger Spray","Dagger Throw"],"picked":"ReplayTheSpireMod:Speed Training","floor":24},{"not_picked":["Bane+1"],"picked":"SKIP","floor":30},{"not_picked":["Blade Dance"],"picked":"SKIP","floor":31}],"player_experience":199155,"relics_obtained":[{"floor":8.0,"key":"ReplayTheSpireMod:TigerMarble"},{"floor":9.0,"key":"Mummified Hand"},{"floor":11.0,"key":"infinitespire:Lucky Rock"},{"floor":21,"key":"infinitespire:Broken Mirror"},{"floor":24,"key":"Replay:Bottled Steam"},{"floor":26,"key":"conspire:Flyswatter"},{"floor":29,"key":"War Paint"}],"event_choices":[{"cards_removed":["Strike_G"],"damage_healed":0.0,"max_hp_gain":0.0,"max_hp_loss":0.0,"gold_gain":0.0,"event_name":"Purifier","player_choice":"Purged","floor":5.0,"gold_loss":0.0,"damage_taken":0.0},{"damage_healed":0.0,"max_hp_gain":0.0,"max_hp_loss":0.0,"gold_gain":100.0,"event_name":"Golden Shrine","player_choice":"Pray","floor":10.0,"gold_loss":0.0,"damage_taken":0.0},{"damage_healed":0,"gold_gain":99,"player_choice":"Stole From Cult","damage_taken":0,"max_hp_gain":0,"max_hp_loss":0,"event_name":"Nest","floor":28,"gold_loss":0}],"is_beta":false,"boss_relics":[{"not_picked":["infinitespire:Cupcake","Replay:Ancient Bell"],"picked":"Ring of the Serpent"}],"items_purged_floors":[20],"is_endless":false,"potions_floor_spawned":[3,6,8,12,19,30,31],"killed_by":"Champ","ascension_level":12}}