{"host":"hvwa7s69zr612rn1","time":1610447899,"event":{"mods":["BaseMod","Colored Map","Colored Powertips","Minty Spire (QoL Compilation)","StSLib","The Bug Knight"],"gold_per_floor":[115,132,82,82,93,93,93,103,126,153,170,184,184,184],"floor_reached":13,"playtime":854,"items_purged":[],"score":91,"play_id":"70f41e59-718a-4f7a-818b-814462d2968f","local_time":"20210112213819","is_ascension_mode":true,"campfire_choices":[{"data":"HollowMod:theNailsmith","floor":6,"key":"SMITH"}],"circlet_count":0,"master_deck":["HollowMod:NailStrikeStart","HollowMod:NailStrikeStart","HollowMod:NailStrikeStart","HollowMod:QuickDashStart","HollowMod:QuickDashStart","HollowMod:FocusHealStart","HollowMod:PogoStrike","HollowMod:theNailsmith+1","HollowMod:DescendingDark","HollowMod:HuntersJournal","HollowMod:PerfectDash","HollowMod:RecoilStrike","HollowMod:AbyssShriek","HollowMod:GrimmsGift"],"relics":["HollowMod:VesselMask","Smiling Mask","Art of War"],"acts_visited":["Exordium"],"potions_floor_usage":[10],"damage_taken":[{"damage":1,"enemies":"Cultist","floor":1,"turns":4},{"damage":0,"enemies":"Small Slimes","floor":2,"turns":2},{"damage":0,"enemies":"2 Louse","floor":5,"turns":1},{"damage":10,"enemies":"Blue Slaver","floor":8,"turns":4},{"damage":16,"enemies":"3 Sentries","floor":10,"turns":5},{"damage":14,"enemies":"Exordium Thugs","floor":11,"turns":3},{"damage":15,"enemies":"HollowMod:HuskWarrior","floor":12,"turns":4},{"damage":32,"enemies":"Gremlin Nob","floor":13,"turns":4}],"seed_played":"-7167868610451556118","potions_obtained":[{"floor":2,"key":"SkillPotion"},{"floor":10,"key":"LiquidBronze"},{"floor":12,"key":"EssenceOfSteel"}],"is_trial":false,"path_per_floor":["M","M","?","?","M","R","?","M","T","E","M","M","E"],"character_chosen":"THE_BUGKNIGHT","items_purchased":[],"campfire_rested":0,"item_purchase_floors":[],"current_hp_per_floor":[74,74,74,74,74,74,74,64,64,48,34,19,0,0],"gold":184,"neow_bonus":"ONE_RANDOM_RARE_CARD","is_daily":false,"chose_seed":false,"campfire_upgraded":1,"win_rate":0.0,"timestamp":1610447899,"path_taken":["M","M","?","?","?","R","?","M","T","E","M","M","E"],"items_purchased_type":[],"build_version":"2020-12-22","purchased_purges":0,"victory":false,"max_hp_per_floor":[75,75,75,75,75,75,75,75,75,75,75,75,75,75],"card_choices":[{"not_picked":["HollowMod:ShadowDash","HollowMod:GoodIntentions"],"picked":"HollowMod:DescendingDark","floor":1},{"not_picked":["HollowMod:InfectedAttack","HollowMod:CloakDash"],"picked":"HollowMod:HuntersJournal","floor":2},{"not_picked":["HollowMod:LifebloodCocoon","HollowMod:NewLittleFool"],"picked":"HollowMod:PerfectDash","floor":5},{"not_picked":["HollowMod:PureVessel","HollowMod:CornifersMapStart"],"picked":"HollowMod:RecoilStrike","floor":8},{"not_picked":["HollowMod:DesolateDive","HollowMod:VengefulVoid"],"picked":"HollowMod:AbyssShriek","floor":10},{"not_picked":["HollowMod:InfectedCysts","HollowMod:MonomonsArchive","HollowMod:SoulVessel"],"picked":"SKIP","floor":11},{"not_picked":["HollowMod:BrokenVessel","HollowMod:CycloneSlash"],"picked":"HollowMod:GrimmsGift","floor":12}],"player_experience":355019,"relics_obtained":[{"floor":9,"key":"Smiling Mask"},{"floor":10,"key":"Art of War"}],"event_choices":[{"cards_removed":["HollowMod:QuickDashStart"],"damage_healed":0,"gold_gain":0,"player_choice":"Card Removal","damage_taken":0,"max_hp_gain":0,"max_hp_loss":0,"event_name":"The Cleric","floor":3,"gold_loss":50},{"cards_removed":["HollowMod:NailStrikeStart"],"damage_healed":0,"gold_gain":0,"player_choice":"Offered Basic","damage_taken":0,"max_hp_gain":0,"max_hp_loss":0,"event_name":"Bonfire Elementals","floor":4,"gold_loss":0}],"is_beta":false,"boss_relics":[],"items_purged_floors":[],"is_endless":false,"potions_floor_spawned":[2,10,12],"killed_by":"Gremlin Nob","ascension_level":1}}