{"host":"vrsxkkch9ccrec7k","time":1610467283,"event":{"mods":["Act Like it!","BaseMod","Bestiary","Better Sensory Stone","Better Third Choice","Better Vampires","Downfall","Minty Spire (QoL Compilation)","Permanent Neow","Relic Stats","Spicy Shops","StSLib"],"gold_per_floor":[99,111,130,147,167,167,192,192,204,233,158,158,178,198,213,311,311,311,327,343,343,362,362,414,441,452,471,471,5,5,24,41,139,139,139,153,170,170,188,188,188,204,129,0,33,51,76,76,90,90],"floor_reached":51,"playtime":5376,"items_purged":["Slimebound:Strike_Slimebound"],"score":886,"play_id":"0e3ab0a6-c017-45d5-8de9-f99511445637","local_time":"20210112110123","is_ascension_mode":true,"campfire_choices":[{"data":"Slimebound:CorrosiveSpit","floor":1,"key":"SMITH"},{"data":"Slimebound:Split","floor":8,"key":"SMITH"},{"data":"Slimebound:HauntingLick","floor":11,"key":"SMITH"},{"data":"Slimebound:MassFeed","floor":18,"key":"SMITH"},{"data":"expansioncontent:DashGenerateEvil","floor":28,"key":"SMITH"},{"data":"expansioncontent:StudyTheSpire","floor":30,"key":"SMITH"},{"data":"Slimebound:LeadByExample","floor":35,"key":"SMITH"},{"data":"expansioncontent:YouAreMine","floor":40,"key":"SMITH"},{"floor":43,"key":"REST"}],"circlet_count":0,"master_deck":["Slimebound:Strike_Slimebound","Slimebound:Tackle","Slimebound:Defend_Slimebound","Slimebound:Defend_Slimebound","Slimebound:Defend_Slimebound","Slimebound:Defend_Slimebound","Slimebound:Split+1","Slimebound:CorrosiveSpit+1","Slimebound:SplitBruiser","Slimebound:HauntingLick+1","Slimebound:RallyTheTroops","Slimebound:LeechingTouch","Slimebound:SamplingLick","Slimebound:FirmFortitude","expansioncontent:DashGenerateEvil+1","Slimebound:RainOfGoop","Slimebound:MegaLick","Slimebound:MassFeed+1","Slimebound:LeadByExample+1","Slimebound:ProtectTheBoss","Slimebound:Repurpose","Slimebound:FormOfPuddle+1","Slimebound:SplitSpecialist","Slimebound:PrepareCrush+1","expansioncontent:GuardianWhirl","expansioncontent:StudyTheSpire+1","Slimebound:LeechLife","Slimebound:SpikyOuterGoop+1","Slimebound:ProtectTheBoss","expansioncontent:Flail","expansioncontent:YouAreMine+1","expansioncontent:ChargeUp","Slimebound:SplitLeeching+1","Slimebound:SplitAcid+1","Slimebound:SplitBruiser","Slimebound:FormOfPuddle+1"],"relics":["Slimebound:AbsorbEndCombat","Bag of Marbles","Ancient Tea Set","downfall:HeartBlessingGreen","Snecko Eye","Orichalcum","Anchor","PreservedInsect","SlaversCollar","downfall:HeartBlessingBlue","War Paint","HornCleat"],"acts_visited":["Exordium","TheCity","TheBeyond"],"potions_floor_usage":[2,9,10,22,22,25,47,50],"damage_taken":[{"damage":9,"enemies":"Small Slimes","floor":2,"turns":3},{"damage":12,"enemies":"Jaw Worm","floor":3,"turns":3},{"damage":8,"enemies":"2 Louse","floor":4,"turns":2},{"damage":18,"enemies":"Gremlin Gang","floor":5,"turns":5},{"damage":17,"enemies":"Exordium Wildlife","floor":9,"turns":2},{"damage":33,"enemies":"3 Sentries","floor":10,"turns":7},{"damage":7,"enemies":"Red Slaver","floor":13,"turns":2},{"damage":9,"enemies":"Blue Slaver","floor":14,"turns":3},{"damage":6,"enemies":"Exordium Thugs","floor":15,"turns":3},{"damage":34,"enemies":"downfall:Silent","floor":16,"turns":9},{"damage":4,"enemies":"Shell Parasite","floor":19,"turns":4},{"damage":56,"enemies":"Shelled Parasite and Fungi","floor":20,"turns":5},{"damage":29,"enemies":"Snecko","floor":22,"turns":7},{"damage":22,"enemies":"Slavers","floor":25,"turns":3},{"damage":34,"enemies":"3 Cultists","floor":26,"turns":6},{"damage":8,"enemies":"Centurion and Healer","floor":27,"turns":2},{"damage":8,"enemies":"downfall:FleeingMerchant","floor":29,"turns":4},{"damage":0,"enemies":"Snake Plant","floor":31,"turns":3},{"damage":5,"enemies":"Snecko","floor":32,"turns":6},{"damage":42,"enemies":"downfall:Ironclad","floor":33,"turns":7},{"damage":12,"enemies":"3 Shapes","floor":36,"turns":4},{"damage":10,"enemies":"3 Darklings","floor":37,"turns":6},{"damage":20,"enemies":"Maw","floor":39,"turns":10},{"damage":50,"enemies":"Spire Growth","floor":42,"turns":5},{"damage":11,"enemies":"downfall:FleeingMerchant","floor":44,"turns":4},{"damage":29,"enemies":"Reptomancer","floor":45,"turns":5},{"damage":37,"enemies":"Writhing Mass","floor":46,"turns":7},{"damage":52,"enemies":"Nemesis","floor":47,"turns":9},{"damage":12,"enemies":"Maw","floor":49,"turns":7},{"damage":16,"enemies":"downfall:Watcher","floor":50,"turns":7}],"seed_played":"3927237262331225610","potions_obtained":[{"floor":0,"key":"Ancient Potion"},{"floor":0,"key":"AttackPotion"},{"floor":0,"key":"LiquidBronze"},{"floor":3,"key":"BlessingOfTheForge"},{"floor":4,"key":"Block Potion"},{"floor":5,"key":"DuplicationPotion"},{"floor":9,"key":"Fruit Juice"},{"floor":14,"key":"Energy Potion"},{"floor":19,"key":"Strength Potion"},{"floor":21,"key":"Regen Potion"},{"floor":21,"key":"Slimebound:SpawnSlimePotion"},{"floor":31,"key":"Slimebound:SlimyTonguePotion"},{"floor":33,"key":"champ:CounterPotion"},{"floor":45,"key":"Slimebound:SlimedPotion"},{"floor":47,"key":"Dexterity Potion"}],"is_trial":false,"path_per_floor":["R","M","M","M","M","?","T","R","M","E","R","?","M","M","M","B",null,"R","M","M","?","M","?","T","E","M","M","R","$","R","M","M","B",null,"R","M","M","?","M","R","T","M","R","$","E","M","E","?","M","B",null],"character_chosen":"SLIMEBOUND","items_purchased":["expansioncontent:GuardianWhirl","PreservedInsect","expansioncontent:StudyTheSpire","Slimebound:SplitAcid"],"campfire_rested":1,"item_purchase_floors":[29,29,29,44],"current_hp_per_floor":[60,59,59,60,56,56,56,56,60,49,49,49,50,55,65,52,65,65,69,40,40,46,46,46,42,32,36,36,44,44,46,59,55,85,85,85,89,79,81,81,81,47,86,99,103,92,74,90,94,98],"gold":90,"neow_bonus":"THREE_SMALL_POTIONS","is_daily":false,"chose_seed":false,"campfire_upgraded":8,"win_rate":0.0,"timestamp":1610467283,"path_taken":["R","M","M","M","M","?","T","R","M","E","R","?","?","M","M","BOSS","R","M","M","?","?","?","T","E","?","M","R","$","R","M","M","BOSS","R","M","M","?","M","R","T","M","R","$","E","M","E","?","M","BOSS"],"items_purchased_type":["Card","Relic","Card","Card"],"build_version":"2020-12-22","purchased_purges":1,"victory":true,"max_hp_per_floor":[60,60,60,60,60,60,60,60,65,65,65,65,65,65,65,65,65,65,69,73,73,77,77,77,77,81,81,81,81,81,81,81,85,85,85,85,89,89,89,89,89,89,99,99,103,103,103,90,94,98],"relic_stats":{"counters":[30,148],"Snecko Eye":[172,207,208,182],"PreservedInsect":104,"Orichalcum":[66],"War Paint":["Slimebound:SplitAcid","Slimebound:PrepareCrush"],"obtain_stats":[{"SlaversCollar":34,"Anchor":25,"HornCleat":47,"downfall:HeartBlessingBlue":43,"Snecko Eye":17,"downfall:HeartBlessingGreen":11,"PreservedInsect":29,"Slimebound:AbsorbEndCombat":0,"Bag of Marbles":7,"Orichalcum":24,"War Paint":45,"Ancient Tea Set":10},{"SlaversCollar":20,"Anchor":14,"HornCleat":28,"downfall:HeartBlessingBlue":24,"Snecko Eye":10,"downfall:HeartBlessingGreen":6,"PreservedInsect":17,"Slimebound:AbsorbEndCombat":0,"Bag of Marbles":4,"Orichalcum":13,"War Paint":26,"Ancient Tea Set":6},{"SlaversCollar":86,"Anchor":58,"HornCleat":134,"downfall:HeartBlessingBlue":110,"Snecko Eye":39,"downfall:HeartBlessingGreen":22,"PreservedInsect":70,"Slimebound:AbsorbEndCombat":0,"Bag of Marbles":13,"Orichalcum":55,"War Paint":119,"Ancient Tea Set":22}]},"card_choices":[{"not_picked":["Slimebound:RollThrough","Slimebound:SpikyOuterGoop"],"picked":"Slimebound:SplitBruiser","floor":2},{"not_picked":["Slimebound:ViciousTackle","Slimebound:SlimeSpikes"],"picked":"Slimebound:HauntingLick","floor":3},{"not_picked":["Slimebound:SplitLeeching","Slimebound:SlimeBrawl"],"picked":"Slimebound:RallyTheTroops","floor":4},{"not_picked":["Slimebound:Prepare","Slimebound:Schlurp"],"picked":"Slimebound:LeechingTouch","floor":5},{"not_picked":["Slimebound:SplitSpecialist","Slimebound:Schlurp"],"picked":"Slimebound:SamplingLick","floor":9},{"not_picked":["Slimebound:SplitMire","Slimebound:GrowthPunch"],"picked":"Slimebound:FirmFortitude","floor":10},{"not_picked":["Finesse","Mind Blast"],"picked":"expansioncontent:DashGenerateEvil","floor":12},{"not_picked":["Slimebound:Grow","Slimebound:SlimeSpikes"],"picked":"Slimebound:RainOfGoop","floor":13},{"not_picked":["Slimebound:SamplingLick","Slimebound:Schlurp","Slimebound:ComboTackle"],"picked":"SKIP","floor":14},{"not_picked":["Slimebound:LeechEnergy","Slimebound:LeechingTouch"],"picked":"Slimebound:MegaLick","floor":15},{"not_picked":["Slimebound:PrepareCrush","Slimebound:WasteNot"],"picked":"Slimebound:MassFeed","floor":16},{"not_picked":["Slimebound:FormOfPuddle","Slimebound:SplitLeeching"],"picked":"Slimebound:LeadByExample","floor":19},{"not_picked":["Slimebound:Schlurp","Slimebound:GrowthPunch+1","Slimebound:ServeAndProtect"],"picked":"SKIP","floor":20},{"not_picked":["Slimebound:AcidTongue","Slimebound:SplitBruiser"],"picked":"Slimebound:ProtectTheBoss","floor":22},{"not_picked":["Slimebound:Repurpose","Slimebound:AcidTongue"],"picked":"Slimebound:FormOfPuddle+1","floor":25},{"not_picked":["Slimebound:GrowthPunch+1","Slimebound:FinishingTackle"],"picked":"Slimebound:SplitSpecialist","floor":26},{"not_picked":["Slimebound:ServeAndProtect","Slimebound:DivideAndConquer","Slimebound:SplitMire"],"picked":"SKIP","floor":27},{"not_picked":["Slimebound:SlimeBarrage","Slimebound:GoopSpray+1"],"picked":"Slimebound:PrepareCrush","floor":29},{"not_picked":["Slimebound:Chomp","Slimebound:ServeAndProtect","Slimebound:DivideAndConquer+1"],"picked":"SKIP","floor":31},{"not_picked":["Slimebound:ItLooksTasty","Slimebound:RejuvenatingLick","Slimebound:SplitBruiser"],"picked":"SKIP","floor":32},{"not_picked":["Slimebound:OozeBath","Slimebound:MassRepurpose"],"picked":"Slimebound:LeechLife","floor":33},{"not_picked":["Slimebound:PressTheAttack+1","Slimebound:Gluttony+1"],"picked":"Slimebound:SpikyOuterGoop+1","floor":36},{"not_picked":["Slimebound:PressTheAttack+1","Slimebound:DivideAndConquer"],"picked":"Slimebound:ProtectTheBoss","floor":37},{"not_picked":["expansioncontent:DarkVoid","expansioncontent:Torchfire"],"picked":"expansioncontent:Flail","floor":38},{"not_picked":["expansioncontent:Hexaburn","expansioncontent:GuardianWhirl"],"picked":"expansioncontent:YouAreMine","floor":38},{"not_picked":["expansioncontent:DonusPower","expansioncontent:GuardianWhirl"],"picked":"expansioncontent:ChargeUp","floor":38},{"not_picked":["Slimebound:GoopSpray","Slimebound:Equalize+1","Slimebound:TongueLash"],"picked":"SKIP","floor":39},{"not_picked":["Slimebound:LeechEnergy+1","Slimebound:RainOfGoop"],"picked":"Slimebound:SplitLeeching+1","floor":42},{"not_picked":["Slimebound:SamplingLick+1","Slimebound:MassFeed","Slimebound:GoopSpray+1"],"picked":"SKIP","floor":44},{"not_picked":["Slimebound:SplitMire","Slimebound:RollThrough+1","Slimebound:ComboTackle"],"picked":"SKIP","floor":45},{"not_picked":["Slimebound:Schlurp","Slimebound:RollThrough+1","Slimebound:SplitBruiser+1"],"picked":"SKIP","floor":46},{"not_picked":["Slimebound:ItLooksTasty","Slimebound:AcidTongue+1"],"picked":"Slimebound:SplitBruiser","floor":47},{"not_picked":["Slimebound:LeechingTouch+1","Slimebound:SamplingLick"],"picked":"Slimebound:FormOfPuddle+1","floor":49}],"player_experience":1488285,"relics_obtained":[{"floor":7,"key":"Bag of Marbles"},{"floor":10,"key":"Ancient Tea Set"},{"floor":24,"key":"Orichalcum"},{"floor":25,"key":"Anchor"},{"floor":45,"key":"War Paint"},{"floor":47,"key":"HornCleat"}],"event_choices":[{"cards_removed":["Slimebound:Strike_Slimebound"],"damage_healed":0,"gold_gain":0,"player_choice":"Forget","damage_taken":0,"max_hp_gain":0,"max_hp_loss":0,"event_name":"Living Wall","floor":6,"gold_loss":0},{"damage_healed":0,"gold_gain":1,"player_choice":"1","damage_taken":0,"max_hp_gain":0,"max_hp_loss":0,"event_name":"betterStone:BetterStone","floor":12,"gold_loss":0},{"damage_healed":0,"gold_gain":0,"player_choice":"Got Potions","damage_taken":0,"max_hp_gain":0,"max_hp_loss":0,"event_name":"Lab","floor":21,"gold_loss":0}],"is_beta":false,"boss_relics":[{"not_picked":["Cursed Key","Runic Dome"],"picked":"Snecko Eye"},{"not_picked":["Calling Bell","Philosopher\u0027s Stone"],"picked":"SlaversCollar"}],"items_purged_floors":[44],"is_endless":false,"potions_floor_spawned":[3,4,5,9,14,19,31,33,45,46,47],"ascension_level":2}}