{"host":"ishme5wb80o83upk","time":1610440524,"event":{"mods":["BaseMod","HololiveMod","Minty Spire (QoL Compilation)","StSLib"],"gold_per_floor":[10,23,36,48,48,75,86,124,195,195,215,250,15,50,62,183,195,221,233,289,321,345,402,440,452,515,527,571,583,620,659,671,838,850,891,922,965,991,1003,1053,756,799,799,824,840,840,875,927,927,927,927,927,479,523,540],"floor_reached":56,"playtime":3235,"items_purged":["Hololive_Strike","Shame","Hololive_Defend"],"score":2225,"play_id":"ce9c7385-8e0f-41a3-a6a7-9f1a52826c0e","local_time":"20210112173524","is_ascension_mode":true,"campfire_choices":[{"data":"Apotheosis","floor":10.0,"key":"SMITH"},{"data":"Hololive_WolfAndLamb","floor":15.0,"key":"SMITH"},{"data":"Hololive_CallFriendA","floor":32.0,"key":"SMITH"},{"floor":46.0,"key":"RECALL"},{"data":"1","floor":49.0,"key":"LIFT"},{"data":"2","floor":52.0,"key":"LIFT"}],"circlet_count":0,"master_deck":["Hololive_CallTsunomakiWatame","Hololive_CallInugamiKorone","Hololive_CallFriendA+1","Hololive_CallNekomataOkayu","Hololive_CallNekomataOkayu","Apotheosis+1","Hololive_CallTokinoSora","Hololive_SoulCatcher","Hololive_CallHoshimachiSuisei","Hololive_WolfAndLamb+1","Hololive_CallHimemoriLuna","Hololive_CallSakuraMiko","Hololive_OvertimeWork","Hololive_CallTsunomakiWatame","Hololive_CallRoboco","Hololive_CallHimemoriLuna","Hololive_CallCivia","Hololive_Recruit+1","Hololive_CallHoushouMarine","Hololive_CallOzoraSubaru","Hololive_CallAkaiHaato+1","Hololive_CallAiraniIofifteen","Hololive_FlyingPonyTail+1","Ghostly+1","Ghostly+1","Ghostly+1","Ghostly+1","Ghostly+1","Hololive_DurableLive+1","Hololive_WolfAndLamb+1","Hololive_CallOmaruPolka+1","Hololive_CallSpadeEcho","Hololive_WolfAndLamb+1","CurseOfTheBell","Hololive_CallTokoyamiTowa+1","Hololive_CallArtia+1","Finesse+1","Hololive_CallUruhaRushia+1","Hololive_DiamondStrike","Hololive_ILoveYou+1"],"relics":["Hololive_TheStar","PreservedInsect","Bag of Preparation","Toxic Egg 2","WingedGreaves","Membership Card","MawBank","Cursed Key","Red Mask","The Courier","Girya","Pen Nib","Calling Bell","Omamori","Blue Candle","Gambling Chip","Peace Pipe","Du-Vu Doll","Frozen Egg 2","Vajra","Nunchaku","Happy Flower","Art of War","OrangePellets","Ice Cream","Ginger","TungstenRod"],"acts_visited":["Exordium","TheCity","TheBeyond","TheEnding"],"potions_floor_usage":[55],"damage_taken":[{"damage":0.0,"enemies":"Small Slimes","floor":1.0,"turns":4.0},{"damage":0.0,"enemies":"Cultist","floor":2.0,"turns":3.0},{"damage":0.0,"enemies":"2 Louse","floor":3.0,"turns":2.0},{"damage":0.0,"enemies":"2 Fungi Beasts","floor":4.0,"turns":3.0},{"damage":0.0,"enemies":"Gremlin Nob","floor":6.0,"turns":4.0},{"damage":0.0,"enemies":"3 Louse","floor":7.0,"turns":3.0},{"damage":0.0,"enemies":"3 Sentries","floor":8.0,"turns":6.0},{"damage":0.0,"enemies":"Large Slime","floor":11.0,"turns":4.0},{"damage":0.0,"enemies":"Gremlin Nob","floor":12.0,"turns":3.0},{"damage":0.0,"enemies":"Lagavulin","floor":14.0,"turns":4.0},{"damage":0.0,"enemies":"The Guardian","floor":16.0,"turns":10.0},{"damage":0.0,"enemies":"3 Byrds","floor":18.0,"turns":4.0},{"damage":0.0,"enemies":"Masked Bandits","floor":20.0,"turns":4.0},{"damage":0.0,"enemies":"Spheric Guardian","floor":21.0,"turns":3.0},{"damage":0.0,"enemies":"Snake Plant","floor":22.0,"turns":4.0},{"damage":0.0,"enemies":"Gremlin Leader","floor":23.0,"turns":4.0},{"damage":0.0,"enemies":"Snecko","floor":24.0,"turns":3.0},{"damage":0.0,"enemies":"Book of Stabbing","floor":28.0,"turns":4.0},{"damage":0.0,"enemies":"Gremlin Leader","floor":30.0,"turns":5.0},{"damage":0.0,"enemies":"Centurion and Healer","floor":31.0,"turns":3.0},{"damage":0.0,"enemies":"Automaton","floor":33.0,"turns":12.0},{"damage":0.0,"enemies":"Orb Walker","floor":35.0,"turns":3.0},{"damage":0.0,"enemies":"3 Darklings","floor":36.0,"turns":4.0},{"damage":5.0,"enemies":"Jaw Worm Horde","floor":37.0,"turns":6.0},{"damage":0.0,"enemies":"Maw","floor":38.0,"turns":7.0},{"damage":0.0,"enemies":"Nemesis","floor":40.0,"turns":5.0},{"damage":0.0,"enemies":"Giant Head","floor":42.0,"turns":8.0},{"damage":0.0,"enemies":"Nemesis","floor":44.0,"turns":5.0},{"damage":0.0,"enemies":"Writhing Mass","floor":45.0,"turns":3.0},{"damage":0.0,"enemies":"Reptomancer","floor":47.0,"turns":4.0},{"damage":0.0,"enemies":"Giant Head","floor":48.0,"turns":6.0},{"damage":0.0,"enemies":"Time Eater","floor":50.0,"turns":7.0},{"damage":0,"enemies":"Shield and Spear","floor":54,"turns":4},{"damage":0,"enemies":"The Heart","floor":55,"turns":9}],"seed_played":"682885172339306274","potions_obtained":[{"floor":4.0,"key":"AttackPotion"},{"floor":7.0,"key":"LiquidBronze"},{"floor":8.0,"key":"FearPotion"},{"floor":23.0,"key":"Dexterity Potion"},{"floor":36.0,"key":"Fruit Juice"},{"floor":42.0,"key":"Fire Potion"},{"floor":47.0,"key":"SkillPotion"}],"is_trial":false,"path_per_floor":["M","M","M","M","?","E","M","E","T","R","M","E","$","E","R","B",null,"M","?","?","M","M","E","M","?","T","?","E","T","E","M","R","B",null,"M","M","M","M","?","E","$","E","T","E","M","R","E","E","R","B",null,"R","$","E","B",null],"character_chosen":"Hololive_HololiveCharacter","items_purchased":["Membership Card","Hololive_CallHimemoriLuna","Du-Vu Doll","Frozen Egg 2","Finesse+1","OrangePellets","Ice Cream","Ginger","FairyPotion","EntropicBrew"],"campfire_rested":0,"item_purchase_floors":[13,13,41,41,41,53,53,53,53,53],"current_hp_per_floor":[35,35,35,35,35,35,35,35,35,35,35,35,35,35,35,35,35,35,35,35,35,35,35,35,17,17,17,17,17,17,17,17,17,17,17,17,12,12,12,12,12,17,17,17,17,17,17,17,17,17,22,22,22,22,22],"gold":540,"neow_bonus":"RANDOM_COLORLESS_2","is_daily":false,"chose_seed":false,"campfire_upgraded":3,"win_rate":0.0,"timestamp":1610440524,"path_taken":["M","M","M","M","?","E","M","E","T","R","?","E","?","E","R","BOSS","M","?","?","M","M","E","M","?","T","?","E","?","E","M","R","BOSS","M","M","M","M","?","E","?","E","T","E","M","R","E","E","R","BOSS","R","$","E","BOSS"],"items_purchased_type":["Relic","Card","Relic","Relic","Card","Relic","Relic","Relic","Potion","Potion"],"build_version":"2020-12-22","purchased_purges":3,"victory":true,"max_hp_per_floor":[35,35,35,35,35,35,35,35,35,35,35,35,35,35,35,35,35,35,35,35,35,35,35,35,17,17,17,17,17,17,17,17,17,17,17,17,17,17,17,17,17,22,22,22,22,22,22,22,22,22,22,22,22,22,22],"card_choices":[{"not_picked":["Mayhem","Chrysalis"],"picked":"Apotheosis","floor":0.0},{"not_picked":["Hololive_CallFriendA","Hololive_OvertimeWork","Hololive_Breathe"],"picked":"Hololive_CallTokinoSora","floor":1.0},{"not_picked":["Hololive_Breathe","Hololive_CallTokoyamiTowa","Hololive_Rebound"],"picked":"Hololive_SoulCatcher","floor":2.0},{"not_picked":["Hololive_FlyingPonyTail","Hololive_Drill","Hololive_RevenueBasedLive"],"picked":"Hololive_CallHoshimachiSuisei","floor":3.0},{"not_picked":["Hololive_OvertimeWork","Hololive_LuckPotion","Hololive_BringToTrial"],"picked":"Hololive_WolfAndLamb","floor":4.0},{"not_picked":["Hololive_CallFriendA","Hololive_LuckPotion","Hololive_CocoNews"],"picked":"Hololive_CallHimemoriLuna","floor":6.0},{"not_picked":["Hololive_Drill","Hololive_Psychosis","Hololive_CallYogiri"],"picked":"Hololive_CallSakuraMiko","floor":7.0},{"not_picked":["Hololive_CocoNews","Hololive_Rebound","Hololive_HighAtkLowDef"],"picked":"Hololive_OvertimeWork","floor":8.0},{"not_picked":["Hololive_Breathe+1","Hololive_CocoNews","Hololive_StrengthChampion"],"picked":"Hololive_CallTsunomakiWatame","floor":11.0},{"not_picked":["Hololive_HuntDinosaur+1","Hololive_Teleport+1","Hololive_CallAyundaRisu"],"picked":"Hololive_CallRoboco","floor":12.0},{"not_picked":["Hololive_Teleport+1","Hololive_Watashimo+1","Hololive_MaximGun"],"picked":"Hololive_CallCivia","floor":14.0},{"not_picked":["Hololive_StarCraft+1","Hololive_HighAtkLowDef+1","Hololive_ASMR"],"picked":"Hololive_Recruit+1","floor":16.0},{"not_picked":["Hololive_Drill","Hololive_Sequa","Hololive_CallAkiRosenthal","Hololive_Psychosis"],"picked":"SKIP","floor":18.0},{"not_picked":["Hololive_Breathe+1","Hololive_CallRosalyn","Hololive_FlyingPonyTail+1"],"picked":"Hololive_CallAkaiHaato+1","floor":20.0},{"not_picked":["Hololive_OvertimeWork","Hololive_Breathe+1","Hololive_Drill+1","Hololive_Sequa"],"picked":"SKIP","floor":21.0},{"not_picked":["Hololive_CocoNews","Hololive_BeCareful+1","Hololive_HuntDinosaur+1","Hololive_Trident"],"picked":"SKIP","floor":22.0},{"not_picked":["Hololive_HuntDinosaur+1","Hololive_Drill","Hololive_ManjiGathering"],"picked":"Hololive_CallAiraniIofifteen","floor":23.0},{"not_picked":["Hololive_LuckPotion+1","Hololive_Trident","Hololive_StrengthChampion"],"picked":"Hololive_FlyingPonyTail+1","floor":24.0},{"not_picked":["Hololive_Breathe+1","Hololive_FlyingPonyTail+1","Hololive_CallNekomataOkayu+1"],"picked":"Hololive_WolfAndLamb+1","floor":28.0},{"not_picked":["Hololive_Sequa","Hololive_Rebound+1","Hololive_CallAiraniIofifteen"],"picked":"Hololive_CallOmaruPolka","floor":30.0},{"not_picked":["Hololive_CocoNews","Hololive_Breathe+1","Hololive_RevenueBasedLive+1"],"picked":"Hololive_CallSpadeEcho","floor":31.0},{"not_picked":["Hololive_FlareMind+1","Hololive_ASMR","Hololive_StarCraft+1"],"picked":"Hololive_WolfAndLamb+1","floor":33.0},{"not_picked":["Hololive_CocoNews+1","Hololive_FlyingPonyTail+1","Hololive_Trident+1","Hololive_Sequa+1"],"picked":"SKIP","floor":35.0},{"not_picked":["Hololive_RevenueBasedLive+1","Hololive_CocoNews","Hololive_OvertimeWork","Hololive_StrengthChampion+1"],"picked":"SKIP","floor":36.0},{"not_picked":["Hololive_Drill","Hololive_CallAZKi+1","Hololive_CallRosalyn+1"],"picked":"Hololive_CallTokoyamiTowa+1","floor":37.0},{"not_picked":["Hololive_CallTsunomakiWatame","Hololive_FlareMind+1","Hololive_CallCivia","Hololive_CallAkaiHaato+1"],"picked":"SKIP","floor":38.0},{"not_picked":["Hololive_Recruit+1","Hololive_Psychosis","Hololive_CallYogiri"],"picked":"Hololive_CallArtia+1","floor":40.0},{"not_picked":["Hololive_Sequa+1","Hololive_CocoNews","Hololive_HuntDinosaur+1"],"picked":"Hololive_CallUruhaRushia+1","floor":42.0},{"not_picked":["Hololive_CallRoboco+1","Hololive_SummonFox+1","Hololive_StrengthChampion","Hololive_Drill+1"],"picked":"SKIP","floor":44.0},{"not_picked":["Hololive_Rebound+1","Hololive_CallHoshimachiSuisei+1","Hololive_Breathe+1","Hololive_StrengthChampion+1"],"picked":"SKIP","floor":45.0},{"not_picked":["Hololive_Drill","Hololive_StrengthChampion","Hololive_CallRoboco+1","Hololive_Rebound+1"],"picked":"SKIP","floor":47.0},{"not_picked":["Hololive_Psychosis+1","Hololive_CallCivia+1","Hololive_LuckPotion+1"],"picked":"Hololive_DiamondStrike","floor":48.0},{"not_picked":["Hololive_OvertimeWork+1","Hololive_Trident","Hololive_LuckPotion+1"],"picked":"Hololive_ILoveYou+1","floor":54}],"player_experience":1070293,"relics_obtained":[{"floor":6.0,"key":"PreservedInsect"},{"floor":8.0,"key":"Bag of Preparation"},{"floor":9.0,"key":"Toxic Egg 2"},{"floor":12.0,"key":"WingedGreaves"},{"floor":14.0,"key":"MawBank"},{"floor":20.0,"key":"Red Mask"},{"floor":23.0,"key":"The Courier"},{"floor":28.0,"key":"Girya"},{"floor":30.0,"key":"Pen Nib"},{"floor":34.0,"key":"Omamori"},{"floor":34.0,"key":"Blue Candle"},{"floor":34.0,"key":"Gambling Chip"},{"floor":40.0,"key":"Peace Pipe"},{"floor":42.0,"key":"Vajra"},{"floor":44.0,"key":"Nunchaku"},{"floor":47.0,"key":"Happy Flower"},{"floor":48.0,"key":"Art of War"},{"floor":54,"key":"TungstenRod"}],"event_choices":[{"cards_removed":["Hololive_Strike"],"damage_healed":0.0,"max_hp_gain":0.0,"max_hp_loss":0.0,"gold_gain":0.0,"event_name":"Purifier","player_choice":"Purged","floor":5.0,"gold_loss":0.0,"damage_taken":0.0},{"damage_healed":0.0,"max_hp_gain":0.0,"max_hp_loss":0.0,"gold_gain":0.0,"cards_transformed":["Hololive_Drill","Hololive_Defend"],"event_name":"Drug Dealer","player_choice":"Became Test Subject","floor":19.0,"gold_loss":0.0,"damage_taken":0.0,"cards_obtained":["Hololive_CallHoushouMarine","Hololive_CallOzoraSubaru"]},{"damage_healed":0.0,"max_hp_gain":0.0,"max_hp_loss":0.0,"gold_gain":0.0,"event_name":"Masked Bandits","player_choice":"Fought Bandits","floor":20.0,"gold_loss":0.0,"damage_taken":0.0},{"damage_healed":0.0,"max_hp_gain":0.0,"max_hp_loss":18.0,"gold_gain":0.0,"event_name":"Ghosts","player_choice":"Became a Ghost","floor":25.0,"gold_loss":0.0,"damage_taken":0.0,"cards_obtained":["Ghostly","Ghostly","Ghostly","Ghostly","Ghostly"]},{"damage_healed":0.0,"max_hp_gain":0.0,"max_hp_loss":0.0,"gold_gain":0.0,"event_name":"The Library","player_choice":"Read","floor":27.0,"gold_loss":0.0,"damage_taken":0.0,"cards_obtained":["Hololive_DurableLive"]},{"damage_healed":0.0,"max_hp_gain":0.0,"max_hp_loss":0.0,"gold_gain":0.0,"event_name":"Upgrade Shrine","player_choice":"Upgraded","floor":39.0,"gold_loss":0.0,"damage_taken":0.0,"cards_upgraded":["Hololive_CallOmaruPolka"]}],"is_beta":false,"boss_relics":[{"not_picked":["Tiny House","Astrolabe"],"picked":"Cursed Key"},{"not_picked":["Velvet Choker","SacredBark"],"picked":"Calling Bell"}],"items_purged_floors":[13,41,53],"is_endless":false,"potions_floor_spawned":[4,7,8,14,21,23,24,28,36,38,42,47],"ascension_level":3}}