{"host":"9slw7l0ws16384qq","time":1610481670,"event":{"mods":["BaseMod","Colored Map","Hubris","Minty Spire (QoL Compilation)","Replay The Spire","Shedinja","StSLib","The Dragon Tamer","The Marked"],"gold_per_floor":[112,112,112,132,60,60,91,106,131,131,56,88,88,104,104,202,202,221,246,146,159,178,178,210,210,234,252,264,117,134,150,150,249,249,268,268,268,268,21,21,38,58,83,100,100,100,127,142,142,142],"floor_reached":51,"playtime":2608,"items_purged":["theMarked:Strike","theMarked:Defend","theMarked:Strike"],"score":707,"play_id":"7ac7a07b-a8ea-4165-a095-701336ddaf10","local_time":"20210112210110","is_ascension_mode":false,"campfire_choices":[{"data":"theMarked:ElementalBlade","floor":6,"key":"SMITH"},{"data":"theMarked:StartUp","floor":15,"key":"SMITH"},{"data":"theMarked:DispelDoubt","floor":23,"key":"SMITH"},{"data":"theMarked:ThrowWeapon","floor":25,"key":"SMITH"},{"floor":32,"key":"REST"},{"data":"theMarked:ComboAttacks","floor":40,"key":"SMITH"},{"data":"theMarked:HeritageOfTheMarked","floor":46,"key":"SMITH"},{"data":"theMarked:HeritageOfTheMarked","floor":49,"key":"SMITH"}],"circlet_count":0,"master_deck":["theMarked:Strike","theMarked:Strike","theMarked:Strike","theMarked:Defend","theMarked:Defend","theMarked:Defend","theMarked:SoldierOfQuellstein+1","theMarked:ThrowWeapon+1","theMarked:HeritageOfTheMarked+1","theMarked:ElementalBlade+1","theMarked:DeterminationOfTheMarked","theMarked:StartUp+1","theMarked:ComboAttacks+1","theMarked:DispelDoubt+1","theMarked:MysticalArsenal","theMarked:StartUp+1","theMarked:BindingBlade","Bandage Up","Master of Strategy","theMarked:TwofoldDefense+1","theMarked:HeritageOfTheMarked+1"],"relics":["theMarked:BronzeBlade","Iron Hammer","PreservedInsect","hubris:Towel","Toy Ornithopter","Red Mask","Bronze Scales","Replay:Rubber Ducky","TheAbacus","SlaversCollar","ReplayTheSpireMod:ShopPack","Oddly Smooth Stone","Golden Egg"],"acts_visited":["Exordium","TheCity","TheBeyond"],"potions_floor_usage":[14,16,16,27,30,33,50,50],"damage_taken":[{"damage":1,"enemies":"Small Slimes","floor":1,"turns":3},{"damage":6,"enemies":"2 Louse","floor":4,"turns":2},{"damage":34,"enemies":"Gremlin Nob","floor":7,"turns":5},{"damage":0,"enemies":"Jaw Worm","floor":8,"turns":2},{"damage":21,"enemies":"3 Sentries","floor":12,"turns":6},{"damage":1,"enemies":"Exordium Wildlife","floor":14,"turns":3},{"damage":4,"enemies":"Slime Boss","floor":16,"turns":10},{"damage":0,"enemies":"Chosen","floor":18,"turns":1},{"damage":6,"enemies":"Masked Bandits","floor":19,"turns":3},{"damage":10,"enemies":"3 Byrds","floor":21,"turns":5},{"damage":28,"enemies":"3 Cultists","floor":22,"turns":5},{"damage":11,"enemies":"Book of Stabbing","floor":24,"turns":3},{"damage":7,"enemies":"Centurion and Healer","floor":27,"turns":4},{"damage":0,"enemies":"Cultist and Chosen","floor":28,"turns":5},{"damage":0,"enemies":"Snake Plant","floor":30,"turns":2},{"damage":0,"enemies":"Sentry and Sphere","floor":31,"turns":2},{"damage":25,"enemies":"Pondfish","floor":33,"turns":9},{"damage":10,"enemies":"Orb Walker","floor":35,"turns":3},{"damage":6,"enemies":"3 Darklings","floor":41,"turns":4},{"damage":0,"enemies":"4 Shapes","floor":42,"turns":10},{"damage":5,"enemies":"Transient","floor":44,"turns":5},{"damage":8,"enemies":"Giant Head","floor":47,"turns":5},{"damage":7,"enemies":"Spire Growth","floor":48,"turns":5},{"damage":14,"enemies":"Replay:Hell Engine","floor":50,"turns":8}],"seed_played":"-3511697732339445913","potions_obtained":[{"floor":1,"key":"Strength Potion"},{"floor":7,"key":"FearPotion"},{"floor":8,"key":"Venom Potion"},{"floor":14,"key":"Strength Potion"},{"floor":16,"key":"SmokeBomb"},{"floor":18,"key":"ColorlessPotion"},{"floor":27,"key":"Elixir"},{"floor":31,"key":"Dexterity Potion"},{"floor":41,"key":"Milkshake"},{"floor":44,"key":"Strength Potion"}],"is_trial":false,"path_per_floor":["M","?","?","M","$","R","E","M","T","?","$","E","$","M","R","B",null,"M","?","$","M","M","R","E","R","T","M","M","$","M","M","R","B",null,"M","?","?","?","$","R","M","M","T","M","?","R","E","M","R","B",null],"character_chosen":"THE_DEFAULT","items_purchased":["theMarked:DeterminationOfTheMarked","TheAbacus","ReplayTheSpireMod:ShopPack"],"campfire_rested":1,"item_purchase_floors":[5,29,39],"current_hp_per_floor":[62,62,62,56,56,56,22,22,22,22,22,1,1,5,5,11,63,63,57,57,47,19,19,8,8,8,6,6,6,11,11,29,9,63,53,53,53,53,53,53,51,55,55,54,54,54,50,47,47,49],"gold":142,"neow_bonus":"THREE_RARE_CARDS","is_daily":false,"chose_seed":false,"campfire_upgraded":7,"win_rate":0.0,"timestamp":1610481670,"path_taken":["M","?","?","M","$","R","E","M","T","?","?","E","$","M","R","BOSS","M","?","$","M","M","R","E","R","T","M","M","$","M","M","R","BOSS","M","?","?","?","$","R","M","M","T","?","?","R","E","M","R","BOSS"],"items_purchased_type":["Card","Relic","Relic"],"build_version":"2020-12-22","purchased_purges":3,"victory":true,"max_hp_per_floor":[63,63,63,63,63,63,63,63,63,63,63,63,63,63,63,63,63,63,63,63,63,63,63,63,63,63,63,63,63,63,63,63,63,63,63,63,63,63,63,63,63,63,63,63,63,63,63,63,63,63],"card_choices":[{"not_picked":["theMarked:Defy","theMarked:FavorableWinds"],"picked":"theMarked:ThrowWeapon","floor":0},{"not_picked":["theMarked:ResourceFulStrike","theMarked:EmpowerWeapon"],"picked":"theMarked:HeritageOfTheMarked","floor":1},{"not_picked":["theMarked:Static","theMarked:WastefulAttack"],"picked":"theMarked:ElementalBlade","floor":4},{"not_picked":["theMarked:Improvise","theMarked:FavorableWinds"],"picked":"theMarked:StartUp","floor":7},{"not_picked":["theMarked:Frustration","theMarked:WastefulAttack"],"picked":"theMarked:ComboAttacks","floor":8},{"not_picked":["theMarked:Opportunist","theMarked:GodGivenPower","theMarked:Panic"],"picked":"SKIP","floor":12},{"not_picked":["theMarked:Improvise","theMarked:Overthink","theMarked:RepellingDischarge"],"picked":"SKIP","floor":14},{"not_picked":["theMarked:Improvise","theMarked:Overthink","theMarked:RepellingDischarge"],"picked":"SKIP","floor":14},{"not_picked":["theMarked:MuscleMemory","theMarked:Vacuum"],"picked":"theMarked:DispelDoubt","floor":16},{"not_picked":["theMarked:BanishingStrike","theMarked:GodGivenPower","theMarked:HeightenedSenses"],"picked":"SKIP","floor":18},{"not_picked":["theMarked:Improvise","theMarked:WardOff"],"picked":"theMarked:MysticalArsenal","floor":19},{"not_picked":["theMarked:AttractMetal","theMarked:Static"],"picked":"theMarked:StartUp+1","floor":21},{"not_picked":["theMarked:EmpowerWeapon","theMarked:PowerFlow","theMarked:Electrify"],"picked":"SKIP","floor":22},{"not_picked":["theMarked:Opportunist","theMarked:FavorableWinds","theMarked:ReduceFriction"],"picked":"SKIP","floor":24},{"not_picked":["theMarked:Opportunist","theMarked:Aftermath","theMarked:WastefulAttack"],"picked":"SKIP","floor":27},{"not_picked":["theMarked:EmpowerWeapon+1","theMarked:AttractMetal+1","theMarked:ShockingTouch+1"],"picked":"SKIP","floor":28},{"not_picked":["theMarked:Improvise+1","theMarked:HeightenedSenses"],"picked":"theMarked:BindingBlade","floor":30},{"not_picked":["theMarked:ElectricStrings","theMarked:TwofoldDefense","theMarked:ReduceFriction"],"picked":"SKIP","floor":31},{"not_picked":["theMarked:EmpowerWeapon+1","theMarked:WastefulAttack","theMarked:Polarize+1"],"picked":"SKIP","floor":35},{"not_picked":["Replay:Sssssssssstrike","Enlightenment"],"picked":"Bandage Up","floor":39},{"not_picked":["Metamorphosis","Secret Technique"],"picked":"Master of Strategy","floor":39},{"not_picked":["theMarked:TwofoldDefense+1","theMarked:Improvise+1","theMarked:WastefulDefense+1"],"picked":"SKIP","floor":41},{"not_picked":["theMarked:Improvise+1","theMarked:WastefulDefense+1"],"picked":"theMarked:TwofoldDefense+1","floor":41},{"not_picked":["theMarked:ResourceFulStrike","theMarked:RepellingDischarge+1","theMarked:BanishingWave"],"picked":"SKIP","floor":42},{"not_picked":["theMarked:ComboAttacks+1","theMarked:Electrify+1","theMarked:RepellingDischarge+1"],"picked":"SKIP","floor":44},{"not_picked":["theMarked:UnarmedFury","theMarked:StartUp","theMarked:RepellingDischarge"],"picked":"SKIP","floor":47},{"not_picked":["theMarked:RepellingDischarge+1","theMarked:ElectricStrings+1"],"picked":"theMarked:HeritageOfTheMarked","floor":48}],"player_experience":1613686,"relics_obtained":[{"floor":7,"key":"Iron Hammer"},{"floor":9,"key":"PreservedInsect"},{"floor":12,"key":"Toy Ornithopter"},{"floor":19,"key":"Red Mask"},{"floor":24,"key":"Bronze Scales"},{"floor":26,"key":"Replay:Rubber Ducky"},{"floor":43,"key":"Oddly Smooth Stone"},{"floor":47,"key":"Golden Egg"}],"event_choices":[{"damage_healed":0,"gold_gain":0,"player_choice":"Fought Bandits","damage_taken":0,"max_hp_gain":0,"max_hp_loss":0,"event_name":"Masked Bandits","floor":19,"gold_loss":0},{"damage_healed":0,"gold_gain":0,"player_choice":"Ignored","damage_taken":0,"max_hp_gain":0,"max_hp_loss":0,"event_name":"Mysterious Sphere","floor":36,"gold_loss":0},{"damage_healed":0,"gold_gain":0,"player_choice":"Memory 1","damage_taken":0,"max_hp_gain":0,"max_hp_loss":0,"event_name":"SensoryStone","floor":38,"gold_loss":0},{"damage_healed":0,"gold_gain":0,"player_choice":"0 cards matched","damage_taken":0,"max_hp_gain":0,"max_hp_loss":0,"event_name":"Match and Keep!","floor":45,"gold_loss":0,"cards_obtained":[]}],"is_beta":false,"boss_relics":[{"not_picked":["Snecko Eye","hubris:GrandSneckoEye"],"picked":"theMarked:BronzeBlade"},{"not_picked":["Philosopher\u0027s Stone","Runic Dome"],"picked":"SlaversCollar"}],"items_purged_floors":[11,20,39],"is_endless":false,"potions_floor_spawned":[1,7,8,14,16,18,21,27,31,41,44,47],"ascension_level":0}}