{"host":"1c52r9kaxdyo25eq","time":1610464183,"event":{"mods":["AchievementEnabler","BaseMod","Minty Spire (QoL Compilation)","Rare Cards Sparkle","SuperFastMode","everything is the same but u backflip on backflip"],"gold_per_floor":[115,165,71,89,100,125,50,50,100,128,152,175,175,202,202,202,202],"floor_reached":16,"playtime":280,"items_purged":["Defend_G"],"score":208,"play_id":"d36fc367-5882-4fbe-9964-72a0cb76372c","local_time":"20210113000943","is_ascension_mode":true,"campfire_choices":[{"floor":8.0,"key":"REST"},{"floor":13.0,"key":"REST"},{"data":"Bouncing Flask","floor":15.0,"key":"SMITH"}],"circlet_count":0,"master_deck":["AscendersBane","Strike_G","Strike_G","Strike_G","Strike_G","Strike_G","Defend_G","Defend_G","Defend_G","Defend_G","Survivor","Neutralize","Deadly Poison","Caltrops","Accuracy","Deadly Poison","Bouncing Flask+1","Blade Dance","Well Laid Plans","Noxious Fumes"],"relics":["Ring of the Snake","NeowsBlessing","CeramicFish","Boot"],"acts_visited":["Exordium"],"potions_floor_usage":[],"damage_taken":[{"damage":0.0,"enemies":"Small Slimes","floor":1.0,"turns":1.0},{"damage":0.0,"enemies":"Cultist","floor":4.0,"turns":1.0},{"damage":0.0,"enemies":"Jaw Worm","floor":5.0,"turns":1.0},{"damage":38.0,"enemies":"Lagavulin","floor":6.0,"turns":7.0},{"damage":9.0,"enemies":"Looter","floor":10.0,"turns":3.0},{"damage":19.0,"enemies":"Exordium Thugs","floor":11.0,"turns":4.0},{"damage":0.0,"enemies":"Red Slaver","floor":12.0,"turns":3.0},{"damage":0.0,"enemies":"Large Slime","floor":14.0,"turns":5.0},{"damage":27,"enemies":"Hexaghost","floor":16,"turns":7}],"seed_played":"-8268704456479439174","potions_obtained":[{"floor":1.0,"key":"EssenceOfSteel"},{"floor":4.0,"key":"SteroidPotion"},{"floor":10.0,"key":"Fire Potion"},{"floor":11.0,"key":"Block Potion"}],"is_trial":false,"path_per_floor":["M","?","$","M","M","E","$","R","T","M","M","M","R","M","R","B"],"character_chosen":"THE_SILENT","items_purchased":["Deadly Poison","Caltrops"],"campfire_rested":2,"item_purchase_floors":[3,3],"current_hp_per_floor":[59,53,53,53,53,15,15,34,34,25,6,6,25,25,25,0,0],"gold":202,"neow_bonus":"THREE_ENEMY_KILL","is_daily":false,"chose_seed":false,"campfire_upgraded":1,"win_rate":0.0,"timestamp":1610464183,"path_taken":["M","?","$","?","M","E","$","R","T","M","M","M","R","M","R","BOSS"],"items_purchased_type":["Card","Card"],"build_version":"2020-12-22","purchased_purges":1,"victory":false,"max_hp_per_floor":[66,66,66,66,66,66,66,66,66,66,66,66,66,66,66,66,66],"card_choices":[{"not_picked":["Distraction","Dash","Sucker Punch"],"picked":"SKIP","floor":1.0},{"not_picked":["Distraction","Dash","Sucker Punch"],"picked":"SKIP","floor":1.0},{"not_picked":["Cloak And Dagger","Outmaneuver"],"picked":"Accuracy","floor":4.0},{"not_picked":["Backflip","Prepared"],"picked":"Deadly Poison","floor":5.0},{"not_picked":["Die Die Die","Deadly Poison","Bullet Time"],"picked":"SKIP","floor":6.0},{"not_picked":["Dodge and Roll","Flying Knee"],"picked":"Bouncing Flask","floor":10.0},{"not_picked":["Poisoned Stab","Leg Sweep"],"picked":"Blade Dance","floor":11.0},{"not_picked":["Skewer","Outmaneuver"],"picked":"Well Laid Plans","floor":12.0},{"not_picked":["PiercingWail","Underhanded Strike"],"picked":"Noxious Fumes","floor":14.0}],"player_experience":584505,"relics_obtained":[{"floor":6.0,"key":"CeramicFish"},{"floor":9.0,"key":"Boot"}],"event_choices":[{"damage_healed":0.0,"max_hp_gain":0.0,"max_hp_loss":0.0,"gold_gain":50.0,"event_name":"FaceTrader","player_choice":"Touch","floor":2.0,"gold_loss":0.0,"damage_taken":6.0}],"is_beta":false,"boss_relics":[],"items_purged_floors":[7],"is_endless":false,"potions_floor_spawned":[1,4,10,11],"killed_by":"Hexaghost","ascension_level":20}}