{"host":"w9yruvs4bqht6bhw","time":1610421343,"event":{"mods":["BaseMod","Colored Powertips","Minty Spire (QoL Compilation)"],"gold_per_floor":[211,211,211,211,232,232,268,268,293,317,317,340,214,229,229,229,229],"floor_reached":16,"playtime":521,"items_purged":["Parasite"],"score":145,"play_id":"722da5ad-6477-40be-874d-66db1c4cf50e","local_time":"20210111221543","is_ascension_mode":true,"campfire_choices":[{"floor":6,"key":"REST"},{"data":"Bash","floor":11,"key":"SMITH"},{"data":"Shrug It Off","floor":15,"key":"SMITH"}],"circlet_count":0,"master_deck":["Strike_R","Strike_R","Strike_R","Strike_R","Strike_R","Defend_R","Defend_R","Defend_R","Defend_R","Bash+1","Armaments+1","Reaper","Shrug It Off+1","Pommel Strike"],"relics":["Burning Blood","Golden Idol","Gremlin Horn","Nunchaku"],"acts_visited":["Exordium"],"potions_floor_usage":[7,14,16],"damage_taken":[{"damage":7,"enemies":"Small Slimes","floor":1,"turns":4},{"damage":2,"enemies":"2 Louse","floor":5,"turns":3},{"damage":53,"enemies":"Lagavulin","floor":7,"turns":9},{"damage":11,"enemies":"Cultist","floor":10,"turns":4},{"damage":9,"enemies":"Red Slaver","floor":12,"turns":2},{"damage":5,"enemies":"Gremlin Gang","floor":14,"turns":4},{"damage":85,"enemies":"Hexaghost","floor":16,"turns":10}],"seed_played":"7537435963199191119","potions_obtained":[{"floor":5,"key":"SpeedPotion"},{"floor":14,"key":"GamblersBrew"}],"is_trial":false,"path_per_floor":["M","?","?","?","M","R","E","?","T","M","R","M","$","M","R","B"],"character_chosen":"IRONCLAD","items_purchased":["SkillPotion"],"campfire_rested":1,"item_purchase_floors":[13],"current_hp_per_floor":[71,51,56,56,60,85,38,59,59,56,56,53,53,78,78,0,0],"gold":229,"neow_bonus":"HUNDRED_GOLD","is_daily":false,"chose_seed":false,"campfire_upgraded":2,"win_rate":0.0,"timestamp":1610421343,"path_taken":["M","?","?","?","M","R","E","?","T","M","R","M","$","M","R","BOSS"],"items_purchased_type":["Potion"],"build_version":"2020-12-22","purchased_purges":1,"victory":false,"max_hp_per_floor":[80,80,85,85,85,85,85,85,85,85,85,85,82,82,82,82,82],"card_choices":[{"not_picked":["Sword Boomerang","Sentinel"],"picked":"Armaments","floor":1},{"not_picked":["Dropkick","Pommel Strike","Clothesline"],"picked":"SKIP","floor":5},{"not_picked":["Evolve","Shrug It Off"],"picked":"Reaper","floor":7},{"not_picked":["Warcry","Seeing Red"],"picked":"Shrug It Off","floor":10},{"not_picked":["Havoc","Clash"],"picked":"Pommel Strike","floor":12},{"not_picked":["Bloodletting","Thunderclap","Cleave"],"picked":"SKIP","floor":14}],"player_experience":379217,"relics_obtained":[{"floor":7,"key":"Gremlin Horn"},{"floor":9,"key":"Nunchaku"}],"event_choices":[{"damage_healed":0,"gold_gain":0,"player_choice":"Take Damage","damage_taken":20,"relics_obtained":["Golden Idol"],"max_hp_gain":0,"max_hp_loss":0,"event_name":"Golden Idol","floor":2,"gold_loss":0},{"damage_healed":0,"gold_gain":0,"player_choice":"Donut","damage_taken":0,"max_hp_gain":5,"max_hp_loss":0,"event_name":"Big Fish","floor":3,"gold_loss":0},{"damage_healed":0,"gold_gain":0,"player_choice":"Grow","damage_taken":0,"max_hp_gain":0,"max_hp_loss":0,"event_name":"Living Wall","floor":4,"gold_loss":0,"cards_upgraded":["Armaments"]},{"damage_healed":21,"gold_gain":0,"player_choice":"Healed and dodged fight","damage_taken":0,"max_hp_gain":0,"max_hp_loss":0,"event_name":"Mushrooms","floor":8,"gold_loss":0,"cards_obtained":["Parasite"]}],"is_beta":false,"boss_relics":[],"items_purged_floors":[13],"is_endless":false,"potions_floor_spawned":[5,14],"killed_by":"Hexaghost","ascension_level":9}}