{"host":"64h6jdpsiwrne03s","time":1610440613,"event":{"mods":["Act Like it!","BaseMod","Bestiary","Colored Powertips","Gensokyo","Marisa£®ÏF”Í°°ƒß¿Ì…≥£©","Minty Spire (QoL Compilation)","Reimu£®≤©¿ˆ¡È√Œ£©","Remilia£®¿Ÿ√◊¿Ú—«£©","StSLib","The Servant 0.9.4","Youmu£®ªÍ∆«—˝√Œ£©"],"gold_per_floor":[117,42,42,56,56,56,56],"floor_reached":6,"playtime":167,"items_purged":["Strike_Lin:ReiMu"],"score":65,"play_id":"72e133df-8c58-4e1e-b199-694aee4e6ff7","local_time":"20210112163653","is_ascension_mode":true,"campfire_choices":[],"circlet_count":0,"master_deck":["AscendersBane","Strike_Lin:ReiMu+1","Strike_Lin:ReiMu","Strike_Lin:ReiMu","Defend_Lin:ReiMu","Defend_Lin:ReiMu","Defend_Lin:ReiMu","Defend_Lin:ReiMu","NB:ReiMu","Stagnation:ReiMu+1","SubAcupoint:ReiMu"],"relics":["FlyPower:ReiMu","Mastiff:ReiMu"],"acts_visited":["Exordium"],"potions_floor_usage":[4,6],"damage_taken":[{"damage":6,"enemies":"Jaw Worm","floor":1,"turns":5},{"damage":0,"enemies":"Cultist","floor":4,"turns":3},{"damage":0,"enemies":"3 Sentries","floor":6,"turns":1}],"seed_played":"4589685436066574570","potions_obtained":[{"floor":3,"key":"Fire Potion"},{"floor":3,"key":"PinkPotion:ReiMu"}],"is_trial":false,"path_per_floor":["M","$","?","M","?","E"],"character_chosen":"REIMU","items_purchased":[],"campfire_rested":0,"item_purchase_floors":[],"current_hp_per_floor":[48,48,48,48,30,30,30],"gold":56,"neow_bonus":"RANDOM_COMMON_RELIC","is_daily":false,"chose_seed":false,"campfire_upgraded":0,"win_rate":0.0,"timestamp":1610440613,"path_taken":["M","$","?","?","?","E"],"items_purchased_type":[],"build_version":"2020-12-22","purchased_purges":1,"victory":false,"max_hp_per_floor":[60,60,60,60,60,60,60],"card_choices":[{"not_picked":["SpringWay:ReiMu","TakeOff:ReiMu"],"picked":"SubAcupoint:ReiMu","floor":1},{"not_picked":["ForcedLanding:ReiMu","PhosphorusFlame:ReiMu","SubcavityInstant:ReiMu"],"picked":"SKIP","floor":4}],"player_experience":404188,"relics_obtained":[],"event_choices":[{"damage_healed":0,"gold_gain":0,"player_choice":"Got Potions","damage_taken":0,"max_hp_gain":0,"max_hp_loss":0,"event_name":"Lab","floor":3,"gold_loss":0},{"damage_healed":0,"gold_gain":0,"player_choice":"Entered Light","damage_taken":18,"max_hp_gain":0,"max_hp_loss":0,"event_name":"Shining Light","floor":5,"gold_loss":0,"cards_upgraded":["Stagnation:ReiMu","Strike_Lin:ReiMu"]}],"is_beta":false,"boss_relics":[],"items_purged_floors":[2],"is_endless":false,"potions_floor_spawned":[],"killed_by":"3 Sentries","ascension_level":18}}