{"host":"vrsxkkch9ccrec7k","time":1610418387,"event":{"mods":["Act Like it!","BaseMod","Bestiary","Better Sensory Stone","Better Third Choice","Better Vampires","Downfall","Minty Spire (QoL Compilation)","Permanent Neow","Relic Stats","Spicy Shops","StSLib"],"gold_per_floor":[99,99,142,177,177,203,249,329,254,305,398,398,8,25,38,136,136,136,159,193,193,252,321,321,79,105,152,152,222,234,246,309,521,533,545,670,777,867,1093,623,673,673,120,151,214,63,63,73,110,113],"floor_reached":51,"playtime":7412,"items_purged":["sneckomod:Strike","Pain","sneckomod:Unknown","Guardian:Aged"],"score":902,"play_id":"201bd55f-bd65-4a1a-a998-cba001087cf7","local_time":"20210111212627","is_ascension_mode":true,"campfire_choices":[{"data":"sneckomod:GlitteringGambit","floor":1,"key":"SMITH"},{"data":"sneckomod:SerpentMind","floor":9,"key":"SMITH"},{"data":"sneckomod:Nope","floor":12,"key":"SMITH"},{"data":"sneckomod:Rotation","floor":18,"key":"SMITH"},{"data":"sneckomod:TrashToTreasure","floor":30,"key":"SMITH"},{"data":"sneckomod:UnknownRarePower","floor":35,"key":"SMITH"},{"floor":42,"key":"RECALL"},{"data":"expansioncontent:Corrupt","floor":47,"key":"SMITH"}],"circlet_count":0,"master_deck":["sneckomod:Defend+1","sneckomod:Defend","sneckomod:Defend","sneckomod:TailWhip+1","sneckomod:SnekBite+1","sneckomod:GlitteringGambit+1","sneckomod:SerpentMind+1","sneckomod:SnakeSap+1","sneckomod:MasterEye+1","sneckomod:Rotation+1","sneckomod:Nope+1","sneckomod:MasterEye+1","Dark Shackles","sneckomod:UnknownWeak","sneckomod:PureSnecko+1","sneckomod:UnlimitedRolls","sneckomod:SoulDraw+1","sneckomod:UnknownUncommonPower","sneckomod:TrashToTreasure+1","sneckomod:UnknownRarePower+1","sneckomod:Unknown2Cost+1","sneckomod:Nope+1","expansioncontent:Corrupt+1","sneckomod:SoulDraw","sneckomod:Unknown2Cost+1","sneckomod:UnknownX+1","sneckomod:TrashToTreasure+1","sneckomod:TrashToTreasure+1"],"relics":["sneckomod:SneckoSoul","downfall:ShatteredFragment","Regal Pillow","downfall:HeartBlessingBlue","Vajra","champ:Barbells","Cursed Key","Strawberry","Bag of Preparation","ClockworkSouvenir","MawBank","Sozu","Gremlin Horn","Lee\u0027s Waffle","HandDrill","Pen Nib","Bag of Marbles","Mummified Hand","Whetstone","Pear","Art of War"],"acts_visited":["Exordium","TheCity","TheBeyond"],"potions_floor_usage":[8,20,23,26,29,50],"damage_taken":[{"damage":10,"enemies":"Jaw Worm","floor":3,"turns":4},{"damage":0,"enemies":"Cultist","floor":4,"turns":3},{"damage":16,"enemies":"3 Sentries","floor":8,"turns":7},{"damage":2,"enemies":"Lagavulin","floor":10,"turns":6},{"damage":8,"enemies":"2 Louse","floor":11,"turns":3},{"damage":2,"enemies":"downfall:FleeingMerchant","floor":13,"turns":4},{"damage":7,"enemies":"2 Fungi Beasts","floor":14,"turns":4},{"damage":15,"enemies":"Red Slaver","floor":15,"turns":4},{"damage":5,"enemies":"downfall:Watcher","floor":16,"turns":6},{"damage":0,"enemies":"3 Byrds","floor":19,"turns":4},{"damage":0,"enemies":"Shelled Parasite and Fungi","floor":20,"turns":3},{"damage":24,"enemies":"Snake Plant","floor":22,"turns":4},{"damage":11,"enemies":"Book of Stabbing","floor":23,"turns":4},{"damage":0,"enemies":"downfall:FleeingMerchant","floor":25,"turns":4},{"damage":60,"enemies":"Centurion and Healer","floor":26,"turns":4},{"damage":0,"enemies":"Sentry and Sphere","floor":27,"turns":3},{"damage":5,"enemies":"Gremlin Leader","floor":29,"turns":5},{"damage":0,"enemies":"Snake Plant","floor":32,"turns":5},{"damage":19,"enemies":"downfall:Ironclad","floor":33,"turns":11},{"damage":11,"enemies":"Orb Walker","floor":36,"turns":3},{"damage":0,"enemies":"3 Shapes","floor":37,"turns":6},{"damage":18,"enemies":"Sphere and 2 Shapes","floor":39,"turns":5},{"damage":8,"enemies":"downfall:FleeingMerchant","floor":40,"turns":3},{"damage":0,"enemies":"Reptomancer","floor":44,"turns":3},{"damage":0,"enemies":"Jaw Worm Horde","floor":45,"turns":1},{"damage":0,"enemies":"3 Darklings","floor":48,"turns":3},{"damage":4,"enemies":"4 Shapes","floor":49,"turns":3},{"damage":10,"enemies":"downfall:Silent","floor":50,"turns":4}],"seed_played":"4798250122364756269","potions_obtained":[{"floor":3,"key":"PowerPotion"},{"floor":4,"key":"Fruit Juice"},{"floor":8,"key":"Swift Potion"},{"floor":19,"key":"Energy Potion"},{"floor":20,"key":"Energy Potion"},{"floor":23,"key":"sneckomod:DiceRollPotion"}],"is_trial":false,"path_per_floor":["R","?","M","M","?","T","T","E","R","E","M","R","$","M","M","B",null,"R","M","M","?","M","E","T","$","M","M","?","E","R","?","M","B",null,"R","M","M","T","M","$","T","R","$","E","M","$","R","M","M","B",null],"character_chosen":"THE_SNECKO","items_purchased":["champ:Barbells","sneckomod:MasterEye","Dark Shackles","Bag of Preparation","ClockworkSouvenir","Lee\u0027s Waffle","HandDrill","Pen Nib","expansioncontent:Corrupt","sneckomod:SoulDraw","Mummified Hand","Whetstone","Art of War"],"campfire_rested":0,"item_purchase_floors":[13,13,13,25,25,40,40,40,40,40,43,43,46],"current_hp_per_floor":[90,90,80,80,59,59,59,43,53,51,43,43,41,35,20,15,101,101,101,101,101,77,73,73,74,74,74,74,76,76,76,76,58,110,110,100,100,100,87,118,118,118,118,129,130,130,130,130,126,121],"gold":113,"neow_bonus":"ONE_RANDOM_RARE_CARD","is_daily":false,"chose_seed":false,"campfire_upgraded":7,"win_rate":0.0,"timestamp":1610418387,"path_taken":["R","?","?","M","?","?","T","E","R","E","M","R","$","M","M","BOSS","R","M","M","?","M","E","T","$","M","M","?","E","R","?","M","BOSS","R","M","M","?","M","?","T","R","$","E","M","$","R","M","M","BOSS"],"items_purchased_type":["Relic","Card","Card","Relic","Relic","Relic","Relic","Relic","Card","Card","Relic","Relic","Relic"],"build_version":"2020-12-22","purchased_purges":4,"victory":true,"max_hp_per_floor":[90,90,90,90,90,90,90,90,100,100,100,100,100,101,101,101,101,101,101,101,101,101,108,108,109,109,109,109,109,109,109,109,110,110,110,111,111,111,111,118,118,118,118,129,130,130,130,130,130,135],"relic_stats":{"Regal Pillow":0,"Lee\u0027s Waffle":39,"Gremlin Horn":[10,11],"counters":[28,119],"Pen Nib":[5],"Bag of Preparation":[28],"Whetstone":["sneckomod:TailWhip"],"Cursed Key":2,"MawBank":132,"Sozu":3,"Mummified Hand":[42],"HandDrill":[12],"Art of War":[1],"obtain_stats":[{"champ:Barbells":13,"Regal Pillow":6,"Lee\u0027s Waffle":40,"downfall:ShatteredFragment":5,"Pear":44,"Gremlin Horn":38,"Vajra":10,"Pen Nib":40,"Bag of Preparation":25,"Whetstone":43,"sneckomod:SneckoSoul":0,"Cursed Key":17,"MawBank":29,"ClockworkSouvenir":25,"Sozu":34,"downfall:HeartBlessingBlue":9,"Mummified Hand":43,"Strawberry":23,"HandDrill":40,"Bag of Marbles":41,"Art of War":46},{"champ:Barbells":6,"Regal Pillow":2,"Lee\u0027s Waffle":23,"downfall:ShatteredFragment":2,"Pear":24,"Gremlin Horn":21,"Vajra":4,"Pen Nib":23,"Bag of Preparation":14,"Whetstone":23,"sneckomod:SneckoSoul":0,"Cursed Key":9,"MawBank":17,"ClockworkSouvenir":14,"Sozu":19,"downfall:HeartBlessingBlue":3,"Mummified Hand":23,"Strawberry":13,"HandDrill":23,"Bag of Marbles":23,"Art of War":25},{"champ:Barbells":27,"Regal Pillow":7,"Lee\u0027s Waffle":105,"downfall:ShatteredFragment":7,"Pear":108,"Gremlin Horn":97,"Vajra":20,"Pen Nib":105,"Bag of Preparation":60,"Whetstone":105,"sneckomod:SneckoSoul":0,"Cursed Key":41,"MawBank":72,"ClockworkSouvenir":60,"Sozu":88,"downfall:HeartBlessingBlue":14,"Mummified Hand":105,"Strawberry":56,"HandDrill":105,"Bag of Marbles":105,"Art of War":109}]},"card_choices":[{"not_picked":["sneckomod:UnknownClassTHE_CHAMP_GRAY","sneckomod:UnknownCommonSkill"],"picked":"sneckomod:SnakeSap","floor":3},{"not_picked":["sneckomod:DiceBlock","sneckomod:QuickBite"],"picked":"sneckomod:MasterEye","floor":4},{"not_picked":["sneckomod:UnknownExhaust","sneckomod:IronFang"],"picked":"sneckomod:Rotation","floor":8},{"not_picked":["sneckomod:ImprovisedAttack","sneckomod:UnknownClassTHE_CHAMP_GRAY"],"picked":"sneckomod:Nope","floor":10},{"not_picked":["sneckomod:UnknownCommonSkill","sneckomod:UnknownBlock","sneckomod:SnakeSap"],"picked":"SKIP","floor":11},{"not_picked":["sneckomod:Unknown2Cost","sneckomod:UnknownClassGUARDIAN","sneckomod:DiceBlock"],"picked":"SKIP","floor":13},{"not_picked":["sneckomod:Nope","sneckomod:DiceBlock"],"picked":"sneckomod:UnknownWeak","floor":14},{"not_picked":["sneckomod:DiceBlock","sneckomod:WideSting"],"picked":"sneckomod:PureSnecko","floor":15},{"not_picked":["sneckomod:Mudshield","sneckomod:Cheat"],"picked":"sneckomod:UnlimitedRolls","floor":16},{"not_picked":["sneckomod:WideSting","sneckomod:SerpentIdol","sneckomod:UnknownStrike"],"picked":"SKIP","floor":19},{"not_picked":["sneckomod:WideSting","sneckomod:SerpentIdol","sneckomod:UnknownStrike"],"picked":"SKIP","floor":19},{"not_picked":["sneckomod:UnknownCommonSkill+1","sneckomod:UnknownVulnerable"],"picked":"sneckomod:SoulDraw+1","floor":20},{"not_picked":["sneckomod:SerpentIdol","sneckomod:QuickBite","sneckomod:UnknownUncommonSkill"],"picked":"SKIP","floor":22},{"not_picked":["sneckomod:WideSting","sneckomod:UnknownStrike","sneckomod:MixItUp+1"],"picked":"SKIP","floor":23},{"not_picked":["sneckomod:SoulRoll","sneckomod:Unknown0Cost"],"picked":"sneckomod:UnknownUncommonPower","floor":25},{"not_picked":["sneckomod:DiceBoulder","sneckomod:UnknownStrength","sneckomod:Unknown1Cost"],"picked":"SKIP","floor":26},{"not_picked":["sneckomod:UnlimitedRolls","sneckomod:UnknownWeak","sneckomod:Unknown0Cost"],"picked":"SKIP","floor":27},{"not_picked":["sneckomod:DiceBlock","sneckomod:Mudshield","sneckomod:UnknownCommonAttack"],"picked":"SKIP","floor":29},{"not_picked":["sneckomod:UnknownClassSLIMEBOUND","sneckomod:UnknownClassGREEN","sneckomod:QuickMove"],"picked":"SKIP","floor":32},{"not_picked":["sneckomod:Transmogrify","sneckomod:Mudshield"],"picked":"sneckomod:UnknownRarePower","floor":33},{"not_picked":["sneckomod:UnknownCommonAttack","sneckomod:RainOfDice+1"],"picked":"sneckomod:Unknown2Cost+1","floor":36},{"not_picked":["sneckomod:UnknownClassGREEN","sneckomod:TrashToTreasure"],"picked":"sneckomod:Nope+1","floor":37},{"not_picked":["sneckomod:MasterEye","sneckomod:ImprovisedAttack","sneckomod:QuickMove"],"picked":"SKIP","floor":39},{"not_picked":["sneckomod:UnknownVulnerable","sneckomod:QuickMove+1","sneckomod:UnknownUncommonAttack+1"],"picked":"SKIP","floor":40},{"not_picked":["sneckomod:UnknownWeak","sneckomod:UnknownClassTHE_CHAMP_GRAY+1"],"picked":"sneckomod:Unknown2Cost+1","floor":44},{"not_picked":["sneckomod:MixItUp","sneckomod:RainOfDice+1"],"picked":"sneckomod:UnknownX+1","floor":45},{"not_picked":["sneckomod:UnknownClassTHE_CHAMP_GRAY","sneckomod:SnakeSap+1"],"picked":"sneckomod:TrashToTreasure+1","floor":48},{"not_picked":["sneckomod:SerpentIdol","sneckomod:Unknown1Cost"],"picked":"sneckomod:TrashToTreasure+1","floor":49}],"player_experience":1480873,"relics_obtained":[{"floor":6,"key":"Regal Pillow"},{"floor":10,"key":"Vajra"},{"floor":23,"key":"Strawberry"},{"floor":29,"key":"MawBank"},{"floor":38,"key":"Gremlin Horn"},{"floor":41,"key":"Bag of Marbles"},{"floor":44,"key":"Pear"}],"event_choices":[{"damage_healed":0,"gold_gain":0,"cards_transformed":["sneckomod:Strike"],"player_choice":"Transformed","damage_taken":0,"max_hp_gain":0,"max_hp_loss":0,"event_name":"Transmorgrifier","floor":2,"gold_loss":0,"cards_obtained":["sneckomod:SerpentMind"]},{"damage_healed":0,"gold_gain":0,"player_choice":"Read","damage_taken":0,"max_hp_gain":0,"max_hp_loss":0,"event_name":"The Library","floor":28,"gold_loss":0,"cards_obtained":["sneckomod:TrashToTreasure"]},{"cards_removed":["sneckomod:Unknown"],"damage_healed":0,"gold_gain":0,"player_choice":"Purged","damage_taken":0,"max_hp_gain":0,"max_hp_loss":0,"event_name":"Purifier","floor":31,"gold_loss":0}],"is_beta":false,"boss_relics":[{"not_picked":["SacredBark","Pandora\u0027s Box"],"picked":"Cursed Key"},{"not_picked":["Runic Pyramid","Coffee Dripper"],"picked":"Sozu"}],"items_purged_floors":[13,40,40,43],"is_endless":false,"potions_floor_spawned":[3,4,8,19,20,23,36,44,45],"ascension_level":2}}