{"host":"oy4pyvr762z5n0bb","time":1610430871,"event":{"mods":["AchievementEnabler","BaseMod","Colored Map","Colored Powertips","Googly Eyes","Key Reminder","Minty Spire (QoL Compilation)","Quick Restart","Relic Sorter","Slay the Relics Exporter","StSLib","SuperFastMode","Unceasing Turn Reminder","slay the spire mod where everything is the same but ironclad has a cowboy hat"],"gold_per_floor":[118,137,137,64,83,83,102,140,167,187,187,32,72,87,87,208,208,232,7,21,21,37,111,37,37,37],"floor_reached":25,"playtime":671,"items_purged":["Strike_B"],"score":330,"play_id":"f08dd5c6-e831-455b-8b82-764a03927205","local_time":"20210111215431","is_ascension_mode":true,"campfire_choices":[{"data":"Redo","floor":6,"key":"SMITH"},{"data":"Capacitor","floor":15,"key":"SMITH"}],"circlet_count":0,"master_deck":["AscendersBane","Strike_B","Strike_B","Strike_B","Defend_B","Defend_B","Defend_B","Defend_B","Zap","Dualcast","Ball Lightning","Glacier","Ball Lightning","Redo+1","Barrage","FTL","Steam","Capacitor+1","Parasite","Barrage","Coolheaded","Machine Learning","Cold Snap","Redo","Loop"],"relics":["Cracked Core","NeowsBlessing","Golden Idol","Centennial Puzzle","Happy Flower","ClockworkSouvenir","Akabeko","Inserter","Runic Capacitor","Mummified Hand"],"acts_visited":["Exordium","TheCity"],"potions_floor_usage":[16],"damage_taken":[{"damage":0,"enemies":"2 Louse","floor":1,"turns":1},{"damage":0,"enemies":"Small Slimes","floor":2,"turns":1},{"damage":0,"enemies":"Jaw Worm","floor":5,"turns":1},{"damage":2,"enemies":"Blue Slaver","floor":7,"turns":3},{"damage":4,"enemies":"3 Sentries","floor":8,"turns":7},{"damage":6,"enemies":"Large Slime","floor":10,"turns":4},{"damage":32,"enemies":"Gremlin Nob","floor":13,"turns":4},{"damage":0,"enemies":"Gremlin Gang","floor":14,"turns":4},{"damage":13,"enemies":"Hexaghost","floor":16,"turns":10},{"damage":21,"enemies":"Shell Parasite","floor":18,"turns":5},{"damage":14,"enemies":"3 Byrds","floor":20,"turns":5},{"damage":20,"enemies":"3 Cultists","floor":22,"turns":6},{"damage":5,"enemies":"Slavers","floor":25,"turns":1}],"seed_played":"552063895232660624","potions_obtained":[{"floor":2,"key":"SteroidPotion"},{"floor":5,"key":"Block Potion"}],"is_trial":false,"path_per_floor":["M","M","?","$","M","R","M","E","T","M","?","$","E","M","R","B",null,"M","$","M","?","M","T","$","E"],"character_chosen":"DEFECT","items_purchased":["Ball Lightning","Redo","ClockworkSouvenir","Runic Capacitor","Loop"],"campfire_rested":0,"item_purchase_floors":[4,4,12,19,24],"current_hp_per_floor":[68,68,68,68,68,68,66,62,62,56,69,69,37,37,37,24,58,37,37,23,23,3,3,3,0,0],"gold":37,"neow_bonus":"THREE_ENEMY_KILL","is_daily":false,"chose_seed":false,"campfire_upgraded":2,"win_rate":0.0,"timestamp":1610430871,"path_taken":["M","M","?","$","M","R","M","E","T","M","?","$","E","M","R","BOSS","M","$","M","?","M","?","?","E"],"items_purchased_type":["Card","Card","Relic","Relic","Card"],"build_version":"2020-12-22","purchased_purges":1,"victory":false,"max_hp_per_floor":[75,75,69,69,69,69,69,69,69,69,69,69,69,69,69,69,69,69,69,69,69,69,69,69,69,69],"card_choices":[{"not_picked":["Coolheaded","Leap"],"picked":"Ball Lightning","floor":1},{"not_picked":["Beam Cell","Streamline"],"picked":"Glacier","floor":2},{"not_picked":["Turbo","Melter"],"picked":"Barrage","floor":5},{"not_picked":["Force Field","Undo"],"picked":"FTL","floor":7},{"not_picked":["Heatsinks","Sunder"],"picked":"Steam","floor":8},{"not_picked":["Tempest","Barrage"],"picked":"Capacitor","floor":10},{"not_picked":["Streamline","Static Discharge"],"picked":"Barrage","floor":13},{"not_picked":["Cold Snap","Hologram"],"picked":"Coolheaded","floor":14},{"not_picked":["Meteor Strike","Fission"],"picked":"Machine Learning","floor":16},{"not_picked":["Undo","Aggregate"],"picked":"Cold Snap","floor":18},{"not_picked":["Sweeping Beam+1","Rebound+1"],"picked":"Redo","floor":20},{"not_picked":["Force Field+1","Turbo+1","Compile Driver"],"picked":"SKIP","floor":22}],"player_experience":735408,"relics_obtained":[{"floor":8,"key":"Centennial Puzzle"},{"floor":9,"key":"Happy Flower"},{"floor":13,"key":"Akabeko"},{"floor":23,"key":"Mummified Hand"}],"event_choices":[{"damage_healed":0,"gold_gain":0,"player_choice":"Lose Max HP","damage_taken":0,"relics_obtained":["Golden Idol"],"max_hp_gain":0,"max_hp_loss":6,"event_name":"Golden Idol","floor":3,"gold_loss":0},{"damage_healed":17,"gold_gain":0,"player_choice":"Healed and dodged fight","damage_taken":0,"max_hp_gain":0,"max_hp_loss":0,"event_name":"Mushrooms","floor":11,"gold_loss":0,"cards_obtained":["Parasite"]},{"damage_healed":0,"gold_gain":0,"player_choice":"Ignored","damage_taken":0,"max_hp_gain":0,"max_hp_loss":0,"event_name":"Ghosts","floor":21,"gold_loss":0}],"is_beta":false,"boss_relics":[{"not_picked":["Nuclear Battery","SacredBark"],"picked":"Inserter"}],"items_purged_floors":[19],"is_endless":false,"potions_floor_spawned":[2,5,8,13],"killed_by":"Slavers","ascension_level":11}}