{"host":"xrbutm0tzv4qwo7u","time":1610481484,"event":{"mods":["AchievementEnabler","BaseMod","Colored Map","Colored Powertips","Dark Map","Hermit","Minty Spire (QoL Compilation)","Quick Restart","Rare Cards Sparkle","Relic Stats","StSLib","The Cursed","The Marked"],"gold_per_floor":[116,116,116,139,160,191,210,228,309,309,309,309,330,343,343,462,462,481,481,481,481,481,481,520,520,544,22,22,22],"floor_reached":28,"language":"ENG","playtime":808,"items_purged":["Shame"],"score":274,"play_id":"180604a0-667a-4195-bc07-b578c0e15085","local_time":"20210112135804","is_ascension_mode":true,"campfire_choices":[{"floor":10,"key":"RECALL"},{"floor":12,"key":"REST"},{"floor":15,"key":"REST"},{"floor":23,"key":"REST"}],"circlet_count":0,"master_deck":["Strike_P","Strike_P","Strike_P+1","Defend_P+1","Defend_P","Defend_P+1","Defend_P","Eruption","Vigilance","ForeignInfluence","CarveReality","Pray","TalkToTheHand","BowlingBash","Collect","FlurryOfBlows+1","EmptyMind","ConjureBlade","CrushJoints","RitualDagger","DeceiveReality+1","Metamorphosis","Adaptation","InnerPeace"],"relics":["PureWater","Ancient Tea Set","Golden Idol","Boot","Black Star","Nilry\u0027s Codex","Incense Burner","Pen Nib","Whetstone","MealTicket","Strawberry"],"acts_visited":["Exordium","TheCity"],"potions_floor_usage":[6,16,24,24],"damage_taken":[{"damage":0,"enemies":"2 Louse","floor":1,"turns":3},{"damage":0,"enemies":"Small Slimes","floor":4,"turns":2},{"damage":10,"enemies":"Jaw Worm","floor":5,"turns":4},{"damage":0,"enemies":"Lagavulin","floor":6,"turns":3},{"damage":11,"enemies":"Large Slime","floor":7,"turns":5},{"damage":0,"enemies":"2 Fungi Beasts","floor":8,"turns":2},{"damage":15,"enemies":"Looter","floor":13,"turns":2},{"damage":12,"enemies":"Gremlin Gang","floor":14,"turns":3},{"damage":8,"enemies":"Hexaghost","floor":16,"turns":9},{"damage":2,"enemies":"Chosen","floor":18,"turns":3},{"damage":79,"enemies":"Book of Stabbing","floor":24,"turns":9},{"damage":26,"enemies":"Slavers","floor":28,"turns":2}],"seed_played":"5722043937560417557","potions_obtained":[{"floor":1,"key":"BottledMiracle"},{"floor":5,"key":"FairyPotion"},{"floor":13,"key":"AttackPotion"},{"floor":14,"key":"LiquidBronze"},{"floor":18,"key":"SkillPotion"}],"is_trial":false,"path_per_floor":["M","?","?","M","M","E","M","M","T","R","?","R","M","M","R","B",null,"M","?","?","?","?","R","E","?","T","$","E"],"character_chosen":"WATCHER","items_purchased":["Metamorphosis","Adaptation","InnerPeace","Strawberry"],"campfire_rested":3,"item_purchase_floors":[27,27,27,27],"current_hp_per_floor":[72,72,58,58,48,48,37,37,37,37,30,51,36,24,45,37,72,70,54,41,35,35,58,3,3,3,25,0,0],"gold":22,"neow_bonus":"RANDOM_COMMON_RELIC","is_daily":false,"chose_seed":false,"campfire_upgraded":0,"win_rate":0.0,"timestamp":1610481484,"path_taken":["M","?","?","M","M","E","M","M","T","R","?","R","?","M","R","BOSS","M","?","?","?","?","R","E","?","T","?","E"],"items_purchased_type":["Card","Card","Card","Relic"],"build_version":"2020-12-22","purchased_purges":1,"victory":false,"max_hp_per_floor":[72,72,72,72,72,72,72,72,72,72,72,72,72,72,72,72,72,72,72,77,77,77,77,77,77,77,84,84,84],"relic_stats":{"counters":[12,47],"Golden Idol":66,"MealTicket":15,"Pen Nib":[0],"Black Star":1,"Whetstone":["Strike_P","FlurryOfBlows"],"Boot":[5],"obtain_stats":[{"Golden Idol":2,"Nilry\u0027s Codex":19,"Strawberry":27,"MealTicket":26,"Pen Nib":24,"Black Star":17,"Incense Burner":22,"Whetstone":24,"PureWater":0,"Ancient Tea Set":0,"Boot":6},{"Golden Idol":1,"Nilry\u0027s Codex":10,"Strawberry":11,"MealTicket":11,"Pen Nib":11,"Black Star":9,"Incense Burner":10,"Whetstone":11,"PureWater":0,"Ancient Tea Set":0,"Boot":4},{"Golden Idol":3,"Nilry\u0027s Codex":36,"Strawberry":45,"MealTicket":45,"Pen Nib":45,"Black Star":33,"Incense Burner":36,"Whetstone":45,"PureWater":0,"Ancient Tea Set":0,"Boot":12}]},"card_choices":[{"not_picked":["Halt","EmptyFist"],"picked":"ForeignInfluence","floor":1},{"not_picked":["Wireheading","WreathOfFlame"],"picked":"CarveReality","floor":4},{"not_picked":["WaveOfTheHand","Fasting2"],"picked":"Pray","floor":5},{"not_picked":["FollowUp","EmptyBody"],"picked":"TalkToTheHand","floor":6},{"not_picked":["Nirvana","JustLucky"],"picked":"BowlingBash","floor":7},{"not_picked":["ReachHeaven","BowlingBash"],"picked":"Collect","floor":8},{"not_picked":["EmptyFist","PathToVictory"],"picked":"FlurryOfBlows","floor":13},{"not_picked":["CutThroughFate","SandsOfTime"],"picked":"EmptyMind","floor":14},{"not_picked":["Vault","SpiritShield"],"picked":"ConjureBlade","floor":16},{"not_picked":["FlyingSleeves","PathToVictory+1"],"picked":"CrushJoints","floor":18},{"not_picked":["FollowUp","Tantrum+1"],"picked":"DeceiveReality+1","floor":24}],"player_experience":49082,"relics_obtained":[{"floor":6,"key":"Boot"},{"floor":19,"key":"Nilry\u0027s Codex"},{"floor":24,"key":"Pen Nib"},{"floor":24,"key":"Whetstone"},{"floor":26,"key":"MealTicket"}],"event_choices":[{"damage_healed":0,"gold_gain":0,"player_choice":"Take Wound","damage_taken":0,"relics_obtained":["Golden Idol"],"max_hp_gain":0,"max_hp_loss":0,"event_name":"Golden Idol","floor":2,"gold_loss":0,"cards_obtained":["Injury"]},{"damage_healed":0,"gold_gain":0,"player_choice":"Entered Light","damage_taken":14,"max_hp_gain":0,"max_hp_loss":0,"event_name":"Shining Light","floor":3,"gold_loss":0,"cards_upgraded":["Defend_P","Defend_P"]},{"cards_removed":["Injury"],"damage_healed":0,"gold_gain":0,"player_choice":"Card Removal","damage_taken":7,"max_hp_gain":0,"max_hp_loss":0,"event_name":"Golden Wing","floor":11,"gold_loss":0},{"damage_healed":0,"gold_gain":0,"player_choice":"Obtained Book","damage_taken":16,"max_hp_gain":0,"max_hp_loss":0,"event_name":"Cursed Tome","floor":19,"gold_loss":0},{"damage_healed":0,"gold_gain":0,"player_choice":"Shed Blood","damage_taken":18,"max_hp_gain":5,"max_hp_loss":0,"event_name":"Forgotten Altar","floor":20,"gold_loss":0},{"damage_healed":0,"gold_gain":0,"player_choice":"Joined the Cult","damage_taken":6,"max_hp_gain":0,"max_hp_loss":0,"event_name":"Nest","floor":21,"gold_loss":0,"cards_obtained":["RitualDagger"]},{"damage_healed":0,"gold_gain":0,"player_choice":"Stole Relic","damage_taken":0,"relics_obtained":["Incense Burner"],"max_hp_gain":0,"max_hp_loss":0,"event_name":"Addict","floor":22,"gold_loss":0,"cards_obtained":["Shame"]},{"cards_removed":["Strike_P"],"damage_healed":0,"gold_gain":0,"player_choice":"Elegance","damage_taken":0,"max_hp_gain":0,"max_hp_loss":0,"event_name":"Back to Basics","floor":25,"gold_loss":0}],"is_beta":false,"boss_relics":[{"not_picked":["Astrolabe","Ectoplasm"],"picked":"Black Star"}],"items_purged_floors":[27],"is_endless":false,"potions_floor_spawned":[1,5,13,14,18],"killed_by":"Slavers","ascension_level":1}}