{"host":"y3h3n3f7seyagppx","time":1610473745,"event":{"mods":["AlwaysNeverKeys","BaseMod","Better Vampires","Colored Powertips","DeckTracker","Emptier Cage","Minty Spire (QoL Compilation)","Permanent Neow","Quick Restart","Rare Cards Sparkle","Relic Sorter","Relic Stats","StSLib","Transform Curses"],"gold_per_floor":[211,211,221,296,308,308,343,343,343,355,388,388,408,428,428,504,504,522,540,80,25,37,37,64,76,113,125,149,189,211,233,245,335,347,372,384,396,408,261,289,304,304,358,393,61,89,104,124,124,124,124,124,124,24,57,57],"floor_reached":57,"playtime":6716,"items_purged":["Strike_R","Strike_R","Anger"],"score":3084,"play_id":"350b088f-2029-4825-a0b8-6a30fe547119","local_time":"20210112124905","is_ascension_mode":true,"campfire_choices":[{"data":"Bash","floor":6,"key":"SMITH"},{"data":"Thunderclap","floor":8,"key":"SMITH"},{"data":"Armaments","floor":15,"key":"SMITH"},{"data":"Uppercut","floor":23,"key":"SMITH"},{"data":"Body Slam","floor":25,"key":"SMITH"},{"data":"Corruption","floor":27,"key":"SMITH"},{"data":"Pommel Strike","floor":32,"key":"SMITH"},{"data":"Feel No Pain","floor":49,"key":"SMITH"},{"data":"Impervious","floor":53,"key":"SMITH"}],"circlet_count":0,"master_deck":["AscendersBane","Defend_R","Defend_R","Defend_R","Defend_R","Bash+1","Thunderclap+1","Sword Boomerang","Offering","Disarm","Armaments+1","Corruption+1","Uppercut+1","Feel No Pain+1","Body Slam+1","Pommel Strike+1","Dual Wield","Burning Pact+1","Barricade","Shrug It Off","Apotheosis","Dark Embrace","Shrug It Off","Entrench","Reaper","Offering","Pommel Strike+1","Impervious+1","Second Wind","Flame Barrier","Metallicize+1"],"relics":["Burning Blood","Mango","The Courier","Strawberry","Runic Pyramid","Bronze Scales","Sundial","Eternal Feather","MawBank","Vajra","Toy Ornithopter","Philosopher\u0027s Stone","Bird Faced Urn","Happy Flower","PreservedInsect","Membership Card","Incense Burner","Potion Belt","Orrery","White Beast Statue"],"acts_visited":["Exordium","TheCity","TheBeyond","TheEnding"],"potions_floor_usage":[7,16,24,29,38,41,56,56],"damage_taken":[{"damage":11.0,"enemies":"Jaw Worm","floor":1.0,"turns":5.0},{"damage":0.0,"enemies":"Cultist","floor":3.0,"turns":3.0},{"damage":16,"enemies":"Small Slimes","floor":5,"turns":5},{"damage":41,"enemies":"3 Sentries","floor":7,"turns":10},{"damage":7,"enemies":"2 Fungi Beasts","floor":10,"turns":3},{"damage":14,"enemies":"Gremlin Nob","floor":11,"turns":3},{"damage":23,"enemies":"Exordium Thugs","floor":13,"turns":6},{"damage":17,"enemies":"Looter","floor":14,"turns":3},{"damage":27,"enemies":"Hexaghost","floor":16,"turns":9},{"damage":16,"enemies":"2 Thieves","floor":18,"turns":4},{"damage":15,"enemies":"3 Byrds","floor":19,"turns":6},{"damage":11,"enemies":"Centurion and Healer","floor":22,"turns":4},{"damage":46,"enemies":"Slavers","floor":24,"turns":5},{"damage":9,"enemies":"Snecko","floor":28,"turns":4},{"damage":0,"enemies":"Gremlin Leader","floor":29,"turns":5},{"damage":6,"enemies":"3 Cultists","floor":30,"turns":4},{"damage":23,"enemies":"Shelled Parasite and Fungi","floor":31,"turns":3},{"damage":19,"enemies":"Champ","floor":33,"turns":3},{"damage":12,"enemies":"3 Shapes","floor":35,"turns":10},{"damage":6,"enemies":"Reptomancer","floor":40,"turns":3},{"damage":33,"enemies":"3 Darklings","floor":41,"turns":6},{"damage":6,"enemies":"Giant Head","floor":44,"turns":6},{"damage":13,"enemies":"Reptomancer","floor":46,"turns":2},{"damage":12,"enemies":"Maw","floor":47,"turns":3},{"damage":12,"enemies":"4 Shapes","floor":48,"turns":5},{"damage":7,"enemies":"Time Eater","floor":50,"turns":12},{"damage":24,"enemies":"Donu and Deca","floor":51,"turns":6},{"damage":7,"enemies":"Shield and Spear","floor":55,"turns":6},{"damage":59,"enemies":"The Heart","floor":56,"turns":8}],"seed_played":"-6815488479455274674","potions_obtained":[{"floor":3.0,"key":"LiquidBronze"},{"floor":5,"key":"FairyPotion"},{"floor":13,"key":"Fire Potion"},{"floor":14,"key":"SneckoOil"},{"floor":19,"key":"Strength Potion"},{"floor":24,"key":"Block Potion"},{"floor":35,"key":"Regen Potion"},{"floor":38,"key":"Fruit Juice"},{"floor":38,"key":"SteroidPotion"},{"floor":40,"key":"LiquidMemories"},{"floor":44,"key":"Dexterity Potion"},{"floor":55,"key":"BlessingOfTheForge"}],"is_trial":false,"path_per_floor":["M","?","M","?","M","R","E","R","T","M","E","?","M","M","R","B",null,"M","M","$","?","M","R","E","R","T","R","M","E","M","M","R","B",null,"M","?","?","?","$","E","M","?","T","E","$","E","M","M","R","B","B",null,"R","$","E","B",null],"character_chosen":"IRONCLAD","items_purchased":["Bronze Scales","Feel No Pain","Sundial","Dark Embrace","Shrug It Off","Membership Card","Incense Burner","Orrery","Ancient Potion"],"campfire_rested":0,"item_purchase_floors":[20,20,20,39,39,45,45,54,54],"current_hp_per_floor":[63,63,69,58,48,48,27,27,27,26,25,25,8,34,34,13,75,65,56,56,56,51,60,20,29,29,38,35,41,41,24,36,23,78,72,62,62,72,72,72,73,73,73,96,96,96,96,96,96,96,96,96,96,96,96,77],"gold":57,"neow_bonus":"HUNDRED_GOLD","is_daily":false,"chose_seed":false,"campfire_upgraded":9,"win_rate":0.0,"timestamp":1610473745,"path_taken":["M","?","?","?","M","R","E","R","T","M","E","?","?","M","R","BOSS","M","M","$","?","M","R","E","R","T","R","M","E","?","M","R","BOSS","M","?","?","?","$","E","?","?","T","E","$","E","M","M","R","BOSS","BOSS","R","$","E","BOSS"],"items_purchased_type":["Relic","Card","Relic","Card","Card","Relic","Relic","Relic","Potion"],"build_version":"2020-12-22","purchased_purges":3,"victory":true,"max_hp_per_floor":[75,75,75,75,75,75,89,89,89,89,96,96,96,96,96,96,96,96,96,96,96,96,96,96,96,96,96,96,96,96,96,96,96,96,96,96,91,96,96,96,96,96,96,96,96,96,96,96,96,96,96,96,96,96,96,96],"relic_stats":{"Happy Flower":[16],"counters":[29,152],"Sundial":[58],"Bronze Scales":[357],"Bird Faced Urn":[56],"Eternal Feather":39,"PreservedInsect":140,"MawBank":180,"obtain_stats":[{"Potion Belt":46,"Happy Flower":43,"Vajra":26,"Mango":7,"Eternal Feather":21,"The Courier":9,"PreservedInsect":44,"Incense Burner":45,"MawBank":24,"Burning Blood":0,"White Beast Statue":55,"Sundial":20,"Strawberry":11,"Bronze Scales":20,"Bird Faced Urn":40,"Orrery":54,"Philosopher\u0027s Stone":34,"Membership Card":45,"Toy Ornithopter":29,"Runic Pyramid":17},{"Potion Belt":23,"Happy Flower":21,"Vajra":13,"Mango":4,"Eternal Feather":11,"The Courier":4,"PreservedInsect":22,"Incense Burner":22,"MawBank":13,"Burning Blood":0,"White Beast Statue":28,"Sundial":11,"Strawberry":6,"Bronze Scales":11,"Bird Faced Urn":20,"Orrery":27,"Philosopher\u0027s Stone":18,"Membership Card":22,"Toy Ornithopter":15,"Runic Pyramid":9},{"Potion Belt":112,"Happy Flower":104,"Vajra":66,"Mango":23,"Eternal Feather":57,"The Courier":23,"PreservedInsect":110,"Incense Burner":110,"MawBank":66,"Burning Blood":0,"White Beast Statue":144,"Sundial":57,"Strawberry":29,"Bronze Scales":57,"Bird Faced Urn":98,"Orrery":138,"Philosopher\u0027s Stone":85,"Membership Card":110,"Toy Ornithopter":75,"Runic Pyramid":47}],"Burning Blood":144,"Toy Ornithopter":14},"card_choices":[{"not_picked":["Warcry","Dual Wield"],"picked":"Thunderclap","floor":1.0},{"not_picked":["Ghostly Armor","Thunderclap"],"picked":"Sword Boomerang","floor":3.0},{"not_picked":["Wild Strike","Rampage"],"picked":"Offering","floor":5},{"not_picked":["Clothesline","Reckless Charge"],"picked":"Anger","floor":7},{"not_picked":["Sword Boomerang","Heavy Blade"],"picked":"Disarm","floor":10},{"not_picked":["Fire Breathing","Sword Boomerang"],"picked":"Armaments","floor":11},{"not_picked":["Warcry","Body Slam","Clothesline"],"picked":"SKIP","floor":13},{"not_picked":["Reckless Charge","Dual Wield","Searing Blow"],"picked":"SKIP","floor":14},{"not_picked":["Fiend Fire","Impervious"],"picked":"Corruption","floor":16},{"not_picked":["Combust","Rampage","Clothesline"],"picked":"SKIP","floor":18},{"not_picked":["Ghostly Armor","Iron Wave"],"picked":"Uppercut","floor":19},{"not_picked":["Twin Strike","Bloodletting"],"picked":"Body Slam","floor":22},{"not_picked":["Iron Wave","Twin Strike"],"picked":"Pommel Strike","floor":24},{"not_picked":["Thunderclap","Cleave","Clothesline"],"picked":"SKIP","floor":28},{"not_picked":["Double Tap","Blood for Blood","Rampage"],"picked":"SKIP","floor":29},{"not_picked":["Hemokinesis","Clash"],"picked":"Dual Wield","floor":30},{"not_picked":["Havoc","Perfected Strike"],"picked":"Burning Pact+1","floor":31},{"not_picked":["Demon Form","Berserk"],"picked":"Barricade","floor":33},{"not_picked":["Perfected Strike+1","Feel No Pain"],"picked":"Shrug It Off","floor":35},{"not_picked":["Mind Blast","Dramatic Entrance"],"picked":"Apotheosis","floor":36},{"not_picked":["Perfected Strike","Body Slam+1"],"picked":"Entrench","floor":40},{"not_picked":["Sever Soul+1","Searing Blow","Body Slam"],"picked":"SKIP","floor":41},{"not_picked":["Dark Embrace","Sword Boomerang+1"],"picked":"Offering","floor":44},{"not_picked":["Sever Soul","Heavy Blade"],"picked":"Pommel Strike+1","floor":46},{"not_picked":["Wild Strike","Havoc"],"picked":"Impervious","floor":47},{"not_picked":["Pommel Strike","Headbutt"],"picked":"Second Wind","floor":48},{"not_picked":["Ghostly Armor","Twin Strike+1"],"picked":"Flame Barrier","floor":54},{"not_picked":["Dual Wield","Thunderclap"],"picked":"Metallicize+1","floor":55}],"player_experience":20740583,"relics_obtained":[{"floor":7,"key":"Mango"},{"floor":9,"key":"The Courier"},{"floor":11,"key":"Strawberry"},{"floor":24,"key":"MawBank"},{"floor":26,"key":"Vajra"},{"floor":29,"key":"Toy Ornithopter"},{"floor":40,"key":"Bird Faced Urn"},{"floor":43,"key":"Happy Flower"},{"floor":44,"key":"PreservedInsect"},{"floor":46,"key":"Potion Belt"},{"floor":55,"key":"White Beast Statue"}],"event_choices":[{"cards_removed":["Strike_R"],"damage_healed":0.0,"max_hp_gain":0.0,"max_hp_loss":0.0,"gold_gain":0.0,"event_name":"Purifier","player_choice":"Purged","floor":2.0,"gold_loss":0.0,"damage_taken":0.0},{"damage_healed":0.0,"max_hp_gain":0.0,"max_hp_loss":0.0,"gold_gain":75.0,"event_name":"World of Goop","player_choice":"Gather Gold","floor":4.0,"gold_loss":0.0,"damage_taken":11.0},{"cards_removed":["Strike_R"],"damage_healed":0,"gold_gain":0,"player_choice":"Purged","damage_taken":0,"max_hp_gain":0,"max_hp_loss":0,"event_name":"Purifier","floor":12,"gold_loss":0},{"damage_healed":0,"gold_gain":0,"player_choice":"Paid Gold","damage_taken":0,"relics_obtained":["Eternal Feather"],"max_hp_gain":0,"max_hp_loss":0,"event_name":"WeMeetAgain","floor":21,"gold_loss":55},{"damage_healed":0,"gold_gain":0,"player_choice":"Memory 3","damage_taken":10,"max_hp_gain":0,"max_hp_loss":0,"event_name":"SensoryStone","floor":36,"gold_loss":0},{"damage_healed":0,"gold_gain":0,"player_choice":"Max HP","damage_taken":0,"max_hp_gain":0,"max_hp_loss":5,"event_name":"Winding Halls","floor":37,"gold_loss":0},{"damage_healed":0,"gold_gain":0,"player_choice":"Got Potions","damage_taken":0,"max_hp_gain":0,"max_hp_loss":0,"event_name":"Lab","floor":38,"gold_loss":0},{"damage_healed":0,"gold_gain":0,"cards_transformed":["Strike_R"],"player_choice":"Transformed","damage_taken":0,"max_hp_gain":0,"max_hp_loss":0,"event_name":"Transmorgrifier","floor":42,"gold_loss":0,"cards_obtained":["Reaper"]}],"is_beta":false,"boss_relics":[{"not_picked":["Ectoplasm","Empty Cage"],"picked":"Runic Pyramid"},{"not_picked":["SacredBark","Mark of Pain"],"picked":"Philosopher\u0027s Stone"}],"items_purged_floors":[20,39,45],"is_endless":false,"potions_floor_spawned":[3,5,13,14,19,24,28,35,40,44,55],"ascension_level":20}}