{"host":"jvd5k9mqzerszifx","time":1610473446,"event":{"mods":["AchievementEnabler","Act Like it!","BaseMod","Better Note","Better Third Choice","Colored Map","Colored Powertips","Conspire","Gensokyo","Hallownest","Hermit","Hubris","Infinite Spire","Lobotomy","Minty Spire (QoL Compilation)","MostiFishMod","Replay The Spire","Reworked Bosses","Spicy Shops","StSLib","The Administrix","The Bug Knight","The Cursed","The Factory","The Jungle","【功能Mod】聪明的最终Boss"],"gold_per_floor":[132,332,354,388,414,478,478,536,536,604,628,170,170,170,170,388,388,430,468,498,498,498,498,632,702,852,341,377,423,461,138,138,558,558,602,652,652,702,580,580,658,732,732,796,832,882,950,984,984,998,998,998,118,192,220],"floor_reached":56,"playtime":2933,"items_purged":[],"score":2095,"play_id":"9e3fd811-9c2a-4648-86f2-5509e5241c7b","local_time":"20210113014406","is_ascension_mode":true,"campfire_choices":[{"data":"hermit:Strike_Hermit","floor":7.0,"key":"PURGE"},{"data":"hermit:Strike_Hermit","floor":7.0,"key":"PURGE"},{"data":"hermit:Defend_Hermit","floor":7.0,"key":"PURGE"},{"data":"hermit:Defend_Hermit","floor":7.0,"key":"PURGE"},{"data":"hermit:Strike_Hermit","floor":7.0,"key":"SMITH"},{"data":"hermit:Strike_Hermit","floor":7.0,"key":"SMITH"},{"data":"hermit:Defend_Hermit","floor":7.0,"key":"SMITH"},{"data":"hermit:Defend_Hermit","floor":7.0,"key":"SMITH"},{"data":"hermit:Snapshot","floor":7.0,"key":"SMITH"},{"data":"hermit:Covet","floor":7.0,"key":"SMITH"},{"data":"hermit:Virtue","floor":7.0,"key":"SMITH"},{"data":"hermit:Ricochet","floor":7.0,"key":"SMITH"},{"data":"hermit:Headshot","floor":7.0,"key":"SMITH"},{"data":"hermit:Glare","floor":7.0,"key":"SMITH"},{"data":"hermit:Snipe","floor":7.0,"key":"SMITH"},{"data":"hermit:Scavenge","floor":7.0,"key":"SMITH"},{"floor":7.0,"key":"RECALL"},{"data":"hermit:LuckOfTheDraw","floor":15.0,"key":"SMITH"},{"data":"hermit:Feint","floor":15.0,"key":"SMITH"},{"data":"hermit:CursedWeapon","floor":15.0,"key":"SMITH"},{"data":"hermit:Strike_Hermit+1","floor":15.0,"key":"PURGE"},{"data":"hermit:Strike_Hermit+1","floor":15.0,"key":"PURGE"},{"floor":15.0,"key":"REST"},{"data":"hermit:Dissolve","floor":23.0,"key":"SMITH"},{"data":"ReplayTheSpireMod:Echoes of Time","floor":23.0,"key":"SMITH"},{"data":"hermit:Defend_Hermit+1","floor":23.0,"key":"PURGE"},{"floor":23.0,"key":"REST"},{"data":"hermit:Coalescence","floor":32,"key":"SMITH"},{"data":"hermit:Glare","floor":32,"key":"SMITH"},{"data":"hermit:Quickdraw","floor":32,"key":"SMITH"},{"floor":32,"key":"REST"},{"data":"hermit:EyeOfTheStorm","floor":40,"key":"SMITH"},{"data":"hermit:TrackingShot","floor":40,"key":"SMITH"},{"data":"Pot Of Greed","floor":40,"key":"SMITH"},{"data":"Pot Of Greed","floor":40,"key":"SMITH"},{"floor":40,"key":"REST"},{"data":"hermit:Quickdraw","floor":49,"key":"SMITH"},{"data":"hermit:CursedWeapon","floor":49,"key":"SMITH"},{"data":"Pot Of Greed","floor":49,"key":"SMITH"},{"data":"hermit:Quickdraw","floor":49,"key":"SMITH"},{"data":"hermit:EyeOfTheStorm","floor":49,"key":"SMITH"},{"data":"hermit:EyeOfTheStorm","floor":49,"key":"SMITH"},{"floor":49,"key":"REST"},{"floor":52,"key":"REST"}],"circlet_count":1,"master_deck":["hermit:Defend_Hermit+1","hermit:Snapshot+1","hermit:Covet+1","hermit:Virtue+1","hermit:Ricochet+1","hermit:Headshot+1","hermit:Glare+1","hermit:Snipe+1","hermit:Scavenge+1","hermit:LuckOfTheDraw+1","hermit:Feint+1","hermit:CursedWeapon+1","hermit:Dissolve+1","hermit:WideOpen+1","ReplayTheSpireMod:Echoes of Time+1","hermit:Coalescence+1","hermit:Glare+1","hermit:Enervate+1","hermit:Quickdraw+1","hermit:Glare+1","hermit:EyeOfTheStorm+1","hermit:TrackingShot+1","Pot Of Greed+1","Pot Of Greed+1","hermit:Quickdraw+1","hermit:CursedWeapon+1","Pot Of Greed+1","hermit:Quickdraw+1","hermit:EyeOfTheStorm+1","hermit:LoneWolf+1","hermit:EyeOfTheStorm+1","hermit:EyeOfTheStorm+1","ReplayTheSpireMod:Private Reserves","Replay:Bootleg Shield Generator","hermit:Brawl+1","hermit:Horror+1"],"relics":["hermit:Momento","Peace Pipe","Ginger","Turnip","Unceasing Top","Omamori","Ice Cream","The Courier","Medical Kit","WingedGreaves","HandDrill","Circlet","Blue Candle","DaveBox","CombinedTypeHook","SynthV:TestCard","Bird Faced Urn","hubris:Reverence","Matryoshka","StrikeDummy","Civilization","Potion Belt","Anchor","hubris:HerbalPaste","hubris:FruitBowl","hubris:MedicalManual","BloodWine","hubris:MobiusCoin","StoneCalendar","Toy Ornithopter","conspire:TopHat","hubris:DisguiseKit","conspire:Flyswatter","Frozen Egg 2","SynthV","Bottled Lightning","Strange Spoon","hermit:Spyglass","SlaversCollar","hubris:EmptyBottle","Grinning Jar","hermit:CharredGlove","Lizard Tail","hermit:RyeStalk","infinitespire:Lychee Nut","Ornamental Fan","infinitespire:Midas Blood","BargainBundle","Bronze Scales","hubris:BottledRain"],"acts_visited":["Exordium","theJungle:Jungle","theFactory:Factory","TheEnding"],"potions_floor_usage":[55,55,55,55,55],"damage_taken":[{"damage":2.0,"enemies":"Jaw Worm","floor":1.0,"turns":2.0},{"damage":0.0,"enemies":"Cultist","floor":3.0,"turns":2.0},{"damage":6.0,"enemies":"conspire:RoseBush","floor":4.0,"turns":2.0},{"damage":0.0,"enemies":"Exordium Thugs","floor":5.0,"turns":3.0},{"damage":6.0,"enemies":"Replay:BlueRogue","floor":6.0,"turns":3.0},{"damage":4.0,"enemies":"HollowMod:MossKnight","floor":8.0,"turns":2.0},{"damage":0.0,"enemies":"Replay:BlueRogue","floor":10.0,"turns":2.0},{"damage":3.0,"enemies":"conspire:2 RoseBushes","floor":11.0,"turns":2.0},{"damage":13.0,"enemies":"The Guardian","floor":16.0,"turns":6.0},{"damage":3.0,"enemies":"theJungle:5_Spyders","floor":18.0,"turns":3.0},{"damage":2.0,"enemies":"theJungle:GiantWrat","floor":19.0,"turns":2.0},{"damage":2.0,"enemies":"theJungle:JungleHuntersEncounter","floor":20.0,"turns":2.0},{"damage":3.0,"enemies":"theJungle:2_Phrogs","floor":25.0,"turns":2.0},{"damage":0,"enemies":"theJungle:Lyon","floor":28,"turns":1},{"damage":7,"enemies":"theJungle:2_Flameangoes","floor":29,"turns":2},{"damage":0,"enemies":"theJungle:Snecko_Cultist_And_Trap","floor":30,"turns":2},{"damage":6,"enemies":"theJungle:FunGuy","floor":33,"turns":2},{"damage":0,"enemies":"theFactory:BigBot","floor":35,"turns":1},{"damage":3,"enemies":"theFactory:2_Experiment_Personnel","floor":36,"turns":3},{"damage":5,"enemies":"theFactory:Personnel_and_Mini-Bots","floor":38,"turns":2},{"damage":0,"enemies":"theFactory:Manservantes","floor":41,"turns":2},{"damage":0,"enemies":"theFactory:SmogElemental","floor":42,"turns":1},{"damage":0,"enemies":"theFactory:Manservantes","floor":44,"turns":1},{"damage":0,"enemies":"theFactory:DefectiveSentry","floor":45,"turns":1},{"damage":0,"enemies":"theFactory:DecayingSentinel","floor":46,"turns":1},{"damage":0,"enemies":"theFactory:DrinkBrewer","floor":47,"turns":1},{"damage":4,"enemies":"theFactory:Personnel_and_Mini-Bots","floor":48,"turns":1},{"damage":3,"enemies":"theFactory:Experiment01","floor":50,"turns":2},{"damage":2,"enemies":"Shield and Spear","floor":54,"turns":1},{"damage":0,"enemies":"The Heart","floor":55,"turns":3}],"seed_played":"9051749096656096435","potions_obtained":[{"floor":3.0,"key":"SteroidPotion"},{"floor":6.0,"key":"BlessingOfTheForge"},{"floor":8.0,"key":"Toxic Potion"},{"floor":16.0,"key":"Block Potion"},{"floor":18.0,"key":"PowerPotion"},{"floor":24.0,"key":"Strength Potion"},{"floor":24.0,"key":"LifebloodPotion"},{"floor":30,"key":"Block Potion"},{"floor":44,"key":"SteroidPotion"},{"floor":45,"key":"Flashbang"}],"is_trial":false,"path_per_floor":["M","?","M","M","M","E","R","E","T","E","M","$","?","$","R","B",null,"M","M","M","AVR","?","R","?","E","T","$","M","M","M","$","R","B",null,"M","M","?","M","$","R","E","E","T","E","M","M","E","M","R","B",null,"R","$","E","B",null],"character_chosen":"HERMIT","items_purchased":["Civilization","Potion Belt","Anchor","hubris:HerbalPaste","hubris:FruitBowl","hubris:MedicalManual","Frozen Egg 2","SynthV","Bottled Lightning","Strange Spoon","hermit:Spyglass","Grinning Jar","infinitespire:Lychee Nut","Ornamental Fan","ReplayTheSpireMod:Private Reserves","Replay:Bootleg Shield Generator","hermit:Brawl+1","infinitespire:Midas Blood","BargainBundle","Bronze Scales"],"campfire_rested":6,"item_purchase_floors":[12,12,12,12,14,14,27,27,27,31,31,39,53,53,53,53,53,53,53,53],"current_hp_per_floor":[73,73,73,67,67,61,61,57,57,57,54,54,54,15,37,31,76,85,93,107,107,107,108,108,123,123,123,141,159,187,187,187,209,212,239,269,253,287,287,305,347,390,390,435,481,530,581,634,638,696,696,696,435,494,559],"gold":220,"neow_bonus":"THREE_CARDS","is_daily":false,"chose_seed":false,"campfire_upgraded":30,"win_rate":0.0,"timestamp":1610473446,"path_taken":["M","?","?","M","M","E","R","E","T","E","M","$","?","?","R","BOSS","M","M","M","AVR","?","R","?","E","T","$","M","?","?","?","R","BOSS","M","M","?","M","$","R","E","E","T","E","M","M","E","M","R","BOSS","R","$","E","BOSS"],"items_purchased_type":["Relic","Relic","Relic","Relic","Relic","Relic","Relic","Relic","Relic","Relic","Relic","Relic","Relic","Relic","Card","Card","Card","Relic","Relic","Relic"],"build_version":"2020-12-22","purchased_purges":0,"victory":true,"max_hp_per_floor":[75,75,75,75,75,75,75,75,75,75,75,75,75,75,75,76,76,85,95,108,108,108,108,108,124,124,124,142,163,187,187,187,212,212,239,269,269,305,305,305,347,390,390,435,481,530,581,638,638,696,696,696,435,496,559],"card_choices":[{"not_picked":["hermit:Snipe","hermit:Shortfuse"],"picked":"hermit:Virtue","floor":0.0},{"not_picked":["hermit:Dive","hermit:Shortfuse"],"picked":"hermit:Ricochet","floor":1.0},{"not_picked":["hermit:TrackingShot","hermit:Cheat","hermit:Grudge","hermit:Deadeye"],"picked":"hermit:Headshot","floor":3.0},{"not_picked":["hermit:CalledShot","hermit:TrackingShot","hermit:DeadMansHand","hermit:Vantage"],"picked":"hermit:Glare","floor":4.0},{"not_picked":["hermit:SprayPray","hermit:HighCaliber","hermit:ItchyTrigger","hermit:Headshot"],"picked":"hermit:Snipe","floor":5.0},{"not_picked":["hermit:DeadMansHand","hermit:NoHoldsBarred","hermit:Dissolve","hermit:Spite"],"picked":"hermit:Scavenge","floor":6.0},{"not_picked":["hermit:Gestalt","hermit:BodyArmor","hermit:Spite","hermit:FullyLoaded"],"picked":"hermit:LuckOfTheDraw","floor":8.0},{"not_picked":["hermit:Roulette","hermit:Virtue","hermit:TrackingShot","hermit:Dive"],"picked":"hermit:Feint","floor":10.0},{"not_picked":["hermit:LowProfile","hermit:CalledShot","hermit:Headshot","hermit:Manifest"],"picked":"hermit:CursedWeapon","floor":11.0},{"not_picked":["hermit:DeadOrAlive","hermit:FatalDesire","hermit:EternalForm","hermit:Magnum"],"picked":"hermit:Dissolve","floor":16.0},{"not_picked":["hermit:Feint+1","hermit:Virtue","hermit:Headshot","hermit:Shortfuse"],"picked":"hermit:WideOpen+1","floor":18.0},{"not_picked":["hermit:Grudge","hermit:FullyLoaded","hermit:LowProfile+1","hermit:NoHoldsBarred","hermit:Showdown"],"picked":"SKIP","floor":19.0},{"not_picked":["hermit:Purgatory","hermit:Grudge","hermit:ShadowCloak","hermit:Desperado+1","hermit:LuckOfTheDraw"],"picked":"SKIP","floor":20.0},{"not_picked":["hermit:Midnight","hermit:FullyLoaded","hermit:LowProfile","hermit:HighCaliber"],"picked":"hermit:Coalescence","floor":24.0},{"not_picked":["hermit:Showdown","hermit:SprayPray","hermit:BigShot+1","hermit:Roulette"],"picked":"hermit:Glare","floor":25.0},{"not_picked":["hermit:Ricochet","hermit:FullyLoaded","hermit:ItchyTrigger","hermit:Shortfuse","hermit:Malice","hubris:ReadiedAction"],"picked":"SKIP","floor":28},{"not_picked":["hermit:ShadowCloak+1","hermit:WideOpen","hermit:Manifest","hermit:LuckOfTheDraw","Run Through"],"picked":"hermit:Enervate+1","floor":29},{"not_picked":["hermit:ItchyTrigger","hermit:Snipe","hermit:SprayPray","hermit:Coalescence","Wild Strike"],"picked":"hermit:Quickdraw","floor":30},{"not_picked":["hermit:Desperado","hermit:Snipe+1","hermit:TrackingShot","hermit:HighCaliber","Evolve"],"picked":"hermit:Glare+1","floor":35},{"not_picked":["hermit:TakeAim+1","hermit:NoHoldsBarred","hermit:LuckOfTheDraw+1","hermit:HoleUp","Shrug It Off"],"picked":"hermit:EyeOfTheStorm","floor":36},{"not_picked":["hermit:Manifest","hermit:LowProfile+1","hermit:LuckOfTheDraw+1","hermit:Spite","MostiFishMod:WingOfPhoenix"],"picked":"hermit:TrackingShot","floor":38},{"not_picked":["hermit:LuckOfTheDraw","hermit:Headshot+1","hermit:DeadOrAlive","hermit:HighCaliber+1","Defy Death"],"picked":"hermit:Quickdraw","floor":41},{"not_picked":["hermit:HighNoon+1","hermit:WideOpen","hermit:TakeAim+1","hermit:Malice","Clash"],"picked":"hermit:CursedWeapon","floor":42},{"not_picked":["hermit:LowProfile","hermit:WideOpen+1","hermit:Showdown+1","hermit:Coalescence","Whirlwind"],"picked":"hermit:Quickdraw","floor":44},{"not_picked":["hermit:ItchyTrigger+1","hermit:Grudge","hermit:Snipe+1","hermit:HighCaliber","Clothesline"],"picked":"hermit:EyeOfTheStorm","floor":45},{"not_picked":["hermit:Enervate","hermit:BodyArmor+1","hermit:Malice+1","hermit:TakeAim+1","Twin Strike"],"picked":"hermit:LoneWolf+1","floor":46},{"not_picked":["hermit:HoleUp","hermit:CalledShot","hermit:Ricochet+1","hermit:SprayPray+1","Rage"],"picked":"hermit:EyeOfTheStorm","floor":47},{"not_picked":["hermit:LowProfile","hermit:Gestalt+1","hermit:Desperado+1","hermit:Roulette+1","Infernal Blade"],"picked":"hermit:EyeOfTheStorm+1","floor":48},{"not_picked":["hermit:Dive+1","hermit:LowProfile","hermit:GhostlyPresence","hermit:HighCaliber","Twin Strike"],"picked":"hermit:Horror+1","floor":54}],"player_experience":221058,"relics_obtained":[{"floor":1.0,"key":"SynthV:TestCard"},{"floor":6.0,"key":"Bird Faced Urn"},{"floor":8.0,"key":"hubris:Reverence"},{"floor":9.0,"key":"Matryoshka"},{"floor":10.0,"key":"StrikeDummy"},{"floor":24.0,"key":"StoneCalendar"},{"floor":24.0,"key":"Toy Ornithopter"},{"floor":25.0,"key":"conspire:TopHat"},{"floor":26.0,"key":"hubris:DisguiseKit"},{"floor":26.0,"key":"conspire:Flyswatter"},{"floor":41,"key":"hermit:CharredGlove"},{"floor":42,"key":"Lizard Tail"},{"floor":44,"key":"hermit:RyeStalk"},{"floor":54,"key":"hubris:BottledRain"}],"event_choices":[{"damage_healed":0.0,"max_hp_gain":0.0,"max_hp_loss":0.0,"gold_gain":100.0,"event_name":"Wheel of Change","player_choice":"Gold","floor":2.0,"gold_loss":0.0,"damage_taken":0.0},{"damage_healed":0.0,"max_hp_gain":0.0,"max_hp_loss":0.0,"gold_gain":0.0,"event_name":"conspire:LoneGhost","player_choice":"Disagree","floor":13.0,"gold_loss":0.0,"damage_taken":0.0}],"is_beta":false,"boss_relics":[{"not_picked":["HaiYi:Twilight","hubris:BlackHole"],"picked":"BloodWine"},{"not_picked":["Sozu","ChiXiaoBlade"],"picked":"SlaversCollar"}],"items_purged_floors":[],"is_endless":false,"potions_floor_spawned":[3,6,8,16,18,25,29,30,44,45,47,48,50],"ascension_level":3}}