{"host":"wha9hktbkslqvblg","time":1610448544,"event":{"mods":["BaseMod","Colored Map","Minty Spire (QoL Compilation)","Relic Stats","SuperFastMode","everything is the same but u backflip on backflip"],"gold_per_floor":[367,367,442,20,20,20,53,72,123,123,138,138,171,184,184,273,273,298,321,321,236,80,116,128,140,152,164,199,111,154,177,177,270,270,286,286,317,332,257,292,292,308,362,396,430,7,51,92,92,92,92,92,92,42,77,77],"floor_reached":57,"playtime":1832,"items_purged":["Strike_P","Defend_P","Defend_P+1","Strike_P+1"],"score":3659,"play_id":"c9edb213-9bac-4c1f-a895-f653a5c859d6","local_time":"20210112194904","is_ascension_mode":true,"campfire_choices":[{"data":"Eruption","floor":6.0,"key":"SMITH"},{"floor":10.0,"key":"REST"},{"data":"Tantrum","floor":15.0,"key":"SMITH"},{"floor":24.0,"key":"RECALL"},{"floor":32.0,"key":"REST"},{"data":"Strike_P+1","floor":41.0,"key":"PURGE"},{"data":"Strike_P+1","floor":49.0,"key":"PURGE"},{"data":"LessonLearned+1","floor":53.0,"key":"PURGE"}],"circlet_count":0,"master_deck":["AscendersBane","Defend_P+1","Eruption+1","Vigilance+1","Tantrum+1","Vault+1","Adaptation+1","InnerPeace+1","Vault+1"],"relics":["PureWater","Calipers","Golden Idol","PreservedInsect","Toy Ornithopter","HornCleat","Runic Pyramid","Shuriken","MawBank","The Courier","Fusion Hammer","WingedGreaves","Peace Pipe","Orichalcum","Smiling Mask","Juzu Bracelet","ClockworkSouvenir","Torii","Mango","Lantern","Bag of Preparation"],"acts_visited":["Exordium","TheCity","TheBeyond","TheEnding"],"potions_floor_usage":[56,56],"damage_taken":[{"damage":3.0,"enemies":"Small Slimes","floor":1.0,"turns":3.0},{"damage":17.0,"enemies":"Lagavulin","floor":7.0,"turns":7.0},{"damage":0.0,"enemies":"2 Louse","floor":8.0,"turns":2.0},{"damage":7.0,"enemies":"Cultist","floor":11.0,"turns":4.0},{"damage":0.0,"enemies":"3 Sentries","floor":13.0,"turns":3.0},{"damage":9.0,"enemies":"Looter","floor":14.0,"turns":4.0},{"damage":36.0,"enemies":"Slime Boss","floor":16.0,"turns":7.0},{"damage":20.0,"enemies":"2 Thieves","floor":18.0,"turns":4.0},{"damage":0.0,"enemies":"Spheric Guardian","floor":19.0,"turns":4.0},{"damage":0.0,"enemies":"Book of Stabbing","floor":23.0,"turns":3.0},{"damage":0.0,"enemies":"Chosen and Byrds","floor":28.0,"turns":4.0},{"damage":30.0,"enemies":"Slavers","floor":30.0,"turns":3.0},{"damage":0.0,"enemies":"Sentry and Sphere","floor":31.0,"turns":4.0},{"damage":7.0,"enemies":"Automaton","floor":33.0,"turns":6.0},{"damage":1.0,"enemies":"3 Darklings","floor":35.0,"turns":5.0},{"damage":0.0,"enemies":"Mind Bloom Boss Battle","floor":37.0,"turns":4.0},{"damage":0.0,"enemies":"Orb Walker","floor":38.0,"turns":3.0},{"damage":0.0,"enemies":"Reptomancer","floor":40.0,"turns":4.0},{"damage":0.0,"enemies":"4 Shapes","floor":42.0,"turns":3.0},{"damage":13.0,"enemies":"Nemesis","floor":44.0,"turns":4.0},{"damage":0.0,"enemies":"Giant Head","floor":45.0,"turns":4.0},{"damage":0.0,"enemies":"Reptomancer","floor":47.0,"turns":4.0},{"damage":0.0,"enemies":"Nemesis","floor":48.0,"turns":3.0},{"damage":0.0,"enemies":"Awakened One","floor":50.0,"turns":4.0},{"damage":0.0,"enemies":"Donu and Deca","floor":51.0,"turns":4.0},{"damage":0.0,"enemies":"Shield and Spear","floor":55.0,"turns":3.0},{"damage":0,"enemies":"The Heart","floor":56,"turns":6}],"seed_played":"6926383796876910221","potions_obtained":[{"floor":8.0,"key":"Strength Potion"},{"floor":11.0,"key":"Block Potion"},{"floor":13.0,"key":"DuplicationPotion"},{"floor":23.0,"key":"Strength Potion"},{"floor":30.0,"key":"Block Potion"},{"floor":31.0,"key":"StancePotion"},{"floor":35.0,"key":"SteroidPotion"},{"floor":40.0,"key":"Dexterity Potion"},{"floor":45.0,"key":"DuplicationPotion"}],"is_trial":false,"path_per_floor":["M","?","?","$","?","R","E","M","T","R","M","?","E","M","R","B",null,"M","M","?","?","$","E","R","$","T","?","M","$","E","M","R","B",null,"M","?","?","M","?","E","R","M","T","E","E","$","E","E","R","B","B",null,"R","$","E","B",null],"character_chosen":"WATCHER","items_purchased":["Calipers","Tantrum","DistilledChaos","ClockworkSouvenir","Torii"],"campfire_rested":2,"item_purchase_floors":[4,4,22,46,46],"current_hp_per_floor":[40,40,29,29,29,29,12,12,12,30,23,62,62,53,53,22,52,32,32,32,32,32,42,42,42,42,42,42,42,12,12,30,28,54,53,53,62,62,62,62,62,62,62,49,49,49,63,63,63,63,63,73,73,73,73,76],"gold":77,"neow_bonus":"TWO_FIFTY_GOLD","is_daily":false,"chose_seed":false,"campfire_upgraded":2,"win_rate":0.0,"timestamp":1610448544,"path_taken":["M","?","?","$","?","R","E","M","T","R","M","?","E","M","R","BOSS","M","?","?","?","?","E","R","$","T","?","M","$","E","M","R","BOSS","M","?","?","M","?","E","R","?","T","E","E","$","E","E","R","BOSS","BOSS","R","$","E","BOSS"],"items_purchased_type":["Relic","Card","Potion","Relic","Relic"],"build_version":"2020-12-22","purchased_purges":4,"victory":true,"max_hp_per_floor":[68,68,68,68,62,62,62,62,62,62,62,62,62,62,62,62,62,62,62,62,62,62,62,62,62,62,62,62,62,62,62,62,62,62,62,62,62,62,62,62,62,62,62,62,62,62,76,76,76,76,76,76,76,76,76,76],"relic_stats":{"Torii":0,"counters":[27,109],"Golden Idol":215,"PreservedInsect":561,"Juzu Bracelet":0,"Bag of Preparation":[2],"Orichalcum":[54],"MawBank":72,"Smiling Mask":120,"Peace Pipe":3,"Shuriken":[57],"obtain_stats":[{"Lantern":48,"Calipers":4,"Torii":46,"Golden Idol":5,"Mango":47,"PreservedInsect":7,"The Courier":30,"Juzu Bracelet":45,"Bag of Preparation":55,"Orichalcum":43,"MawBank":23,"Smiling Mask":44,"ClockworkSouvenir":46,"Peace Pipe":40,"HornCleat":13,"Shuriken":21,"Fusion Hammer":34,"WingedGreaves":37,"PureWater":0,"Toy Ornithopter":9,"Runic Pyramid":17},{"Lantern":23,"Calipers":1,"Torii":21,"Golden Idol":1,"Mango":22,"PreservedInsect":2,"The Courier":12,"Juzu Bracelet":21,"Bag of Preparation":26,"Orichalcum":19,"MawBank":10,"Smiling Mask":20,"ClockworkSouvenir":21,"Peace Pipe":18,"HornCleat":5,"Shuriken":9,"Fusion Hammer":14,"WingedGreaves":16,"PureWater":0,"Toy Ornithopter":3,"Runic Pyramid":7},{"Lantern":92,"Calipers":3,"Torii":85,"Golden Idol":3,"Mango":89,"PreservedInsect":10,"The Courier":48,"Juzu Bracelet":85,"Bag of Preparation":103,"Orichalcum":77,"MawBank":41,"Smiling Mask":81,"ClockworkSouvenir":85,"Peace Pipe":74,"HornCleat":19,"Shuriken":38,"Fusion Hammer":58,"WingedGreaves":67,"PureWater":0,"Toy Ornithopter":12,"Runic Pyramid":30}],"Toy Ornithopter":32},"card_choices":[{"not_picked":["FlyingSleeves","CrushJoints","Study"],"picked":"SKIP","floor":1.0},{"not_picked":["Consecrate","Prostrate","Protect"],"picked":"SKIP","floor":7.0},{"not_picked":["CutThroughFate","EmptyBody"],"picked":"Study","floor":8.0},{"not_picked":["Establishment","Sanctity","Consecrate"],"picked":"SKIP","floor":11.0},{"not_picked":["TalkToTheHand","EmptyBody"],"picked":"Pray","floor":13.0},{"not_picked":["Pray","FollowUp","Fasting2"],"picked":"SKIP","floor":14.0},{"not_picked":["DevaForm","Wish"],"picked":"Vault","floor":16.0},{"not_picked":["Tantrum","Meditate","ThirdEye"],"picked":"SKIP","floor":18.0},{"not_picked":["Protect","EmptyFist"],"picked":"Adaptation+1","floor":19.0},{"not_picked":["Halt","SignatureMove","LessonLearned"],"picked":"SKIP","floor":23.0},{"not_picked":["BowlingBash","Wireheading","Halt+1"],"picked":"SKIP","floor":28.0},{"not_picked":["CrushJoints","InnerPeace+1","JustLucky"],"picked":"SKIP","floor":30.0},{"not_picked":["ReachHeaven","FlyingSleeves","ClearTheMind"],"picked":"SKIP","floor":31.0},{"not_picked":["Brilliance","SpiritShield"],"picked":"Vault","floor":33.0},{"not_picked":["ForeignInfluence","FlyingSleeves","ReachHeaven"],"picked":"SKIP","floor":35.0},{"not_picked":["Halt+1","ClearTheMind","Swivel"],"picked":"SKIP","floor":38.0},{"not_picked":["Protect","SignatureMove","LikeWater"],"picked":"SKIP","floor":40.0},{"not_picked":["Vengeance","Weave","ThirdEye"],"picked":"SKIP","floor":42.0},{"not_picked":["Protect+1","EmptyFist","ConjureBlade"],"picked":"SKIP","floor":44.0},{"not_picked":["Wallop","ThirdEye+1","MasterReality"],"picked":"SKIP","floor":45.0},{"not_picked":["SignatureMove+1","Conclude+1","Tantrum"],"picked":"SKIP","floor":47.0},{"not_picked":["Judgement","ThirdEye","DeusExMachina"],"picked":"SKIP","floor":48.0},{"not_picked":["BattleHymn","EmptyMind+1","ThirdEye"],"picked":"SKIP","floor":55.0}],"player_experience":957008,"relics_obtained":[{"floor":7.0,"key":"PreservedInsect"},{"floor":9.0,"key":"Toy Ornithopter"},{"floor":13.0,"key":"HornCleat"},{"floor":23.0,"key":"MawBank"},{"floor":30.0,"key":"The Courier"},{"floor":37.0,"key":"WingedGreaves"},{"floor":40.0,"key":"Peace Pipe"},{"floor":43.0,"key":"Orichalcum"},{"floor":44.0,"key":"Smiling Mask"},{"floor":45.0,"key":"Juzu Bracelet"},{"floor":47.0,"key":"Mango"},{"floor":48.0,"key":"Lantern"},{"floor":55.0,"key":"Bag of Preparation"}],"event_choices":[{"damage_healed":0.0,"max_hp_gain":0.0,"max_hp_loss":0.0,"gold_gain":0.0,"cards_transformed":["Defend_P"],"event_name":"Living Wall","player_choice":"Change","floor":2.0,"gold_loss":0.0,"damage_taken":0.0,"cards_obtained":["LessonLearned"]},{"damage_healed":0.0,"max_hp_gain":0.0,"max_hp_loss":0.0,"gold_gain":75.0,"event_name":"World of Goop","player_choice":"Gather Gold","floor":3.0,"gold_loss":0.0,"damage_taken":11.0},{"damage_healed":0.0,"max_hp_gain":0.0,"max_hp_loss":6.0,"gold_gain":0.0,"event_name":"Golden Idol","player_choice":"Lose Max HP","floor":5.0,"gold_loss":0.0,"damage_taken":0.0,"relics_obtained":["Golden Idol"]},{"cards_removed":["Study"],"damage_healed":39.0,"max_hp_gain":0.0,"max_hp_loss":0.0,"gold_gain":0.0,"event_name":"Bonfire Elementals","player_choice":"Offered Uncommon","floor":12.0,"gold_loss":0.0,"damage_taken":0.0},{"damage_healed":0.0,"max_hp_gain":0.0,"max_hp_loss":0.0,"gold_gain":0.0,"event_name":"Cursed Tome","player_choice":"Ignored","floor":20.0,"gold_loss":0.0,"damage_taken":0.0},{"damage_healed":0.0,"max_hp_gain":0.0,"max_hp_loss":0.0,"gold_gain":0.0,"event_name":"Addict","player_choice":"Obtained Relic","floor":21.0,"gold_loss":85.0,"damage_taken":0.0,"relics_obtained":["Shuriken"]},{"damage_healed":0.0,"max_hp_gain":0.0,"max_hp_loss":0.0,"gold_gain":0.0,"event_name":"The Library","player_choice":"Read","floor":27.0,"gold_loss":0.0,"damage_taken":0.0,"cards_obtained":["InnerPeace"]},{"damage_healed":0.0,"max_hp_gain":0.0,"max_hp_loss":0.0,"gold_gain":0.0,"event_name":"Tomb of Lord Red Mask","player_choice":"Ignored","floor":36.0,"gold_loss":0.0,"damage_taken":0.0},{"damage_healed":0.0,"max_hp_gain":0.0,"max_hp_loss":0.0,"gold_gain":0.0,"event_name":"MindBloom","player_choice":"Fight","floor":37.0,"gold_loss":0.0,"damage_taken":0.0},{"cards_removed":["Pray"],"damage_healed":0.0,"max_hp_gain":0.0,"max_hp_loss":0.0,"gold_gain":0.0,"event_name":"Designer","player_choice":"Single Remove","floor":39.0,"gold_loss":75.0,"damage_taken":0.0}],"is_beta":false,"boss_relics":[{"not_picked":["Empty Cage","Coffee Dripper"],"picked":"Runic Pyramid"},{"not_picked":["SacredBark","VioletLotus"],"picked":"Fusion Hammer"}],"items_purged_floors":[22,29,46,54],"is_endless":false,"potions_floor_spawned":[8,11,13,23,30,31,35,40,45,48,55],"ascension_level":20}}