{"host":"zekcc3vicrep0och","time":1610454423,"event":{"mods":["AchievementEnabler","BaseMod","Colored Map","Colored Powertips","Displayed Cursed Tome","Highlight Path","Minty Spire (QoL Compilation)","Quick Restart","Relic Stats","StSLib","The Cursed"],"gold_per_floor":[112,112,132,150,170,170,205,205,205,225,107,107,107,107,107,181,181,195,245,245,445,464,464,464],"floor_reached":23,"playtime":927,"items_purged":[],"score":394,"play_id":"cede9d98-1f4c-4080-9bde-261fd8bc2764","local_time":"20210112152703","is_ascension_mode":true,"campfire_choices":[{"data":"Anger","floor":6.0,"key":"SMITH"},{"data":"1","floor":12.0,"key":"LIFT"},{"data":"2","floor":13.0,"key":"LIFT"},{"floor":15.0,"key":"REST"}],"circlet_count":0,"master_deck":["AscendersBane","Defend_R","Defend_R+1","Defend_R","Defend_R+1","Bash+1","Twin Strike","Anger+1","Headbutt","Twin Strike","Perfected Strike","Armaments+1","Berserk","CurseOfTheBell","Flame Barrier","Bite","Bite","Bite","Bite","Bite","Uppercut"],"relics":["Burning Blood","NeowsBlessing","Girya","WingedGreaves","Calling Bell","Meat on the Bone","Pocketwatch","Tiny Chest"],"acts_visited":["Exordium","TheCity"],"potions_floor_usage":[22],"damage_taken":[{"damage":0.0,"enemies":"Small Slimes","floor":1.0,"turns":2.0},{"damage":0.0,"enemies":"Cultist","floor":3.0,"turns":1.0},{"damage":0.0,"enemies":"2 Louse","floor":4.0,"turns":1.0},{"damage":8.0,"enemies":"2 Fungi Beasts","floor":5.0,"turns":3.0},{"damage":40.0,"enemies":"3 Sentries","floor":7.0,"turns":9.0},{"damage":8.0,"enemies":"Blue Slaver","floor":10.0,"turns":3.0},{"damage":28.0,"enemies":"The Guardian","floor":16.0,"turns":14.0},{"damage":34.0,"enemies":"Shell Parasite","floor":18.0,"turns":5.0},{"damage":12,"enemies":"Chosen","floor":22,"turns":5},{"damage":75,"enemies":"Book of Stabbing","floor":23,"turns":5}],"seed_played":"-6811215066671929880","potions_obtained":[{"floor":1.0,"key":"FairyPotion"},{"floor":18.0,"key":"Swift Potion"}],"is_trial":false,"path_per_floor":["M","?","M","M","M","R","E","?","T","M","$","R","R","?","R","B",null,"M","?","?","?","M","E"],"character_chosen":"IRONCLAD","items_purchased":["Perfected Strike","Armaments"],"campfire_rested":1,"item_purchase_floors":[11,11],"current_hp_per_floor":[74,74,75,75,73,73,39,16,16,14,14,14,14,14,36,14,60,44,44,44,44,49,0,0],"gold":464,"neow_bonus":"THREE_ENEMY_KILL","is_daily":false,"chose_seed":false,"campfire_upgraded":1,"win_rate":0.0,"timestamp":1610454423,"path_taken":["M","?","M","?","M","R","E","?","T","M","$","R","R","?","R","BOSS","M","?","?","?","M","E"],"items_purchased_type":["Card","Card"],"build_version":"2020-12-22","purchased_purges":0,"victory":false,"max_hp_per_floor":[75,75,75,75,75,75,75,75,75,75,75,75,75,75,75,75,75,75,75,52,52,52,52,52],"relic_stats":{"counters":[10,48],"Tiny Chest":0,"obtain_stats":[{"Calling Bell":17,"Girya":7,"NeowsBlessing":0,"Tiny Chest":17,"WingedGreaves":9,"Burning Blood":0,"Meat on the Bone":17,"Pocketwatch":17},{"Calling Bell":7,"Girya":5,"NeowsBlessing":0,"Tiny Chest":7,"WingedGreaves":5,"Burning Blood":0,"Meat on the Bone":7,"Pocketwatch":7},{"Calling Bell":33,"Girya":16,"NeowsBlessing":0,"Tiny Chest":33,"WingedGreaves":16,"Burning Blood":0,"Meat on the Bone":33,"Pocketwatch":33}],"Burning Blood":43,"Meat on the Bone":12,"Pocketwatch":[24]},"card_choices":[{"not_picked":["Rage","Entrench"],"picked":"Twin Strike","floor":1.0},{"not_picked":["Warcry","Body Slam","Heavy Blade"],"picked":"SKIP","floor":3.0},{"not_picked":["Heavy Blade","Reckless Charge"],"picked":"Anger","floor":4.0},{"not_picked":["Evolve","Bludgeon"],"picked":"Headbutt","floor":5.0},{"not_picked":["Headbutt","Burning Pact"],"picked":"Twin Strike","floor":7.0},{"not_picked":["Evolve","Headbutt","Pummel"],"picked":"SKIP","floor":10.0},{"not_picked":["Juggernaut","Demon Form"],"picked":"Berserk","floor":16.0},{"not_picked":["Entrench","Heavy Blade"],"picked":"Flame Barrier","floor":18.0},{"not_picked":["Clash","Sword Boomerang"],"picked":"Uppercut","floor":22}],"player_experience":519368,"relics_obtained":[{"floor":7.0,"key":"Girya"},{"floor":9.0,"key":"WingedGreaves"},{"floor":17.0,"key":"Meat on the Bone"},{"floor":17.0,"key":"Pocketwatch"},{"floor":17.0,"key":"Tiny Chest"}],"event_choices":[{"damage_healed":0.0,"max_hp_gain":0.0,"max_hp_loss":0.0,"gold_gain":0.0,"event_name":"Accursed Blacksmith","player_choice":"Forge","floor":2.0,"gold_loss":0.0,"damage_taken":0.0,"cards_upgraded":["Bash"]},{"damage_healed":0.0,"max_hp_gain":0.0,"max_hp_loss":0.0,"gold_gain":0.0,"event_name":"Shining Light","player_choice":"Entered Light","floor":8.0,"gold_loss":0.0,"damage_taken":23.0,"cards_upgraded":["Defend_R","Defend_R"]},{"damage_healed":0.0,"max_hp_gain":0.0,"max_hp_loss":0.0,"gold_gain":0.0,"event_name":"Living Wall","player_choice":"Grow","floor":14.0,"gold_loss":0.0,"damage_taken":0.0,"cards_upgraded":["Armaments"]},{"damage_healed":0.0,"max_hp_gain":0.0,"max_hp_loss":0.0,"gold_gain":50.0,"event_name":"Nest","player_choice":"Stole From Cult","floor":19.0,"gold_loss":0.0,"damage_taken":0.0},{"damage_healed":0.0,"max_hp_gain":0.0,"max_hp_loss":23.0,"gold_gain":0.0,"event_name":"Vampires","player_choice":"Became a vampire","floor":20.0,"gold_loss":0.0,"damage_taken":0.0,"cards_obtained":["Bite","Bite","Bite","Bite","Bite"]},{"damage_healed":0.0,"max_hp_gain":0.0,"max_hp_loss":0.0,"gold_gain":250.0,"event_name":"The Joust","player_choice":"Bet on Owner","floor":21.0,"gold_loss":50.0,"damage_taken":0.0}],"is_beta":false,"boss_relics":[{"not_picked":["Runic Pyramid","Black Star"],"picked":"Calling Bell"}],"items_purged_floors":[],"is_endless":false,"potions_floor_spawned":[1,18],"killed_by":"Book of Stabbing","ascension_level":19}}