{"host":"5dzuyvrjb30uqvwu","time":1610484398,"event":{"mods":["AchievementEnabler","BaseMod","Colored Powertips","Lobotomy","Minty Spire (QoL Compilation)","Quick Restart","slay the spire mod where everything is the same but ironclad has a cowboy hat"],"gold_per_floor":[118,118,132,57,57,90,90,129,156,156,431,431,431,431],"floor_reached":13,"playtime":0,"items_purged":["Defend_R"],"score":93,"play_id":"49081e69-38a3-4423-95c1-f06cb62aa324","local_time":"20210112124638","is_ascension_mode":true,"campfire_choices":[{"data":"Bash","floor":7.0,"key":"SMITH"},{"data":"Defend_R","floor":10.0,"key":"PURGE"},{"data":"CrumblingArmor","floor":12.0,"key":"PURGE"}],"circlet_count":0,"master_deck":["Strike_R","Strike_R","Strike_R","Strike_R","Strike_R","Defend_R","Bash+1","RedShoes","Twin Strike","FieryBird","Regret"],"relics":["Burning Blood","CogitoBucket","RabbitCall","Golden Idol","Juzu Bracelet","Peace Pipe","Red Skull"],"acts_visited":["Exordium"],"potions_floor_usage":[],"damage_taken":[{"damage":4.0,"enemies":"Small Slimes","floor":1.0,"turns":4.0},{"damage":9.0,"enemies":"Cultist","floor":3.0,"turns":3.0},{"damage":14.0,"enemies":"3 Sentries","floor":6.0,"turns":4.0},{"damage":25.0,"enemies":"Gremlin Nob","floor":8.0,"turns":3.0},{"damage":0,"enemies":"3 Sentries","floor":13,"turns":1}],"seed_played":"8510987590941642983","potions_obtained":[{"floor":8.0,"key":"LiquidBronze"}],"is_trial":false,"path_per_floor":["M","?","M","$","?","E","R","E","T","R","?","R","E"],"character_chosen":"IRONCLAD","items_purchased":[],"campfire_rested":0,"item_purchase_floors":[],"current_hp_per_floor":[80,60,57,57,50,42,42,23,23,23,23,23,23,23],"gold":431,"neow_bonus":"","is_daily":false,"chose_seed":false,"campfire_upgraded":1,"win_rate":0.0,"timestamp":1610484398,"path_taken":["M","?","M","$","?","E","R","E","T","R","?","R","E"],"items_purchased_type":[],"build_version":"2020-12-22","purchased_purges":1,"victory":false,"max_hp_per_floor":[80,80,80,80,80,80,80,80,80,80,80,80,80,80],"card_choices":[{"not_picked":["CherryBlossoms","WallGazer","UniverseFragment"],"picked":"Singing Bowl","floor":1.0},{"not_picked":["OldLady","Bloodbath"],"picked":"RedShoes","floor":1.0},{"not_picked":["Armaments","Iron Wave"],"picked":"Twin Strike","floor":1.0},{"not_picked":["Wellcheers","Murderer"],"picked":"CrumblingArmor","floor":3.0},{"not_picked":["Fire Breathing","Intimidate","Iron Wave"],"picked":"SKIP","floor":3.0},{"not_picked":["SnowQueen","FairyFestival"],"picked":"FieryBird","floor":6.0},{"not_picked":["Warcry","Clash","Wild Strike"],"picked":"SKIP","floor":6.0},{"not_picked":["OSAHOGD","HeroicMonk","Scorched"],"picked":"Singing Bowl","floor":8.0},{"not_picked":["Body Slam","Entrench","Clash"],"picked":"SKIP","floor":8.0}],"player_experience":329287,"relics_obtained":[{"floor":6.0,"key":"Juzu Bracelet"},{"floor":8.0,"key":"Peace Pipe"},{"floor":9.0,"key":"Red Skull"}],"event_choices":[{"damage_healed":0.0,"max_hp_gain":0.0,"max_hp_loss":0.0,"gold_gain":0.0,"event_name":"Golden Idol","player_choice":"Take Damage","floor":2.0,"gold_loss":0.0,"damage_taken":20.0,"relics_obtained":["Golden Idol"]},{"cards_removed":["Defend_R"],"damage_healed":0.0,"max_hp_gain":0.0,"max_hp_loss":0.0,"gold_gain":0.0,"event_name":"Golden Wing","player_choice":"Card Removal","floor":5.0,"gold_loss":0.0,"damage_taken":7.0},{"damage_healed":0.0,"max_hp_gain":0.0,"max_hp_loss":0.0,"gold_gain":275.0,"event_name":"Golden Shrine","player_choice":"Desecrate","floor":11.0,"gold_loss":0.0,"damage_taken":0.0,"cards_obtained":["Regret"]}],"is_beta":false,"boss_relics":[],"items_purged_floors":[4],"is_endless":false,"potions_floor_spawned":[8],"killed_by":"3 Sentries","ascension_level":1}}