{"host":"8i4doyxqctgl5qb0","time":1610446181,"event":{"mods":["AchievementEnabler","BaseMod","Block Reminder","Colored Powertips","Downfall","Hermit","Minty Spire (QoL Compilation)","Permanent Neow","Potion Indicator Mod","Rare Cards Sparkle","StSLib","SuperFastMode","The Jungle"],"gold_per_floor":[110,127,202,202,215,215,231,121,121,121,121,146,156,9,9,110,110,130,100,100],"floor_reached":19,"playtime":472,"items_purged":["Strike_B"],"score":242,"play_id":"5121741d-21e4-4cc7-a5fe-f00f3a2adcd7","local_time":"20210112180941","is_ascension_mode":true,"campfire_choices":[{"floor":6,"key":"REST"},{"floor":11,"key":"REST"},{"floor":15,"key":"REST"}],"circlet_count":0,"master_deck":["Strike_B","Strike_B","Defend_B","Defend_B","Defend_B","Defend_B","Zap","Dualcast","Hologram","Static Discharge","Redo","Loop","Self Repair","Ball Lightning","Amplify","Consume"],"relics":["Cracked Core","Bronze Scales","Question Card","Mercury Hourglass","Orichalcum","Juzu Bracelet","SlaversCollar"],"acts_visited":["Exordium","TheCity"],"potions_floor_usage":[16],"damage_taken":[{"damage":1,"enemies":"Cultist","floor":1,"turns":3},{"damage":16,"enemies":"Small Slimes","floor":2,"turns":3},{"damage":2,"enemies":"Jaw Worm","floor":5,"turns":4},{"damage":28,"enemies":"Exordium Thugs","floor":7,"turns":4},{"damage":25,"enemies":"Gremlin Nob","floor":12,"turns":4},{"damage":4,"enemies":"Blue Slaver","floor":13,"turns":2},{"damage":39,"enemies":"Slime Boss","floor":16,"turns":7},{"damage":39,"enemies":"Shell Parasite","floor":18,"turns":4},{"damage":16,"enemies":"2 Thieves","floor":19,"turns":2}],"seed_played":"6989076999961233244","potions_obtained":[{"floor":2,"key":"PotionOfCapacity"},{"floor":7,"key":"SpeedPotion"},{"floor":12,"key":"Explosive Potion"},{"floor":13,"key":"Block Potion"},{"floor":18,"key":"Swift Potion"}],"is_trial":false,"path_per_floor":["M","M","?","?","M","R","M","$","T","T","R","E","M","$","R","B",null,"M","M"],"character_chosen":"DEFECT","items_purchased":["Loop","Juzu Bracelet"],"campfire_rested":3,"item_purchase_floors":[8,14],"current_hp_per_floor":[67,51,40,40,38,60,32,32,32,32,54,29,32,32,54,22,62,30,14,14],"gold":100,"neow_bonus":"RANDOM_COMMON_RELIC","is_daily":false,"chose_seed":false,"campfire_upgraded":0,"win_rate":0.0,"timestamp":1610446181,"path_taken":["M","M","?","?","M","R","M","$","T","?","R","E","?","?","R","BOSS","M","M"],"items_purchased_type":["Card","Relic"],"build_version":"2020-12-22","purchased_purges":1,"victory":false,"max_hp_per_floor":[75,75,75,75,75,75,75,75,75,75,75,75,75,75,75,75,75,75,75,75],"card_choices":[{"not_picked":["Sweeping Beam","Gash"],"picked":"Hologram","floor":1},{"not_picked":["Sweeping Beam","Leap","Stack"],"picked":"SKIP","floor":2},{"not_picked":["Beam Cell","Reprogram"],"picked":"Redo","floor":5},{"not_picked":["Redo","Barrage","Coolheaded"],"picked":"SKIP","floor":7},{"not_picked":["Conserve Battery","Turbo","Steam"],"picked":"Self Repair","floor":12},{"not_picked":["Gash","Barrage","Self Repair"],"picked":"Ball Lightning","floor":13},{"not_picked":["Reboot","Multi-Cast","Meteor Strike"],"picked":"Amplify","floor":16},{"not_picked":["Turbo","Coolheaded","Double Energy"],"picked":"Consume","floor":18}],"player_experience":169695,"relics_obtained":[{"floor":9,"key":"Question Card"},{"floor":10,"key":"Mercury Hourglass"},{"floor":12,"key":"Orichalcum"}],"event_choices":[{"damage_healed":0,"gold_gain":75,"player_choice":"Gather Gold","damage_taken":11,"max_hp_gain":0,"max_hp_loss":0,"event_name":"World of Goop","floor":3,"gold_loss":0},{"damage_healed":0,"gold_gain":0,"cards_transformed":["Strike_B"],"player_choice":"Change","damage_taken":0,"max_hp_gain":0,"max_hp_loss":0,"event_name":"Living Wall","floor":4,"gold_loss":0,"cards_obtained":["Static Discharge"]}],"is_beta":false,"boss_relics":[{"not_picked":["Snecko Eye","Runic Dome"],"picked":"SlaversCollar"}],"items_purged_floors":[8],"is_endless":false,"potions_floor_spawned":[2,7,12,13,18],"killed_by":"2 Thieves","ascension_level":9}}