{"host":"oehe2dxjvdgux73m","time":1610462643,"event":{"mods":["AchievementEnabler","BaseMod","Colored Map","Colored Powertips","DeckTracker","Keyboard Shortcuts","Minty Spire (QoL Compilation)","Permanent Neow","Quick Restart","StSLib","SuperFastMode"],"gold_per_floor":[109,128,143,158,175,175,208,208,208,222,236,248,282,294,294,396,396,408,408,426,441,112,112,131,147,147,174,186,202,212,225,225,326,376,396,414,414,426,244,244,276,295,295,65,65,65,96,113,113,113],"floor_reached":51,"playtime":2287,"items_purged":["Bash","Whirlwind"],"score":1091,"play_id":"67ce8be1-e02b-4854-9806-ea37db2c03b5","local_time":"20210112234403","is_ascension_mode":true,"campfire_choices":[{"data":"Wild Strike","floor":6.0,"key":"SMITH"},{"floor":8.0,"key":"REST"},{"data":"Body Slam","floor":15.0,"key":"SMITH"},{"data":"Body Slam","floor":23.0,"key":"SMITH"},{"floor":32.0,"key":"REST"},{"data":"Entrench","floor":40.0,"key":"SMITH"},{"floor":46.0,"key":"REST"},{"floor":49,"key":"REST"}],"circlet_count":0,"master_deck":["Second Wind+1","Wild Strike+1","Rampage","Seeing Red","Hemokinesis","Power Through","Reckless Charge","Body Slam+1","Carnage","Pummel","Barricade+1","Rage","Metallicize+1","Havoc","Pommel Strike+1","Body Slam+1","Finesse","Berserk+1","Feel No Pain+1","Brutality+1","Shrug It Off+1","Entrench+1","Headbutt+1","Burning Pact+1","Offering","Dark Embrace+1","Carnage","Parasite"],"relics":["Burning Blood","NeowsBlessing","Frozen Egg 2","Self Forming Clay","HornCleat","Pandora\u0027s Box","TheAbacus","Darkstone Periapt","Incense Burner","Tiny House","Shovel","Oddly Smooth Stone","Dead Branch"],"acts_visited":["Exordium","TheCity","TheBeyond"],"potions_floor_usage":[50],"damage_taken":[{"damage":0.0,"enemies":"Small Slimes","floor":1.0,"turns":1.0},{"damage":0.0,"enemies":"Cultist","floor":2.0,"turns":1.0},{"damage":0.0,"enemies":"Jaw Worm","floor":3.0,"turns":1.0},{"damage":16.0,"enemies":"Blue Slaver","floor":4.0,"turns":3.0},{"damage":25.0,"enemies":"Lots of Slimes","floor":5.0,"turns":6.0},{"damage":26.0,"enemies":"3 Sentries","floor":7.0,"turns":8.0},{"damage":9.0,"enemies":"2 Fungi Beasts","floor":10.0,"turns":4.0},{"damage":18.0,"enemies":"Blue Slaver","floor":11.0,"turns":3.0},{"damage":5.0,"enemies":"Lots of Slimes","floor":12.0,"turns":5.0},{"damage":16.0,"enemies":"Gremlin Nob","floor":13.0,"turns":4.0},{"damage":6.0,"enemies":"2 Fungi Beasts","floor":14.0,"turns":3.0},{"damage":13.0,"enemies":"The Guardian","floor":16.0,"turns":12.0},{"damage":2.0,"enemies":"Spheric Guardian","floor":18.0,"turns":2.0},{"damage":0.0,"enemies":"3 Byrds","floor":20.0,"turns":5.0},{"damage":0.0,"enemies":"Snecko","floor":21.0,"turns":3.0},{"damage":22.0,"enemies":"Snake Plant","floor":24.0,"turns":5.0},{"damage":11.0,"enemies":"Cultist and Chosen","floor":25.0,"turns":3.0},{"damage":36.0,"enemies":"Slavers","floor":27.0,"turns":4.0},{"damage":19.0,"enemies":"3 Cultists","floor":28.0,"turns":5.0},{"damage":2.0,"enemies":"Centurion and Healer","floor":29.0,"turns":5.0},{"damage":0.0,"enemies":"Sentry and Sphere","floor":30.0,"turns":4.0},{"damage":15.0,"enemies":"Snake Plant","floor":31.0,"turns":4.0},{"damage":25.0,"enemies":"Collector","floor":33.0,"turns":7.0},{"damage":32.0,"enemies":"3 Darklings","floor":35.0,"turns":4.0},{"damage":4.0,"enemies":"3 Shapes","floor":36.0,"turns":5.0},{"damage":5.0,"enemies":"Maw","floor":38.0,"turns":6.0},{"damage":7.0,"enemies":"Giant Head","floor":41.0,"turns":6.0},{"damage":32.0,"enemies":"Transient","floor":42.0,"turns":5.0},{"damage":38,"enemies":"Nemesis","floor":47,"turns":9},{"damage":15,"enemies":"Writhing Mass","floor":48,"turns":5},{"damage":4,"enemies":"Awakened One","floor":50,"turns":4}],"seed_played":"-4293039455171966974","potions_obtained":[{"floor":1.0,"key":"EssenceOfSteel"},{"floor":10.0,"key":"Ancient Potion"},{"floor":13.0,"key":"Weak Potion"},{"floor":16.0,"key":"SpeedPotion"},{"floor":20.0,"key":"Fire Potion"},{"floor":28.0,"key":"Fire Potion"},{"floor":29.0,"key":"FearPotion"},{"floor":30.0,"key":"GamblersBrew"},{"floor":33.0,"key":"Weak Potion"},{"floor":34.0,"key":"HeartOfIron"},{"floor":38.0,"key":"EssenceOfSteel"},{"floor":48,"key":"DistilledChaos"}],"is_trial":false,"path_per_floor":["M","M","M","M","M","R","E","R","T","M","M","M","E","M","R","B",null,"M","?","M","M","$","R","M","M","T","E","M","M","M","M","R","B",null,"M","M","?","M","$","R","E","M","T","$","?","R","E","M","R","B",null],"character_chosen":"IRONCLAD","items_purchased":["Finesse","TheAbacus","Entrench","Offering","Dark Embrace+1"],"campfire_rested":4,"item_purchase_floors":[22,22,39,44,44],"current_hp_per_floor":[78,80,80,70,51,51,31,55,55,52,40,41,31,31,31,24,66,70,70,76,80,80,80,64,59,59,29,16,20,26,17,41,22,71,45,47,47,48,48,48,47,21,21,21,21,46,14,11,38,40],"gold":113,"neow_bonus":"THREE_ENEMY_KILL","is_daily":false,"chose_seed":false,"campfire_upgraded":4,"win_rate":0.0,"timestamp":1610462643,"path_taken":["M","M","M","M","M","R","E","R","T","M","M","M","E","M","R","BOSS","M","?","M","M","$","R","M","M","T","E","?","M","M","M","R","BOSS","M","M","?","M","$","R","E","M","T","$","?","R","E","?","R","BOSS"],"items_purchased_type":["Card","Relic","Card","Card","Card"],"build_version":"2020-12-22","purchased_purges":2,"victory":true,"max_hp_per_floor":[80,80,80,80,80,80,80,80,80,80,80,80,80,80,80,80,80,80,80,80,80,80,80,80,80,80,80,80,80,80,80,80,80,85,85,85,85,85,85,85,85,85,85,85,85,85,85,91,91,91],"card_choices":[{"not_picked":["Twin Strike","Shockwave"],"picked":"Second Wind","floor":1.0},{"not_picked":["Armaments","Warcry"],"picked":"Wild Strike","floor":2.0},{"not_picked":["Clash","Heavy Blade"],"picked":"Rampage","floor":3.0},{"not_picked":["Armaments","Entrench"],"picked":"Seeing Red","floor":4.0},{"not_picked":["Rupture","True Grit"],"picked":"Hemokinesis","floor":5.0},{"not_picked":["Anger","Heavy Blade"],"picked":"Power Through","floor":7.0},{"not_picked":["Heavy Blade","Pummel"],"picked":"Reckless Charge","floor":10.0},{"not_picked":["Uppercut","Metallicize+1"],"picked":"Body Slam","floor":11.0},{"not_picked":["Flex","Uppercut","Twin Strike"],"picked":"SKIP","floor":12.0},{"not_picked":["Twin Strike","Sword Boomerang"],"picked":"Carnage","floor":13.0},{"not_picked":["Perfected Strike","Corruption+1","Clash"],"picked":"SKIP","floor":14.0},{"not_picked":["Bludgeon","Feed"],"picked":"Juggernaut+1","floor":16.0},{"not_picked":["Shrug It Off","Twin Strike","Combust+1"],"picked":"SKIP","floor":18.0},{"not_picked":["Intimidate","Perfected Strike","Anger"],"picked":"SKIP","floor":20.0},{"not_picked":["Iron Wave","Warcry","Spot Weakness+1"],"picked":"SKIP","floor":21.0},{"not_picked":["Armaments+1","Pommel Strike"],"picked":"Berserk+1","floor":24.0},{"not_picked":["Perfected Strike","Sword Boomerang","Heavy Blade"],"picked":"SKIP","floor":25.0},{"not_picked":["Anger","Double Tap","Intimidate"],"picked":"SKIP","floor":27.0},{"not_picked":["Searing Blow","Hemokinesis"],"picked":"Feel No Pain+1","floor":28.0},{"not_picked":["Anger","Inflame+1","Clash+1"],"picked":"SKIP","floor":29.0},{"not_picked":["Reckless Charge","Cleave","Thunderclap"],"picked":"SKIP","floor":30.0},{"not_picked":["Pummel","Havoc","Iron Wave"],"picked":"SKIP","floor":31.0},{"not_picked":["Feed","Reaper"],"picked":"Brutality+1","floor":33.0},{"not_picked":["Inflame+1","Warcry","Sword Boomerang"],"picked":"SKIP","floor":35.0},{"not_picked":["Anger+1","Flex"],"picked":"Shrug It Off+1","floor":36.0},{"not_picked":["Dual Wield","Hemokinesis+1","Clothesline"],"picked":"SKIP","floor":38.0},{"not_picked":["Flex+1","Flame Barrier"],"picked":"Headbutt+1","floor":41.0},{"not_picked":["Shrug It Off","Anger"],"picked":"Burning Pact+1","floor":42.0},{"not_picked":["True Grit","Offering","Pommel Strike"],"picked":"SKIP","floor":47},{"not_picked":["Twin Strike+1","Armaments+1","Uppercut"],"picked":"SKIP","floor":48}],"player_experience":138773,"relics_obtained":[{"floor":7.0,"key":"Frozen Egg 2"},{"floor":9.0,"key":"Self Forming Clay"},{"floor":13.0,"key":"HornCleat"},{"floor":26.0,"key":"Darkstone Periapt"},{"floor":27.0,"key":"Incense Burner"},{"floor":41.0,"key":"Shovel"},{"floor":43.0,"key":"Oddly Smooth Stone"},{"floor":47,"key":"Dead Branch"}],"event_choices":[{"damage_healed":0.0,"max_hp_gain":0.0,"max_hp_loss":0.0,"gold_gain":0.0,"event_name":"Upgrade Shrine","player_choice":"Upgraded","floor":19.0,"gold_loss":0.0,"damage_taken":0.0,"cards_upgraded":["Pommel Strike"]},{"cards_removed":["Spot Weakness"],"damage_healed":0.0,"max_hp_gain":0.0,"max_hp_loss":0.0,"gold_gain":0.0,"event_name":"Falling","player_choice":"Removed Skill","floor":37.0,"gold_loss":0.0,"damage_taken":0.0},{"damage_healed":0.0,"max_hp_gain":0.0,"max_hp_loss":0.0,"gold_gain":0.0,"cards_transformed":["Juggernaut"],"event_name":"Transmorgrifier","player_choice":"Transformed","floor":45.0,"gold_loss":0.0,"damage_taken":0.0,"cards_obtained":["Carnage"]}],"is_beta":false,"boss_relics":[{"not_picked":["Sozu","Runic Dome"],"picked":"Pandora\u0027s Box"},{"not_picked":["Snecko Eye","Velvet Choker"],"picked":"Tiny House"}],"items_purged_floors":[22,39],"is_endless":false,"potions_floor_spawned":[1,10,13,16,20,21,28,29,30,33,38,48],"ascension_level":6}}