{"host":"khm4we1ijduz33xh","time":1610428153,"event":{"mods":["AchievementEnabler","BaseMod","Colored Map","Minty Spire (QoL Compilation)","Rare Cards Sparkle","StSLib","SuperFastMode"],"gold_per_floor":[110,110,35,51,51,384,404,404,404,424,444,461,493,169,169,169,169],"floor_reached":16,"playtime":870,"items_purged":["Defend_G","Strike_G"],"score":155,"play_id":"cccfbe74-2794-4c31-870e-f2482ba1d1b0","local_time":"20210112140913","is_ascension_mode":true,"campfire_choices":[{"data":"Prepared","floor":8.0,"key":"SMITH"},{"data":"Acrobatics","floor":15.0,"key":"SMITH"}],"circlet_count":0,"master_deck":["Strike_G","Strike_G","Strike_G","Strike_G","Defend_G","Defend_G","Defend_G","Defend_G","Survivor","Neutralize","Cloak And Dagger","Prepared+1","Grand Finale","Backflip","Underhanded Strike","Expertise","Acrobatics+1","Prepared","Escape Plan"],"relics":["Ring of the Snake","NeowsBlessing","Question Card","Old Coin","Odd Mushroom","Meat on the Bone","Paper Crane","Strawberry"],"acts_visited":["Exordium"],"potions_floor_usage":[16],"damage_taken":[{"damage":0.0,"enemies":"Jaw Worm","floor":1.0,"turns":1.0},{"damage":0.0,"enemies":"2 Louse","floor":4.0,"turns":1.0},{"damage":0.0,"enemies":"Lagavulin","floor":6.0,"turns":1.0},{"damage":37.0,"enemies":"The Mushroom Lair","floor":7.0,"turns":9.0},{"damage":3.0,"enemies":"Small Slimes","floor":10.0,"turns":5.0},{"damage":0.0,"enemies":"Blue Slaver","floor":11.0,"turns":4.0},{"damage":13.0,"enemies":"3 Louse","floor":12.0,"turns":3.0},{"damage":12.0,"enemies":"3 Sentries","floor":13.0,"turns":10.0},{"damage":56,"enemies":"Slime Boss","floor":16,"turns":10}],"seed_played":"1134729523111334323","potions_obtained":[{"floor":4.0,"key":"SteroidPotion"},{"floor":7.0,"key":"Strength Potion"},{"floor":11.0,"key":"Poison Potion"},{"floor":12.0,"key":"ColorlessPotion"},{"floor":13.0,"key":"GamblersBrew"}],"is_trial":false,"path_per_floor":["M","?","$","M","?","E","?","R","T","M","M","M","E","$","R","B"],"character_chosen":"THE_SILENT","items_purchased":["Escape Plan","Strawberry"],"campfire_rested":0,"item_purchase_floors":[14,14],"current_hp_per_floor":[70,75,75,75,72,72,35,35,35,44,44,43,43,50,50,0,0],"gold":169,"neow_bonus":"THREE_ENEMY_KILL","is_daily":false,"chose_seed":false,"campfire_upgraded":2,"win_rate":0.0,"timestamp":1610428153,"path_taken":["M","?","?","M","?","E","?","R","T","?","M","M","E","$","R","BOSS"],"items_purchased_type":["Card","Relic"],"build_version":"2020-12-22","purchased_purges":2,"victory":false,"max_hp_per_floor":[70,75,75,75,75,75,75,75,75,75,75,75,75,82,82,82,82],"card_choices":[{"not_picked":["Terror","Backflip"],"picked":"Cloak And Dagger","floor":1.0},{"not_picked":["Bane","Dagger Throw"],"picked":"Prepared","floor":4.0},{"not_picked":["Night Terror","Dash","Blade Dance"],"picked":"Grand Finale","floor":6.0},{"not_picked":["Sucker Punch","Cloak And Dagger","Poisoned Stab"],"picked":"Backflip","floor":7.0},{"not_picked":["Slice","PiercingWail","Deadly Poison"],"picked":"Underhanded Strike","floor":10.0},{"not_picked":["Outmaneuver","Leg Sweep","Finisher"],"picked":"Expertise","floor":11.0},{"not_picked":["Blade Dance","Dagger Throw","Outmaneuver"],"picked":"Acrobatics","floor":12.0},{"not_picked":["Phantasmal Killer","PiercingWail","Quick Slash"],"picked":"Prepared","floor":13.0}],"player_experience":212595,"relics_obtained":[{"floor":6.0,"key":"Old Coin"},{"floor":7.0,"key":"Odd Mushroom"},{"floor":9.0,"key":"Meat on the Bone"},{"floor":13.0,"key":"Paper Crane"}],"event_choices":[{"damage_healed":0.0,"max_hp_gain":5.0,"max_hp_loss":0.0,"gold_gain":0.0,"event_name":"Big Fish","player_choice":"Donut","floor":2.0,"gold_loss":0.0,"damage_taken":0.0},{"damage_healed":0.0,"max_hp_gain":0.0,"max_hp_loss":0.0,"gold_gain":0.0,"event_name":"Scrap Ooze","player_choice":"Success","floor":5.0,"gold_loss":0.0,"damage_taken":3.0,"relics_obtained":["Question Card"]},{"damage_healed":0.0,"max_hp_gain":0.0,"max_hp_loss":0.0,"gold_gain":0.0,"event_name":"Mushrooms","player_choice":"Fought Mushrooms","floor":7.0,"gold_loss":0.0,"damage_taken":0.0}],"is_beta":false,"boss_relics":[],"items_purged_floors":[3,14],"is_endless":false,"potions_floor_spawned":[4,7,11,12,13],"killed_by":"Slime Boss","ascension_level":3}}