{"host":"y3iy5gb13b300rns","time":1610429060,"event":{"mods":["BaseMod","Bestiary","Curses Come First","Minty Spire (QoL Compilation)","Replay The Spire","StSLib","The Runesmith"],"gold_per_floor":[111,286,286,299,3,16,27,27,75,87,121,52,32,47,47,47,47],"floor_reached":16,"playtime":587,"items_purged":[],"score":102,"play_id":"a846575a-3b1c-4025-ab1f-20a649c8c8c8","local_time":"20210111232420","is_ascension_mode":false,"campfire_choices":[{"floor":8,"key":"REST"},{"floor":15,"key":"REST"}],"circlet_count":0,"master_deck":["Strike_P","Strike_P","Strike_P","Strike_P","Defend_P","Defend_P","Defend_P","Defend_P","Eruption","Vigilance","Prostrate","BowlingBash","Doubt","Replay:Hum","SandsOfTime","CutThroughFate","WreathOfFlame","Conclude","BattleHymn","CutThroughFate"],"relics":["PureWater","TungstenRod","Vajra","ReplayTheSpireMod:Lightbulb"],"acts_visited":["Exordium"],"potions_floor_usage":[7,11,14,16,16,16],"damage_taken":[{"damage":0,"enemies":"Cultist","floor":1,"turns":2},{"damage":1,"enemies":"2 Louse","floor":4,"turns":2},{"damage":1,"enemies":"Small Slimes","floor":6,"turns":4},{"damage":27,"enemies":"Blue Slaver","floor":7,"turns":3},{"damage":0,"enemies":"Exordium Wildlife","floor":10,"turns":1},{"damage":62,"enemies":"Gremlin Nob","floor":11,"turns":4},{"damage":0,"enemies":"Gremlin Gang","floor":14,"turns":2},{"damage":23,"enemies":"Hexaghost","floor":16,"turns":5}],"seed_played":"-1897977643108286811","potions_obtained":[{"floor":3,"key":"Swift Potion"},{"floor":3,"key":"Ancient Potion"},{"floor":3,"key":"Reflective Coating"},{"floor":10,"key":"PowerPotion"},{"floor":11,"key":"Weak Potion"},{"floor":13,"key":"AttackPotion"},{"floor":14,"key":"Fire Potion"}],"is_trial":false,"path_per_floor":["M","?","?","M","$","M","M","R","T","M","E","$","?","M","R","B"],"character_chosen":"WATCHER","items_purchased":["TungstenRod","BattleHymn"],"campfire_rested":2,"item_purchase_floors":[5,12],"current_hp_per_floor":[72,72,72,71,71,70,43,64,64,64,2,2,2,2,23,0,0],"gold":47,"neow_bonus":"THREE_CARDS","is_daily":false,"chose_seed":false,"campfire_upgraded":0,"win_rate":0.0,"timestamp":1610429060,"path_taken":["M","?","?","M","$","M","M","R","T","?","E","$","?","M","R","BOSS"],"items_purchased_type":["Relic","Card"],"build_version":"2020-12-22","purchased_purges":0,"victory":false,"max_hp_per_floor":[72,72,72,72,72,72,72,72,72,72,72,72,72,72,72,72,72],"card_choices":[{"not_picked":["EmptyFist","Replay:Hum"],"picked":"Prostrate","floor":0},{"not_picked":["Crescendo","Tantrum"],"picked":"BowlingBash","floor":1},{"not_picked":["Evaluate","Replay:AtTheReady"],"picked":"Replay:Hum","floor":4},{"not_picked":["BowlingBash","EmptyBody"],"picked":"SandsOfTime","floor":6},{"not_picked":["Collect","ThirdEye"],"picked":"CutThroughFate","floor":7},{"not_picked":["Replay:ManipulateFuture","TalkToTheHand"],"picked":"WreathOfFlame","floor":10},{"not_picked":["JustLucky","LessonLearned"],"picked":"Conclude","floor":11},{"not_picked":["FlurryOfBlows","Nirvana"],"picked":"CutThroughFate","floor":14}],"player_experience":408626,"relics_obtained":[{"floor":9,"key":"Vajra"},{"floor":11,"key":"ReplayTheSpireMod:Lightbulb"}],"event_choices":[{"damage_healed":0,"gold_gain":175,"player_choice":"AGREE","damage_taken":0,"max_hp_gain":0,"max_hp_loss":0,"event_name":"Liars Game","floor":2,"gold_loss":0,"cards_obtained":["Doubt"]},{"damage_healed":0,"gold_gain":0,"player_choice":"Got Potions","damage_taken":0,"max_hp_gain":0,"max_hp_loss":0,"event_name":"Lab","floor":3,"gold_loss":0},{"damage_healed":0,"gold_gain":0,"player_choice":"Bought 1 Potion","damage_taken":0,"max_hp_gain":0,"max_hp_loss":0,"event_name":"The Woman in Blue","floor":13,"gold_loss":0}],"is_beta":false,"boss_relics":[],"items_purged_floors":[],"is_endless":false,"potions_floor_spawned":[10,11,14],"killed_by":"Hexaghost","ascension_level":0}}