{"host":"q9szs7qndgdlcq24","time":1610480108,"event":{"mods":["2.2 Compatiblity","AchievementEnabler","BaseMod","Bestiary","Colored Map","Colored Powertips","Dark Map","DeckTracker","Displayed Cursed Tome","Highlight Path","Minty Spire (QoL Compilation)","Random Character Button","StSLib","Unknown Chances"],"gold_per_floor":[113,126,145,155,22,54,54,69,69,98,98,98,115,134,134,233,233,246,258,258,258],"floor_reached":20,"playtime":2000,"items_purged":[],"score":188,"play_id":"36322218-531b-4b9e-ac69-17f2ac7e2e6f","local_time":"20210112223508","is_ascension_mode":false,"campfire_choices":[{"data":"Rage","floor":7,"key":"SMITH"},{"floor":11,"key":"REST"},{"floor":15,"key":"REST"}],"circlet_count":0,"master_deck":["Strike_R","Strike_R","Strike_R","Defend_R","Defend_R","Defend_R","Defend_R","Bash","Offering","Perfected Strike","Clash","Flex","Spot Weakness","Rupture","Shrug It Off","Rage+1","Uppercut","Flex","Rupture","Thunderclap","Anger","Juggernaut","Spot Weakness+1","Armaments+1"],"relics":["Burning Blood","Unceasing Top","Shuriken","Pantograph","Empty Cage"],"acts_visited":["Exordium","TheCity"],"potions_floor_usage":[6,10,10,10,10,10,18,20],"damage_taken":[{"damage":2,"enemies":"2 Louse","floor":1,"turns":3},{"damage":1,"enemies":"Cultist","floor":2,"turns":3},{"damage":6,"enemies":"Small Slimes","floor":3,"turns":2},{"damage":16,"enemies":"3 Louse","floor":4,"turns":3},{"damage":38,"enemies":"Gremlin Nob","floor":6,"turns":5},{"damage":6,"enemies":"Lots of Slimes","floor":8,"turns":4},{"damage":50,"enemies":"Lagavulin","floor":10,"turns":6},{"damage":26,"enemies":"Exordium Wildlife","floor":13,"turns":5},{"damage":4,"enemies":"2 Fungi Beasts","floor":14,"turns":3},{"damage":46,"enemies":"The Guardian","floor":16,"turns":10},{"damage":41,"enemies":"Spheric Guardian","floor":18,"turns":6},{"damage":35,"enemies":"2 Thieves","floor":19,"turns":4},{"damage":20,"enemies":"Snecko","floor":20,"turns":4}],"seed_played":"8745518865751452685","potions_obtained":[{"floor":2,"key":"BloodPotion"},{"floor":6,"key":"ElixirPotion"},{"floor":8,"key":"EntropicBrew"},{"floor":16,"key":"PowerPotion"},{"floor":18,"key":"Block Potion"}],"is_trial":false,"path_per_floor":["M","M","M","M","$","E","R","M","T","E","R","?","M","M","R","B",null,"M","M","M"],"character_chosen":"IRONCLAD","items_purchased":["Rupture","Shrug It Off"],"campfire_rested":2,"item_purchase_floors":[5,5],"current_hp_per_floor":[80,80,80,70,70,54,54,54,54,10,34,34,14,16,40,25,80,45,16,0,0],"gold":258,"neow_bonus":"ONE_RANDOM_RARE_CARD","is_daily":false,"chose_seed":false,"campfire_upgraded":1,"win_rate":0.0,"timestamp":1610480108,"path_taken":["M","M","M","M","$","E","R","M","T","E","R","?","M","M","R","BOSS","M","M","?"],"items_purchased_type":["Card","Card"],"build_version":"2020-12-22","purchased_purges":0,"victory":false,"max_hp_per_floor":[80,80,80,80,80,80,80,80,80,80,80,80,80,80,80,80,80,80,80,80,80],"card_choices":[{"not_picked":["Heavy Blade","Reckless Charge"],"picked":"Perfected Strike","floor":1},{"not_picked":["Body Slam","Twin Strike"],"picked":"Clash","floor":2},{"not_picked":["True Grit","Sword Boomerang"],"picked":"Flex","floor":3},{"not_picked":["Clothesline","Reaper"],"picked":"Spot Weakness","floor":4},{"not_picked":["Dark Embrace","Body Slam"],"picked":"Rage","floor":6},{"not_picked":["Pummel","Thunderclap"],"picked":"Uppercut","floor":8},{"not_picked":["Hemokinesis","Sever Soul"],"picked":"Flex","floor":10},{"not_picked":["Cleave","Searing Blow"],"picked":"Thunderclap","floor":13},{"not_picked":["True Grit","Bloodletting"],"picked":"Anger","floor":14},{"not_picked":["Corruption","Bludgeon"],"picked":"Juggernaut","floor":16},{"not_picked":["Perfected Strike","Inflame"],"picked":"Spot Weakness+1","floor":18},{"not_picked":["Rupture","Flex"],"picked":"Armaments+1","floor":19}],"player_experience":49297,"relics_obtained":[{"floor":6,"key":"Unceasing Top"},{"floor":9,"key":"Shuriken"},{"floor":10,"key":"Pantograph"}],"event_choices":[{"damage_healed":0,"gold_gain":0,"player_choice":"1 cards matched","damage_taken":0,"max_hp_gain":0,"max_hp_loss":0,"event_name":"Match and Keep!","floor":12,"gold_loss":0,"cards_obtained":["Rupture"]}],"is_beta":false,"boss_relics":[{"not_picked":["Sozu","Philosopher\u0027s Stone"],"picked":"Empty Cage"}],"items_purged_floors":[],"is_endless":false,"potions_floor_spawned":[2,6,8,16,18],"killed_by":"Snecko","ascension_level":0}}