{"host":"ec09novo68szpe7d","time":1610467875,"event":{"mods":["AchievementEnabler","BaseMod","Bestiary","Minty Spire (QoL Compilation)","StSLib"],"gold_per_floor":[116,134,153,166,183,183,213,14,92,16,34,51,15,32,32,135,135,145,145,164,180,199,199,298,298,298,29,29,129,160,236,236,334,334,353,353,136,1135,1155,1155,1183,1197,1197,1212,1229,549,771,799,799,799],"floor_reached":51,"playtime":3139,"items_purged":["Strike_R","Strike_R","Strike_R","Normality"],"score":1067,"play_id":"d850155d-8442-46ed-80ed-696f07527941","local_time":"20210112171115","is_ascension_mode":true,"campfire_choices":[{"data":"Disarm","floor":6.0,"key":"SMITH"},{"data":"Limit Break","floor":15.0,"key":"SMITH"},{"data":"Heavy Blade","floor":23.0,"key":"SMITH"},{"data":"Heavy Blade","floor":25.0,"key":"SMITH"},{"floor":32.0,"key":"REST"},{"floor":40.0,"key":"RECALL"},{"floor":49,"key":"DIG"}],"circlet_count":0,"master_deck":["Strike_R","Strike_R","Defend_R","Defend_R","Defend_R+1","Defend_R","Bash","Deep Breath","Pommel Strike","Heavy Blade","Clothesline","Disarm+1","Limit Break+1","Inflame","Heavy Blade+1","Inflame","Pummel","Inflame","Headbutt","Reaper","Heavy Blade+1","Shrug It Off","Exhume","Battle Trance+1","Normality","Armaments+1","Battle Trance+1","Shrug It Off+1","Shockwave+1","Ghostly Armor"],"relics":["Burning Blood","CaptainsWheel","Pear","SlaversCollar","MutagenicStrength","PreservedInsect","Brimstone","Thread and Needle","Prayer Wheel","The Courier","Red Mask","Pantograph","Fusion Hammer","ClockworkSouvenir","Nunchaku","Shovel","Frozen Eye","Ancient Tea Set","Bag of Marbles","Bottled Lightning","Mercury Hourglass","War Paint"],"acts_visited":["Exordium","TheCity","TheBeyond"],"potions_floor_usage":[44,44,50,50,50,50,50,50],"damage_taken":[{"damage":15.0,"enemies":"Cultist","floor":1.0,"turns":5.0},{"damage":0.0,"enemies":"Small Slimes","floor":2.0,"turns":4.0},{"damage":6.0,"enemies":"Jaw Worm","floor":3.0,"turns":4.0},{"damage":14.0,"enemies":"Looter","floor":4.0,"turns":3.0},{"damage":17.0,"enemies":"Large Slime","floor":5.0,"turns":8.0},{"damage":29.0,"enemies":"Gremlin Nob","floor":7.0,"turns":4.0},{"damage":2.0,"enemies":"2 Fungi Beasts","floor":11.0,"turns":4.0},{"damage":3.0,"enemies":"3 Louse","floor":12.0,"turns":4.0},{"damage":15.0,"enemies":"Large Slime","floor":14.0,"turns":3.0},{"damage":19.0,"enemies":"Slime Boss","floor":16.0,"turns":11.0},{"damage":11.0,"enemies":"Chosen","floor":18.0,"turns":5.0},{"damage":28.0,"enemies":"Shell Parasite","floor":20.0,"turns":5.0},{"damage":43.0,"enemies":"Sentry and Sphere","floor":21.0,"turns":6.0},{"damage":36.0,"enemies":"Snake Plant","floor":22.0,"turns":3.0},{"damage":17.0,"enemies":"Colosseum Slavers","floor":29.0,"turns":3.0},{"damage":0.0,"enemies":"Colosseum Nobs","floor":29.0,"turns":2.0},{"damage":30.0,"enemies":"Masked Bandits","floor":30.0,"turns":5.0},{"damage":24.0,"enemies":"Champ","floor":33.0,"turns":6.0},{"damage":5.0,"enemies":"Orb Walker","floor":35.0,"turns":2.0},{"damage":7.0,"enemies":"3 Darklings","floor":39.0,"turns":3.0},{"damage":7.0,"enemies":"Giant Head","floor":41.0,"turns":3.0},{"damage":32,"enemies":"4 Shapes","floor":42,"turns":5},{"damage":5,"enemies":"Spire Growth","floor":44,"turns":4},{"damage":0,"enemies":"Maw","floor":45,"turns":5},{"damage":28,"enemies":"Nemesis","floor":48,"turns":5},{"damage":41,"enemies":"Awakened One","floor":50,"turns":5}],"seed_played":"-1804419871052427755","potions_obtained":[{"floor":2.0,"key":"Fire Potion"},{"floor":5.0,"key":"GamblersBrew"},{"floor":7.0,"key":"Ancient Potion"},{"floor":12.0,"key":"SkillPotion"},{"floor":14.0,"key":"Weak Potion"},{"floor":22.0,"key":"Block Potion"},{"floor":29.0,"key":"Weak Potion"},{"floor":33.0,"key":"GamblersBrew"},{"floor":42,"key":"AttackPotion"},{"floor":44,"key":"SkillPotion"},{"floor":45,"key":"EntropicBrew"}],"is_trial":false,"path_per_floor":["M","M","M","M","M","R","E","$","T","$","M","M","$","M","R","B",null,"M","?","M","M","M","R","?","R","T","$","?","?","?","T","R","B",null,"M","?","$","?","M","R","E","M","T","M","M","$","?","E","R","B",null],"character_chosen":"IRONCLAD","items_purchased":["Inflame","Heavy Blade","Inflame","Inflame","Brimstone","Shrug It Off","ClockworkSouvenir","Frozen Eye","Ancient Tea Set","Bag of Marbles","Bottled Lightning"],"campfire_rested":1,"item_purchase_floors":[8,8,10,13,27,27,37,46,46,46,46],"current_hp_per_floor":[63,69,69,61,50,50,27,27,37,37,41,44,44,35,35,22,73,76,76,90,65,35,35,35,35,35,35,35,30,30,30,57,90,90,90,90,90,90,89,89,88,62,62,90,90,90,90,69,69,73],"gold":799,"neow_bonus":"RANDOM_COLORLESS","is_daily":false,"chose_seed":false,"campfire_upgraded":4,"win_rate":0.0,"timestamp":1610467875,"path_taken":["M","M","M","M","M","R","E","$","T","$","M","M","?","M","R","BOSS","M","?","M","M","M","R","?","R","T","$","?","?","?","?","R","BOSS","M","?","$","?","?","R","E","M","T","M","M","$","?","E","R","BOSS"],"items_purchased_type":["Card","Card","Card","Card","Relic","Card","Relic","Relic","Relic","Relic","Relic"],"build_version":"2020-12-22","purchased_purges":4,"victory":true,"max_hp_per_floor":[80,80,80,80,80,80,80,80,90,90,90,90,90,90,90,90,90,90,90,90,90,90,90,90,90,90,90,90,90,90,90,90,90,90,90,90,90,90,90,90,90,90,90,90,90,90,90,90,90,90],"card_choices":[{"not_picked":["Jack Of All Trades","Swift Strike"],"picked":"Deep Breath","floor":0.0},{"not_picked":["Perfected Strike","Dark Embrace"],"picked":"Pommel Strike","floor":1.0},{"not_picked":["Flex","Blood for Blood"],"picked":"Heavy Blade","floor":2.0},{"not_picked":["Body Slam","Sword Boomerang"],"picked":"Clothesline","floor":3.0},{"not_picked":["Shockwave","Battle Trance"],"picked":"Disarm","floor":4.0},{"not_picked":["Entrench","Pommel Strike","Twin Strike"],"picked":"SKIP","floor":5.0},{"not_picked":["Headbutt","Spot Weakness"],"picked":"Limit Break","floor":7.0},{"not_picked":["Blood for Blood","Pommel Strike","Perfected Strike"],"picked":"SKIP","floor":11.0},{"not_picked":["Fire Breathing","Power Through"],"picked":"Pummel","floor":12.0},{"not_picked":["Thunderclap","Perfected Strike"],"picked":"Headbutt","floor":14.0},{"not_picked":["Bludgeon","Offering"],"picked":"Reaper","floor":16.0},{"not_picked":["Entrench","Uppercut"],"picked":"Heavy Blade","floor":18.0},{"not_picked":["Whirlwind+1","Sever Soul","Sword Boomerang+1"],"picked":"SKIP","floor":20.0},{"not_picked":["Flex","Thunderclap","Infernal Blade+1"],"picked":"SKIP","floor":21.0},{"not_picked":["Heavy Blade","Pommel Strike+1","Sentinel+1"],"picked":"SKIP","floor":22.0},{"not_picked":["Fiend Fire","Perfected Strike"],"picked":"True Grit","floor":29.0},{"not_picked":["Offering","Bludgeon"],"picked":"Exhume","floor":33.0},{"not_picked":["Fire Breathing","Headbutt"],"picked":"Battle Trance+1","floor":35.0},{"not_picked":["Wild Strike+1","Cleave","Burning Pact+1"],"picked":"SKIP","floor":35.0},{"not_picked":["Havoc+1","Thunderclap"],"picked":"Armaments+1","floor":39.0},{"not_picked":["Sword Boomerang+1","Carnage+1","Thunderclap"],"picked":"SKIP","floor":39.0},{"not_picked":["Armaments","Brutality"],"picked":"Battle Trance","floor":41.0},{"not_picked":["Wild Strike+1","Pommel Strike+1","Thunderclap+1"],"picked":"SKIP","floor":42},{"not_picked":["Sentinel+1","Heavy Blade+1","Carnage+1"],"picked":"SKIP","floor":42},{"not_picked":["Intimidate","Fire Breathing+1"],"picked":"Shrug It Off+1","floor":44},{"not_picked":["Iron Wave+1","Fiend Fire","Flame Barrier"],"picked":"SKIP","floor":44},{"not_picked":["Perfected Strike+1","Headbutt+1"],"picked":"Shockwave+1","floor":45},{"not_picked":["Burning Pact","Shockwave","Body Slam+1"],"picked":"SKIP","floor":45},{"not_picked":["Hemokinesis","Headbutt+1"],"picked":"Ghostly Armor","floor":48}],"player_experience":257003,"relics_obtained":[{"floor":7.0,"key":"CaptainsWheel"},{"floor":9.0,"key":"Pear"},{"floor":26.0,"key":"PreservedInsect"},{"floor":29.0,"key":"Prayer Wheel"},{"floor":29.0,"key":"The Courier"},{"floor":30.0,"key":"Red Mask"},{"floor":31.0,"key":"Pantograph"},{"floor":41.0,"key":"Nunchaku"},{"floor":43,"key":"Shovel"},{"floor":48,"key":"Mercury Hourglass"},{"floor":49,"key":"War Paint"}],"event_choices":[{"damage_healed":0.0,"max_hp_gain":0.0,"max_hp_loss":0.0,"gold_gain":0.0,"event_name":"Drug Dealer","player_choice":"Inject Mutagens","floor":19.0,"gold_loss":0.0,"damage_taken":0.0,"relics_obtained":["MutagenicStrength"]},{"damage_healed":0.0,"max_hp_gain":0.0,"max_hp_loss":0.0,"gold_gain":99.0,"event_name":"Nest","player_choice":"Stole From Cult","floor":24.0,"gold_loss":0.0,"damage_taken":0.0},{"damage_healed":0.0,"max_hp_gain":0.0,"max_hp_loss":0.0,"gold_gain":0.0,"event_name":"The Mausoleum","player_choice":"Opened","floor":28.0,"gold_loss":0.0,"damage_taken":0.0,"relics_obtained":["Thread and Needle"]},{"damage_healed":0.0,"max_hp_gain":0.0,"max_hp_loss":0.0,"gold_gain":0.0,"event_name":"Colosseum","player_choice":"Fight","floor":29.0,"gold_loss":0.0,"damage_taken":0.0},{"damage_healed":0.0,"max_hp_gain":0.0,"max_hp_loss":0.0,"gold_gain":0.0,"event_name":"Colosseum","player_choice":"Fought Nobs","floor":29.0,"gold_loss":0.0,"damage_taken":0.0},{"damage_healed":0.0,"max_hp_gain":0.0,"max_hp_loss":0.0,"gold_gain":0.0,"event_name":"Masked Bandits","player_choice":"Fought Bandits","floor":30.0,"gold_loss":0.0,"damage_taken":0.0},{"cards_removed":["True Grit"],"damage_healed":0.0,"max_hp_gain":0.0,"max_hp_loss":0.0,"gold_gain":0.0,"event_name":"Falling","player_choice":"Removed Skill","floor":36.0,"gold_loss":0.0,"damage_taken":0.0},{"damage_healed":0.0,"max_hp_gain":0.0,"max_hp_loss":0.0,"gold_gain":999.0,"event_name":"MindBloom","player_choice":"Gold","floor":38.0,"gold_loss":0.0,"damage_taken":0.0,"cards_obtained":["Normality","Normality"]},{"damage_healed":0,"gold_gain":222,"player_choice":"Wore Mask","damage_taken":0,"max_hp_gain":0,"max_hp_loss":0,"event_name":"Tomb of Lord Red Mask","floor":47,"gold_loss":0}],"is_beta":false,"boss_relics":[{"not_picked":["Runic Cube","Busted Crown"],"picked":"SlaversCollar"},{"not_picked":["Runic Pyramid","Astrolabe"],"picked":"Fusion Hammer"}],"items_purged_floors":[8,27,37,46],"is_endless":false,"potions_floor_spawned":[2,5,7,12,14,22,29,29,33,42,44,45],"ascension_level":9}}