{"host":"8jwif9mna8ud19ho","time":1610439793,"event":{"mods":["BaseMod","Better Vampires","Lobotomy","Marisa£¨ìFÓê¡¡Ä§ÀíÉ³£©","Minty Spire (QoL Compilation)","Reimu£¨²©ÀöÁéÃÎ£©","RumiaBox-Â¶Ã×æ«µÄÉñÃØºÐ×Ó","StSLib","¡¾ÒÅÎï¿¨ÅÆ¡¿REMEMod"],"gold_per_floor":[110,122,122,138,138,138,150,150,150,179,192,132,132,147,147,221,221,237,237,253,148,148,148],"floor_reached":22,"playtime":986,"items_purged":["Strike_B"],"score":352,"play_id":"c32ffc6f-e8a0-4c78-be9c-b13a488b763a","local_time":"20210112162313","is_ascension_mode":true,"campfire_choices":[{"data":"Juggernaut","floor":6,"key":"SMITH"},{"data":"Heatsinks","floor":8,"key":"SMITH"},{"data":"Dualcast","floor":13,"key":"SMITH"},{"data":"REME_SelfUpgrade","floor":15,"key":"SMITH"}],"circlet_count":0,"master_deck":["AscendersBane","Strike_B","Strike_B","Defend_B","Defend_B","Defend_B","Defend_B","Zap","Dualcast+1","Juggernaut+1","UniverseFragment","Heatsinks+1","Glacier","MeatLantern","Wellcheers","REME_SelfUpgrade+1","Creative AI","Recycle","MHz","Skim+1","Coolheaded"],"relics":["Cracked Core","REME_ComplimentaryCards","CogitoBucket","Odd Mushroom","PaintedHorse:ReiMu","Runic Dome"],"acts_visited":["Exordium","TheCity"],"potions_floor_usage":[18],"damage_taken":[{"damage":9,"enemies":"Jaw Worm","floor":1,"turns":5},{"damage":1,"enemies":"Small Slimes","floor":2,"turns":3},{"damage":1,"enemies":"Cultist","floor":4,"turns":4},{"damage":1,"enemies":"3 Louse","floor":7,"turns":2},{"damage":13,"enemies":"The Mushroom Lair","floor":10,"turns":4},{"damage":2,"enemies":"Blue Slaver","floor":11,"turns":8},{"damage":4,"enemies":"2 Fungi Beasts","floor":14,"turns":3},{"damage":1,"enemies":"Hexaghost","floor":16,"turns":7},{"damage":2,"enemies":"Spheric Guardian","floor":18,"turns":5},{"damage":12,"enemies":"3 Byrds","floor":20,"turns":4},{"damage":70,"enemies":"Centurion and Healer","floor":22,"turns":10}],"seed_played":"-8055481345122372450","potions_obtained":[{"floor":1,"key":"DistilledChaos"},{"floor":11,"key":"SkillPotion"},{"floor":16,"key":"DuplicationPotion"},{"floor":18,"key":"REME_GoldPotion"}],"is_trial":false,"path_per_floor":["M","M","?","M","?","R","M","R","T","?","M","?","R","M","R","B",null,"M","?","M","$","M"],"character_chosen":"DEFECT","items_purchased":["Coolheaded"],"campfire_rested":0,"item_purchase_floors":[21],"current_hp_per_floor":[55,54,47,46,46,46,45,45,45,32,36,36,36,35,35,34,62,69,69,57,57,0,0],"gold":148,"neow_bonus":"","is_daily":false,"chose_seed":false,"campfire_upgraded":4,"win_rate":0.0,"timestamp":1610439793,"path_taken":["M","M","?","M","?","R","M","R","T","?","M","?","R","M","R","BOSS","M","?","M","$","M"],"items_purchased_type":["Card"],"build_version":"2020-12-22","purchased_purges":1,"victory":false,"max_hp_per_floor":[71,71,71,71,71,71,71,71,71,71,71,71,71,71,71,71,71,71,71,71,71,71,71],"card_choices":[{"not_picked":["OldLady","CherryBlossoms"],"picked":"UniverseFragment","floor":1},{"not_picked":["Lockon","Storm"],"picked":"Heatsinks","floor":1},{"not_picked":["Coolheaded","Rebound"],"picked":"Glacier","floor":2},{"not_picked":["Wellcheers","CrumblingArmor"],"picked":"MeatLantern","floor":4},{"not_picked":["Rebound","Beam Cell","Compile Driver"],"picked":"SKIP","floor":4},{"not_picked":["Amplify","Barrage","Streamline"],"picked":"SKIP","floor":7},{"not_picked":["Amplify","Barrage","Streamline"],"picked":"SKIP","floor":7},{"not_picked":["ShyLook","Murderer"],"picked":"Wellcheers","floor":10},{"not_picked":["Streamline","Beam Cell"],"picked":"REME_SelfUpgrade","floor":11},{"not_picked":["Static Discharge","Force Field","Machine Learning","Darkness"],"picked":"SKIP","floor":14},{"not_picked":["Core Surge","Reboot","Meteor Strike","Machine Learning"],"picked":"Creative AI","floor":16},{"not_picked":["White Noise","Meteor Strike","Streamline","Beam Cell+1"],"picked":"Recycle","floor":18},{"not_picked":["Mercenary","RedShoes"],"picked":"MHz","floor":20},{"not_picked":["Redo","REME_SelfUpgrade","Darkness+1","Glacier"],"picked":"Skim+1","floor":20}],"player_experience":1110159,"relics_obtained":[{"floor":10,"key":"Odd Mushroom"}],"event_choices":[{"cards_removed":["Strike_B"],"damage_healed":0,"gold_gain":0,"player_choice":"Card Removal","damage_taken":7,"max_hp_gain":0,"max_hp_loss":0,"event_name":"Golden Wing","floor":3,"gold_loss":0},{"damage_healed":0,"gold_gain":0,"player_choice":"Ignored","damage_taken":0,"max_hp_gain":0,"max_hp_loss":0,"event_name":"Liars Game","floor":5,"gold_loss":0},{"damage_healed":0,"gold_gain":0,"player_choice":"Fought Mushrooms","damage_taken":0,"max_hp_gain":0,"max_hp_loss":0,"event_name":"Mushrooms","floor":10,"gold_loss":0},{"damage_healed":0,"gold_gain":0,"player_choice":"ÈûÇ®","damage_taken":0,"relics_obtained":["PaintedHorse:ReiMu"],"max_hp_gain":0,"max_hp_loss":0,"event_name":"yidonshenshe","floor":12,"gold_loss":60}],"is_beta":false,"boss_relics":[{"not_picked":["REME_LowDesire","REME_ChargedStone"],"picked":"Runic Dome"}],"items_purged_floors":[21],"is_endless":false,"potions_floor_spawned":[1,11,14,16,18],"killed_by":"Centurion and Healer","ascension_level":20}}