{"host":"2js2pxuugveqjuf7","time":1610420615,"event":{"mods":["BaseMod","Minty Spire (QoL Compilation)","Relic Stats","StSLib"],"gold_per_floor":[119,132,147,127,145,176,176,176,246,279,293,293,312,340,340,435,435,447,5,25,25,36,70,70,96,121,171,171,202,216,229,229,327,327,342,356,65,83,93,118,133,133,133,145,179,179,195,227,227,227,227,227,44,74,74],"floor_reached":56,"playtime":7692,"items_purged":["Seeing Red"],"score":1824,"play_id":"31a373d3-4423-44db-a433-1eb9294f2a54","local_time":"20210111210335","is_ascension_mode":true,"campfire_choices":[{"data":"Bash","floor":7.0,"key":"SMITH"},{"data":"Dropkick","floor":8.0,"key":"SMITH"},{"floor":12.0,"key":"REST"},{"data":"Uppercut","floor":15.0,"key":"SMITH"},{"data":"Power Through","floor":28.0,"key":"SMITH"},{"data":"Evolve","floor":32.0,"key":"SMITH"},{"data":"Fiend Fire","floor":42.0,"key":"SMITH"},{"floor":46.0,"key":"RECALL"},{"data":"Shrug It Off","floor":49.0,"key":"SMITH"},{"data":"Burning Pact","floor":52.0,"key":"SMITH"}],"circlet_count":0,"master_deck":["Strike_R+1","Strike_R+1","Strike_R+1","Defend_R+1","Defend_R+1","Defend_R+1","Bash+1","Evolve+1","Dropkick","Dropkick+1","Thunderclap","Offering+1","Uppercut+1","Pommel Strike","Impervious+1","Fire Breathing+1","Metallicize+1","Power Through+1","Cleave+1","Power Through+1","Sever Soul","True Grit+1","Shockwave+1","Power Through+1","Fire Breathing+1","Burning Pact+1","Shrug It Off+1","Barricade+1","Body Slam","Fire Breathing+1","Fiend Fire+1","Metallicize+1","Metallicize+1","Body Slam+1","Body Slam+1","Body Slam+1","Impervious","Feel No Pain+1","Pommel Strike+1"],"relics":["Burning Blood","WingedGreaves","StrikeDummy","Blood Vial","Happy Flower","Astrolabe","DollysMirror","Pear","Frozen Egg 2","Question Card","War Paint","PreservedInsect","Champion Belt","Snecko Eye","Bottled Tornado","Sundial","Incense Burner","Orichalcum"],"acts_visited":["Exordium","TheCity","TheBeyond","TheEnding"],"potions_floor_usage":[55,55,55],"damage_taken":[{"damage":6.0,"enemies":"Cultist","floor":1.0,"turns":3.0},{"damage":0.0,"enemies":"2 Louse","floor":2.0,"turns":4.0},{"damage":9.0,"enemies":"Jaw Worm","floor":3.0,"turns":4.0},{"damage":11.0,"enemies":"Blue Slaver","floor":5.0,"turns":3.0},{"damage":63.0,"enemies":"Lagavulin","floor":6.0,"turns":11.0},{"damage":25.0,"enemies":"3 Sentries","floor":10.0,"turns":6.0},{"damage":15.0,"enemies":"Lots of Slimes","floor":11.0,"turns":4.0},{"damage":0.0,"enemies":"Red Slaver","floor":13.0,"turns":1.0},{"damage":13.0,"enemies":"Gremlin Nob","floor":14.0,"turns":3.0},{"damage":15.0,"enemies":"The Guardian","floor":16.0,"turns":10.0},{"damage":6.0,"enemies":"Spheric Guardian","floor":18.0,"turns":4.0},{"damage":6.0,"enemies":"2 Thieves","floor":20.0,"turns":3.0},{"damage":6.0,"enemies":"Snake Plant","floor":22.0,"turns":2.0},{"damage":13.0,"enemies":"Gremlin Leader","floor":23.0,"turns":6.0},{"damage":20.0,"enemies":"Slavers","floor":25.0,"turns":5.0},{"damage":6.0,"enemies":"Gremlin Leader","floor":29.0,"turns":4.0},{"damage":6.0,"enemies":"3 Cultists","floor":30.0,"turns":5.0},{"damage":8.0,"enemies":"Chosen and Byrds","floor":31.0,"turns":5.0},{"damage":42.0,"enemies":"Automaton","floor":33.0,"turns":8.0},{"damage":0.0,"enemies":"3 Darklings","floor":35.0,"turns":6.0},{"damage":8.0,"enemies":"Orb Walker","floor":36.0,"turns":2.0},{"damage":17.0,"enemies":"4 Shapes","floor":38.0,"turns":4.0},{"damage":38.0,"enemies":"Jaw Worm Horde","floor":39.0,"turns":6.0},{"damage":2.0,"enemies":"Giant Head","floor":40.0,"turns":6.0},{"damage":29.0,"enemies":"Sphere and 2 Shapes","floor":41.0,"turns":5.0},{"damage":0.0,"enemies":"Writhing Mass","floor":44.0,"turns":8.0},{"damage":15.0,"enemies":"Nemesis","floor":45.0,"turns":5.0},{"damage":6.0,"enemies":"3 Darklings","floor":47.0,"turns":4.0},{"damage":0.0,"enemies":"Giant Head","floor":48.0,"turns":8.0},{"damage":19.0,"enemies":"Time Eater","floor":50.0,"turns":8.0},{"damage":52.0,"enemies":"Shield and Spear","floor":54.0,"turns":5.0},{"damage":48,"enemies":"The Heart","floor":55,"turns":11}],"seed_played":"8811899673130657722","potions_obtained":[{"floor":1.0,"key":"Energy Potion"},{"floor":3.0,"key":"Regen Potion"},{"floor":4.0,"key":"Dexterity Potion"},{"floor":13.0,"key":"Explosive Potion"},{"floor":14.0,"key":"LiquidMemories"},{"floor":16.0,"key":"DistilledChaos"},{"floor":20.0,"key":"SkillPotion"},{"floor":23.0,"key":"EssenceOfSteel"},{"floor":29.0,"key":"Dexterity Potion"},{"floor":31.0,"key":"PowerPotion"},{"floor":44.0,"key":"BloodPotion"}],"is_trial":false,"path_per_floor":["M","M","M","?","M","E","R","R","T","E","M","R","M","E","R","B",null,"M","$","M","?","M","E","T","E","T","?","R","E","M","M","R","B",null,"M","M","$","M","M","E","M","R","T","M","E","R","M","E","R","B",null,"R","$","E","B",null],"character_chosen":"IRONCLAD","items_purchased":["DollysMirror","Pear","Sever Soul","Fiend Fire","Metallicize+1","Impervious","Feel No Pain+1"],"campfire_rested":1,"item_purchase_floors":[19,19,19,37,37,53,53],"current_hp_per_floor":[80,86,83,83,78,21,21,21,21,17,10,36,44,39,39,32,74,76,86,88,88,90,85,85,73,73,73,73,75,77,77,77,43,84,92,92,92,83,53,59,38,38,38,46,39,39,41,49,49,38,83,83,83,39,18],"gold":74,"neow_bonus":"TEN_PERCENT_HP_BONUS","is_daily":false,"chose_seed":false,"campfire_upgraded":8,"win_rate":0.0,"timestamp":1610420615,"path_taken":["M","?","M","?","?","E","R","R","T","E","M","R","M","E","R","BOSS","M","$","M","?","M","E","?","E","T","?","R","E","M","?","R","BOSS","M","M","$","M","M","E","M","R","T","M","E","R","M","E","R","BOSS","R","$","E","BOSS"],"items_purchased_type":["Relic","Relic","Card","Card","Card","Card","Card"],"build_version":"2020-12-22","purchased_purges":1,"victory":true,"max_hp_per_floor":[88,88,88,88,88,88,88,88,88,88,88,88,88,88,88,88,88,88,98,98,98,98,98,98,98,98,98,98,98,98,98,98,98,98,98,98,98,98,98,98,98,98,98,98,98,98,98,98,98,98,98,98,98,98,98],"relic_stats":{"Happy Flower":[43],"counters":[32,169],"Astrolabe":["Fire Breathing","Metallicize","Power Through"],"PreservedInsect":435,"War Paint":["Impervious","Offering"],"Orichalcum":[6],"Question Card":16,"Burning Blood":192,"Blood Vial":52,"Sundial":[4],"Snecko Eye":[145,168,162,142],"Champion Belt":[66],"obtain_stats":[{"Pear":19,"Happy Flower":14,"Astrolabe":17,"PreservedInsect":26,"Incense Burner":48,"Frozen Egg 2":23,"War Paint":25,"Bottled Tornado":40,"Orichalcum":54,"Question Card":24,"Burning Blood":0,"Blood Vial":10,"DollysMirror":19,"Sundial":45,"Snecko Eye":34,"WingedGreaves":6,"Champion Belt":29,"StrikeDummy":9},{"Pear":11,"Happy Flower":9,"Astrolabe":10,"PreservedInsect":15,"Incense Burner":29,"Frozen Egg 2":14,"War Paint":15,"Bottled Tornado":24,"Orichalcum":31,"Question Card":14,"Burning Blood":0,"Blood Vial":6,"DollysMirror":11,"Sundial":27,"Snecko Eye":19,"WingedGreaves":5,"Champion Belt":16,"StrikeDummy":5},{"Pear":53,"Happy Flower":39,"Astrolabe":49,"PreservedInsect":69,"Incense Burner":145,"Frozen Egg 2":64,"War Paint":69,"Bottled Tornado":115,"Orichalcum":158,"Question Card":64,"Burning Blood":0,"Blood Vial":31,"DollysMirror":53,"Sundial":133,"Snecko Eye":91,"WingedGreaves":25,"Champion Belt":73,"StrikeDummy":25}]},"card_choices":[{"not_picked":["Whirlwind","Metallicize"],"picked":"Evolve","floor":1.0},{"not_picked":["Clothesline","Clash"],"picked":"Dropkick","floor":2.0},{"not_picked":["Anger","Clothesline"],"picked":"Dropkick","floor":3.0},{"not_picked":["Heavy Blade","Combust"],"picked":"Seeing Red","floor":5.0},{"not_picked":["Warcry","Iron Wave"],"picked":"Thunderclap","floor":6.0},{"not_picked":["Body Slam","Anger","Intimidate"],"picked":"SKIP","floor":10.0},{"not_picked":["Cleave","Warcry"],"picked":"Offering","floor":11.0},{"not_picked":["Clothesline","Armaments"],"picked":"Uppercut","floor":13.0},{"not_picked":["Bloodletting","Flex"],"picked":"Pommel Strike","floor":14.0},{"not_picked":["Demon Form","Offering"],"picked":"Impervious","floor":16.0},{"not_picked":["Headbutt","Flame Barrier"],"picked":"Cleave+1","floor":18.0},{"not_picked":["Twin Strike","Searing Blow"],"picked":"True Grit+1","floor":20.0},{"not_picked":["Thunderclap","Iron Wave","Cleave"],"picked":"SKIP","floor":22.0},{"not_picked":["Fire Breathing+1","Blood for Blood+1"],"picked":"Shockwave+1","floor":23.0},{"not_picked":["Entrench","Sentinel","Sever Soul"],"picked":"Power Through","floor":25.0},{"not_picked":["Anger","Infernal Blade","Pommel Strike"],"picked":"Fire Breathing+1","floor":29.0},{"not_picked":["True Grit","Shrug It Off+1","Shockwave"],"picked":"Burning Pact","floor":30.0},{"not_picked":["Infernal Blade","Flex","Perfected Strike"],"picked":"Shrug It Off","floor":31.0},{"not_picked":["Feed","Bludgeon","Immolate"],"picked":"Barricade+1","floor":33.0},{"not_picked":["Iron Wave+1","Bloodletting+1","Intimidate+1"],"picked":"Body Slam","floor":35.0},{"not_picked":["Perfected Strike","Inflame+1","Whirlwind"],"picked":"Fire Breathing+1","floor":36.0},{"not_picked":["Reckless Charge","Shockwave+1","Combust+1","Armaments+1"],"picked":"SKIP","floor":38.0},{"not_picked":["Iron Wave+1","Warcry","Pummel","Headbutt+1"],"picked":"SKIP","floor":39.0},{"not_picked":["Burning Pact","Sever Soul","Twin Strike"],"picked":"Metallicize+1","floor":40.0},{"not_picked":["Clash","Heavy Blade+1","Twin Strike","Reckless Charge"],"picked":"SKIP","floor":41.0},{"not_picked":["Wild Strike","Sword Boomerang+1","Heavy Blade+1"],"picked":"Body Slam+1","floor":44.0},{"not_picked":["Intimidate+1","Thunderclap","Fire Breathing+1"],"picked":"Body Slam+1","floor":45.0},{"not_picked":["Dual Wield","True Grit","Flex+1","Infernal Blade"],"picked":"SKIP","floor":47.0},{"not_picked":["Pommel Strike+1","Flex","Whirlwind"],"picked":"Body Slam+1","floor":48.0},{"not_picked":["Sever Soul","Headbutt","Carnage+1"],"picked":"Pommel Strike+1","floor":54.0}],"player_experience":259414,"relics_obtained":[{"floor":6.0,"key":"WingedGreaves"},{"floor":9.0,"key":"StrikeDummy"},{"floor":10.0,"key":"Blood Vial"},{"floor":14.0,"key":"Happy Flower"},{"floor":23.0,"key":"Frozen Egg 2"},{"floor":24.0,"key":"Question Card"},{"floor":25.0,"key":"War Paint"},{"floor":26.0,"key":"PreservedInsect"},{"floor":29.0,"key":"Champion Belt"},{"floor":40.0,"key":"Bottled Tornado"},{"floor":45.0,"key":"Sundial"},{"floor":48.0,"key":"Incense Burner"},{"floor":54.0,"key":"Orichalcum"}],"event_choices":[{"damage_healed":0.0,"max_hp_gain":0.0,"max_hp_loss":0.0,"gold_gain":0.0,"event_name":"The Woman in Blue","player_choice":"Bought 1 Potion","floor":4.0,"gold_loss":0.0,"damage_taken":0.0},{"damage_healed":0.0,"max_hp_gain":0.0,"max_hp_loss":0.0,"gold_gain":0.0,"event_name":"Back to Basics","player_choice":"Simplicity","floor":21.0,"gold_loss":0.0,"damage_taken":0.0,"cards_upgraded":["Strike_R","Strike_R","Strike_R","Defend_R","Defend_R","Defend_R"]},{"damage_healed":0.0,"max_hp_gain":0.0,"max_hp_loss":0.0,"gold_gain":100.0,"event_name":"The Joust","player_choice":"Bet on Murderer","floor":27.0,"gold_loss":50.0,"damage_taken":0.0}],"is_beta":false,"boss_relics":[{"not_picked":["Sozu","Tiny House"],"picked":"Astrolabe"},{"not_picked":["Runic Cube","Black Star"],"picked":"Snecko Eye"}],"items_purged_floors":[37],"is_endless":false,"potions_floor_spawned":[1,3,13,14,16,20,23,29,31,33,35,44,45],"ascension_level":8}}