{"host":"50per11302020","time":1610440365,"event":{"mods":["AchievementEnabler","BaseMod","Colored Map","Minty Spire (QoL Compilation)","Relic Stats","StSLib"],"gold_per_floor":[111,185,460,472,376,408,425,425,425,425,425,425,452,471,471,548,548,559,574,188,203,203,203,203,203,203,213,213,20,31,61,61,134,134,148,159,159,171,171,171,191,191,215,215,225,238,258,123,123,123],"floor_reached":51,"playtime":4583,"items_purged":["Strike_G","Strike_G","Writhe"],"score":1195,"play_id":"3667221b-b355-4492-ac96-eaa909bb78a4","local_time":"20210112003245","is_ascension_mode":true,"campfire_choices":[{"data":"After Image","floor":8.0,"key":"SMITH"},{"data":"Noxious Fumes","floor":10.0,"key":"SMITH"},{"data":"Infinite Blades","floor":15.0,"key":"SMITH"},{"floor":23.0,"key":"RECALL"},{"floor":32.0,"key":"REST"},{"floor":40.0,"key":"REST"},{"floor":44.0,"key":"REST"},{"floor":49.0,"key":"REST"}],"circlet_count":0,"master_deck":["AscendersBane","Defend_G","Defend_G","Defend_G","Defend_G","Defend_G","Survivor","Neutralize","Noxious Fumes+1","Backflip","Bandage Up+1","After Image+1","Footwork","Infinite Blades+1","Malaise","Catalyst","Cloak And Dagger","Catalyst","Cloak And Dagger","Accuracy","Envenom","Malaise","Leg Sweep","PiercingWail","Noxious Fumes","Calculated Gamble+1","Bane+1"],"relics":["Ring of the Snake","Omamori","White Beast Statue","Nunchaku","Smiling Mask","Oddly Smooth Stone","Fusion Hammer","Lee\u0027s Waffle","Tiny Chest","Happy Flower","Sundial","HornCleat","The Courier","Empty Cage","Strawberry"],"acts_visited":["Exordium","TheCity","TheBeyond"],"potions_floor_usage":[50,50],"damage_taken":[{"damage":6.0,"enemies":"Cultist","floor":1.0,"turns":5.0},{"damage":0.0,"enemies":"2 Louse","floor":4.0,"turns":5.0},{"damage":31.0,"enemies":"3 Sentries","floor":6.0,"turns":11.0},{"damage":0.0,"enemies":"Jaw Worm","floor":7.0,"turns":6.0},{"damage":8.0,"enemies":"Lagavulin","floor":13.0,"turns":9.0},{"damage":0.0,"enemies":"2 Fungi Beasts","floor":14.0,"turns":4.0},{"damage":23.0,"enemies":"Hexaghost","floor":16.0,"turns":12.0},{"damage":3.0,"enemies":"Shell Parasite","floor":18.0,"turns":9.0},{"damage":0.0,"enemies":"3 Byrds","floor":19.0,"turns":7.0},{"damage":0.0,"enemies":"Centurion and Healer","floor":21.0,"turns":8.0},{"damage":0.0,"enemies":"Cultist and Chosen","floor":25.0,"turns":4.0},{"damage":4.0,"enemies":"Snake Plant","floor":27.0,"turns":8.0},{"damage":6.0,"enemies":"Shelled Parasite and Fungi","floor":30.0,"turns":7.0},{"damage":19.0,"enemies":"Slavers","floor":31.0,"turns":8.0},{"damage":20.0,"enemies":"Collector","floor":33.0,"turns":10.0},{"damage":5.0,"enemies":"Orb Walker","floor":35.0,"turns":6.0},{"damage":10.0,"enemies":"3 Darklings","floor":36.0,"turns":7.0},{"damage":3.0,"enemies":"Maw","floor":38.0,"turns":8.0},{"damage":11.0,"enemies":"Writhing Mass","floor":41.0,"turns":9.0},{"damage":13.0,"enemies":"Spire Growth","floor":45.0,"turns":10.0},{"damage":14.0,"enemies":"3 Darklings","floor":46.0,"turns":7.0},{"damage":5.0,"enemies":"Writhing Mass","floor":47.0,"turns":9.0},{"damage":62,"enemies":"Awakened One","floor":50,"turns":18}],"seed_played":"-8548777689666818843","potions_obtained":[{"floor":4.0,"key":"Dexterity Potion"},{"floor":6.0,"key":"Energy Potion"},{"floor":7.0,"key":"Weak Potion"},{"floor":13.0,"key":"BlessingOfTheForge"},{"floor":14.0,"key":"Ancient Potion"},{"floor":18.0,"key":"DistilledChaos"},{"floor":19.0,"key":"SkillPotion"},{"floor":21.0,"key":"SmokeBomb"},{"floor":27.0,"key":"SpeedPotion"},{"floor":30.0,"key":"SteroidPotion"},{"floor":31.0,"key":"GhostInAJar"},{"floor":33.0,"key":"LiquidBronze"},{"floor":35.0,"key":"DistilledChaos"},{"floor":36.0,"key":"Poison Potion"}],"is_trial":false,"path_per_floor":["M","T","?","M","$","E","M","R","T","R","?","?","E","M","R","B",null,"M","M","$","M","?","R","?","M","T","M","T","$","M","E","R","B",null,"M","M","?","M","?","R","M","?","T","R","M","M","M","$","R","B",null],"character_chosen":"THE_SILENT","items_purchased":["Bandage Up","Lee\u0027s Waffle","Tiny Chest","Accuracy","Poison Potion","CultistPotion"],"campfire_rested":4,"item_purchase_floors":[5,20,20,29,29,48],"current_hp_per_floor":[53,53,53,53,53,26,30,30,30,30,30,30,28,34,34,17,54,57,63,73,73,73,73,73,73,73,73,73,73,73,60,73,59,70,68,63,63,66,66,73,68,73,80,80,72,64,65,65,80,24],"gold":123,"neow_bonus":"RANDOM_COMMON_RELIC","is_daily":false,"chose_seed":false,"campfire_upgraded":3,"win_rate":0.0,"timestamp":1610440365,"path_taken":["M","?","?","M","$","E","?","R","T","R","?","?","E","M","R","BOSS","M","M","$","M","?","R","?","?","T","M","?","$","M","E","R","BOSS","M","M","?","M","?","R","M","?","T","R","M","M","M","$","R","BOSS"],"items_purchased_type":["Card","Relic","Relic","Card","Potion","Potion"],"build_version":"2020-12-18","purchased_purges":3,"victory":true,"max_hp_per_floor":[66,66,66,66,66,66,66,66,66,66,66,66,66,66,66,66,66,66,66,73,73,73,73,73,73,73,73,73,73,73,73,73,73,73,73,73,73,73,73,73,73,73,80,80,80,80,80,80,80,80],"relic_stats":{"Nunchaku":[32],"Lee\u0027s Waffle":10,"Happy Flower":[37],"counters":[23,187],"Sundial":[20],"Tiny Chest":1,"Smiling Mask":125,"obtain_stats":[{"Lee\u0027s Waffle":20,"Happy Flower":22,"Oddly Smooth Stone":13,"The Courier":31,"Omamori":0,"Smiling Mask":9,"Empty Cage":34,"White Beast Statue":2,"Nunchaku":6,"HornCleat":28,"Sundial":26,"Strawberry":43,"Tiny Chest":20,"Fusion Hammer":17,"Ring of the Snake":0},{"Lee\u0027s Waffle":9,"Happy Flower":10,"Oddly Smooth Stone":5,"The Courier":14,"Omamori":0,"Smiling Mask":4,"Empty Cage":15,"White Beast Statue":1,"Nunchaku":3,"HornCleat":12,"Sundial":11,"Strawberry":19,"Tiny Chest":9,"Fusion Hammer":7,"Ring of the Snake":0},{"Lee\u0027s Waffle":68,"Happy Flower":76,"Oddly Smooth Stone":36,"The Courier":103,"Omamori":0,"Smiling Mask":27,"Empty Cage":113,"White Beast Statue":5,"Nunchaku":21,"HornCleat":88,"Sundial":80,"Strawberry":143,"Tiny Chest":68,"Fusion Hammer":52,"Ring of the Snake":0}],"Ring of the Snake":[46]},"card_choices":[{"not_picked":["Flying Knee","Expertise"],"picked":"Noxious Fumes","floor":1.0},{"not_picked":["Terror","Acrobatics"],"picked":"Backflip","floor":4.0},{"not_picked":["Blade Dance","Slice"],"picked":"After Image","floor":6.0},{"not_picked":["Dagger Throw","Reflex","Distraction"],"picked":"SKIP","floor":7.0},{"not_picked":["Bane","Prepared"],"picked":"Footwork","floor":13.0},{"not_picked":["Poisoned Stab","Escape Plan"],"picked":"Infinite Blades","floor":14.0},{"not_picked":["Phantasmal Killer","Bullet Time"],"picked":"Malaise","floor":16.0},{"not_picked":["Bane","Crippling Poison"],"picked":"Catalyst","floor":18.0},{"not_picked":["Bane","Prepared","Distraction"],"picked":"SKIP","floor":19.0},{"not_picked":["Tactician","Slice"],"picked":"Cloak And Dagger","floor":21.0},{"not_picked":["PiercingWail","Bane"],"picked":"Cloak And Dagger","floor":27.0},{"not_picked":["Dash+1","Flying Knee","Dagger Spray"],"picked":"SKIP","floor":30.0},{"not_picked":["Deflect","Endless Agony"],"picked":"Envenom","floor":31.0},{"not_picked":["Die Die Die","Wraith Form v2"],"picked":"Malaise","floor":33.0},{"not_picked":["Flying Knee+1","Skewer+1"],"picked":"Leg Sweep","floor":35.0},{"not_picked":["Dagger Throw","Eviscerate","Flechettes+1"],"picked":"SKIP","floor":36.0},{"not_picked":["Masterful Stab+1","Quick Slash","Footwork"],"picked":"SKIP","floor":38.0},{"not_picked":["Quick Slash","Dodge and Roll"],"picked":"PiercingWail","floor":41.0},{"not_picked":["Acrobatics","Endless Agony"],"picked":"Noxious Fumes","floor":45.0},{"not_picked":["Dagger Spray","Quick Slash"],"picked":"Calculated Gamble+1","floor":46.0},{"not_picked":["Phantasmal Killer","Dash"],"picked":"Bane+1","floor":47.0}],"player_experience":184363,"relics_obtained":[{"floor":2.0,"key":"White Beast Statue"},{"floor":6.0,"key":"Nunchaku"},{"floor":9.0,"key":"Smiling Mask"},{"floor":13.0,"key":"Oddly Smooth Stone"},{"floor":26.0,"key":"Sundial"},{"floor":28.0,"key":"HornCleat"},{"floor":31.0,"key":"The Courier"},{"floor":43.0,"key":"Strawberry"}],"event_choices":[{"damage_healed":0.0,"max_hp_gain":0.0,"max_hp_loss":0.0,"gold_gain":275.0,"event_name":"Golden Shrine","player_choice":"Desecrate","floor":3.0,"gold_loss":0.0,"damage_taken":0.0,"cards_obtained":["Regret"]},{"damage_healed":0.0,"max_hp_gain":0.0,"max_hp_loss":0.0,"gold_gain":0.0,"event_name":"Living Wall","player_choice":"Grow","floor":11.0,"gold_loss":0.0,"damage_taken":0.0,"cards_upgraded":["Bandage Up"]},{"damage_healed":0.0,"max_hp_gain":0.0,"max_hp_loss":0.0,"gold_gain":0.0,"event_name":"Shining Light","player_choice":"Ignored","floor":12.0,"gold_loss":0.0,"damage_taken":0.0},{"damage_healed":0.0,"max_hp_gain":0.0,"max_hp_loss":0.0,"gold_gain":0.0,"event_name":"The Mausoleum","player_choice":"Opened","floor":22.0,"gold_loss":0.0,"damage_taken":0.0,"relics_obtained":["Happy Flower"],"cards_obtained":["Writhe"]},{"damage_healed":0.0,"max_hp_gain":0.0,"max_hp_loss":0.0,"gold_gain":0.0,"event_name":"Match and Keep!","player_choice":"1 cards matched","floor":24.0,"gold_loss":0.0,"damage_taken":0.0,"cards_obtained":["Catalyst"]},{"damage_healed":0.0,"max_hp_gain":0.0,"max_hp_loss":0.0,"gold_gain":0.0,"event_name":"Tomb of Lord Red Mask","player_choice":"Ignored","floor":37.0,"gold_loss":0.0,"damage_taken":0.0},{"cards_removed":["Strike_G"],"damage_healed":0.0,"max_hp_gain":0.0,"max_hp_loss":0.0,"gold_gain":0.0,"event_name":"Falling","player_choice":"Removed Attack","floor":39.0,"gold_loss":0.0,"damage_taken":0.0},{"damage_healed":15.0,"max_hp_gain":0.0,"max_hp_loss":0.0,"gold_gain":0.0,"event_name":"Winding Halls","player_choice":"Writhe","floor":42.0,"gold_loss":0.0,"damage_taken":0.0,"cards_obtained":["Writhe"]}],"is_beta":true,"boss_relics":[{"not_picked":["Sozu","Pandora\u0027s Box"],"picked":"Fusion Hammer"},{"not_picked":["Runic Dome","Velvet Choker"],"picked":"Empty Cage"}],"items_purged_floors":[20,29,48],"is_endless":false,"potions_floor_spawned":[4,6,7,13,14,16,18,19,21,25,27,30,31,33,35,36,38,41,45,46,47],"ascension_level":18}}