{"host":"f0gpob8hq9vgebej","time":1610429114,"event":{"mods":["AchievementEnabler","BaseMod","Minty Spire (QoL Compilation)","Quick Restart","SuperFastMode"],"gold_per_floor":[18,36,46,57,70,70,105,105,105,105,105,36,51,63,63,168,168,186,198,214,139,54,66,78,78],"floor_reached":24,"playtime":2293,"items_purged":["Strike_B"],"score":220,"play_id":"87ee5b86-9b67-4884-9e0a-8f76adcdf732","local_time":"20210112142514","is_ascension_mode":true,"campfire_choices":[{"data":"Static Discharge","floor":6,"key":"SMITH"},{"data":"Zap","floor":8,"key":"SMITH"},{"data":"Biased Cognition","floor":10,"key":"SMITH"},{"data":"Redo","floor":15,"key":"SMITH"},{"floor":23,"key":"REST"}],"circlet_count":0,"master_deck":["Strike_B","Strike_B","Defend_B+1","Defend_B","Defend_B+1","Zap+1","Dualcast","Ball Lightning","Auto Shields","Static Discharge+1","Biased Cognition+1","Machine Learning","Decay","Thunder Strike","Redo+1","Core Surge","White Noise","Heatsinks+1"],"relics":["Cracked Core","Happy Flower","War Paint","Black Star","MawBank"],"acts_visited":["Exordium","TheCity"],"potions_floor_usage":[16,16,18],"damage_taken":[{"damage":3,"enemies":"Jaw Worm","floor":1,"turns":4},{"damage":0,"enemies":"Cultist","floor":2,"turns":3},{"damage":0,"enemies":"Small Slimes","floor":3,"turns":2},{"damage":3,"enemies":"Blue Slaver","floor":4,"turns":3},{"damage":9,"enemies":"3 Louse","floor":5,"turns":3},{"damage":5,"enemies":"Gremlin Nob","floor":7,"turns":3},{"damage":8,"enemies":"Exordium Thugs","floor":13,"turns":3},{"damage":5,"enemies":"Looter","floor":14,"turns":3},{"damage":12,"enemies":"The Guardian","floor":16,"turns":7},{"damage":33,"enemies":"2 Thieves","floor":18,"turns":4},{"damage":16,"enemies":"Chosen","floor":19,"turns":3},{"damage":25,"enemies":"Snecko","floor":20,"turns":4},{"damage":23,"enemies":"Chosen and Byrds","floor":24,"turns":4}],"seed_played":"3868073559341395988","potions_obtained":[{"floor":3,"key":"Block Potion"},{"floor":4,"key":"SteroidPotion"},{"floor":5,"key":"DistilledChaos"},{"floor":13,"key":"LiquidMemories"},{"floor":18,"key":"Weak Potion"}],"is_trial":false,"path_per_floor":["M","M","M","M","M","R","E","R","T","R","?","$","M","M","R","B",null,"M","M","M","$","?","R","M"],"character_chosen":"DEFECT","items_purchased":["Thunder Strike"],"campfire_rested":1,"item_purchase_floors":[12],"current_hp_per_floor":[72,72,72,69,60,60,55,55,55,55,55,55,47,42,42,30,75,42,26,1,1,1,23,0,0],"gold":78,"neow_bonus":"REMOVE_TWO","is_daily":false,"chose_seed":false,"campfire_upgraded":4,"win_rate":0.0,"timestamp":1610429114,"path_taken":["M","M","M","M","M","R","E","R","T","R","?","$","?","M","R","BOSS","M","M","M","$","?","R","M"],"items_purchased_type":["Card"],"build_version":"2020-12-22","purchased_purges":1,"victory":false,"max_hp_per_floor":[75,75,75,75,75,75,75,75,75,75,75,75,75,75,75,75,75,75,75,75,75,75,75,75,75],"card_choices":[{"not_picked":["Stack","Undo","Turbo"],"picked":"SKIP","floor":1},{"not_picked":["Rebound","Sunder"],"picked":"Ball Lightning","floor":2},{"not_picked":["Gash","Undo"],"picked":"Auto Shields","floor":3},{"not_picked":["Compile Driver","Cold Snap"],"picked":"Static Discharge","floor":4},{"not_picked":["Leap","Go for the Eyes"],"picked":"Biased Cognition","floor":5},{"not_picked":["Stack","Beam Cell"],"picked":"Machine Learning","floor":7},{"not_picked":["Scrape","Turbo"],"picked":"Redo","floor":13},{"not_picked":["Hologram","Coolheaded","Rebound"],"picked":"SKIP","floor":14},{"not_picked":["Meteor Strike","Rainbow"],"picked":"Core Surge","floor":16},{"not_picked":["Gash","Rip and Tear","Ball Lightning"],"picked":"SKIP","floor":18},{"not_picked":["Doom and Gloom","Rebound"],"picked":"White Noise","floor":19},{"not_picked":["Auto Shields","Turbo"],"picked":"Heatsinks+1","floor":20}],"player_experience":138108,"relics_obtained":[{"floor":7,"key":"Happy Flower"},{"floor":9,"key":"War Paint"}],"event_choices":[{"damage_healed":0,"gold_gain":0,"player_choice":"Cursed","damage_taken":0,"max_hp_gain":0,"max_hp_loss":0,"event_name":"Wheel of Change","floor":11,"gold_loss":0,"cards_obtained":["Decay"]},{"damage_healed":0,"gold_gain":0,"player_choice":"Obtained Relic","damage_taken":0,"relics_obtained":["MawBank"],"max_hp_gain":0,"max_hp_loss":0,"event_name":"Addict","floor":22,"gold_loss":85}],"is_beta":false,"boss_relics":[{"not_picked":["SacredBark","Tiny House"],"picked":"Black Star"}],"items_purged_floors":[21],"is_endless":false,"potions_floor_spawned":[3,4,5,13,18],"killed_by":"Chosen and Byrds","ascension_level":2}}