{"host":"k67zwea37tbl4jhz","time":1610434966,"event":{"mods":["AchievementEnabler","Aspiration","BaseMod","Better Altar","Better Match","Better Sensory Stone","Better Skull","Better Third Choice","BetterRewards","CCEM","Clawfect","Colored Map","Conspire","Downfall","GifTheSpireLib","Googly Eyes","Halation","Highlight Path","Mimic Mod","Minty Spire (QoL Compilation)","Permanent Neow","Replay The Spire","Shop Mod","Spicy Shops","StSLib","Stuff the Spire","The Runesmith","Unceasing Turn Reminder","everything is the same but u backflip on backflip"],"gold_per_floor":[115,115,130,61,61,86,101,115,162,177,177,192,220,220,220,323,323,347,347,447,416,432,432,457,457,484,516,531,546,546,568,568,671,671,689,689,704,729,741,741,754,758,758],"floor_reached":42,"playtime":3913,"items_purged":[],"score":534,"play_id":"a58e673a-01b0-4e90-9a82-b1a33f8e7cef","local_time":"20210112020246","is_ascension_mode":false,"campfire_choices":[{"data":"Runesmith:BackupBattery","floor":11,"key":"SMITH"},{"floor":15,"key":"REST"},{"floor":23,"key":"REST"},{"floor":25,"key":"REST"},{"floor":30,"key":"REST"},{"floor":32,"key":"REST"},{"floor":40,"key":"REST"}],"circlet_count":0,"master_deck":["Runesmith:Strike_RS","Runesmith:Strike_RS","Runesmith:Strike_RS","Runesmith:Defend_RS","Runesmith:Defend_RS","Runesmith:Defend_RS","Runesmith:CraftFirestone","Runesmith:Fortify","Runesmith:DoubleUp","Runesmith:CraftProtectio","Runesmith:MetallurgicalResearch+1","Runesmith:PoweredAnvil","Runesmith:BackupBattery+1","Runesmith:CraftMagma","Runesmith:ElementalConversion","Runesmith:ReplicatingBarrier","Runesmith:Superposition","Runesmith:Firestorm","Runesmith:PoweredAnvil","Runesmith:CraftMedicinae","Runesmith:LithiumIon+1","Runesmith:StaticCage+1","Runesmith:CreatorForm","Runesmith:EarthShield+1","Pot Of Greed","Pot Of Greed","Pot Of Greed","Runesmith:HeatedChisel","Runesmith:CraftVitae+1","Runesmith:ShiftingStrike+1"],"relics":["Runesmith:BrokenRuby","CCEMRelics:Barrel","Replay:Bandana","CCEMRelics:SpiritsEdge","Philosopher\u0027s Stone","Dream Catcher","Art of War","Shuriken","Fusion Hammer","Grinning Jar"],"acts_visited":["Exordium","TheCity","TheBeyond"],"potions_floor_usage":[],"damage_taken":[{"damage":0,"enemies":"Cultist","floor":1,"turns":4},{"damage":0,"enemies":"2 Louse","floor":3,"turns":4},{"damage":0,"enemies":"Lagavulin","floor":6,"turns":8},{"damage":0,"enemies":"Small Slimes","floor":7,"turns":4},{"damage":7,"enemies":"Exordium Thugs","floor":8,"turns":7},{"damage":10,"enemies":"Blue Slaver","floor":10,"turns":4},{"damage":6,"enemies":"Red Slaver","floor":12,"turns":4},{"damage":28,"enemies":"Gremlin Nob","floor":13,"turns":5},{"damage":12,"enemies":"Hexaghost","floor":16,"turns":7},{"damage":31,"enemies":"3 Byrds","floor":18,"turns":5},{"damage":15,"enemies":"2 Thieves","floor":21,"turns":5},{"damage":15,"enemies":"Centurion and Healer","floor":22,"turns":7},{"damage":28,"enemies":"Book of Stabbing","floor":24,"turns":6},{"damage":16,"enemies":"conspire:MimicChest","floor":27,"turns":6},{"damage":10,"enemies":"conspire:HollyBat","floor":28,"turns":6},{"damage":3,"enemies":"Chosen and Byrds","floor":29,"turns":4},{"damage":2,"enemies":"3 Cultists","floor":31,"turns":4},{"damage":0,"enemies":"Champ","floor":33,"turns":11},{"damage":0,"enemies":"3 Shapes","floor":35,"turns":6},{"damage":14,"enemies":"Orb Walker","floor":37,"turns":5},{"damage":45,"enemies":"Sphere and 2 Shapes","floor":38,"turns":9},{"damage":13,"enemies":"3 Darklings","floor":39,"turns":8},{"damage":25,"enemies":"Spire Growth","floor":41,"turns":24},{"damage":24,"enemies":"Nemesis","floor":42,"turns":2}],"seed_played":"-5512392980443639013","potions_obtained":[{"floor":1,"key":"BlessingOfTheForge"},{"floor":8,"key":"BlessingOfTheForge"},{"floor":12,"key":"Toxic Potion"},{"floor":13,"key":"hexamod:EctoCoolerPotion"},{"floor":27,"key":"LiquidBronze"},{"floor":28,"key":"Adrenaline Potion"}],"is_trial":false,"path_per_floor":["M","?","M","$","?","E","M","M","T","M","R","M","E","?","R","B",null,"M","?","?","M","M","R","E","R","T","?","M","M","R","M","R","B",null,"M","?","M","M","M","R","M","E"],"character_chosen":"RUNESMITH_CLASS","items_purchased":["Runesmith:MetallurgicalResearch"],"campfire_rested":6,"item_purchase_floors":[4],"current_hp_per_floor":[70,75,75,75,75,75,75,68,68,58,58,52,24,24,46,34,75,44,69,69,54,39,61,33,55,55,39,29,26,48,46,68,75,75,75,58,60,16,15,37,12,0,0],"gold":758,"neow_bonus":"RANDOM_EVENT","is_daily":false,"chose_seed":false,"campfire_upgraded":1,"win_rate":0.0,"timestamp":1610434966,"path_taken":["M","?","M","?","?","E","M","?","T","M","R","M","E","?","R","BOSS","M","?","?","?","M","R","E","R","T","?","M","?","R","M","R","BOSS","M","?","?","M","M","R","M","E"],"items_purchased_type":["Card"],"build_version":"2020-12-22","purchased_purges":0,"victory":false,"max_hp_per_floor":[70,75,75,75,75,75,75,75,75,75,75,75,75,75,75,75,75,75,75,75,75,75,75,75,75,75,75,75,75,75,75,75,75,75,75,75,75,75,75,75,75,75,75],"card_choices":[{"not_picked":["Runesmith:HammerTime","Runesmith:Reinforce"],"picked":"Runesmith:DoubleUp","floor":1},{"not_picked":["Runesmith:LithiumIon","Runesmith:Discharge"],"picked":"Runesmith:CraftProtectio","floor":3},{"not_picked":["Runesmith:ChaoticBlast","Runesmith:Refine"],"picked":"Runesmith:PoweredAnvil","floor":6},{"not_picked":["Runesmith:HeatedChisel","Runesmith:ChiselStab"],"picked":"Runesmith:BackupBattery","floor":7},{"not_picked":["Runesmith:HammerThrow","Runesmith:ShiftingStrike"],"picked":"Runesmith:CraftMagma","floor":8},{"not_picked":["Runesmith:WhiteBalance","Runesmith:ChargedHammer","Runesmith:HeatedChisel"],"picked":"SKIP","floor":10},{"not_picked":["Runesmith:Repurpose","Runesmith:ChiselStab"],"picked":"Runesmith:ElementalConversion","floor":12},{"not_picked":["Runesmith:ChiselStab","Runesmith:Repurpose","Runesmith:Reinforce"],"picked":"SKIP","floor":13},{"not_picked":["Runesmith:Supernova","Runesmith:FissionHammer"],"picked":"Runesmith:ReplicatingBarrier","floor":16},{"not_picked":["Runesmith:ChiselStab","Runesmith:Permafrost","Runesmith:PerfectChisel+1"],"picked":"SKIP","floor":18},{"not_picked":["Runesmith:NanitesCloud","Runesmith:Overpower","Runesmith:ChargedHammer+1"],"picked":"SKIP","floor":21},{"not_picked":["Runesmith:Firewall","Runesmith:Overpower"],"picked":"Runesmith:Superposition","floor":22},{"not_picked":["Runesmith:RuneHurl","Runesmith:HeatedChisel+1"],"picked":"Runesmith:Firestorm","floor":24},{"not_picked":["Runesmith:PerfectChisel","Runesmith:ChiselStab+1"],"picked":"Runesmith:PoweredAnvil","floor":25},{"not_picked":["Runesmith:MakeshiftArmor","Runesmith:BackupBattery","Runesmith:PerfectChisel"],"picked":"SKIP","floor":28},{"not_picked":["Runesmith:BackupBattery","Runesmith:Repurpose"],"picked":"Runesmith:CraftMedicinae","floor":29},{"not_picked":["Runesmith:EnergizedChisel","Runesmith:BackupBattery"],"picked":"Runesmith:LithiumIon+1","floor":31},{"not_picked":["Runesmith:MetallurgicalResearch","Runesmith:ChargedHammer"],"picked":"Runesmith:StaticCage+1","floor":32},{"not_picked":["Runesmith:ArcReactor","Runesmith:UnlimitedPower"],"picked":"Runesmith:CreatorForm","floor":33},{"not_picked":["Runesmith:CraftReservo","Runesmith:Permafrost+1"],"picked":"Runesmith:EarthShield+1","floor":35},{"not_picked":["Runesmith:CraftReservo+1","Runesmith:CraftMagma"],"picked":"Runesmith:HeatedChisel","floor":37},{"not_picked":["Runesmith:EnergizedChisel","Runesmith:NanitesCloud","Runesmith:UnstableHammer+1"],"picked":"SKIP","floor":38},{"not_picked":["Runesmith:RuneHurl+1","Runesmith:HeatExchange"],"picked":"Runesmith:CraftVitae+1","floor":39},{"not_picked":["Runesmith:CraftIndustria","Runesmith:MakeshiftArmor"],"picked":"Runesmith:ShiftingStrike+1","floor":40},{"not_picked":["Runesmith:BackupBattery","Runesmith:HeatedChisel","Runesmith:MakeshiftArmor+1"],"picked":"SKIP","floor":41}],"player_experience":214501,"relics_obtained":[{"floor":6,"key":"CCEMRelics:Barrel"},{"floor":9,"key":"Replay:Bandana"},{"floor":13,"key":"CCEMRelics:SpiritsEdge"},{"floor":24,"key":"Dream Catcher"},{"floor":26,"key":"Art of War"},{"floor":27,"key":"Shuriken"}],"event_choices":[{"damage_healed":0,"gold_gain":0,"player_choice":"Donut","damage_taken":0,"max_hp_gain":5,"max_hp_loss":0,"event_name":"Big Fish","floor":2,"gold_loss":0},{"damage_healed":0,"gold_gain":0,"player_choice":"Upgraded","damage_taken":0,"max_hp_gain":0,"max_hp_loss":0,"event_name":"Upgrade Shrine","floor":5,"gold_loss":0,"cards_upgraded":["Runesmith:MetallurgicalResearch"]},{"cards_removed":["Runesmith:Defend_RS"],"damage_healed":0,"gold_gain":0,"player_choice":"Offered Basic","damage_taken":0,"max_hp_gain":0,"max_hp_loss":0,"event_name":"Bonfire Elementals","floor":14,"gold_loss":0},{"damage_healed":25,"gold_gain":0,"player_choice":"Heal","damage_taken":0,"max_hp_gain":0,"max_hp_loss":0,"event_name":"The Library","floor":19,"gold_loss":0},{"damage_healed":0,"gold_gain":100,"player_choice":"Pray","damage_taken":0,"max_hp_gain":0,"max_hp_loss":0,"event_name":"Golden Shrine","floor":20,"gold_loss":0},{"damage_healed":0,"gold_gain":0,"player_choice":"RE ","damage_taken":19,"relics_obtained":["Grinning Jar"],"max_hp_gain":0,"max_hp_loss":0,"event_name":"betterSkull:BetterSkull","floor":36,"gold_loss":0,"cards_upgraded":[]}],"is_beta":false,"boss_relics":[{"not_picked":["halation:ForbiddenBikini","Painkiller Herb"],"picked":"Philosopher\u0027s Stone"},{"not_picked":["Black Star","StuffTheSpire:RunicConfusion"],"picked":"Fusion Hammer"}],"items_purged_floors":[],"is_endless":false,"potions_floor_spawned":[1,8,12,13,16,24,27,28,33,35,39],"killed_by":"Nemesis","ascension_level":0}}