{"host":"6he3f0ic6yesrium","time":1610422076,"event":{"mods":["BaseMod","Better Altar","Better Match","Better Note","Better Sensory Stone","Better Skull","Better Third Choice","Colored Map","Conspire","Hubris","Marisa????????","Minty Spire (QoL Compilation)","Replay The Spire","Shade Mod","StSLib","The Alterego","The Mystic","The Necromancer","The Runesmith"],"gold_per_floor":[117,134,151,151,169,169,184,184,207,217,42,57,73,25,25,25,25],"floor_reached":16,"playtime":612,"items_purged":[],"score":96,"play_id":"eb69a2e3-bef4-44a2-a578-90eecaa2e3c6","local_time":"20210111222756","is_ascension_mode":false,"campfire_choices":[{"data":"Runesmith:CraftFirestone","floor":6,"key":"SMITH"},{"floor":8,"key":"REST"},{"floor":15,"key":"REST"}],"circlet_count":0,"master_deck":["Runesmith:Strike_RS","Runesmith:Strike_RS","Runesmith:Strike_RS","Runesmith:Strike_RS","Runesmith:Defend_RS","Runesmith:Defend_RS","Runesmith:Defend_RS","Runesmith:Defend_RS","Runesmith:CraftFirestone+1","Runesmith:Fortify","Runesmith:Superposition","Runesmith:HammerThrow","Sadistic Nature","Runesmith:BackupBattery","Runesmith:HeatedChisel","Runesmith:Refine","Runesmith:ShiftingStrike","Runesmith:LithiumIon"],"relics":["Runesmith:BrokenRuby","NeowsBlessing","hubris:SlimyHat"],"acts_visited":["Exordium"],"potions_floor_usage":[7,10,12,13,16,16,16],"damage_taken":[{"damage":0,"enemies":"Cultist","floor":1,"turns":1},{"damage":0,"enemies":"conspire:RoseBush","floor":2,"turns":1},{"damage":0,"enemies":"2 Louse","floor":3,"turns":2},{"damage":28,"enemies":"Lots of Slimes","floor":5,"turns":4},{"damage":18,"enemies":"Exordium Thugs","floor":7,"turns":4},{"damage":0,"enemies":"Large Slime","floor":10,"turns":3},{"damage":38,"enemies":"Gremlin Gang","floor":12,"turns":5},{"damage":3,"enemies":"Lots of Slimes","floor":13,"turns":6},{"damage":25,"enemies":"Hexaghost","floor":16,"turns":7}],"seed_played":"5248802270773358484","potions_obtained":[{"floor":3,"key":"Block Potion"},{"floor":7,"key":"Explosive Potion"},{"floor":12,"key":"Block Potion"},{"floor":13,"key":"SkillPotion"}],"is_trial":false,"path_per_floor":["M","M","M","?","M","R","M","R","T","M","$","M","M","$","R_BF","B"],"character_chosen":"RUNESMITH_CLASS","items_purchased":["Runesmith:Refine","PowerPotion","Swift Potion","Explosive Potion"],"campfire_rested":2,"item_purchase_floors":[11,11,11,14],"current_hp_per_floor":[70,70,70,70,42,42,24,45,45,45,45,7,4,4,25,0,0],"gold":25,"neow_bonus":"THREE_ENEMY_KILL","is_daily":false,"chose_seed":false,"campfire_upgraded":1,"win_rate":0.0,"timestamp":1610422076,"path_taken":["M","M","?","?","?","R","M","R","T","M","$","M","M","?","R_BF","BOSS"],"items_purchased_type":["Card","Potion","Potion","Potion"],"build_version":"2020-12-22","purchased_purges":0,"victory":false,"max_hp_per_floor":[70,70,70,70,70,70,70,70,70,70,70,70,70,70,70,70,70],"card_choices":[{"not_picked":["Runesmith:EnergizedChisel","Runesmith:HeatExchange"],"picked":"Runesmith:Superposition","floor":1},{"not_picked":["Runesmith:Attraction","Runesmith:MakeshiftArmor","Runesmith:Overpower"],"picked":"SKIP","floor":2},{"not_picked":["Runesmith:UnstableHammer","Runesmith:CraftReservo"],"picked":"Runesmith:HammerThrow","floor":3},{"not_picked":["PanicButton","HandOfGreed"],"picked":"Sadistic Nature","floor":4},{"not_picked":["Runesmith:Overpower","Runesmith:Prism","Runesmith:StaticCage"],"picked":"SKIP","floor":5},{"not_picked":["Runesmith:Repurpose","Runesmith:ShiftingStrike"],"picked":"Runesmith:BackupBattery","floor":7},{"not_picked":["Runesmith:BackupBattery","Runesmith:UnstableHammer"],"picked":"Runesmith:HeatedChisel","floor":10},{"not_picked":["Runesmith:UnstableHammer","Runesmith:MakeshiftArmor"],"picked":"Runesmith:ShiftingStrike","floor":12},{"not_picked":["Runesmith:CraftVitae","Runesmith:EarthShield"],"picked":"Runesmith:LithiumIon","floor":13}],"player_experience":299412,"relics_obtained":[{"floor":9,"key":"hubris:SlimyHat"}],"event_choices":[{"damage_healed":0,"gold_gain":1,"player_choice":"1","damage_taken":0,"max_hp_gain":0,"max_hp_loss":0,"event_name":"betterStone:BetterStone","floor":4,"gold_loss":0}],"is_beta":false,"boss_relics":[],"items_purged_floors":[],"is_endless":false,"potions_floor_spawned":[3,7,12,13],"killed_by":"Hexaghost","ascension_level":0}}