{"host":"w36evy4uyf1bcavi","time":1610478464,"event":{"mods":["Act Like it!","Aspiration","BaseMod","Conspire","Hermit","Jedi Mod","Minty Spire (QoL Compilation)","Replay The Spire","Robot Space Explorer","Spicy Shops","StSLib","The Cursed","The Hierophant"],"gold_per_floor":[109,109,122,122,140,170,4,4,4,4,4,21,46,79,79,184,184,196,196,210,228,248,278,278,278,278],"floor_reached":25,"playtime":1871,"items_purged":[],"score":478,"play_id":"a64ef07f-5420-4091-b75a-cfccf8224d5d","local_time":"20210113030744","is_ascension_mode":true,"campfire_choices":[{"floor":8,"key":"REST"},{"floor":10,"key":"REST"},{"data":"TheCursedMod:AntiAging","floor":15,"key":"SMITH"}],"circlet_count":0,"master_deck":["TheCursedMod:Strike_TheCursed","TheCursedMod:Strike_TheCursed","TheCursedMod:Strike_TheCursed","TheCursedMod:Defend_TheCursed","TheCursedMod:Defend_TheCursed","TheCursedMod:CursedWand","TheCursedMod:CleanUpWorkshop","TheCursedMod:Dregs","TheCursedMod:CircleOfBlood","TheCursedMod:Torture","TheCursedMod:AntiAging+1","TheCursedMod:VitalStrike","TheCursedMod:Stretching","Shame","Doubt","TheCursedMod:CursedShiv","TheCursedMod:StingEye","TheCursedMod:SpitefulPlan","TheCursedMod:RapidMovement","TheCursedMod:CircleOfBlood","TheCursedMod:HellfireBreathing","TheCursedMod:CollectTribute","TheCursedMod:TroublousMinions+1","TheCursedMod:Strike_TheCursed","TheCursedMod:Strike_TheCursed","TheCursedMod:Strike_TheCursed","TheCursedMod:Defend_TheCursed","TheCursedMod:Defend_TheCursed","TheCursedMod:CursedWand","TheCursedMod:CleanUpWorkshop","TheCursedMod:Dregs","TheCursedMod:CircleOfBlood","TheCursedMod:Torture","TheCursedMod:AntiAging+1","TheCursedMod:VitalStrike","TheCursedMod:Stretching","Shame","Doubt","TheCursedMod:CursedShiv","TheCursedMod:StingEye","TheCursedMod:SpitefulPlan","TheCursedMod:RapidMovement","TheCursedMod:CircleOfBlood","TheCursedMod:HellfireBreathing","TheCursedMod:CollectTribute","TheCursedMod:TroublousMinions+1","TheCursedMod:CircleOfFlame","TheCursedMod:CircleOfFlame","TheCursedMod:CircleOfWindfury+1","TheCursedMod:EmpowerCircles+1"],"relics":["Empty Cage","Question Card","Membership Card","ReplayTheSpireMod:CursedCoin","aspiration:StickyExplosives_weak","Bag of Marbles","Iron Hammer","jedi:shrinkray","TheCursedMod:OminousMark","Eternal Feather"],"acts_visited":["Exordium","TheCity"],"potions_floor_usage":[6,13,21],"damage_taken":[{"damage":6,"enemies":"Jaw Worm","floor":1,"turns":5},{"damage":1,"enemies":"conspire:RoseBush","floor":3,"turns":4},{"damage":0,"enemies":"2 Louse","floor":5,"turns":2},{"damage":69,"enemies":"3 Sentries","floor":6,"turns":16},{"damage":8,"enemies":"Lots of Slimes","floor":12,"turns":5},{"damage":11,"enemies":"Lagavulin","floor":13,"turns":6},{"damage":19,"enemies":"Gremlin Nob","floor":14,"turns":4},{"damage":36,"enemies":"Slime Boss","floor":16,"turns":10},{"damage":36,"enemies":"conspire:FuzzyDice","floor":18,"turns":5},{"damage":9,"enemies":"Shell Parasite","floor":20,"turns":6},{"damage":31,"enemies":"Snecko","floor":21,"turns":6},{"damage":24,"enemies":"Snake Plant","floor":22,"turns":5},{"damage":26,"enemies":"Book of Stabbing","floor":23,"turns":4},{"damage":17,"enemies":"Gremlin Leader","floor":25,"turns":3}],"seed_played":"2881266475843855420","potions_obtained":[{"floor":1,"key":"jedi:wingpotion"},{"floor":5,"key":"Languid Potion"},{"floor":12,"key":"Swift Potion"},{"floor":16,"key":"Reflective Coating"},{"floor":20,"key":"SneckoOil"}],"is_trial":false,"path_per_floor":["M","?","M","?","M","E","$","R","T","R","$","M","E","E","R","B",null,"M","?","M","M","M","E","?","E"],"character_chosen":"THE_CURSED","items_purchased":["Membership Card","TheCursedMod:Stretching","ReplayTheSpireMod:CursedCoin","aspiration:StickyExplosives_weak","TheCursedMod:CursedShiv","TheCursedMod:StingEye","TheCursedMod:SpitefulPlan"],"campfire_rested":2,"item_purchase_floors":[7,7,7,7,7,7,7],"current_hp_per_floor":[69,69,72,72,74,9,9,32,32,55,55,53,50,51,51,24,84,51,51,58,45,31,14,5,0,0],"gold":278,"neow_bonus":"BOSS_RELIC","is_daily":false,"chose_seed":false,"campfire_upgraded":1,"win_rate":0.0,"timestamp":1610478464,"path_taken":["M","?","?","?","M","E","$","R","T","R","$","?","E","E","R","BOSS","M","?","M","?","?","E","?","E"],"items_purchased_type":["Relic","Card","Relic","Relic","Card","Card","Card"],"build_version":"2020-12-22","purchased_purges":0,"victory":false,"max_hp_per_floor":[75,75,75,75,75,77,77,77,77,77,77,79,81,81,81,84,84,87,87,93,99,105,108,108,111,111],"card_choices":[{"not_picked":["TheCursedMod:DoubleShield","TheCursedMod:RavingStaff"],"picked":"TheCursedMod:CircleOfBlood","floor":1},{"not_picked":["TheCursedMod:Stigma","TheCursedMod:CursedMace"],"picked":"TheCursedMod:Torture","floor":3},{"not_picked":["TheCursedMod:CursedBoomerang","TheCursedMod:CursedShiv"],"picked":"TheCursedMod:AntiAging","floor":5},{"not_picked":["TheCursedMod:WearCloak","TheCursedMod:SmokeScreen"],"picked":"TheCursedMod:VitalStrike","floor":6},{"not_picked":["TheCursedMod:HellsGateOpen","TheCursedMod:CursedStaff","TheCursedMod:CursedSpellbook"],"picked":"TheCursedMod:RapidMovement","floor":12},{"not_picked":["TheCursedMod:Grudge","TheCursedMod:Hemoplague","TheCursedMod:AbyssShockwave"],"picked":"TheCursedMod:CircleOfBlood","floor":13},{"not_picked":["TheCursedMod:SpitefulPlan","TheCursedMod:SurpriseAttack","TheCursedMod:Evocation"],"picked":"TheCursedMod:HellfireBreathing","floor":14},{"not_picked":["TheCursedMod:DemonSword","TheCursedMod:AntiAging","TheCursedMod:ManaCirculation"],"picked":"TheCursedMod:CollectTribute","floor":16},{"not_picked":["TheCursedMod:TacticalStrike","TheCursedMod:VitalStrike","TheCursedMod:CircleOfFocus"],"picked":"TheCursedMod:TroublousMinions+1","floor":18},{"not_picked":["TheCursedMod:SoulReap","TheCursedMod:SpitefulStrike","TheCursedMod:Stigma"],"picked":"TheCursedMod:CircleOfFlame","floor":20},{"not_picked":["TheCursedMod:WearCloak","TheCursedMod:SpitefulStrike","TheCursedMod:Stretching"],"picked":"TheCursedMod:CircleOfFlame","floor":21},{"not_picked":["TheCursedMod:WearCloak","TheCursedMod:CursedBlade","TheCursedMod:Obscuration+1"],"picked":"TheCursedMod:CircleOfWindfury+1","floor":22},{"not_picked":["TheCursedMod:ManaBullet","TheCursedMod:FuryStrike+1","TheCursedMod:HellfireBreathing"],"picked":"TheCursedMod:EmpowerCircles+1","floor":23}],"player_experience":453375,"relics_obtained":[{"floor":6,"key":"Question Card"},{"floor":9,"key":"Bag of Marbles"},{"floor":13,"key":"Iron Hammer"},{"floor":14,"key":"jedi:shrinkray"},{"floor":23,"key":"Eternal Feather"}],"event_choices":[{"cards_removed":["TheCursedMod:Defend_TheCursed"],"damage_healed":0,"gold_gain":0,"player_choice":"Purged","damage_taken":0,"max_hp_gain":0,"max_hp_loss":0,"event_name":"Purifier","floor":2,"gold_loss":0},{"damage_healed":0,"gold_gain":0,"player_choice":"Ignored","damage_taken":0,"max_hp_gain":0,"max_hp_loss":0,"event_name":"NoteForYourself","floor":4,"gold_loss":0},{"damage_healed":0,"gold_gain":0,"player_choice":"Stopped","damage_taken":9,"max_hp_gain":0,"max_hp_loss":0,"event_name":"Cursed Tome","floor":24,"gold_loss":0}],"is_beta":false,"boss_relics":[{"not_picked":["Ectoplasm","Honey Jar"],"picked":"TheCursedMod:OminousMark"}],"items_purged_floors":[],"is_endless":false,"potions_floor_spawned":[1,5,12,16,20],"killed_by":"Gremlin Leader","ascension_level":1}}