{"host":"i7jfea87xc8lz16p","time":1610412095,"event":{"mods":["AchievementEnabler","BaseMod","Colored Powertips","Minty Spire (QoL Compilation)","Relic Stats"],"gold_per_floor":[112,112,35,62,80,112,112,112,112,125,125,24,24,37,37,115,115,130,130,130,30,20,20,32,32,57,74,74,107,107,19,19,19,19],"floor_reached":33,"playtime":1742,"items_purged":["Defend_G","Pain"],"score":522,"play_id":"26b66386-5789-45a8-8c72-105e6988279c","local_time":"20210112014135","is_ascension_mode":true,"campfire_choices":[{"floor":7,"key":"REST"},{"data":"Neutralize","floor":13,"key":"SMITH"},{"floor":15,"key":"REST"},{"floor":23,"key":"REST"},{"floor":28,"key":"REST"},{"floor":30,"key":"REST"},{"floor":32,"key":"REST"}],"circlet_count":0,"master_deck":["AscendersBane","Strike_G","Strike_G","Strike_G","Strike_G","Defend_G","Defend_G","Defend_G","Defend_G","Survivor","Neutralize+1","Backflip","Footwork","Crippling Poison","Prepared","Parasite","PiercingWail","Caltrops","Tools of the Trade","Backflip+1","RitualDagger","Decay","Prepared+1","Underhanded Strike","Parasite","Sucker Punch","Reflex","Finisher"],"relics":["HoveringKite","WarpedTongs","Boot","Juzu Bracelet","InkBottle","Cursed Key","Anchor","Snake Skull"],"acts_visited":["Exordium","TheCity"],"potions_floor_usage":[6,16,16,27,29],"damage_taken":[{"damage":4,"enemies":"Jaw Worm","floor":1,"turns":6},{"damage":7,"enemies":"Cultist","floor":5,"turns":5},{"damage":46,"enemies":"Gremlin Nob","floor":6,"turns":5},{"damage":3,"enemies":"Small Slimes","floor":10,"turns":4},{"damage":3,"enemies":"Exordium Thugs","floor":14,"turns":6},{"damage":43,"enemies":"Hexaghost","floor":16,"turns":15},{"damage":9,"enemies":"3 Byrds","floor":18,"turns":4},{"damage":17,"enemies":"2 Thieves","floor":22,"turns":5},{"damage":19,"enemies":"Centurion and Healer","floor":24,"turns":12},{"damage":13,"enemies":"Snecko","floor":27,"turns":9},{"damage":27,"enemies":"Book of Stabbing","floor":29,"turns":6},{"damage":44,"enemies":"Automaton","floor":33,"turns":6}],"seed_played":"7739160112728116453","potions_obtained":[{"floor":1,"key":"Poison Potion"},{"floor":6,"key":"SpeedPotion"},{"floor":14,"key":"AttackPotion"},{"floor":22,"key":"Poison Potion"},{"floor":24,"key":"ColorlessPotion"}],"is_trial":false,"path_per_floor":["M","?","$","T","M","E","R","?","T","M","?","$","R","M","R","B",null,"M","?","?","$","M","R","M","?","T","M","R","E","R","$","R","B"],"character_chosen":"THE_SILENT","items_purchased":["Footwork","PiercingWail","Finisher"],"campfire_rested":6,"item_purchase_floors":[3,12,31],"current_hp_per_floor":[55,55,55,55,48,2,21,37,37,34,34,34,34,31,50,7,51,42,36,36,36,19,38,19,24,24,11,30,3,22,22,41,0,0],"gold":19,"neow_bonus":"BOSS_RELIC","is_daily":false,"chose_seed":false,"campfire_upgraded":1,"win_rate":0.0,"timestamp":1610412095,"path_taken":["M","?","$","?","M","E","R","?","T","M","?","?","R","M","R","BOSS","M","?","?","$","M","R","M","?","T","M","R","E","R","$","R","BOSS"],"items_purchased_type":["Card","Card","Card"],"build_version":"2020-12-22","purchased_purges":2,"victory":false,"max_hp_per_floor":[66,66,66,66,66,66,66,66,66,66,66,66,66,66,66,66,66,66,66,66,66,66,66,66,66,66,66,66,66,66,66,66,66,66],"relic_stats":{"counters":[12,83],"HoveringKite":[54],"Snake Skull":[3],"Juzu Bracelet":2,"Boot":[50],"Cursed Key":1,"obtain_stats":[{"Anchor":26,"HoveringKite":0,"Snake Skull":29,"Juzu Bracelet":6,"Boot":4,"Cursed Key":17,"InkBottle":9,"Ring of the Snake":0,"WarpedTongs":2},{"Anchor":9,"HoveringKite":0,"Snake Skull":11,"Juzu Bracelet":3,"Boot":1,"Cursed Key":6,"InkBottle":3,"Ring of the Snake":0,"WarpedTongs":1},{"Anchor":62,"HoveringKite":0,"Snake Skull":77,"Juzu Bracelet":16,"Boot":6,"Cursed Key":41,"InkBottle":16,"Ring of the Snake":0,"WarpedTongs":6}],"InkBottle":[28],"WarpedTongs":[75]},"card_choices":[{"not_picked":["Caltrops","PiercingWail"],"picked":"Backflip","floor":1},{"not_picked":["Cloak And Dagger","Poisoned Stab"],"picked":"Crippling Poison","floor":5},{"not_picked":["Adrenaline","Tactician"],"picked":"Prepared","floor":6},{"not_picked":["Poisoned Stab","Blade Dance"],"picked":"Prepared","floor":10},{"not_picked":["Dagger Spray","Tactician"],"picked":"Caltrops","floor":14},{"not_picked":["Venomology","Unload"],"picked":"Tools of the Trade","floor":16},{"not_picked":["Deflect","Underhanded Strike"],"picked":"Backflip+1","floor":18},{"not_picked":["Underhanded Strike+1","Dagger Spray+1"],"picked":"Prepared+1","floor":22},{"not_picked":["Dagger Spray","PiercingWail"],"picked":"Underhanded Strike","floor":24},{"not_picked":["Doppelganger","Underhanded Strike"],"picked":"Sucker Punch","floor":27},{"not_picked":["Skewer","Slice"],"picked":"Reflex","floor":29}],"player_experience":1750514,"relics_obtained":[{"floor":4,"key":"Boot"},{"floor":6,"key":"Juzu Bracelet"},{"floor":9,"key":"InkBottle"},{"floor":26,"key":"Anchor"},{"floor":29,"key":"Snake Skull"}],"event_choices":[{"damage_healed":0,"gold_gain":0,"player_choice":"Rummage","damage_taken":0,"relics_obtained":["WarpedTongs"],"max_hp_gain":0,"max_hp_loss":0,"event_name":"Accursed Blacksmith","floor":2,"gold_loss":0,"cards_obtained":["Pain"]},{"damage_healed":16,"gold_gain":0,"player_choice":"Healed and dodged fight","damage_taken":0,"max_hp_gain":0,"max_hp_loss":0,"event_name":"Mushrooms","floor":8,"gold_loss":0,"cards_obtained":["Parasite"]},{"cards_removed":["Strike_G"],"damage_healed":0,"gold_gain":0,"player_choice":"Purged","damage_taken":0,"max_hp_gain":0,"max_hp_loss":0,"event_name":"Purifier","floor":11,"gold_loss":0},{"damage_healed":0,"gold_gain":0,"player_choice":"Joined the Cult","damage_taken":6,"max_hp_gain":0,"max_hp_loss":0,"event_name":"Nest","floor":19,"gold_loss":0,"cards_obtained":["RitualDagger"]},{"damage_healed":0,"gold_gain":0,"player_choice":"Cursed","damage_taken":0,"max_hp_gain":0,"max_hp_loss":0,"event_name":"Wheel of Change","floor":20,"gold_loss":0,"cards_obtained":["Decay"]},{"cards_removed":["Prepared"],"damage_healed":5,"gold_gain":0,"player_choice":"Offered Common","damage_taken":0,"max_hp_gain":0,"max_hp_loss":0,"event_name":"Bonfire Elementals","floor":25,"gold_loss":0},{"cards_removed":["Prepared"],"damage_healed":5,"gold_gain":0,"player_choice":"Offered Special","damage_taken":0,"max_hp_gain":0,"max_hp_loss":0,"event_name":"Bonfire Elementals","floor":25,"gold_loss":0}],"is_beta":false,"boss_relics":[{"not_picked":["Velvet Choker","Pandora\u0027s Box"],"picked":"Cursed Key"}],"items_purged_floors":[12,21],"is_endless":false,"potions_floor_spawned":[1,6,14,22,24],"killed_by":"Automaton","ascension_level":20}}