{"host":"lzzv50t0ea3gz1kk","time":1610438966,"event":{"mods":["Act Like it!","BaseMod","Downfall","Gensokyo","Hallownest","Hermit","Marisa£®ÏF”Í°°ƒß¿Ì…≥£©","Minty Spire (QoL Compilation)","Replay The Spire","StSLib","The Animator","The Bug Knight","The Marked"],"gold_per_floor":[115,190,190,190,200,200,214,214,238,238,257,270,270,289,289,390,390,407,420,420,502,521,553,553,478,505,532,387,214,245,270,270,378,478,504,504,504,204,232,246,246],"floor_reached":40,"playtime":2185,"items_purged":["Injury"],"score":398,"play_id":"ef1c5303-8458-4e3e-9449-c9070b16083d","local_time":"20210112160926","is_ascension_mode":false,"campfire_choices":[{"data":"HollowMod:theNailsmith","floor":6.0,"key":"SMITH"},{"data":"HollowMod:MonarchWings","floor":10.0,"key":"SMITH"},{"data":"HollowMod:RecoilStrike","floor":13.0,"key":"SMITH"},{"data":"Pain","floor":15.0,"key":"PURGE"},{"floor":24.0,"key":"REST"},{"data":"Apotheosis","floor":32.0,"key":"SMITH"}],"circlet_count":0,"master_deck":["HollowMod:NailStrikeStart+1","HollowMod:NailStrikeStart+1","HollowMod:NailStrikeStart+1","HollowMod:NailStrikeStart+1","HollowMod:QuickDashStart","HollowMod:QuickDashStart","HollowMod:QuickDashStart","HollowMod:QuickDashStart","HollowMod:FocusHealStart","HollowMod:PogoStrike","HollowMod:theNailsmith+1","HollowMod:NewJinnsSoul","HollowMod:CornifersMapStart","HollowMod:MonarchWings+1","HollowMod:SharpenedNail","HollowMod:RecoilStrike+1","HollowMod:ZotesMagnificence","ReplayTheSpireMod:Faulty Equipment","hermit:ImpendingDoom","HollowMod:MonarchWings+1","HollowMod:SiblingsSouls+1","HollowMod:VengefulSpirit+1","Apotheosis+1","HollowMod:SiblingsSouls+1","HollowMod:DesolateDive","HollowMod:NewLastStag","HollowMod:QuirrelsAssistance"],"relics":["HollowMod:VesselMask","Question Card","WarpedTongs","Simple Rune","Replay:Ancient Bell","MealTicket","Replay:Bottled Eggs","Lizard Tail","Divine Protection","Replay:Bandana","Nunchaku","Gremlin Food","Replay:Wanted Poster"],"acts_visited":["Exordium","TheCity","TheBeyond"],"potions_floor_usage":[],"damage_taken":[{"damage":5.0,"enemies":"Small Slimes","floor":1.0,"turns":4.0},{"damage":0.0,"enemies":"2 Louse","floor":5.0,"turns":2.0},{"damage":5.0,"enemies":"Jaw Worm","floor":7.0,"turns":4.0},{"damage":8.0,"enemies":"Blue Slaver","floor":11.0,"turns":4.0},{"damage":4.0,"enemies":"Large Slime","floor":12.0,"turns":4.0},{"damage":5.0,"enemies":"Red Slaver","floor":14.0,"turns":4.0},{"damage":26.0,"enemies":"The Guardian","floor":16.0,"turns":9.0},{"damage":27.0,"enemies":"Shell Parasite","floor":18.0,"turns":5.0},{"damage":10.0,"enemies":"Chosen","floor":19.0,"turns":4.0},{"damage":18.0,"enemies":"Shelled Parasite and Fungi","floor":22.0,"turns":8.0},{"damage":40.0,"enemies":"Replay:Snechameleon","floor":23.0,"turns":7.0},{"damage":28.0,"enemies":"Snake Plant","floor":27.0,"turns":5.0},{"damage":0.0,"enemies":"3 Cultists","floor":30.0,"turns":5.0},{"damage":0.0,"enemies":"Sentry and Sphere","floor":31.0,"turns":5.0},{"damage":17.0,"enemies":"HollowMod:NKGrimm","floor":33.0,"turns":10.0},{"damage":4.0,"enemies":"3 Shapes","floor":35.0,"turns":5.0},{"damage":2,"enemies":"Orb Walker","floor":39,"turns":2},{"damage":103,"enemies":"Nemesis","floor":40,"turns":8}],"seed_played":"-9134341475903174494","potions_obtained":[{"floor":1.0,"key":"Dexterity Potion"},{"floor":11.0,"key":"Dexterity Potion"},{"floor":12.0,"key":"SpeedPotion"},{"floor":16.0,"key":"EssenceOfSteel"},{"floor":22.0,"key":"SkillPotion"},{"floor":30.0,"key":"SpeedPotion"},{"floor":31.0,"key":"AttackPotion"},{"floor":35.0,"key":"Fire Potion"}],"is_trial":false,"path_per_floor":["M","?","?","T","M","R","M","?","T","R","M","M","R","M","R","B",null,"M","M","?","T","M","E","R","$","T","M","$","$","M","M","R","B",null,"M","?","$","?","M","E"],"character_chosen":"THE_BUGKNIGHT","items_purchased":["Gremlin Food","Apotheosis"],"campfire_rested":1,"item_purchase_floors":[28,29],"current_hp_per_floor":[75,64,49,49,49,49,50,50,50,50,48,50,50,51,51,35,75,54,50,50,50,38,36,58,73,73,45,60,75,75,75,75,58,75,71,71,75,75,73,0,0],"gold":246,"neow_bonus":"ONE_RANDOM_RARE_CARD","is_daily":false,"chose_seed":false,"campfire_upgraded":4,"win_rate":0.0,"timestamp":1610438966,"path_taken":["M","?","?","?","M","R","?","?","T","R","?","M","R","M","R","BOSS","M","M","?","?","M","E","R","$","T","M","?","$","?","M","R","BOSS","M","?","$","?","M","E"],"items_purchased_type":["Relic","Card"],"build_version":"2020-12-22","purchased_purges":1,"victory":false,"max_hp_per_floor":[75,75,75,75,75,75,75,75,75,75,75,75,75,75,75,75,75,75,75,75,75,75,75,75,75,75,75,75,75,75,75,75,75,75,75,75,75,75,75,75,75],"card_choices":[{"not_picked":["HollowMod:PureNailStrike","HollowMod:GoodIntentions"],"picked":"HollowMod:NewJinnsSoul","floor":1.0},{"not_picked":["HollowMod:MothsMistake","HollowMod:HeavyBlow","HollowMod:DashSlash"],"picked":"HollowMod:CornifersMapStart","floor":5.0},{"not_picked":["HollowMod:VengefulSpirit","HollowMod:SoulSplash","HollowMod:HuntersJournal"],"picked":"HollowMod:MonarchWings","floor":7.0},{"not_picked":["HollowMod:HeavyBlow","HollowMod:InfectionAssault","HollowMod:SoulStrike"],"picked":"HollowMod:SharpenedNail","floor":11.0},{"not_picked":["HollowMod:DoubleDash","HollowMod:DashSlash","HollowMod:InfectedAttack"],"picked":"HollowMod:RecoilStrike","floor":12.0},{"not_picked":["HollowMod:NewJinnsSoul","HollowMod:InfectionAssault","HollowMod:TaintedHusks","HollowMod:DescendingDark"],"picked":"SKIP","floor":14.0},{"not_picked":["HollowMod:MidwifesHunger","HollowMod:NewInfectedGuardian","HollowMod:HornetsHelp"],"picked":"HollowMod:ZotesMagnificence","floor":16.0},{"not_picked":["Hallucinations","ReplayTheSpireMod:Doomed","Gensokyo:AllTheWorldsEvil"],"picked":"Injury","floor":17.0},{"not_picked":["animator:Curse_Dizziness","Normality","Gensokyo:ImpossibleRequest"],"picked":"ReplayTheSpireMod:Faulty Equipment","floor":17.0},{"not_picked":["hexamod:Haunted","ReplayTheSpireMod:Doomed","Delirium"],"picked":"hermit:ImpendingDoom","floor":17.0},{"not_picked":["HollowMod:NewJinnsSoul","HollowMod:Hiveblood","HollowMod:InfectedAttack+1"],"picked":"HollowMod:MonarchWings+1","floor":18.0},{"not_picked":["HollowMod:GreatSlash","HollowMod:NewJinnsSoul","HollowMod:WraithStrike+1","HollowMod:SoulEater"],"picked":"SKIP","floor":19.0},{"not_picked":["HollowMod:SiblingsSouls","HollowMod:BrokenVessel","HollowMod:NewLittleFool","HollowMod:GoodIntentions"],"picked":"SKIP","floor":22.0},{"not_picked":["HollowMod:CrystalDash","HollowMod:HerrahsAnger","HollowMod:AbyssShriek"],"picked":"HollowMod:SiblingsSouls+1","floor":23.0},{"not_picked":["HollowMod:LifebloodCocoon","HollowMod:HeavyBlow","HollowMod:TaintedHusks"],"picked":"HollowMod:VengefulSpirit+1","floor":27.0},{"not_picked":["HollowMod:WraithStrike","HollowMod:TaintedHusks","HollowMod:ShadowDash+1"],"picked":"HollowMod:SiblingsSouls+1","floor":30.0},{"not_picked":["HollowMod:SiblingsSouls","HollowMod:ShadowDash+1","HollowMod:SharpenedNail","HollowMod:Grubsong+1"],"picked":"SKIP","floor":31.0},{"not_picked":["HollowMod:CornifersMapStart+1","HollowMod:InfectedCysts","HollowMod:SharpenedShadows"],"picked":"HollowMod:DesolateDive","floor":35.0},{"not_picked":["HollowMod:VengefulVoid","HollowMod:InfectionAssault+1","HollowMod:SiblingsSouls+1"],"picked":"HollowMod:QuirrelsAssistance","floor":39}],"player_experience":379577,"relics_obtained":[{"floor":4.0,"key":"Question Card"},{"floor":9.0,"key":"Simple Rune"},{"floor":21.0,"key":"Divine Protection"},{"floor":23.0,"key":"Replay:Bandana"},{"floor":26.0,"key":"Nunchaku"}],"event_choices":[{"damage_healed":0.0,"max_hp_gain":0.0,"max_hp_loss":0.0,"gold_gain":75.0,"event_name":"World of Goop","player_choice":"Gather Gold","floor":2.0,"gold_loss":0.0,"damage_taken":11.0},{"damage_healed":0.0,"max_hp_gain":0.0,"max_hp_loss":0.0,"gold_gain":0.0,"event_name":"Shining Light","player_choice":"Entered Light","floor":3.0,"gold_loss":0.0,"damage_taken":15.0,"cards_upgraded":["HollowMod:NailStrikeStart","HollowMod:NailStrikeStart"]},{"damage_healed":0.0,"max_hp_gain":0.0,"max_hp_loss":0.0,"gold_gain":0.0,"event_name":"Accursed Blacksmith","player_choice":"Rummage","floor":8.0,"gold_loss":0.0,"damage_taken":0.0,"relics_obtained":["WarpedTongs"],"cards_obtained":["Pain"]},{"damage_healed":0.0,"max_hp_gain":0.0,"max_hp_loss":0.0,"gold_gain":0.0,"event_name":"Cursed Tome","player_choice":"Ignored","floor":20.0,"gold_loss":0.0,"damage_taken":0.0},{"damage_healed":0,"gold_gain":0,"player_choice":"Memory 1","damage_taken":0,"max_hp_gain":0,"max_hp_loss":0,"event_name":"SensoryStone","floor":36,"gold_loss":0}],"is_beta":false,"boss_relics":[{"not_picked":["Runic Dome","Pandora\u0027s Box"],"picked":"Replay:Ancient Bell"},{"not_picked":["Ancient Tea Set","Bag of Preparation"],"picked":"MealTicket"},{"not_picked":["Replay:Bottled Flurry","White Beast Statue"],"picked":"Replay:Bottled Eggs"},{"not_picked":["Replay:Kaleidoscope","Ginger"],"picked":"Lizard Tail"},{"not_picked":["Sozu","Calling Bell"],"picked":"Replay:Wanted Poster"}],"items_purged_floors":[25],"is_endless":false,"potions_floor_spawned":[1,11,12,16,22,30,31,35],"killed_by":"Nemesis","ascension_level":0}}