{"host":"8m15a5tg59nl8vgw","time":1610412996,"event":{"mods":["BaseMod","Minty Spire (QoL Compilation)","StSLib","The Bug Knight","The Senshi"],"gold_per_floor":[118,193,27,39,39,82,82,82,82],"floor_reached":8,"playtime":554,"items_purged":["Strike_R"],"score":54,"play_id":"59930450-d420-48fb-a57b-bd3ed88184c5","local_time":"20210111195636","is_ascension_mode":false,"campfire_choices":[{"floor":7,"key":"REST"}],"circlet_count":0,"master_deck":["Strike_R","Strike_R","Strike_R","Strike_R","Defend_R","Defend_R","Defend_R","Defend_R","Bash","Berserk","Seeing Red","Seeing Red","Iron Wave","Flex","Armaments"],"relics":["Burning Blood","Golden Idol","HollowMod:PaleOreRelic"],"acts_visited":["Exordium"],"potions_floor_usage":[6],"damage_taken":[{"damage":0,"enemies":"Small Slimes","floor":1,"turns":3},{"damage":4,"enemies":"Cultist","floor":4,"turns":4},{"damage":18,"enemies":"HollowMod:MossKnight","floor":6,"turns":16},{"damage":55,"enemies":"3 Sentries","floor":8,"turns":6}],"seed_played":"-2278541403592299832","potions_obtained":[{"floor":1,"key":"Energy Potion"}],"is_trial":false,"path_per_floor":["M","?","$","M","?","E","R","E"],"character_chosen":"IRONCLAD","items_purchased":["Seeing Red","Iron Wave"],"campfire_rested":1,"item_purchase_floors":[3,3],"current_hp_per_floor":[62,54,54,56,36,24,48,0,0],"gold":82,"neow_bonus":"THREE_RARE_CARDS","is_daily":false,"chose_seed":false,"campfire_upgraded":0,"win_rate":0.0,"timestamp":1610412996,"path_taken":["M","?","$","?","?","E","R","E"],"items_purchased_type":["Card","Card"],"build_version":"2020-12-22","purchased_purges":1,"victory":false,"max_hp_per_floor":[80,80,80,80,80,80,80,80,80],"card_choices":[{"not_picked":["Impervious","Reaper"],"picked":"Berserk","floor":0},{"not_picked":["Sword Boomerang","Combust"],"picked":"Seeing Red","floor":1},{"not_picked":["Fire Breathing","Perfected Strike"],"picked":"Flex","floor":4},{"not_picked":["Feel No Pain","Heavy Blade"],"picked":"Armaments","floor":6}],"player_experience":423119,"relics_obtained":[{"floor":6,"key":"HollowMod:PaleOreRelic"}],"event_choices":[{"damage_healed":0,"gold_gain":75,"player_choice":"Touch","damage_taken":8,"max_hp_gain":0,"max_hp_loss":0,"event_name":"FaceTrader","floor":2,"gold_loss":0},{"damage_healed":0,"gold_gain":0,"player_choice":"Take Damage","damage_taken":20,"relics_obtained":["Golden Idol"],"max_hp_gain":0,"max_hp_loss":0,"event_name":"Golden Idol","floor":5,"gold_loss":0}],"is_beta":false,"boss_relics":[],"items_purged_floors":[3],"is_endless":false,"potions_floor_spawned":[1],"killed_by":"3 Sentries","ascension_level":0}}