{"host":"qgpuimdto8vl2dfg","time":1610441364,"event":{"mods":["Act Like it!","BaseMod","Colored Powertips","Gensokyo","KinomotoSakuraMod(Ä¾Ö®±¾Ó£)","Koishi","Minty Spire (QoL Compilation)","Quick Restart","Relic Stats","StSLib","The Administrix"],"gold_per_floor":[115,115,115,133,63,97,129,129,129],"floor_reached":8,"playtime":554,"items_purged":[],"score":66,"play_id":"69ca0043-0911-403d-8738-7567a0194b47","local_time":"20210112164924","daily_mods":["Vintage","Heirloom","Time Dilation","Flight","DeadlyEvents","Elite Swarm"],"is_ascension_mode":true,"campfire_choices":[],"circlet_count":0,"master_deck":["AdministrixMod:Strike_Administrix","AdministrixMod:Strike_Administrix","AdministrixMod:Strike_Administrix","AdministrixMod:Strike_Administrix","AdministrixMod:RedCloak","AdministrixMod:Defend_Administrix+1","AdministrixMod:Defend_Administrix","AdministrixMod:Defend_Administrix","AdministrixMod:Defend_Administrix","AdministrixMod:BlueCloak+1","AdministrixMod:DeathByGlamour+1","AdministrixMod:BattleforgedBonds"],"relics":["AdministrixMod:ConductorRitualBaton","StoneCalendar","AdministrixMod:PrescriptionBottle","Gensokyo:NagashiBinaDoll","Frozen Egg 2","Strawberry","Incense Burner"],"acts_visited":["Gensokyo:Gensokyo"],"potions_floor_usage":[],"damage_taken":[{"damage":3.0,"enemies":"Gensokyo:2_Kodama","floor":1.0,"turns":3.0},{"damage":0.0,"enemies":"Gensokyo:3_Fairies","floor":4.0,"turns":4.0},{"damage":12.0,"enemies":"Gensokyo:Aya","floor":6.0,"turns":7.0},{"damage":16.0,"enemies":"Gensokyo:Mamizou","floor":7.0,"turns":7.0},{"damage":0,"enemies":"Gensokyo:Aya","floor":8,"turns":1}],"seed_played":"2385692865748240140","potions_obtained":[{"floor":4.0,"key":"Strength Potion"},{"floor":7,"key":"LiquidMemories"}],"is_trial":true,"path_per_floor":["M","?","?","M","?","E","E","E"],"character_chosen":"TheAdministrix","items_purchased":[],"campfire_rested":0,"item_purchase_floors":[],"current_hp_per_floor":[62,62,62,62,62,57,41,41,41],"gold":129,"neow_bonus":"","is_daily":false,"chose_seed":false,"campfire_upgraded":0,"win_rate":0.0,"timestamp":1610441364,"path_taken":["M","?","?","?","?","E","E","?"],"items_purchased_type":[],"build_version":"2020-12-22","purchased_purges":0,"victory":false,"max_hp_per_floor":[65,65,65,65,65,72,72,72,72],"relic_stats":{"counters":[5,22],"StoneCalendar":[20],"obtain_stats":[{"Strawberry":6,"StoneCalendar":0,"AdministrixMod:ConductorRitualBaton":0,"Gensokyo:NagashiBinaDoll":3,"Incense Burner":7,"Frozen Egg 2":4,"AdministrixMod:PrescriptionBottle":1},{"Strawberry":3,"StoneCalendar":0,"AdministrixMod:ConductorRitualBaton":0,"Gensokyo:NagashiBinaDoll":1,"Incense Burner":4,"Frozen Egg 2":2,"AdministrixMod:PrescriptionBottle":1},{"Strawberry":14,"StoneCalendar":0,"AdministrixMod:ConductorRitualBaton":0,"Gensokyo:NagashiBinaDoll":3,"Incense Burner":21,"Frozen Egg 2":7,"AdministrixMod:PrescriptionBottle":3}]},"card_choices":[{"not_picked":["AdministrixMod:Schism","AdministrixMod:AmassedMasks"],"picked":"AdministrixMod:DeathByGlamour+1","floor":6.0},{"not_picked":["AdministrixMod:FearOfDeath+1","AdministrixMod:HopeInTheDark"],"picked":"AdministrixMod:BattleforgedBonds","floor":7}],"player_experience":454357,"relics_obtained":[{"floor":1.0,"key":"AdministrixMod:PrescriptionBottle"},{"floor":4.0,"key":"Frozen Egg 2"},{"floor":6.0,"key":"Strawberry"},{"floor":7,"key":"Incense Burner"}],"event_choices":[],"is_beta":false,"boss_relics":[],"items_purged_floors":[],"is_endless":true,"potions_floor_spawned":[4,7],"killed_by":"Gensokyo:Aya","ascension_level":1}}