{"host":"tzyzz5n7hg2ni9q2","time":1610480730,"event":{"mods":["BaseMod","Minty Spire (QoL Compilation)","Quick Restart"],"gold_per_floor":[116,132,146,146,0,0,28,28,28,45,91,91,7,17,17,121,121,131,131,147,122,142,142,142,161,161,180,180,180,199,246,246,246,246],"floor_reached":33,"language":"ENG","playtime":1196,"items_purged":[],"score":321,"play_id":"dcabcea7-e9ea-4473-a60f-c852039b9c80","local_time":"20210112204530","is_ascension_mode":true,"campfire_choices":[{"floor":6,"key":"REST"},{"data":"Dagger Spray","floor":8,"key":"SMITH"},{"data":"Footwork","floor":15,"key":"SMITH"},{"floor":23,"key":"REST"},{"floor":29,"key":"REST"},{"floor":32,"key":"REST"}],"circlet_count":0,"master_deck":["Strike_G","Strike_G+1","Strike_G","Defend_G+1","Defend_G+1","Defend_G+1","Defend_G","Survivor","Neutralize","Dagger Spray+1","Dash","Footwork+1","Quick Slash","Die Die Die","Cloak And Dagger+1","Concentrate+1","Blur+1","Tactician+1","Quick Slash","Footwork","Underhanded Strike+1","Backflip"],"relics":["Ring of the Snake","Happy Flower","Oddly Smooth Stone","Darkstone Periapt","War Paint","Anchor","Omamori","Astrolabe","MutagenicStrength","Bottled Tornado","Pen Nib"],"acts_visited":["Exordium","TheCity"],"potions_floor_usage":[7,16,25],"damage_taken":[{"damage":2,"enemies":"Small Slimes","floor":1,"turns":6},{"damage":3,"enemies":"Jaw Worm","floor":2,"turns":6},{"damage":0,"enemies":"Cultist","floor":3,"turns":4},{"damage":26,"enemies":"Gremlin Nob","floor":7,"turns":6},{"damage":0,"enemies":"2 Fungi Beasts","floor":10,"turns":3},{"damage":0,"enemies":"3 Louse","floor":14,"turns":2},{"damage":27,"enemies":"Slime Boss","floor":16,"turns":21},{"damage":28,"enemies":"Shell Parasite","floor":18,"turns":6},{"damage":3,"enemies":"Spheric Guardian","floor":20,"turns":4},{"damage":15,"enemies":"Snake Plant","floor":22,"turns":8},{"damage":10,"enemies":"Cultist and Chosen","floor":25,"turns":10},{"damage":3,"enemies":"Centurion and Healer","floor":27,"turns":11},{"damage":12,"enemies":"Snake Plant","floor":30,"turns":8},{"damage":30,"enemies":"Automaton","floor":33,"turns":12}],"seed_played":"1889124167130128153","potions_obtained":[{"floor":3,"key":"SpeedPotion"},{"floor":7,"key":"Swift Potion"},{"floor":14,"key":"AttackPotion"}],"is_trial":false,"path_per_floor":["M","M","M","?","$","R","E","R","T","M","T","?","$","M","R","B",null,"M","?","M","$","M","R","$","M","T","M","?","R","M","T","R","B"],"character_chosen":"THE_SILENT","items_purchased":["Oddly Smooth Stone","Footwork","Quick Slash","Quick Slash"],"campfire_rested":4,"item_purchase_floors":[5,13,13,21],"current_hp_per_floor":[61,58,58,44,44,65,39,39,39,39,39,39,39,39,39,12,56,28,28,25,25,10,31,31,21,21,18,18,39,27,27,48,18,18],"gold":246,"neow_bonus":"RANDOM_COMMON_RELIC","is_daily":false,"chose_seed":false,"campfire_upgraded":2,"win_rate":0.0,"timestamp":1610480730,"path_taken":["M","M","M","?","$","R","E","R","T","M","?","?","$","?","R","BOSS","M","?","M","$","M","R","$","M","T","M","?","R","M","?","R","BOSS"],"items_purchased_type":["Relic","Card","Card","Card"],"build_version":"2020-12-22","purchased_purges":0,"victory":false,"max_hp_per_floor":[70,70,70,70,70,70,70,70,70,70,70,70,70,70,70,70,70,70,70,70,70,70,70,70,70,70,70,70,70,70,70,70,70,70],"card_choices":[{"not_picked":["Slice","Tactician","Catalyst"],"picked":"SKIP","floor":1},{"not_picked":["Cloak And Dagger","Poisoned Stab"],"picked":"Dagger Spray","floor":2},{"not_picked":["Slice","Eviscerate","Endless Agony"],"picked":"SKIP","floor":3},{"not_picked":["All Out Attack","Catalyst","PiercingWail"],"picked":"SKIP","floor":7},{"not_picked":["Prepared","Masterful Stab"],"picked":"Dash","floor":10},{"not_picked":["Deflect","Accuracy","Underhanded Strike"],"picked":"SKIP","floor":14},{"not_picked":["Wraith Form v2","Glass Knife"],"picked":"Die Die Die","floor":16},{"not_picked":["Concentrate","Deadly Poison","Bane+1"],"picked":"SKIP","floor":18},{"not_picked":["Caltrops","Eviscerate"],"picked":"Tactician+1","floor":20},{"not_picked":["Flying Knee","Bane"],"picked":"Footwork","floor":22},{"not_picked":["Flying Knee","PiercingWail","Calculated Gamble+1"],"picked":"SKIP","floor":25},{"not_picked":["Well Laid Plans","Finisher"],"picked":"Underhanded Strike+1","floor":27},{"not_picked":["Flying Knee","Acrobatics"],"picked":"Backflip","floor":30}],"player_experience":276773,"relics_obtained":[{"floor":7,"key":"Darkstone Periapt"},{"floor":9,"key":"War Paint"},{"floor":11,"key":"Anchor"},{"floor":12,"key":"Omamori"},{"floor":26,"key":"Bottled Tornado"},{"floor":31,"key":"Pen Nib"}],"event_choices":[{"damage_healed":0,"gold_gain":0,"player_choice":"Entered Light","damage_taken":14,"max_hp_gain":0,"max_hp_loss":0,"event_name":"Shining Light","floor":4,"gold_loss":0,"cards_upgraded":["Defend_G","Strike_G"]},{"damage_healed":0,"gold_gain":0,"player_choice":"Relic","damage_taken":0,"max_hp_gain":0,"max_hp_loss":0,"event_name":"Wheel of Change","floor":12,"gold_loss":0},{"damage_healed":0,"gold_gain":0,"player_choice":"Inject Mutagens","damage_taken":0,"relics_obtained":["MutagenicStrength"],"max_hp_gain":0,"max_hp_loss":0,"event_name":"Drug Dealer","floor":19,"gold_loss":0},{"damage_healed":0,"gold_gain":0,"player_choice":"Smashed Altar","damage_taken":0,"max_hp_gain":0,"max_hp_loss":0,"event_name":"Forgotten Altar","floor":28,"gold_loss":0,"cards_obtained":["Decay"]}],"is_beta":false,"boss_relics":[{"not_picked":["Ectoplasm","Philosopher\u0027s Stone"],"picked":"Astrolabe"}],"items_purged_floors":[],"is_endless":false,"potions_floor_spawned":[3,7,14],"killed_by":"Automaton","ascension_level":6}}