{"host":"dhr6iszse2qz12e2","time":1610451409,"event":{"mods":["100% Spire Juice","2.2 Compatiblity","A Magickal Journey","Act Like it!","BaseMod","Bestiary","Better Note","BetterRewards","Colored Map","Downfall","Gensokyo","Hermit","Hubris","Infinite Spire","Marisa????????","Minty Spire (QoL Compilation)","Permanent Neow","Quick Restart","Reimu??????","Replay The Spire","Shop Mod","StSLib","Td1madao Mod","The Administrix","The Animator","The Bug Knight","The Cursed","The Edgeheg","The Gatherer","The Hierophant","The IronCluck","The Jungle","The Servant 0.9.4","everything is the same but u backflip on backflip","slay the spire mod where everything is the same but ironclad has a cowboy hat","??????REMEMod"],"gold_per_floor":[89,89,89,14,14,14,29,29,82,82,82,33,33,50,50,50,50],"floor_reached":16,"playtime":444,"items_purged":["theEdgeheg:StarterShootAttack"],"score":86,"play_id":"7188ecfc-fd5c-414e-8770-597d677e4d39","local_time":"20210112133649","is_ascension_mode":false,"campfire_choices":[{"data":"theEdgeheg:RegularGun","floor":6,"key":"SMITH"},{"data":"theEdgeheg:PlayRandomCard","floor":8,"key":"SMITH"},{"data":"theEdgeheg:StarterShootAttack","floor":11,"key":"SMITH"},{"data":"theEdgeheg:StarterShootAttack","floor":13,"key":"SMITH"},{"data":"theEdgeheg:Reload","floor":15,"key":"SMITH"}],"circlet_count":0,"master_deck":["theEdgeheg:StarterShootAttack","theEdgeheg:StarterShootAttack+1","theEdgeheg:StarterShootAttack+1","theEdgeheg:StarterDodgeSkill","theEdgeheg:StarterDodgeSkill","theEdgeheg:StarterDodgeSkill","theEdgeheg:BloodyKatana+1","theEdgeheg:ChaosControlSkill","theEdgeheg:GatherChaos","theEdgeheg:UnplayableBomb+1","theEdgeheg:RegularGun+1","theEdgeheg:PlayRandomCard+1","theEdgeheg:Reload+1"],"relics":["theEdgeheg:UltimateLifeformRelic","theEdgeheg:GreenEmeraldRelic","REME_ComplimentaryCards","hubris:Towel"],"acts_visited":["Exordium"],"potions_floor_usage":[],"damage_taken":[{"damage":0,"enemies":"Jaw Worm","floor":1,"turns":7},{"damage":1,"enemies":"2 Louse","floor":7,"turns":3},{"damage":0,"enemies":"Small Slimes","floor":14,"turns":3},{"damage":0,"enemies":"Slime Boss","floor":16,"turns":1}],"seed_played":"-2702145200377047796","potions_obtained":[{"floor":7,"key":"Weak Potion"}],"is_trial":false,"path_per_floor":["M","?","?","$","?","R","M","R","T","?","R","?","R","M","R","B"],"character_chosen":"THE_DEFAULT","items_purchased":[],"campfire_rested":0,"item_purchase_floors":[],"current_hp_per_floor":[5,5,5,5,5,5,4,4,4,4,4,4,4,5,5,5,5],"gold":50,"neow_bonus":"ONE_RANDOM_RARE_CARD","is_daily":false,"chose_seed":false,"campfire_upgraded":5,"win_rate":0.0,"timestamp":1610451409,"path_taken":["M","?","?","?","?","R","M","R","T","?","R","?","R","M","R","BOSS"],"items_purchased_type":[],"build_version":"2020-12-22","purchased_purges":1,"victory":false,"max_hp_per_floor":[5,5,5,5,5,5,5,5,5,5,5,5,5,5,5,5,5],"card_choices":[{"not_picked":["theEdgeheg:Disrobe","theEdgeheg:Butt"],"picked":"theEdgeheg:RegularGun","floor":1},{"not_picked":["theEdgeheg:ChaosKatana","theEdgeheg:Heh"],"picked":"theEdgeheg:PlayRandomCard","floor":7},{"not_picked":["theEdgeheg:BloodyNodachi","theEdgeheg:UseAndThrow"],"picked":"theEdgeheg:Reload","floor":14}],"player_experience":449422,"relics_obtained":[],"event_choices":[{"damage_healed":0,"gold_gain":0,"player_choice":"Ignored","damage_taken":0,"max_hp_gain":0,"max_hp_loss":0,"event_name":"Liars Game","floor":2,"gold_loss":0},{"damage_healed":0,"gold_gain":0,"player_choice":"Grow","damage_taken":0,"max_hp_gain":0,"max_hp_loss":0,"event_name":"Living Wall","floor":10,"gold_loss":0,"cards_upgraded":["theEdgeheg:BloodyKatana"]},{"damage_healed":0,"gold_gain":0,"player_choice":"Left Gold","damage_taken":0,"max_hp_gain":0,"max_hp_loss":0,"event_name":"World of Goop","floor":12,"gold_loss":49}],"is_beta":false,"boss_relics":[],"items_purged_floors":[4],"is_endless":false,"potions_floor_spawned":[7],"killed_by":"Slime Boss","ascension_level":0}}