{"host":"i0s8vbixp24k5aul","time":1610453419,"event":{"mods":["2.2 Compatiblity","Act Like it!","Aspiration","BaseMod","Better Note","Better Third Choice","Better Vampires","BetterUpgradePreview","Colorless Booster Pack","Displayed Cursed Tome","GifTheSpireLib","Halation","Hermit","Hubris","Jedi Mod","Minty Spire (QoL Compilation)","Optimize The Spire","Random Character Mod","Shade Mod","StSLib","Stuff the Spire","Swap Starting Deck Mod","The Bug Knight","The Construct","The Cursed","The Disciple","The Mystic","TheHero","TheWitcher","vexMod","??????REMEMod"],"gold_per_floor":[118,118,118,136,136,169,169,199,199,27,27,27,27,55,55,206,206,222,2,13,13,32,66,66,66,66,66,158,158,268,84,84,158,158,172,192,208,463,463,490,490,515,560,560,577,604,626,645,645,645],"floor_reached":51,"playtime":6656,"items_purged":["Regret","Strike_G","Defend_G"],"score":2036,"play_id":"26891e80-9793-41c6-8275-1b014880fad0","local_time":"20210112151019","is_ascension_mode":true,"campfire_choices":[{"data":"REME_WheelOfFate","floor":7,"key":"SMITH"},{"data":"Night Terror","floor":12,"key":"SMITH"},{"data":"Neutralize","floor":15,"key":"SMITH"},{"data":"REME_ShadowForm","floor":24,"key":"SMITH"},{"floor":29,"key":"REST"},{"floor":32,"key":"REST"},{"floor":41,"key":"RECALL"},{"data":"Panacea","floor":49,"key":"SMITH"}],"circlet_count":0,"master_deck":["AscendersBane","Strike_G","Strike_G","Strike_G","Strike_G","Defend_G","Defend_G","Defend_G","Defend_G","Survivor","Neutralize+1","REME_WheelOfFate+1","Flying Knee","Deadly Poison","Night Terror+1","Deflect","REME_MawOfCthun+1","All Out Attack","REME_ShadowForm+1","PiercingWail","Prepared","Apotheosis+1","Calculated Gamble+1","Outmaneuver","PiercingWail","Terror","Panacea+1","REME_CopyPotion+1","Cloak And Dagger+1","Caltrops","Masterful Stab","Backflip","Forethought","Violence","Noxious Fumes","Madness","Madness","Catalyst","Night Terror","Acrobatics+1","REME_LeechingPoison","Blade Dance","Die Die Die"],"relics":["StuffTheSpire:OccultApparatus","REME_ComplimentaryCards","NeowsBlessing","SnafuTest:BearRelic","jedi:sprinkler","halation:LettersToHer","halation:SelfBoilingWater","jedi:ghostblades","Darkstone Periapt","aspiration:RandomNobGenerator","aspiration:Nostalgia","SnafuTest:UnstableMutagenRelic","jedi:rubbersling","halation:PrussianBluePaint","hubris:DeckOfHolding","hubris:CrystalStatue","Unceasing Top","Coffee Dripper","jedi:cryingmask","Oddly Smooth Stone","hubris:NiceRug","jedi:catwich","Kunai","halation:Thesaurus","Pen Nib","Strawberry","Bag of Preparation","Ancient Tea Set","Ornamental Fan","Anchor"],"acts_visited":["Exordium","TheCity","TheBeyond"],"potions_floor_usage":[16,28,28,36,38,40,48],"damage_taken":[{"damage":0,"enemies":"2 Louse","floor":1,"turns":1},{"damage":0,"enemies":"Jaw Worm","floor":4,"turns":1},{"damage":0,"enemies":"3 Sentries","floor":6,"turns":2},{"damage":0,"enemies":"Gremlin Nob","floor":8,"turns":2},{"damage":17,"enemies":"3 Sentries","floor":14,"turns":11},{"damage":5,"enemies":"The Guardian","floor":16,"turns":9},{"damage":9,"enemies":"Shell Parasite","floor":18,"turns":5},{"damage":11,"enemies":"Centurion and Healer","floor":20,"turns":9},{"damage":6,"enemies":"Sentry and Sphere","floor":22,"turns":5},{"damage":0,"enemies":"HollowMod:Nosk","floor":23,"turns":7},{"damage":0,"enemies":"Snecko","floor":28,"turns":6},{"damage":16,"enemies":"Gremlin Leader","floor":30,"turns":6},{"damage":0,"enemies":"Automaton","floor":33,"turns":5},{"damage":0,"enemies":"Orb Walker","floor":35,"turns":4},{"damage":45,"enemies":"3 Shapes","floor":36,"turns":4},{"damage":0,"enemies":"Spire Growth","floor":37,"turns":4},{"damage":9,"enemies":"hubris:Merchant","floor":38,"turns":9},{"damage":0,"enemies":"Nemesis","floor":40,"turns":6},{"damage":0,"enemies":"Giant Head","floor":42,"turns":5},{"damage":0,"enemies":"Maw","floor":45,"turns":6},{"damage":0,"enemies":"HollowMod:StalkingDevout","floor":46,"turns":4},{"damage":1,"enemies":"Sphere and 2 Shapes","floor":47,"turns":3},{"damage":0,"enemies":"Jaw Worm Horde","floor":48,"turns":3},{"damage":0,"enemies":"Awakened One","floor":50,"turns":5}],"seed_played":"-1435575826646954668","potions_obtained":[{"floor":4,"key":"Regen Potion"},{"floor":6,"key":"GamblersBrew"},{"floor":22,"key":"EssenceOfSteel"},{"floor":35,"key":"EssenceOfSteel"},{"floor":36,"key":"Poison Potion"},{"floor":38,"key":"AttackPotion"},{"floor":38,"key":"BlessingOfTheForge"},{"floor":38,"key":"CunningPotion"},{"floor":40,"key":"DuplicationPotion"},{"floor":48,"key":"Regen Potion"}],"is_trial":false,"path_per_floor":["M","?","$","M","?","E","R","E","T","$","?","R","T","E","R","B",null,"M","$","M","?","M","E","R","?","T","?","M","R","E","$","R","B",null,"M","M","M","$","?","E","R","E","T","?","M","E","M","M","R","B",null],"character_chosen":"THE_SILENT","items_purchased":["REME_MawOfCthun","aspiration:Nostalgia","Panacea"],"campfire_rested":2,"item_purchase_floors":[10,19,31],"current_hp_per_floor":[59,59,59,59,59,59,59,59,59,59,59,59,59,49,49,44,61,52,52,41,41,35,35,35,23,23,23,37,58,42,42,63,63,69,71,26,46,71,62,69,69,78,78,78,78,78,77,77,77,78],"gold":645,"neow_bonus":"THREE_ENEMY_KILL","is_daily":false,"chose_seed":false,"campfire_upgraded":5,"win_rate":0.0,"timestamp":1610453419,"path_taken":["M","?","?","M","?","E","R","E","T","$","?","R","?","E","R","BOSS","M","$","?","?","M","E","R","?","T","?","M","R","E","?","R","BOSS","M","M","M","$","?","E","R","E","T","?","M","E","?","M","R","BOSS"],"items_purchased_type":["Card","Relic","Card"],"build_version":"2020-12-22","purchased_purges":3,"victory":true,"max_hp_per_floor":[66,66,66,66,66,66,66,66,66,66,66,66,66,66,66,66,66,66,66,66,66,66,66,66,71,71,71,71,71,71,71,71,71,71,71,71,71,71,71,78,78,78,78,78,78,78,78,78,78,78],"card_choices":[{"not_picked":["Dodge and Roll","Dagger Throw"],"picked":"Flying Knee","floor":1},{"not_picked":["Prepared","StuffTheSpire:BumpUp"],"picked":"Deadly Poison","floor":4},{"not_picked":["Blade Dance","Cloak And Dagger"],"picked":"Night Terror","floor":6},{"not_picked":["Sucker Punch","jedi:pocketpoison"],"picked":"Deflect","floor":8},{"not_picked":["StuffTheSpire:BumpUp","Well Laid Plans"],"picked":"All Out Attack","floor":14},{"not_picked":["StuffTheSpire:FinalStruggle","Night Terror"],"picked":"REME_ShadowForm","floor":16},{"not_picked":["StuffTheSpire:Python","Poisoned Stab"],"picked":"PiercingWail","floor":18},{"not_picked":["Quick Slash","Cloak And Dagger"],"picked":"Prepared","floor":20},{"not_picked":["hubris:TrickCloak","Blade Dance"],"picked":"Calculated Gamble","floor":22},{"not_picked":["Quick Slash+1","Crippling Poison"],"picked":"Outmaneuver","floor":23},{"not_picked":["StuffTheSpire:Repulse","REME_ShadowStrike"],"picked":"PiercingWail","floor":28},{"not_picked":["Choke","Envenom"],"picked":"Terror","floor":30},{"not_picked":["Unload","Wraith Form v2"],"picked":"REME_CopyPotion","floor":33},{"not_picked":["Infinite Blades","Blur"],"picked":"Cloak And Dagger+1","floor":35},{"not_picked":["Quick Slash","Outmaneuver"],"picked":"Caltrops","floor":36},{"not_picked":["Cloak And Dagger","hubris:SlightOfHand"],"picked":"Masterful Stab","floor":37},{"not_picked":[],"picked":"Backflip","floor":38},{"not_picked":[],"picked":"Forethought","floor":38},{"not_picked":[],"picked":"Violence","floor":38},{"not_picked":[],"picked":"Noxious Fumes","floor":38},{"not_picked":["StuffTheSpire:BumpUp"],"picked":"SKIP","floor":38},{"not_picked":["Predator"],"picked":"SKIP","floor":38},{"not_picked":["jedi:pocketpoison"],"picked":"SKIP","floor":38},{"not_picked":["StuffTheSpire:ClusterCrunch","Dagger Spray"],"picked":"Catalyst","floor":40},{"not_picked":["Acrobatics","Bane+1"],"picked":"Night Terror","floor":42},{"not_picked":["Flying Knee","StuffTheSpire:Repulse"],"picked":"Acrobatics+1","floor":45},{"not_picked":["StuffTheSpire:ClusterCrunch","Quick Slash+1"],"picked":"REME_LeechingPoison","floor":46},{"not_picked":["PiercingWail","All Out Attack"],"picked":"Blade Dance","floor":47},{"not_picked":["Underhanded Strike","Flying Knee"],"picked":"Die Die Die","floor":48}],"player_experience":939019,"relics_obtained":[{"floor":6,"key":"jedi:sprinkler"},{"floor":8,"key":"halation:LettersToHer"},{"floor":9,"key":"halation:LettersToHer"},{"floor":9,"key":"halation:SelfBoilingWater"},{"floor":13,"key":"halation:LettersToHer"},{"floor":13,"key":"jedi:ghostblades"},{"floor":14,"key":"Darkstone Periapt"},{"floor":23,"key":"hubris:DeckOfHolding"},{"floor":26,"key":"halation:LettersToHer"},{"floor":26,"key":"hubris:CrystalStatue"},{"floor":30,"key":"Unceasing Top"},{"floor":38,"key":"jedi:catwich"},{"floor":38,"key":"Kunai"},{"floor":38,"key":"halation:Thesaurus"},{"floor":40,"key":"Strawberry"},{"floor":42,"key":"Ancient Tea Set"},{"floor":43,"key":"halation:LettersToHer"},{"floor":46,"key":"Ornamental Fan"}],"event_choices":[{"damage_healed":0,"gold_gain":0,"player_choice":"Box","damage_taken":0,"relics_obtained":["SnafuTest:BearRelic"],"max_hp_gain":0,"max_hp_loss":0,"event_name":"Big Fish","floor":5,"gold_loss":0,"cards_obtained":["Regret"]},{"damage_healed":0,"gold_gain":0,"player_choice":"Grow","damage_taken":0,"max_hp_gain":0,"max_hp_loss":0,"event_name":"Living Wall","floor":11,"gold_loss":0,"cards_upgraded":["REME_MawOfCthun"]},{"cards_removed":["REME_MawOfCthun"],"damage_healed":0,"gold_gain":0,"player_choice":"Take \u0026 Give","damage_taken":0,"max_hp_gain":0,"max_hp_loss":0,"event_name":"betterNote:BetterNote","floor":21,"gold_loss":0,"cards_obtained":["Apotheosis"]},{"damage_healed":0,"gold_gain":0,"player_choice":"Shed Blood","damage_taken":17,"max_hp_gain":5,"max_hp_loss":0,"event_name":"Forgotten Altar","floor":25,"gold_loss":0},{"damage_healed":0,"gold_gain":0,"player_choice":"Embrace Madness","damage_taken":9,"max_hp_gain":0,"max_hp_loss":0,"event_name":"Winding Halls","floor":39,"gold_loss":0,"cards_obtained":["Madness","Madness"]},{"damage_healed":0,"gold_gain":0,"player_choice":"Upgraded","damage_taken":0,"max_hp_gain":0,"max_hp_loss":0,"event_name":"Upgrade Shrine","floor":44,"gold_loss":0,"cards_upgraded":["REME_CopyPotion"]}],"is_beta":false,"boss_relics":[{"not_picked":["vexMod:MegatonBomb","Busted Crown"],"picked":"aspiration:RandomNobGenerator"},{"not_picked":["Velvet Choker","halation:Yufonium"],"picked":"Coffee Dripper"}],"items_purged_floors":[19,31,38],"is_endless":false,"potions_floor_spawned":[4,6,22,23,35,36,40,42,46,48],"ascension_level":14}}