{"host":"i1h39d0gfh5c6uxl","time":1610463191,"event":{"mods":["AchievementEnabler","BaseMod","Colored Map","Colored Powertips","Highlight Path","Minty Spire (QoL Compilation)"],"gold_per_floor":[114,129,129,143,143,174,174,174,174,188,188,87,117,87,87,190,190,207,1,1,12,29,29,29],"floor_reached":23,"playtime":1246,"items_purged":["Strike_R"],"score":199,"play_id":"f9805d6f-539b-4bcd-9802-2609d7c1a782","local_time":"20210112225311","is_ascension_mode":false,"campfire_choices":[{"floor":8,"key":"REST"},{"data":"Disarm","floor":15,"key":"SMITH"},{"floor":23,"key":"REST"}],"circlet_count":0,"master_deck":["Strike_R","Strike_R","Strike_R","Strike_R","Defend_R","Defend_R","Defend_R","Defend_R","Bash","Sword Boomerang","Disarm+1","Cleave","Armaments+1","Iron Wave","Demon Form","Combust","Clothesline","Heavy Blade","Sword Boomerang+1"],"relics":["Runic Cube","Bag of Preparation"],"acts_visited":["Exordium","TheCity"],"potions_floor_usage":[10,13,16,18,22,22],"damage_taken":[{"damage":6,"enemies":"2 Louse","floor":1,"turns":4},{"damage":0,"enemies":"Small Slimes","floor":2,"turns":3},{"damage":1,"enemies":"Cultist","floor":4,"turns":3},{"damage":29,"enemies":"Gremlin Nob","floor":6,"turns":5},{"damage":12,"enemies":"Exordium Wildlife","floor":10,"turns":5},{"damage":25,"enemies":"Lagavulin","floor":13,"turns":8},{"damage":26,"enemies":"Hexaghost","floor":16,"turns":12},{"damage":14,"enemies":"Spheric Guardian","floor":18,"turns":5},{"damage":17,"enemies":"Shell Parasite","floor":21,"turns":6},{"damage":32,"enemies":"Sentry and Sphere","floor":22,"turns":5}],"seed_played":"-8641405396768072636","potions_obtained":[{"floor":6,"key":"GamblersBrew"},{"floor":10,"key":"Regen Potion"},{"floor":13,"key":"AttackPotion"},{"floor":14,"key":"Regen Potion"},{"floor":14,"key":"Explosive Potion"},{"floor":16,"key":"SpeedPotion"}],"is_trial":false,"path_per_floor":["M","M","?","M","?","E","?","R","T","M","T","$","E","?","R","B",null,"M","$","?","M","M","R"],"character_chosen":"IRONCLAD","items_purchased":["Iron Wave","Clothesline","Bag of Preparation"],"campfire_rested":2,"item_purchase_floors":[12,19,19],"current_hp_per_floor":[74,74,79,78,78,49,49,74,74,62,62,62,52,52,52,26,85,71,71,71,54,36,61,61],"gold":29,"neow_bonus":"BOSS_RELIC","is_daily":false,"chose_seed":false,"campfire_upgraded":1,"win_rate":0.0,"timestamp":1610463191,"path_taken":["M","M","?","M","?","E","?","R","T","M","?","$","E","?","R","BOSS","M","$","?","M","M","R"],"items_purchased_type":["Card","Card","Relic"],"build_version":"2020-12-22","purchased_purges":1,"victory":false,"max_hp_per_floor":[80,80,85,85,85,85,85,85,85,85,85,85,85,85,85,85,85,85,85,85,85,85,85,85],"card_choices":[{"not_picked":["Havoc","Heavy Blade"],"picked":"Sword Boomerang","floor":1},{"not_picked":["Inflame","Intimidate"],"picked":"Disarm","floor":2},{"not_picked":["Reckless Charge","Evolve"],"picked":"Cleave","floor":4},{"not_picked":["Second Wind","Seeing Red"],"picked":"Armaments","floor":6},{"not_picked":["Feel No Pain","Infernal Blade","Sword Boomerang"],"picked":"SKIP","floor":10},{"not_picked":["Sentinel","Perfected Strike","Blood for Blood"],"picked":"SKIP","floor":13},{"not_picked":["Limit Break","Corruption"],"picked":"Demon Form","floor":16},{"not_picked":["Bloodletting","Warcry"],"picked":"Combust","floor":18},{"not_picked":["Body Slam","Clothesline","Heavy Blade"],"picked":"SKIP","floor":21},{"not_picked":["Power Through","Thunderclap"],"picked":"Sword Boomerang+1","floor":22}],"player_experience":1361910,"relics_obtained":[],"event_choices":[{"damage_healed":0,"gold_gain":0,"player_choice":"Donut","damage_taken":0,"max_hp_gain":5,"max_hp_loss":0,"event_name":"Big Fish","floor":3,"gold_loss":0},{"damage_healed":0,"gold_gain":0,"player_choice":"Ignored","damage_taken":0,"max_hp_gain":0,"max_hp_loss":0,"event_name":"Shining Light","floor":5,"gold_loss":0},{"damage_healed":0,"gold_gain":0,"player_choice":"Grow","damage_taken":0,"max_hp_gain":0,"max_hp_loss":0,"event_name":"Living Wall","floor":7,"gold_loss":0,"cards_upgraded":["Armaments"]},{"damage_healed":0,"gold_gain":0,"player_choice":"Bought 2 Potions","damage_taken":0,"max_hp_gain":0,"max_hp_loss":0,"event_name":"The Woman in Blue","floor":14,"gold_loss":0},{"damage_healed":0,"gold_gain":0,"player_choice":"Read","damage_taken":0,"max_hp_gain":0,"max_hp_loss":0,"event_name":"The Library","floor":20,"gold_loss":0,"cards_obtained":["Heavy Blade"]}],"is_beta":false,"boss_relics":[{"not_picked":["SacredBark","Calling Bell","SlaversCollar"]}],"items_purged_floors":[12],"is_endless":false,"potions_floor_spawned":[6,10,13,16],"ascension_level":0}}