{"host":"04hh9gplt9wkfmr1","time":1610464953,"event":{"mods":["AchievementEnabler","BaseMod","Colored Map","KOR Keyword Fix","Minty Spire (QoL Compilation)","Rare Cards Sparkle","SuperFastMode"],"gold_per_floor":[11,21,31,47,47,47,72,72,72,72,88,121,139,151,151,248,248,266,266,35,35,47,73,73,73,99,99,115,131,146,165,165,261,261,272,272,272,285,132,152,176,176,176,176,186,186,200,19,19,19],"floor_reached":51,"playtime":1226,"items_purged":["Strike_R","Defend_R+1"],"score":731,"play_id":"9bebc8fc-83b8-4d13-a7c3-87c3d1fd8fdf","local_time":"20210113002233","is_ascension_mode":false,"campfire_choices":[{"data":"Searing Blow","floor":6.0,"key":"SMITH"},{"data":"Searing Blow+1","floor":8.0,"key":"SMITH"},{"data":"Searing Blow+2","floor":10.0,"key":"SMITH"},{"data":"Searing Blow+3","floor":15.0,"key":"SMITH"},{"data":"Armaments","floor":25.0,"key":"SMITH"},{"data":"Searing Blow+4","floor":27.0,"key":"SMITH"},{"data":"Searing Blow+5","floor":32.0,"key":"SMITH"},{"data":"Searing Blow+7","floor":42,"key":"SMITH"},{"data":"Searing Blow+8","floor":44,"key":"SMITH"},{"data":"Searing Blow+9","floor":46,"key":"SMITH"},{"data":"Dual Wield","floor":49,"key":"SMITH"}],"circlet_count":0,"master_deck":["Strike_R+1","Strike_R+1","Strike_R+1","Strike_R+1","Defend_R+1","Defend_R+1","Defend_R+1","Bash+1","Demon Form+1","Carnage+1","Searing Blow+5","Reaper+1","Armaments+1","Heavy Blade+1","Bludgeon+1","Necronomicurse","Searing Blow+10","Heavy Blade+1","Heavy Blade+1","Heavy Blade+1","Seeing Red+1","Offering+1","Trip+1","Madness+1","Bandage Up+1","Headbutt+1","Inflame+1","Disarm+1","Dual Wield+1"],"relics":["Black Blood","White Beast Statue","CaptainsWheel","Ginger","Necronomicon","DollysMirror","Bronze Scales","Tiny Chest","SacredBark","Mark of the Bloom","Sling","Potion Belt","Darkstone Periapt"],"acts_visited":["Exordium","TheCity","TheBeyond"],"potions_floor_usage":[40,40,40,50,50,50],"damage_taken":[{"damage":15.0,"enemies":"Cultist","floor":1.0,"turns":4.0},{"damage":2.0,"enemies":"2 Louse","floor":2.0,"turns":3.0},{"damage":8.0,"enemies":"Jaw Worm","floor":3.0,"turns":5.0},{"damage":18.0,"enemies":"Exordium Wildlife","floor":4.0,"turns":5.0},{"damage":16.0,"enemies":"Lagavulin","floor":7.0,"turns":7.0},{"damage":21.0,"enemies":"Gremlin Gang","floor":11.0,"turns":6.0},{"damage":13.0,"enemies":"3 Sentries","floor":12.0,"turns":5.0},{"damage":5.0,"enemies":"Looter","floor":13.0,"turns":2.0},{"damage":16.0,"enemies":"3 Louse","floor":14.0,"turns":4.0},{"damage":17.0,"enemies":"Slime Boss","floor":16.0,"turns":8.0},{"damage":5.0,"enemies":"Spheric Guardian","floor":18.0,"turns":3.0},{"damage":23.0,"enemies":"Shell Parasite","floor":22.0,"turns":3.0},{"damage":4.0,"enemies":"Gremlin Leader","floor":23.0,"turns":2.0},{"damage":0.0,"enemies":"Sentry and Sphere","floor":28.0,"turns":3.0},{"damage":22.0,"enemies":"Snake Plant","floor":29.0,"turns":3.0},{"damage":10.0,"enemies":"Cultist and Chosen","floor":30.0,"turns":3.0},{"damage":0.0,"enemies":"Centurion and Healer","floor":31.0,"turns":2.0},{"damage":25.0,"enemies":"Collector","floor":33.0,"turns":6.0},{"damage":13.0,"enemies":"Orb Walker","floor":35.0,"turns":3.0},{"damage":20.0,"enemies":"3 Darklings","floor":38.0,"turns":5.0},{"damage":10,"enemies":"Sphere and 2 Shapes","floor":40,"turns":5},{"damage":11,"enemies":"4 Shapes","floor":45,"turns":4},{"damage":0,"enemies":"Maw","floor":47,"turns":3},{"damage":34,"enemies":"Donu and Deca","floor":50,"turns":5}],"seed_played":"-4624024495574610168","potions_obtained":[{"floor":1.0,"key":"BloodPotion"},{"floor":2.0,"key":"SpeedPotion"},{"floor":3.0,"key":"SkillPotion"},{"floor":11.0,"key":"Explosive Potion"},{"floor":12.0,"key":"Swift Potion"},{"floor":13.0,"key":"SmokeBomb"},{"floor":16.0,"key":"Fire Potion"},{"floor":18.0,"key":"ElixirPotion"},{"floor":22.0,"key":"FearPotion"},{"floor":23.0,"key":"AttackPotion"},{"floor":28.0,"key":"SneckoOil"},{"floor":29.0,"key":"Strength Potion"},{"floor":31.0,"key":"Fire Potion"},{"floor":33.0,"key":"Strength Potion"},{"floor":35.0,"key":"Dexterity Potion"},{"floor":38.0,"key":"ElixirPotion"},{"floor":40,"key":"DuplicationPotion"},{"floor":45,"key":"Fire Potion"},{"floor":47,"key":"Fire Potion"}],"is_trial":false,"path_per_floor":["M","M","M","M","?","R","E","R","T","R","M","E","M","M","R","B",null,"M","?","$","?","M","E","$","R","T","R","M","M","M","M","R","B",null,"M","?","?","M","$","M","T","R","T","R","M","R","M","$","R","B",null],"character_chosen":"IRONCLAD","items_purchased":["DollysMirror","Sling","Dual Wield"],"campfire_rested":0,"item_purchase_floors":[20,39,48],"current_hp_per_floor":[71,75,73,61,66,66,56,56,56,56,53,46,47,45,45,34,85,85,69,69,53,60,68,68,68,68,68,80,70,72,84,84,71,90,90,80,80,60,60,50,50,50,50,50,39,39,39,39,39,5],"gold":19,"neow_bonus":"THREE_RARE_CARDS","is_daily":false,"chose_seed":false,"campfire_upgraded":11,"win_rate":0.0,"timestamp":1610464953,"path_taken":["M","M","M","M","?","R","E","R","T","R","M","E","M","M","R","BOSS","M","?","$","?","M","E","?","R","T","R","M","M","M","?","R","BOSS","M","?","?","M","$","M","?","R","T","R","M","R","M","$","R","BOSS"],"items_purchased_type":["Relic","Relic","Card"],"build_version":"2020-12-22","purchased_purges":2,"victory":true,"max_hp_per_floor":[80,80,80,80,85,85,85,85,85,85,85,85,85,85,85,85,85,85,85,85,90,90,90,90,90,90,90,90,90,90,90,90,90,90,90,90,90,90,90,90,90,90,90,90,90,90,90,90,90,90],"card_choices":[{"not_picked":["Feed","Limit Break"],"picked":"Demon Form","floor":0.0},{"not_picked":["Flex","Pummel"],"picked":"Carnage","floor":1.0},{"not_picked":["Searing Blow","Body Slam","Dropkick"],"picked":"SKIP","floor":2.0},{"not_picked":["Searing Blow","Body Slam","Dropkick"],"picked":"SKIP","floor":2.0},{"not_picked":["Body Slam","Dropkick"],"picked":"Searing Blow","floor":2.0},{"not_picked":["Body Slam","Dark Embrace","Thunderclap"],"picked":"SKIP","floor":3.0},{"not_picked":["Pommel Strike","Headbutt"],"picked":"Reaper","floor":4.0},{"not_picked":["Iron Wave","Sword Boomerang","Corruption"],"picked":"SKIP","floor":7.0},{"not_picked":["Warcry","Blood for Blood","Iron Wave"],"picked":"SKIP","floor":11.0},{"not_picked":["Spot Weakness","Infernal Blade"],"picked":"Armaments","floor":12.0},{"not_picked":["Fire Breathing","Carnage"],"picked":"Heavy Blade","floor":13.0},{"not_picked":["Power Through","Sword Boomerang","Fire Breathing"],"picked":"SKIP","floor":14.0},{"not_picked":["Barricade","Juggernaut"],"picked":"Bludgeon","floor":16.0},{"not_picked":["Body Slam+1","Twin Strike+1","Thunderclap"],"picked":"SKIP","floor":18.0},{"not_picked":["Dark Embrace","Body Slam"],"picked":"Heavy Blade","floor":22.0},{"not_picked":["Feed","Rupture"],"picked":"Heavy Blade","floor":23.0},{"not_picked":["Anger+1","Shrug It Off","Flame Barrier"],"picked":"SKIP","floor":28.0},{"not_picked":["Cleave","Thunderclap"],"picked":"Heavy Blade+1","floor":29.0},{"not_picked":["Anger","Flex+1"],"picked":"Seeing Red+1","floor":30.0},{"not_picked":["Iron Wave","Corruption","Thunderclap"],"picked":"SKIP","floor":31.0},{"not_picked":["Barricade","Impervious"],"picked":"Offering","floor":33.0},{"not_picked":["Sword Boomerang+1","Body Slam+1","Flex+1"],"picked":"SKIP","floor":35.0},{"not_picked":["The Bomb","Mind Blast"],"picked":"Trip","floor":36.0},{"not_picked":["Dark Shackles","HandOfGreed"],"picked":"Madness","floor":36.0},{"not_picked":["Flash of Steel","Purity"],"picked":"Bandage Up","floor":36.0},{"not_picked":["Clothesline","Power Through+1"],"picked":"Headbutt+1","floor":38.0},{"not_picked":["Clash","Flex+1","Shrug It Off"],"picked":"SKIP","floor":40},{"not_picked":["Headbutt","Metallicize+1"],"picked":"Inflame+1","floor":45},{"not_picked":["Spot Weakness","Carnage+1"],"picked":"Disarm+1","floor":47}],"player_experience":13980,"relics_obtained":[{"floor":7.0,"key":"White Beast Statue"},{"floor":9.0,"key":"CaptainsWheel"},{"floor":12.0,"key":"Ginger"},{"floor":19.0,"key":"Necronomicon"},{"floor":23.0,"key":"Bronze Scales"},{"floor":26.0,"key":"Tiny Chest"},{"floor":41,"key":"Potion Belt"},{"floor":43,"key":"Darkstone Periapt"}],"event_choices":[{"damage_healed":0.0,"max_hp_gain":5.0,"max_hp_loss":0.0,"gold_gain":0.0,"event_name":"Big Fish","player_choice":"Donut","floor":5.0,"gold_loss":0.0,"damage_taken":0.0},{"damage_healed":0.0,"max_hp_gain":0.0,"max_hp_loss":0.0,"gold_gain":0.0,"event_name":"Cursed Tome","player_choice":"Obtained Book","floor":19.0,"gold_loss":0.0,"damage_taken":16.0},{"damage_healed":0.0,"max_hp_gain":5.0,"max_hp_loss":0.0,"gold_gain":0.0,"event_name":"Forgotten Altar","player_choice":"Shed Blood","floor":21.0,"gold_loss":0.0,"damage_taken":21.0},{"damage_healed":0.0,"max_hp_gain":0.0,"max_hp_loss":0.0,"gold_gain":0.0,"event_name":"SensoryStone","player_choice":"Memory 3","floor":36.0,"gold_loss":0.0,"damage_taken":10.0},{"damage_healed":0.0,"max_hp_gain":0.0,"max_hp_loss":0.0,"gold_gain":0.0,"event_name":"MindBloom","player_choice":"Upgrade","floor":37.0,"gold_loss":0.0,"damage_taken":0.0,"cards_upgraded":["Strike_R","Strike_R","Strike_R","Strike_R","Defend_R","Defend_R","Defend_R","Defend_R","Bash","Demon Form","Carnage","Searing Blow","Reaper","Heavy Blade","Bludgeon","Searing Blow","Heavy Blade","Heavy Blade","Offering","Trip","Madness","Bandage Up"],"relics_obtained":["Mark of the Bloom"]}],"is_beta":false,"boss_relics":[{"not_picked":["Runic Dome","Calling Bell"],"picked":"Black Blood"},{"not_picked":["Philosopher\u0027s Stone","Coffee Dripper"],"picked":"SacredBark"}],"items_purged_floors":[20,48],"is_endless":false,"potions_floor_spawned":[1,2,3,11,12,13,14,16,18,22,23,28,29,30,31,33,35,38,40,45,47],"ascension_level":0}}