{"host":"csp9nt53rootlkah","time":1610436109,"event":{"mods":["Act Like it!","BaseMod","Colored Powertips","Friendly Minions","Gensokyo","Highlight Path","Marisa£¨ìFÓê¡¡Ä§ÀíÉ³£©","Minty Spire (QoL Compilation)","Quick Restart","Replay The Spire","StSLib","TestMod","The Factory","The Jungle","¡¾ÒÅÎï¿¨ÅÆ¡¿REMEMod"],"gold_per_floor":[12,37,47,81,181,215,215,244,244,256,313,325,366,413,425,551,563,599,632,679,96,496,772,772,772,819,836,836,836,836,854,854,977,977,1248,1248,1271,1271,1292,1313,1337,1383,1407,1452,1452,1491,1525,1525,1525,1567,1567,1660],"floor_reached":53,"playtime":2940,"items_purged":["Strike_MRS"],"score":1224,"play_id":"11d6450b-d3d2-43d7-a38e-24240001449b","local_time":"20210112152149","is_ascension_mode":true,"campfire_choices":[{"data":"CollectingQuirk","floor":7.0,"key":"SMITH"},{"data":"OneTimeOff","floor":12.0,"key":"SMITH"},{"floor":15.0,"key":"REST"},{"data":"UltimateShortwave","floor":24.0,"key":"SMITH"},{"data":"EarthLightRay","floor":30.0,"key":"SMITH"},{"data":"EnergyFlow","floor":32.0,"key":"SMITH"},{"data":"UpSweep","floor":34.0,"key":"SMITH"},{"data":"EnergyRecoil","floor":49,"key":"SMITH"},{"data":"Robbery","floor":51,"key":"SMITH"}],"circlet_count":0,"master_deck":["Defend_MRS","Defend_MRS","Defend_MRS","MasterSpark","UpSweep+1","CollectingQuirk+1","NonDirectionalLaser","Robbery+1","OneTimeOff+1","UltimateShortwave+1","AbsoluteMagnitude+1","Parasite","Parasite","EnergyFlow+1","Pot Of Greed+1","EarthLightRay+1","TreasureHunter+1","MaximisePower","EnergyRecoil+1","PropBag+1"],"relics":["MiniHakkero","REME_ComplimentaryCards","testmod-RainbowHikingShoes","Molten Egg 2","MawBank","testmod-Acrobat","Sozu","ShroomBag","Vajra","Sling","Snack Pack","Regal Pillow","Pantograph","Runic Pyramid","Akabeko","Divine Protection","Ornamental Fan","Blood Vial","HandmadeGrimoire","Pen Nib","Iron Hammer","Oddly Smooth Stone","REME_ArchaeologicalTools"],"acts_visited":["Gensokyo:Gensokyo","Gensokyo:Gensokyoer","Gensokyo:Gensokyoest"],"potions_floor_usage":[],"damage_taken":[{"damage":0.0,"enemies":"Gensokyo:3_Fairies","floor":1.0,"turns":3.0},{"damage":3.0,"enemies":"Gensokyo:Gryphon","floor":2.0,"turns":3.0},{"damage":4.0,"enemies":"Gensokyo:2_Kodama","floor":3.0,"turns":3.0},{"damage":9.0,"enemies":"Gensokyo:CorruptedTreant","floor":4.0,"turns":4.0},{"damage":15.0,"enemies":"Gensokyo:Aya","floor":6.0,"turns":5.0},{"damage":10.0,"enemies":"Gensokyo:5_Fairies","floor":8.0,"turns":4.0},{"damage":9.0,"enemies":"Gensokyo:Cirno","floor":11.0,"turns":5.0},{"damage":8.0,"enemies":"Gensokyo:Aya","floor":13.0,"turns":5.0},{"damage":0.0,"enemies":"Gensokyo:LivingMonolith","floor":14.0,"turns":3.0},{"damage":19.0,"enemies":"Gensokyo:Yukari","floor":16.0,"turns":8.0},{"damage":0.0,"enemies":"Gensokyo:Chomper","floor":18.0,"turns":3.0},{"damage":4.0,"enemies":"Gensokyo:AngelMirror","floor":19.0,"turns":4.0},{"damage":27.0,"enemies":"Gensokyo:Wraith","floor":20.0,"turns":5.0},{"damage":7.0,"enemies":"Gensokyo:Tenshi","floor":23.0,"turns":3.0},{"damage":1.0,"enemies":"Gensokyo:Monolith_and_Dog","floor":27.0,"turns":3.0},{"damage":0.0,"enemies":"Gensokyo:3_Gloops","floor":31.0,"turns":3.0},{"damage":7.0,"enemies":"Gensokyo:Koishi","floor":33.0,"turns":3.0},{"damage":2.0,"enemies":"Gensokyo:Eternal_Rivals","floor":35.0,"turns":5.0},{"damage":7.0,"enemies":"Gensokyo:3_Boulders","floor":37.0,"turns":3.0},{"damage":0.0,"enemies":"Gensokyo:AncientGuardian","floor":39.0,"turns":2.0},{"damage":0.0,"enemies":"Gensokyo:SeedOfUnknown","floor":40.0,"turns":3.0},{"damage":13.0,"enemies":"Gensokyo:4_Bats","floor":41.0,"turns":2.0},{"damage":0.0,"enemies":"Gensokyo:Doremy","floor":42.0,"turns":3.0},{"damage":0.0,"enemies":"Gensokyo:Sharpion","floor":43.0,"turns":2.0},{"damage":0.0,"enemies":"Gensokyo:Marisa","floor":44.0,"turns":4.0},{"damage":0,"enemies":"Gensokyo:Kasen","floor":46,"turns":3},{"damage":0,"enemies":"Gensokyo:SeedOfUnknown","floor":47,"turns":2},{"damage":0,"enemies":"Gensokyo:Marisa","floor":50,"turns":3},{"damage":0,"enemies":"Gensokyo:Yuyuko","floor":52,"turns":1}],"seed_played":"2792918202857243913","potions_obtained":[{"floor":1.0,"key":"FearPotion"},{"floor":8.0,"key":"EntropicBrew"},{"floor":14.0,"key":"SpeedPotion"}],"is_trial":false,"path_per_floor":["M","M","M","M","?","E","R","M","T","$","E","R","E","M","R","B",null,"M","M","M","$","?","E","R","?","T","M","PTL","PTL","R","M","R","E","R","B",null,"M","?","M","M","M","E","M","E","T","E","M","?","R","E","R","B",null],"character_chosen":"MARISA","items_purchased":["ShroomBag","EnergyFlow","Vajra","Sling"],"campfire_rested":1,"item_purchase_floors":[21,21,21,21],"current_hp_per_floor":[75,72,68,59,59,44,44,34,34,34,25,25,17,17,39,20,75,75,71,44,44,44,41,41,41,41,44,44,44,44,54,54,59,59,73,75,68,68,75,75,72,75,75,75,75,75,75,75,75,75,75,75],"gold":1660,"neow_bonus":"TRANSFORM_TWO_CARDS","is_daily":false,"chose_seed":false,"campfire_upgraded":8,"win_rate":0.0,"timestamp":1610436109,"path_taken":["M","?","M","M","?","E","R","M","T","$","E","R","E","M","R","BOSS","M","M","M","$","?","E","R","?","T","M","PTL","PTL","R","M","R","E","R","BOSS","M","?","M","M","M","E","M","E","T","E","M","?","R","E","R","BOSS"],"items_purchased_type":["Relic","Card","Relic","Relic"],"build_version":"2020-12-22","purchased_purges":1,"victory":true,"max_hp_per_floor":[75,75,75,75,75,75,75,75,75,75,75,75,75,75,75,75,75,75,75,75,75,75,75,75,75,75,75,75,75,75,75,75,75,75,75,75,75,75,75,75,75,75,75,75,75,75,75,75,75,75,75,75],"card_choices":[{"not_picked":["LuminesStrike","Acceleration"],"picked":"OneTimeOff","floor":1.0},{"not_picked":["GalacticHalo","UnstableBomb","StarBarrage"],"picked":"SKIP","floor":2.0},{"not_picked":["LuminesStrike","6A","MilkyWay"],"picked":"SKIP","floor":3.0},{"not_picked":["LuminesStrike","OrrerysSun","6A"],"picked":"SKIP","floor":4.0},{"not_picked":["LuminesStrike+1","MilkyWay","PowerUp"],"picked":"SKIP","floor":6.0},{"not_picked":["Robbery+1","EventHorizon","MilkyWay"],"picked":"SKIP","floor":8.0},{"not_picked":["OneTimeOff","DC+1","ManaConvection"],"picked":"SKIP","floor":11.0},{"not_picked":["OneTimeOff","DC+1","ManaConvection"],"picked":"SKIP","floor":11.0},{"not_picked":["GravityBeat+1","UnstableBomb+1","GrandCross+1"],"picked":"SKIP","floor":13.0},{"not_picked":["BinaryStars","NonDirectionalLaser+1","PowerUp"],"picked":"SKIP","floor":14.0},{"not_picked":["BinaryStars","SuperNova"],"picked":"UltimateShortwave","floor":16.0},{"not_picked":["WitchOfGreed","SporeBomb+1","DoubleSpark+1"],"picked":"SKIP","floor":18.0},{"not_picked":["UnstableBomb+1","DragonMeteor+1","WitchLeyline+1"],"picked":"SKIP","floor":19.0},{"not_picked":["MilkyWay","SporeBomb+1"],"picked":"AbsoluteMagnitude+1","floor":20.0},{"not_picked":["Acceleration","IllusionStar","PulseMagic"],"picked":"SKIP","floor":23.0},{"not_picked":["UnstableBomb+1","MilkyWay"],"picked":"EarthLightRay","floor":27.0},{"not_picked":["GalacticHalo","SuperPerseids","MeteoricShower+1"],"picked":"SKIP","floor":31.0},{"not_picked":["EarthLightRay","DeepEcoloBomb+1","GrandCross+1"],"picked":"SKIP","floor":33.0},{"not_picked":["CollectingQuirk+1","StarDustReverie"],"picked":"TreasureHunter+1","floor":35.0},{"not_picked":["MysteriousBeam+1","GrandCross+1","SporeBomb+1"],"picked":"SKIP","floor":37.0},{"not_picked":["SuperPerseids","MagicAbsorber","Acceleration+1"],"picked":"SKIP","floor":39.0},{"not_picked":["PowerUp","AsteroidBelt","Acceleration"],"picked":"SKIP","floor":40.0},{"not_picked":["FairyDestructionRay+1","EarthLightRay+1","WitchOfGreed+1"],"picked":"SKIP","floor":41.0},{"not_picked":["MysteriousBeam+1","SporeBomb+1"],"picked":"EnergyRecoil","floor":42.0},{"not_picked":["SuperNova","GrandCross+1","NonDirectionalLaser+1"],"picked":"SKIP","floor":43.0},{"not_picked":["BigCrunch","DC+1","MachineGunSpark+1"],"picked":"SKIP","floor":44.0},{"not_picked":["6A+1","UnstableBomb+1","GalacticHalo"],"picked":"SKIP","floor":46},{"not_picked":["AsteroidBelt","NonDirectionalLaser+1","GravityBeat+1"],"picked":"SKIP","floor":47},{"not_picked":["NonDirectionalLaser+1","AbsoluteMagnitude+1"],"picked":"PropBag+1","floor":50}],"player_experience":126835,"relics_obtained":[{"floor":6.0,"key":"Molten Egg 2"},{"floor":9.0,"key":"MawBank"},{"floor":11.0,"key":"testmod-Acrobat"},{"floor":23.0,"key":"Snack Pack"},{"floor":26.0,"key":"Regal Pillow"},{"floor":33.0,"key":"Pantograph"},{"floor":42.0,"key":"Akabeko"},{"floor":42.0,"key":"Divine Protection"},{"floor":44.0,"key":"Ornamental Fan"},{"floor":44.0,"key":"Blood Vial"},{"floor":45.0,"key":"HandmadeGrimoire"},{"floor":46,"key":"Pen Nib"},{"floor":46,"key":"Iron Hammer"},{"floor":50,"key":"Oddly Smooth Stone"},{"floor":50,"key":"REME_ArchaeologicalTools"}],"event_choices":[{"damage_healed":0.0,"max_hp_gain":0.0,"max_hp_loss":0.0,"gold_gain":400.0,"event_name":"¶÷ÂåË¹µÄÅÌ×Ó","player_choice":"Sell","floor":22.0,"relics_lost":["testmod-TestBox"],"gold_loss":0.0,"damage_taken":0.0}],"is_beta":false,"boss_relics":[{"not_picked":["ChewingGum","SacredBark"],"picked":"Sozu"},{"not_picked":["ExperimentalFamiliar","REME_DuelDisc"],"picked":"Runic Pyramid"}],"items_purged_floors":[21],"is_endless":false,"potions_floor_spawned":[1,8,14,19,20,23,33,39,41,43,46,47,50],"ascension_level":4}}