{"host":"ec09novo68szpe7d","time":1610472398,"event":{"mods":["AchievementEnabler","BaseMod","Bestiary","Minty Spire (QoL Compilation)","StSLib"],"gold_per_floor":[119,134,147,147,147,177,177,187,187,33,33,61,75,86,86,184,234,216,216,233,79,79,79,79,79],"floor_reached":24,"playtime":1188,"items_purged":["Clumsy"],"score":258,"play_id":"9b093df2-5d46-47ff-bb71-25a3f8bbbd2e","local_time":"20210112182638","is_ascension_mode":true,"campfire_choices":[{"floor":7.0,"key":"REST"},{"data":"Noxious Fumes","floor":11.0,"key":"SMITH"},{"floor":15,"key":"REST"},{"data":"Catalyst","floor":23,"key":"SMITH"}],"circlet_count":0,"master_deck":["Strike_G","Strike_G","Strike_G","Strike_G","Defend_G+1","Defend_G","Defend_G","Defend_G+1","Defend_G","Survivor","Neutralize","Terror+1","Backflip","Noxious Fumes+1","Calculated Gamble","Catalyst","Catalyst+1","Prepared","Envenom+1","Noxious Fumes+1","Backflip","Doubt"],"relics":["Cursed Key","Juzu Bracelet","Shuriken","Frozen Egg 2","Tiny House","TwistedFunnel"],"acts_visited":["Exordium","TheCity"],"potions_floor_usage":[16,18,24],"damage_taken":[{"damage":2.0,"enemies":"Small Slimes","floor":1.0,"turns":3.0},{"damage":6.0,"enemies":"Jaw Worm","floor":2.0,"turns":4.0},{"damage":0.0,"enemies":"Cultist","floor":3.0,"turns":4.0},{"damage":23.0,"enemies":"3 Sentries","floor":6.0,"turns":12.0},{"damage":0.0,"enemies":"Blue Slaver","floor":8.0,"turns":4.0},{"damage":11.0,"enemies":"Lagavulin","floor":12.0,"turns":7.0},{"damage":0.0,"enemies":"Large Slime","floor":13.0,"turns":4.0},{"damage":0,"enemies":"Gremlin Gang","floor":14,"turns":4},{"damage":23,"enemies":"Hexaghost","floor":16,"turns":8},{"damage":17,"enemies":"2 Thieves","floor":18,"turns":4},{"damage":3,"enemies":"Chosen","floor":20,"turns":6},{"damage":47,"enemies":"Slavers","floor":24,"turns":3}],"seed_played":"-9103955345000195703","potions_obtained":[{"floor":3.0,"key":"Fire Potion"},{"floor":8.0,"key":"AttackPotion"},{"floor":13.0,"key":"PowerPotion"},{"floor":14,"key":"CunningPotion"},{"floor":16,"key":"Poison Potion"},{"floor":17,"key":"AttackPotion"},{"floor":18,"key":"FearPotion"},{"floor":19,"key":"Energy Potion"},{"floor":19,"key":"SneckoOil"}],"is_trial":false,"path_per_floor":["M","M","M","?","?","E","R","M","T","$","R","E","M","M","R","B",null,"M","?","M","$","T","R","E"],"character_chosen":"THE_SILENT","items_purchased":["Catalyst","TwistedFunnel"],"campfire_rested":2,"item_purchase_floors":[10,21],"current_hp_per_floor":[68,62,62,48,41,18,39,39,39,39,39,28,28,28,49,26,64,47,47,44,44,44,44,0,0],"gold":79,"neow_bonus":"BOSS_RELIC","is_daily":false,"chose_seed":false,"campfire_upgraded":2,"win_rate":0.0,"timestamp":1610472398,"path_taken":["M","M","M","?","?","E","R","M","T","?","R","E","M","M","R","BOSS","M","?","M","$","?","R","E"],"items_purchased_type":["Card","Relic"],"build_version":"2020-12-22","purchased_purges":1,"victory":false,"max_hp_per_floor":[70,70,70,70,70,70,70,70,70,70,70,70,70,70,70,70,75,75,75,75,75,75,75,75,75],"card_choices":[{"not_picked":["Deflect","Prepared"],"picked":"Terror","floor":1.0},{"not_picked":["Dagger Spray","Bane"],"picked":"Backflip","floor":2.0},{"not_picked":["Dodge and Roll","Endless Agony","Catalyst"],"picked":"SKIP","floor":3.0},{"not_picked":["Eviscerate","Quick Slash"],"picked":"Noxious Fumes","floor":6.0},{"not_picked":["Footwork","Quick Slash"],"picked":"Calculated Gamble","floor":8.0},{"not_picked":["Calculated Gamble","Adrenaline"],"picked":"Catalyst","floor":12.0},{"not_picked":["Cloak And Dagger","Caltrops+1","Deflect"],"picked":"SKIP","floor":13.0},{"not_picked":["Deflect","Escape Plan"],"picked":"Prepared","floor":14},{"not_picked":["Venomology","Grand Finale"],"picked":"Envenom+1","floor":16},{"not_picked":["Poisoned Stab","Slice"],"picked":"Noxious Fumes+1","floor":17},{"not_picked":["Noxious Fumes+1","Slice"],"picked":"Backflip","floor":18},{"not_picked":["Dagger Spray","Prepared+1","Blade Dance+1"],"picked":"SKIP","floor":20}],"player_experience":263278,"relics_obtained":[{"floor":6.0,"key":"Juzu Bracelet"},{"floor":9.0,"key":"Shuriken"},{"floor":12.0,"key":"Frozen Egg 2"}],"event_choices":[{"damage_healed":0.0,"max_hp_gain":0.0,"max_hp_loss":0.0,"gold_gain":0.0,"event_name":"Shining Light","player_choice":"Entered Light","floor":4.0,"gold_loss":0.0,"damage_taken":14.0,"cards_upgraded":["Defend_G","Terror"]},{"cards_removed":["Strike_G"],"damage_healed":0.0,"max_hp_gain":0.0,"max_hp_loss":0.0,"gold_gain":0.0,"event_name":"Golden Wing","player_choice":"Card Removal","floor":5.0,"gold_loss":0.0,"damage_taken":7.0},{"damage_healed":0,"gold_gain":0,"player_choice":"Got Potions","damage_taken":0,"max_hp_gain":0,"max_hp_loss":0,"event_name":"Lab","floor":19,"gold_loss":0}],"is_beta":false,"boss_relics":[{"not_picked":["SacredBark","Snecko Eye"],"picked":"Tiny House"}],"items_purged_floors":[10],"is_endless":false,"potions_floor_spawned":[3,8,13,14,16,18],"killed_by":"Slavers","ascension_level":5}}