{"host":"hzae5erqwbuuc0p5","time":1610460727,"event":{"mods":["AchievementEnabler","BaseMod","Card Forge","Colored Powertips","Custom Start","Friendly Minions","Minty Spire (QoL Compilation)","Quick Restart","StSLib","UnlockEverythingMod","Waifu the Spire","WarShipGirlsR/’ΩΩ¢…Ÿ≈ÆR mod"],"gold_per_floor":[110,110,126,145,145,145,175,199,269,269,302,302,315,89,89,184,184,196,207,222,237,162,162,175,175,248,276,305,305,305],"floor_reached":29,"playtime":1478,"items_purged":["rmod:strick"],"score":237,"play_id":"fd4e13d5-ecb0-400d-a39d-b81b4ac75808","local_time":"20210112221207","is_ascension_mode":false,"campfire_choices":[{"floor":6,"key":"REST"},{"floor":10,"key":"REST"},{"data":"rmod:firesupport","floor":12,"key":"SMITH"},{"data":"rmod:victimresponsibility","floor":15,"key":"SMITH"},{"floor":23,"key":"REST"}],"circlet_count":0,"master_deck":["rmod:strick+1","rmod:defend+1","rmod:defend+1","rmod:basicallowance+1","rmod:maingunfire+1","rmod:firesupport+1","rmod:expedition+3","rmod:fletcherpendant+1","rmod:victimresponsibility+1","rmod:firesupport+1","rmod:tearstotiara+1","rmod:abidefaith+1","rmod:fletcherpendant+1","rmod:supportescort+1","rmod:tearstotiara+1","rmod:fletcherpendant+1","rmod:sl","rmod:windflower","rmod:supportescort","rmod:firesupport+1"],"relics":["Hammer of Thor","Seething Fire","Anvil of the Gods","NeowsBlessing","Boot","MealTicket","Pear","Matryoshka","Happy Flower","rmod:mogul","FaceOfCleric","CeramicFish","Molten Egg 2"],"acts_visited":["Exordium","TheCity"],"potions_floor_usage":[11,20,28,29],"damage_taken":[{"damage":0,"enemies":"2 Louse","floor":1,"turns":1},{"damage":0,"enemies":"Jaw Worm","floor":3,"turns":1},{"damage":0,"enemies":"Cultist","floor":4,"turns":1},{"damage":21,"enemies":"3 Sentries","floor":7,"turns":8},{"damage":4,"enemies":"Lagavulin","floor":11,"turns":7},{"damage":7,"enemies":"Exordium Thugs","floor":13,"turns":4},{"damage":11,"enemies":"Slime Boss","floor":16,"turns":8},{"damage":2,"enemies":"Spheric Guardian","floor":18,"turns":3},{"damage":26,"enemies":"Chosen","floor":19,"turns":5},{"damage":20,"enemies":"3 Cultists","floor":20,"turns":6},{"damage":7,"enemies":"Cultist and Chosen","floor":21,"turns":4},{"damage":8,"enemies":"Snecko","floor":24,"turns":3},{"damage":32,"enemies":"Chosen and Byrds","floor":27,"turns":5},{"damage":0,"enemies":"Snake Plant","floor":28,"turns":3},{"damage":20,"enemies":"Sentry and Sphere","floor":29,"turns":3}],"seed_played":"-6058734110534848524","potions_obtained":[{"floor":3,"key":"Weak Potion"},{"floor":4,"key":"Strength Potion"},{"floor":11,"key":"SteroidPotion"},{"floor":16,"key":"Block Potion"},{"floor":19,"key":"DistilledChaos"},{"floor":28,"key":"BlessingOfTheForge"}],"is_trial":false,"path_per_floor":["M","?","M","M","?","R","E","T","T","R","E","R","M","$","R","B",null,"M","M","M","M","?","R","M","?","T","M","M","M"],"character_chosen":"PRAEFECT","items_purchased":["Happy Flower"],"campfire_rested":3,"item_purchase_floors":[14],"current_hp_per_floor":[75,75,75,75,60,75,54,54,64,85,81,81,74,85,85,74,85,83,57,37,30,30,55,47,47,47,16,17,0,0],"gold":305,"neow_bonus":"THREE_ENEMY_KILL","is_daily":false,"chose_seed":false,"campfire_upgraded":2,"win_rate":0.0,"timestamp":1610460727,"path_taken":["M","?","M","M","?","R","E","?","T","R","E","R","M","$","R","BOSS","M","M","M","M","?","R","M","?","T","M","M","M"],"items_purchased_type":["Relic"],"build_version":"2020-12-22","purchased_purges":1,"victory":false,"max_hp_per_floor":[75,75,75,75,75,75,75,75,85,85,85,85,85,85,85,85,85,85,85,85,85,85,85,85,85,85,86,87,87,87],"card_choices":[{"not_picked":["rmod:slowdown","rmod:ring"],"picked":"rmod:firesupport","floor":1},{"not_picked":["rmod:lonelyqueen","rmod:aluminumsupply"],"picked":"rmod:expedition","floor":3},{"not_picked":["rmod:lonelyqueen","rmod:selfconfidence"],"picked":"rmod:fletcherpendant","floor":4},{"not_picked":["rmod:expedition","rmod:heivgo"],"picked":"rmod:victimresponsibility","floor":7},{"not_picked":["rmod:circuitoustactics","rmod:supportaircraftcarrier"],"picked":"rmod:firesupport","floor":11},{"not_picked":["rmod:circuitoustactics","rmod:steelsupply"],"picked":"rmod:tearstotiara","floor":13},{"not_picked":["rmod:secretscript","rmod:timeschanged"],"picked":"rmod:abidefaith","floor":16},{"not_picked":["rmod:guardianhero","rmod:goodsister"],"picked":"rmod:fletcherpendant","floor":18},{"not_picked":["rmod:circuitoustactics","rmod:aluminumsupply"],"picked":"rmod:supportescort+1","floor":19},{"not_picked":["rmod:luckystar","rmod:unsinkable"],"picked":"rmod:tearstotiara+1","floor":20},{"not_picked":["rmod:gendarmerie","rmod:supportaircraftcarrier+1"],"picked":"rmod:sl","floor":21},{"not_picked":["rmod:circuitoustactics+1","rmod:aviationdawn+1"],"picked":"rmod:windflower","floor":24},{"not_picked":["rmod:victimresponsibility","rmod:steelsupply"],"picked":"rmod:supportescort","floor":27},{"not_picked":["rmod:stealaluminum","rmod:launchingtorpedo+1"],"picked":"rmod:firesupport+1","floor":28}],"player_experience":10224,"relics_obtained":[{"floor":7,"key":"Boot"},{"floor":8,"key":"MealTicket"},{"floor":9,"key":"Pear"},{"floor":11,"key":"Matryoshka"},{"floor":26,"key":"CeramicFish"},{"floor":26,"key":"Molten Egg 2"}],"event_choices":[{"damage_healed":0,"gold_gain":0,"player_choice":"Grow","damage_taken":0,"max_hp_gain":0,"max_hp_loss":0,"event_name":"Living Wall","floor":2,"gold_loss":0,"cards_upgraded":["rmod:firesupport"]},{"damage_healed":0,"gold_gain":0,"player_choice":"Entered Light","damage_taken":15,"max_hp_gain":0,"max_hp_loss":0,"event_name":"Shining Light","floor":5,"gold_loss":0,"cards_upgraded":["rmod:maingunfire","rmod:strick"]},{"cards_removed":["rmod:strick"],"damage_healed":0,"gold_gain":0,"player_choice":"Gave Gold","damage_taken":0,"max_hp_gain":0,"max_hp_loss":0,"event_name":"Beggar","floor":22,"gold_loss":75},{"damage_healed":0,"gold_gain":0,"player_choice":"Trade","damage_taken":0,"relics_obtained":["FaceOfCleric"],"max_hp_gain":0,"max_hp_loss":0,"event_name":"FaceTrader","floor":25,"gold_loss":0}],"is_beta":false,"boss_relics":[{"not_picked":["Ectoplasm","Astrolabe"],"picked":"rmod:mogul"}],"items_purged_floors":[14],"is_endless":false,"potions_floor_spawned":[3,4,11,16,19,28],"killed_by":"Sentry and Sphere","ascension_level":0}}