{"host":"ekha54jsiuuqgn65","time":1610435198,"event":{"mods":["BaseMod","Colored Map","Conspire","Minty Spire (QoL Compilation)","Replay The Spire","StSLib","The Marked","[IsaacMod]ÒÔÈö¼âËþ"],"gold_per_floor":[114,114,138,158,222,263,153,192,274,449,328,353,384,405,405,528,528,541,541,559,579,494,494,513,513,513],"floor_reached":25,"playtime":836,"items_purged":["Strike_R","Strike_R"],"score":223,"play_id":"4724c73d-1f1b-4278-857e-19c121a92908","local_time":"20210112150638","is_ascension_mode":false,"campfire_choices":[{"floor":15,"key":"REST"},{"floor":23,"key":"REST"}],"circlet_count":0,"master_deck":["Strike_R","Strike_R","Strike_R","Defend_R","Defend_R","Defend_R","Defend_R","Bash","EpicFetus","Clash","Shrug It Off","Intimidate","Heavy Blade","Warcry","Doubt","Feed+1","ReplayTheSpireMod:Strike From Hell+1","conspire:HitWhereItHurts+1","Spot Weakness","Demon Form","Burning Pact","Clothesline+1","True Grit+1"],"relics":["Burning Blood","HushsDoor","Potion Belt","SteamSale","Golden Idol","MoneyPower","Sling","TheBean","Molten Egg 2","Torii","Runic Pyramid","conspire:Flyswatter"],"acts_visited":["Exordium","TheCity"],"potions_floor_usage":[8,16,16],"damage_taken":[{"damage":0,"enemies":"Small Slimes","floor":1,"turns":3},{"damage":11,"enemies":"Jaw Worm","floor":3,"turns":3},{"damage":0,"enemies":"2 Louse","floor":4,"turns":4},{"damage":3,"enemies":"Lagavulin","floor":6,"turns":4},{"damage":9,"enemies":"3 Sentries","floor":8,"turns":5},{"damage":16,"enemies":"Large Slime","floor":12,"turns":5},{"damage":18,"enemies":"Lagavulin","floor":13,"turns":5},{"damage":21,"enemies":"Exordium Thugs","floor":14,"turns":3},{"damage":18,"enemies":"Slime Boss","floor":16,"turns":8},{"damage":14,"enemies":"Shell Parasite","floor":18,"turns":5},{"damage":14,"enemies":"3 Byrds","floor":20,"turns":5},{"damage":43,"enemies":"Centurion and Healer","floor":21,"turns":5},{"damage":38,"enemies":"Shelled Parasite and Fungi","floor":24,"turns":5},{"damage":42,"enemies":"Snecko","floor":25,"turns":4}],"seed_played":"8828400601156426014","potions_obtained":[{"floor":1,"key":"Energy Potion"},{"floor":3,"key":"DistilledChaos"},{"floor":12,"key":"Ancient Potion"},{"floor":16,"key":"ColorlessPotion"},{"floor":20,"key":"Adrenaline Potion"},{"floor":21,"key":"AttackPotion"},{"floor":24,"key":"Dexterity Potion"}],"is_trial":false,"path_per_floor":["M","?","M","M","?","E","$","E","T","?","$","M","E","M","R","B",null,"M","?","M","M","?","R","M","M"],"character_chosen":"IRONCLAD","items_purchased":["Sling","Feed+1"],"campfire_rested":2,"item_purchase_floors":[7,11],"current_hp_per_floor":[80,60,55,61,61,64,64,61,61,61,61,51,39,28,53,41,84,80,80,76,39,39,66,34,0,0],"gold":513,"neow_bonus":"RANDOM_COMMON_RELIC","is_daily":false,"chose_seed":false,"campfire_upgraded":0,"win_rate":0.0,"timestamp":1610435198,"path_taken":["M","?","M","M","?","E","$","E","T","?","$","M","E","?","R","BOSS","M","?","M","M","?","R","M","M"],"items_purchased_type":["Relic","Card"],"build_version":"2020-12-22","purchased_purges":2,"victory":false,"max_hp_per_floor":[80,80,80,80,80,80,80,80,80,80,80,80,80,84,84,84,84,88,88,92,92,92,92,92,92,92],"card_choices":[{"not_picked":[],"picked":"EpicFetus","floor":0},{"not_picked":["Twin Strike","Intimidate"],"picked":"Clash","floor":1},{"not_picked":["ReplayTheSpireMod:Corrosion Curse","Entrench"],"picked":"Shrug It Off","floor":3},{"not_picked":["Clash","Life Link"],"picked":"Intimidate","floor":4},{"not_picked":["Body Slam","Burning Pact"],"picked":"Heavy Blade","floor":6},{"not_picked":["Clothesline","Replay:Undeath\u0027s Touch"],"picked":"Warcry","floor":8},{"not_picked":["Sword Boomerang+1","Metallicize"],"picked":"ReplayTheSpireMod:Strike From Hell+1","floor":12},{"not_picked":["Body Slam+1","Anger+1"],"picked":"conspire:HitWhereItHurts+1","floor":13},{"not_picked":["Infernal Blade","Dropkick+1"],"picked":"Spot Weakness","floor":14},{"not_picked":["Limit Break","Double Tap"],"picked":"Demon Form","floor":16},{"not_picked":["Body Slam+1","Whirlwind+1"],"picked":"Burning Pact","floor":18},{"not_picked":["ReplayTheSpireMod:Stacked","Flex+1"],"picked":"Clothesline+1","floor":20},{"not_picked":["Replay:Undeath\u0027s Touch+1","Clothesline+1","Rage"],"picked":"SKIP","floor":21},{"not_picked":["Iron Wave+1","Anger+1"],"picked":"True Grit+1","floor":24}],"player_experience":2109,"relics_obtained":[{"floor":6,"key":"MoneyPower"},{"floor":8,"key":"TheBean"},{"floor":9,"key":"Molten Egg 2"},{"floor":13,"key":"Torii"}],"event_choices":[{"damage_healed":0,"gold_gain":0,"player_choice":"Take Damage","damage_taken":20,"relics_obtained":["Golden Idol"],"max_hp_gain":0,"max_hp_loss":0,"event_name":"Golden Idol","floor":2,"gold_loss":0},{"damage_healed":0,"gold_gain":64,"player_choice":"Gained Gold","damage_taken":0,"max_hp_gain":0,"max_hp_loss":0,"event_name":"Golden Wing","floor":5,"gold_loss":0},{"damage_healed":0,"gold_gain":175,"player_choice":"AGREE","damage_taken":0,"max_hp_gain":0,"max_hp_loss":0,"event_name":"Liars Game","floor":10,"gold_loss":0,"cards_obtained":["Doubt"]},{"damage_healed":0,"gold_gain":0,"player_choice":"Obtained Relic","damage_taken":0,"relics_obtained":["conspire:Flyswatter"],"max_hp_gain":0,"max_hp_loss":0,"event_name":"Addict","floor":22,"gold_loss":85}],"is_beta":false,"boss_relics":[{"not_picked":["Empty Cage","Calling Bell"],"picked":"Runic Pyramid"},{"not_picked":[]}],"items_purged_floors":[7,11],"is_endless":false,"potions_floor_spawned":[1,3,12,16,20,21,24],"killed_by":"Snecko","ascension_level":0}}