{"host":"0cgp910o8339lr91","time":1610459223,"event":{"mods":["BaseMod","Block Reminder","Colored Map","Colored Powertips","Filter the Spire","Minty Spire (QoL Compilation)","Relic Stats","Slay-I","ojb\u0027s Better Paths Mod","ojb\u0027s Info Mod"],"gold_per_floor":[368,388,388,452,462,462,495,495,548,567,595,64,89,103,103,200,200,215,226,292,352,501,536,586,385,411,411,428,478,513,530,530,634,634,654,580,593,643,265,265,293,308,308,408,420,521,366,396,408,420,432,444,18,53,53],"floor_reached":56,"playtime":6342,"items_purged":["Strike_B","Strike_B","Dualcast","Zap","Sunder+1"],"score":1926,"play_id":"066ea768-fbb4-4467-8dcb-0b4ec55c9b25","local_time":"20210112144703","is_ascension_mode":true,"campfire_choices":[{"data":"Sunder","floor":6.0,"key":"SMITH"},{"data":"Sweeping Beam","floor":8.0,"key":"SMITH"},{"floor":15,"key":"REST"},{"data":"Defragment","floor":27,"key":"SMITH"},{"data":"Defragment","floor":32,"key":"SMITH"},{"data":"Capacitor","floor":40,"key":"SMITH"},{"floor":49,"key":"RECALL"},{"data":"Hologram","floor":52,"key":"SMITH"}],"circlet_count":0,"master_deck":["AscendersBane","Lockon","Sweeping Beam+1","Coolheaded","FTL","Hologram+1","Genetic Algorithm+1","Genetic Algorithm+1","Defragment+1","Cold Snap","Seek+1","Hologram+1","Recycle+1","Coolheaded+1","BootSequence+1","Defragment+1","Conserve Battery+1","Hologram+1","Core Surge","Biased Cognition","Ball Lightning","Biased Cognition","Core Surge","Steam Power+1","Cold Snap","Turbo+1","Hologram+1","Capacitor+1","Chill+1","Secret Technique+1","Shrug It Off+1","Secret Technique+1"],"relics":["Cracked Core","SsserpentHead","Cables","Smiling Mask","Omamori","Toxic Egg 2","DollysMirror","Bronze Scales","Sozu","Bottled Tornado","TungstenRod","Orrery","Juzu Bracelet","HornCleat","Pandora\u0027s Box","PrismaticShard","Eternal Feather","Gambling Chip","Unceasing Top","Toolbox","MawBank","Membership Card","Lizard Tail","Anchor","Gremlin Horn"],"acts_visited":["Exordium","TheCity","TheBeyond","TheEnding"],"potions_floor_usage":[13,14,23],"damage_taken":[{"damage":7.0,"enemies":"Small Slimes","floor":1.0,"turns":3.0},{"damage":1.0,"enemies":"Cultist","floor":2.0,"turns":3.0},{"damage":2.0,"enemies":"Jaw Worm","floor":4.0,"turns":3.0},{"damage":11.0,"enemies":"Blue Slaver","floor":5.0,"turns":3.0},{"damage":20.0,"enemies":"3 Sentries","floor":7.0,"turns":6.0},{"damage":4.0,"enemies":"2 Fungi Beasts","floor":10.0,"turns":2.0},{"damage":7.0,"enemies":"Lagavulin","floor":11.0,"turns":7.0},{"damage":14,"enemies":"Gremlin Nob","floor":13,"turns":3},{"damage":0,"enemies":"3 Louse","floor":14,"turns":2},{"damage":21,"enemies":"Hexaghost","floor":16,"turns":10},{"damage":0,"enemies":"Shell Parasite","floor":18,"turns":5},{"damage":14,"enemies":"2 Thieves","floor":19,"turns":3},{"damage":5,"enemies":"Centurion and Healer","floor":20,"turns":9},{"damage":0,"enemies":"Snake Plant","floor":21,"turns":4},{"damage":3,"enemies":"Slavers","floor":23,"turns":5},{"damage":2,"enemies":"Cultist and Chosen","floor":28,"turns":6},{"damage":0,"enemies":"Book of Stabbing","floor":30,"turns":5},{"damage":0,"enemies":"Shelled Parasite and Fungi","floor":31,"turns":4},{"damage":9,"enemies":"Collector","floor":33,"turns":13},{"damage":0,"enemies":"3 Shapes","floor":35,"turns":5},{"damage":22,"enemies":"3 Darklings","floor":37,"turns":4},{"damage":0,"enemies":"Reptomancer","floor":41,"turns":7},{"damage":0,"enemies":"Writhing Mass","floor":42,"turns":5},{"damage":0,"enemies":"Mind Bloom Boss Battle","floor":44,"turns":6},{"damage":0,"enemies":"4 Shapes","floor":45,"turns":5},{"damage":0,"enemies":"2 Orb Walkers","floor":46,"turns":7},{"damage":0,"enemies":"Giant Head","floor":48,"turns":8},{"damage":21,"enemies":"Time Eater","floor":50,"turns":14},{"damage":18,"enemies":"Shield and Spear","floor":54,"turns":9},{"damage":9,"enemies":"The Heart","floor":55,"turns":12}],"seed_played":"2955074427591432867","potions_obtained":[{"floor":2.0,"key":"Strength Potion"},{"floor":5.0,"key":"FearPotion"},{"floor":10.0,"key":"DistilledChaos"},{"floor":11.0,"key":"SkillPotion"},{"floor":16,"key":"Ancient Potion"}],"is_trial":false,"path_per_floor":["M","M","?","M","M","R","E","R","T","M","E","$","E","M","R","B",null,"M","M","M","M","?","E","?","$","T","R","M","?","E","M","R","B",null,"M","$","M","?","$","R","E","M","T","?","M","?","$","E","R","B",null,"R","$","E","B",null],"character_chosen":"DEFECT","items_purchased":["Toxic Egg 2","Genetic Algorithm+1","DollysMirror","Orrery","Capacitor","Secret Technique+1","PrismaticShard","Toolbox","Membership Card","Lizard Tail","Anchor"],"campfire_rested":1,"item_purchase_floors":[12,12,12,25,36,39,39,47,53,53,53],"current_hp_per_floor":[61,60,60,58,47,47,27,27,27,23,16,16,2,2,22,1,51,51,37,32,32,32,29,29,29,29,29,27,49,49,49,49,40,61,61,61,39,39,39,39,39,39,39,39,39,39,39,39,57,36,60,68,68,50,41],"gold":53,"neow_bonus":"TWO_FIFTY_GOLD","is_daily":false,"chose_seed":false,"campfire_upgraded":6,"win_rate":0.0,"timestamp":1610459223,"path_taken":["M","M","?","?","M","R","E","R","T","M","E","$","E","M","R","BOSS","M","M","?","?","?","E","?","$","T","R","M","?","E","M","R","BOSS","M","$","M","?","$","R","E","M","T","?","M","?","?","E","R","BOSS","R","$","E","BOSS"],"items_purchased_type":["Relic","Card","Relic","Relic","Card","Card","Relic","Relic","Relic","Relic","Relic"],"build_version":"2020-12-22","purchased_purges":5,"victory":true,"max_hp_per_floor":[68,68,68,68,68,68,68,68,68,68,68,68,68,68,68,68,68,68,68,68,68,68,68,68,68,68,68,68,68,68,68,68,68,68,68,68,68,68,68,68,68,68,68,68,68,68,68,68,68,68,68,68,68,68,68],"relic_stats":{"Gremlin Horn":[0,0],"counters":[30,178],"Eternal Feather":26,"Juzu Bracelet":0,"Smiling Mask":288,"MawBank":60,"Cables":[149,80,69,0,0],"Sozu":8,"SsserpentHead":500,"Lizard Tail":0,"Bronze Scales":[661],"Gambling Chip":[8],"Pandora\u0027s Box":["Ball Lightning","Biased Cognition","Core Surge","Steam Power","Cold Snap","Turbo"],"obtain_stats":[{"Gremlin Horn":54,"Juzu Bracelet":26,"Bottled Tornado":23,"Smiling Mask":9,"PrismaticShard":39,"Sozu":17,"SsserpentHead":3,"Lizard Tail":53,"HornCleat":30,"DollysMirror":12,"Gambling Chip":44,"Toolbox":47,"Toxic Egg 2":12,"Cracked Core":0,"Eternal Feather":41,"Omamori":11,"MawBank":48,"Cables":7,"Anchor":53,"Bronze Scales":13,"Orrery":25,"Pandora\u0027s Box":34,"Membership Card":53,"TungstenRod":24,"Unceasing Top":46},{"Gremlin Horn":29,"Juzu Bracelet":15,"Bottled Tornado":15,"Smiling Mask":5,"PrismaticShard":21,"Sozu":10,"SsserpentHead":2,"Lizard Tail":28,"HornCleat":17,"DollysMirror":7,"Gambling Chip":24,"Toolbox":26,"Toxic Egg 2":7,"Cracked Core":0,"Eternal Feather":22,"Omamori":7,"MawBank":27,"Cables":5,"Anchor":28,"Bronze Scales":8,"Orrery":15,"Pandora\u0027s Box":19,"Membership Card":28,"TungstenRod":15,"Unceasing Top":26},{"Gremlin Horn":166,"Juzu Bracelet":68,"Bottled Tornado":68,"Smiling Mask":18,"PrismaticShard":105,"Sozu":42,"SsserpentHead":6,"Lizard Tail":157,"HornCleat":79,"DollysMirror":27,"Gambling Chip":123,"Toolbox":135,"Toxic Egg 2":27,"Cracked Core":0,"Eternal Feather":112,"Omamori":27,"MawBank":143,"Cables":18,"Anchor":157,"Bronze Scales":30,"Orrery":68,"Pandora\u0027s Box":96,"Membership Card":157,"TungstenRod":68,"Unceasing Top":135}],"TungstenRod":29,"Unceasing Top":[5]},"card_choices":[{"not_picked":["Streamline","Recycle"],"picked":"Lockon","floor":1.0},{"not_picked":["Conserve Battery","Stack"],"picked":"Sweeping Beam","floor":2.0},{"not_picked":["White Noise","Barrage"],"picked":"Sunder","floor":4.0},{"not_picked":["Reprogram","Stack","Rebound"],"picked":"SKIP","floor":5.0},{"not_picked":["Steam","Streamline"],"picked":"Coolheaded","floor":7.0},{"not_picked":["Streamline","Amplify"],"picked":"FTL","floor":10.0},{"not_picked":["Barrage","Rebound"],"picked":"Hologram","floor":11.0},{"not_picked":["Beam Cell","Compile Driver"],"picked":"Defragment","floor":13},{"not_picked":["Redo+1","Stack+1"],"picked":"Cold Snap","floor":14},{"not_picked":["Reboot+1","Creative AI"],"picked":"Seek+1","floor":16},{"not_picked":["Gash","Lockon"],"picked":"Hologram+1","floor":18},{"not_picked":["Sunder","Cold Snap+1"],"picked":"Recycle+1","floor":19},{"not_picked":["Leap+1","Compile Driver"],"picked":"Coolheaded+1","floor":20},{"not_picked":["Steam+1","Reprogram+1","Meteor Strike"],"picked":"SKIP","floor":21},{"not_picked":["Go for the Eyes","Blizzard","Sunder"],"picked":"SKIP","floor":23},{"not_picked":["Gash","Rebound"],"picked":"BootSequence+1","floor":25},{"not_picked":["Buffer","Steam Power+1"],"picked":"Defragment","floor":25},{"not_picked":["Sweeping Beam","Rebound"],"picked":"Conserve Battery+1","floor":25},{"not_picked":["Loop","Sunder"],"picked":"Hologram+1","floor":28},{"not_picked":["Loop","Sweeping Beam+1"],"picked":"Core Surge","floor":30},{"not_picked":["Scrape","Tempest+1","Steam+1"],"picked":"SKIP","floor":31},{"not_picked":["Reboot+1","Hyperbeam"],"picked":"Biased Cognition","floor":33},{"not_picked":["Steam+1","Barrage"],"picked":"Hologram+1","floor":35},{"not_picked":["Force Field+1","Storm"],"picked":"Chill+1","floor":37},{"not_picked":["Pommel Strike+1","Envenom"],"picked":"Shrug It Off+1","floor":41},{"not_picked":["Clothesline","Fusion+1","Go for the Eyes+1"],"picked":"SKIP","floor":42},{"not_picked":["Deep Breath+1","Trip+1","Quick Slash+1"],"picked":"SKIP","floor":45},{"not_picked":["Carnage","ThirdEye+1"],"picked":"Secret Technique+1","floor":48},{"not_picked":["Slice+1","ThirdEye+1","Havoc+1"],"picked":"SKIP","floor":54}],"player_experience":1386973,"relics_obtained":[{"floor":7.0,"key":"Cables"},{"floor":9.0,"key":"Smiling Mask"},{"floor":11.0,"key":"Omamori"},{"floor":13,"key":"Bronze Scales"},{"floor":23,"key":"Bottled Tornado"},{"floor":26,"key":"Juzu Bracelet"},{"floor":30,"key":"HornCleat"},{"floor":41,"key":"Eternal Feather"},{"floor":44,"key":"Gambling Chip"},{"floor":46,"key":"Unceasing Top"},{"floor":48,"key":"MawBank"},{"floor":54,"key":"Gremlin Horn"}],"event_choices":[{"damage_healed":0.0,"max_hp_gain":0.0,"max_hp_loss":0.0,"gold_gain":0.0,"event_name":"FaceTrader","player_choice":"Trade","floor":3.0,"gold_loss":0.0,"damage_taken":0.0,"relics_obtained":["SsserpentHead"]},{"damage_healed":0,"gold_gain":99,"player_choice":"Stole From Cult","damage_taken":0,"max_hp_gain":0,"max_hp_loss":0,"event_name":"Nest","floor":22,"gold_loss":0},{"damage_healed":0,"gold_gain":0,"player_choice":"Opened","damage_taken":0,"relics_obtained":["TungstenRod"],"max_hp_gain":0,"max_hp_loss":0,"event_name":"The Mausoleum","floor":24,"gold_loss":0,"cards_obtained":["Writhe"]},{"damage_healed":22,"gold_gain":0,"player_choice":"Heal","damage_taken":0,"max_hp_gain":0,"max_hp_loss":0,"event_name":"The Library","floor":29,"gold_loss":0},{"damage_healed":0,"gold_gain":0,"player_choice":"Ignored","damage_taken":0,"max_hp_gain":0,"max_hp_loss":0,"event_name":"Tomb of Lord Red Mask","floor":38,"gold_loss":0},{"damage_healed":0,"gold_gain":0,"player_choice":"Fight","damage_taken":0,"max_hp_gain":0,"max_hp_loss":0,"event_name":"MindBloom","floor":44,"gold_loss":0},{"damage_healed":0,"gold_gain":0,"player_choice":"Fight","damage_taken":0,"max_hp_gain":0,"max_hp_loss":0,"event_name":"Mysterious Sphere","floor":46,"gold_loss":0}],"is_beta":false,"boss_relics":[{"not_picked":["Calling Bell","SacredBark"],"picked":"Sozu"},{"not_picked":["SlaversCollar","Philosopher\u0027s Stone"],"picked":"Pandora\u0027s Box"}],"items_purged_floors":[12,25,39,47,53],"is_endless":false,"potions_floor_spawned":[2,5,10,11,16,18,19,30,33,41,42,48,54],"ascension_level":11}}