{"host":"vqs1j3qalc1cciyt","time":1610423396,"event":{"mods":["2.2 Compatiblity","AchievementEnabler","Aspiration","Bard","BaseMod","Beaked The Cultist","Better Altar","Better Match","Better Note","Better Sensory Stone","Better Skull","Better Third Choice","Clockwork Mod","Colored Map","Conspire","Downfall","Friendly Minions","GifTheSpireLib","Glutton Mod","Halation","Highlight Path","Hubris","Infinite Spire","Minty Spire (QoL Compilation)","READ ME - Snecko Mod","RRrroohrrRGHHhhh!!","Replay The Spire","Spicy Shops","StSLib","Stuff the Spire","The Bladedancer","The Construct","The Cursed","The Disciple","The Hierophant","The Jungle","vexMod"],"gold_per_floor":[116,130,130,130,0,35,35,61,61,75,110,124,153,103,103,205,205,215,226,226,242,242,276,291,291,291,291,291,134,84,114,114,226,226,251,251,151,178,178,217,25,25,25],"floor_reached":42,"playtime":4469,"items_purged":["Normality","Defend_B","hubris:Despair","Parasite"],"score":847,"play_id":"42ea1d24-3a44-4272-b10a-ff804c4a6365","local_time":"20210111194956","is_ascension_mode":true,"campfire_choices":[{"floor":15.0,"key":"REST"},{"floor":25.0,"key":"REST"},{"data":"Enlightenment","floor":27.0,"key":"SMITH"},{"floor":32.0,"key":"REST"}],"circlet_count":0,"master_deck":["Strike_B","Defend_B","Defend_B","Defend_B","Zap","Dualcast","rorgmod:Refrigerate","rorgmod:Storm","infinitespire:UltimateForm","Enlightenment+1","Conserve Battery","rorgmod:Leap","rorgmod:Storm","Ball Lightning","hubris:Ukulele","Lockon","Meteor Strike","ReplayTheSpireMod:Doomed","rorgmod:SQL Injection","White Noise","Glacier","Capacitor","Ball Lightning","Force Field","Electrodynamics","StuffTheSpire:Synthwave"],"relics":["StuffTheSpire:OccultApparatus","NeowsBlessing","infinitespire:Satchel","StuffTheSpire:ColdMirror","Regal Pillow","vexMod:RetaliationKit","Pet Ghost","Quantum Egg","Replay:Ancient Bell","hubris:TenFootPole","beaked:ShinyBauble","Ginger","Ring of Fury","vexMod:MemoryStick","Sundial","halation:LostSnail","halation:AfternoonTea","infinitespire:EvilPickle","Black Star","conspire:IceCreamScoop","SlaversCollar","infinitespire:Beetle Shell","aspiration:StickyExplosives_weak"],"acts_visited":["Exordium","TheCity","TheBeyond"],"potions_floor_usage":[40,40,42],"damage_taken":[{"damage":0.0,"enemies":"2 Louse","floor":1.0,"turns":1.0},{"damage":0.0,"enemies":"conspire:RoseBush","floor":2.0,"turns":1.0},{"damage":0.0,"enemies":"3 Sentries","floor":6.0,"turns":2.0},{"damage":2.0,"enemies":"Replay:BlueRogue","floor":8.0,"turns":6.0},{"damage":3.0,"enemies":"Small Slimes","floor":10.0,"turns":4.0},{"damage":9.0,"enemies":"3 Sentries","floor":11.0,"turns":5.0},{"damage":3.0,"enemies":"Looter","floor":12.0,"turns":3.0},{"damage":23.0,"enemies":"Gremlin Nob","floor":13.0,"turns":4.0},{"damage":0.0,"enemies":"Fading Forest","floor":16.0,"turns":9.0},{"damage":20.0,"enemies":"Spheric Guardian","floor":18.0,"turns":4.0},{"damage":19.0,"enemies":"2 Thieves","floor":19.0,"turns":4.0},{"damage":7.0,"enemies":"Chosen and Byrds","floor":21.0,"turns":6.0},{"damage":26.0,"enemies":"Gremlin Leader","floor":23.0,"turns":6.0},{"damage":3.0,"enemies":"Centurion and Healer","floor":24.0,"turns":5.0},{"damage":21.0,"enemies":"conspire:SneckoGhost","floor":31.0,"turns":5.0},{"damage":31.0,"enemies":"Pondfish","floor":33.0,"turns":9.0},{"damage":6.0,"enemies":"3 Shapes","floor":35.0,"turns":5.0},{"damage":9.0,"enemies":"3 Darklings","floor":38.0,"turns":3.0},{"damage":54,"enemies":"Reptomancer","floor":40,"turns":6},{"damage":19,"enemies":"Spire Growth","floor":42,"turns":3}],"seed_played":"2367825398721835248","potions_obtained":[{"floor":1.0,"key":"Energy Potion"},{"floor":10.0,"key":"Slimebound:ThreeZeroPotion"},{"floor":11.0,"key":"FocusPotion"},{"floor":13.0,"key":"FocusPotion"},{"floor":19.0,"key":"Languid Potion"},{"floor":21.0,"key":"AttackPotion"},{"floor":24.0,"key":"LiquidBronze"},{"floor":33.0,"key":"SpeedPotion"},{"floor":39.0,"key":"Ancient Potion"},{"floor":39.0,"key":"Swift Potion"},{"floor":39.0,"key":"Doom Potion"},{"floor":40,"key":"Weak Potion"}],"is_trial":false,"path_per_floor":["M","M","?","?","?","E","T","E","T","M","E","M","E","?","R","B",null,"M","M","?","M","?","E","M","R","T","R","T","$","?","E","R","B",null,"M","AVR","$","M","?","E","$","M"],"character_chosen":"DEFECT","items_purchased":["halation:LostSnail","StuffTheSpire:Synthwave"],"campfire_rested":3,"item_purchase_floors":[29,41],"current_hp_per_floor":[75,75,75,57,63,63,63,61,61,58,49,46,23,23,62,62,81,61,42,42,35,35,9,6,45,45,45,45,45,45,24,63,47,81,75,75,75,66,66,12,12,0,0],"gold":25,"neow_bonus":"THREE_ENEMY_KILL","is_daily":false,"chose_seed":false,"campfire_upgraded":1,"win_rate":0.0,"timestamp":1610423396,"path_taken":["M","M","?","?","?","E","?","E","T","M","E","?","E","?","R","BOSS","M","M","?","M","?","E","?","R","T","R","?","?","?","E","R","BOSS","M","AVR","?","M","?","E","$","?"],"items_purchased_type":["Relic","Card"],"build_version":"2020-12-22","purchased_purges":4,"victory":false,"max_hp_per_floor":[75,75,75,75,81,81,81,81,81,81,81,81,81,81,81,81,81,81,81,81,81,81,81,81,81,81,81,81,81,81,81,81,81,81,81,81,81,81,81,81,78,78,78],"card_choices":[{"not_picked":["StuffTheSpire:SnapShoot","rorgmod:Fragmentation"],"picked":"rorgmod:Refrigerate","floor":1.0},{"not_picked":["Compile Driver","rorgmod:SQL Injection"],"picked":"rorgmod:Storm","floor":2.0},{"not_picked":["ReplayTheSpireMod:Echoes of Time","infinitespire:SealOfDarkness+"],"picked":"infinitespire:UltimateForm","floor":4.0},{"not_picked":["Cold Snap","Chill"],"picked":"Conserve Battery","floor":6.0},{"not_picked":["hubris:SpecializedCircuitry","Compile Driver"],"picked":"rorgmod:Leap","floor":8.0},{"not_picked":["Consume","StuffTheSpire:LoadUp"],"picked":"rorgmod:Storm","floor":10.0},{"not_picked":["Rebound","rorgmod:Fragmentation"],"picked":"Ball Lightning","floor":11.0},{"not_picked":["StuffTheSpire:Coldhearted","rorgmod:Malware"],"picked":"hubris:Ukulele","floor":12.0},{"not_picked":["Coolheaded","BasicCrystalCard"],"picked":"Lockon","floor":13.0},{"not_picked":["ReplayTheSpireMod:Fabricate Wheel","Mirror Shield"],"picked":"Meteor Strike","floor":16.0},{"not_picked":["Overencumbered","Guardian:Aged"],"picked":"ReplayTheSpireMod:Doomed","floor":17.0},{"not_picked":["sneckomod:Bewildered","hubris:Compulsion"],"picked":"Parasite","floor":17.0},{"not_picked":["Delirium","hubris:Compulsion"],"picked":"hubris:Despair","floor":17.0},{"not_picked":["StuffTheSpire:CleanHardDrive+1","Conserve Battery"],"picked":"rorgmod:SQL Injection","floor":18.0},{"not_picked":["Coolheaded","Blizzard","Recycle"],"picked":"SKIP","floor":19.0},{"not_picked":["BasicCrystalCard+1","rorgmod:Refrigerate+1","StuffTheSpire:Plugnplay"],"picked":"SKIP","floor":21.0},{"not_picked":["ReplayTheSpireMod:Fabricate Wheel","rorgmod:Fragmentation"],"picked":"Capacitor","floor":23.0},{"not_picked":["ReplaySort","rorgmod:SQL Injection"],"picked":"Ball Lightning","floor":24.0},{"not_picked":["Cold Snap","rorgmod:Zing-Zap"],"picked":"Force Field","floor":31.0},{"not_picked":["Amplify","hubris:SpecializedCircuitry"],"picked":"Electrodynamics","floor":33.0},{"not_picked":["rorgmod:Storm","Force Field+1","StuffTheSpire:GlassShard+1"],"picked":"SKIP","floor":35.0},{"not_picked":["StuffTheSpire:CleanHardDrive+1","ReplayTheSpireMod:System Scan+1","rorgmod:Steady Aim+1"],"picked":"SKIP","floor":38.0},{"not_picked":["rorgmod:Refrigerate+1","StuffTheSpire:SnapShoot+1","Ball Lightning"],"picked":"SKIP","floor":40}],"player_experience":872809,"relics_obtained":[{"floor":6.0,"key":"infinitespire:Satchel"},{"floor":7.0,"key":"StuffTheSpire:ColdMirror"},{"floor":8.0,"key":"Regal Pillow"},{"floor":9.0,"key":"vexMod:RetaliationKit"},{"floor":11.0,"key":"Pet Ghost"},{"floor":13.0,"key":"Quantum Egg"},{"floor":22.0,"key":"Ring of Fury"},{"floor":23.0,"key":"vexMod:MemoryStick"},{"floor":26.0,"key":"Sundial"},{"floor":31.0,"key":"halation:AfternoonTea"},{"floor":40,"key":"infinitespire:Beetle Shell"},{"floor":40,"key":"aspiration:StickyExplosives_weak"}],"event_choices":[{"damage_healed":0.0,"max_hp_gain":0.0,"max_hp_loss":0.0,"gold_gain":0.0,"event_name":"betterThird:BetterSerpent","player_choice":"RENOUNCE","floor":5.0,"gold_loss":130.0,"damage_taken":130.0,"cards_obtained":["Enlightenment"]},{"cards_removed":["Strike_B"],"damage_healed":0.0,"max_hp_gain":0.0,"max_hp_loss":0.0,"gold_gain":0.0,"event_name":"The Cleric","player_choice":"Card Removal","floor":14.0,"gold_loss":50.0,"damage_taken":0.0},{"damage_healed":0.0,"max_hp_gain":0.0,"max_hp_loss":0.0,"gold_gain":0.0,"cards_transformed":["Strike_B","Strike_B"],"event_name":"Drug Dealer","player_choice":"Became Test Subject","floor":20.0,"gold_loss":0.0,"damage_taken":0.0,"cards_obtained":["White Noise","Glacier"]},{"damage_healed":0.0,"max_hp_gain":0.0,"max_hp_loss":0.0,"gold_gain":0.0,"event_name":"The Joust","player_choice":"Bet on Murderer","floor":30.0,"gold_loss":50.0,"damage_taken":0.0},{"damage_healed":0.0,"max_hp_gain":0.0,"max_hp_loss":0.0,"gold_gain":0.0,"event_name":"Lab","player_choice":"Got Potions","floor":39.0,"gold_loss":0.0,"damage_taken":0.0}],"is_beta":false,"boss_relics":[{"not_picked":["infinitespire:Cupcake","halation:Yufonium"],"picked":"Replay:Ancient Bell"},{"not_picked":["hubris:SlimyHat","StuffTheSpire:OldFever"],"picked":"hubris:TenFootPole"},{"not_picked":["halation:SelfBoilingWater","Mirror"],"picked":"beaked:ShinyBauble"},{"not_picked":["halation:QuantumPhysicsTextbook","aspiration:AnachronicSnailShell"],"picked":"Ginger"},{"not_picked":["Abe\u0027s Treasure","vexMod:MysteryBossChallenge"],"picked":"Black Star"}],"items_purged_floors":[29,36,37,41],"is_endless":false,"potions_floor_spawned":[1,10,11,13,19,21,24,33,40],"killed_by":"Spire Growth","ascension_level":3}}