{"host":"0tiuc76yumknr6qf","time":1610495268,"event":{"mods":["BaseMod","Colored Map","Highlight Path","Jorbs\u0027s Wanderer Trilogy","Minty Spire (QoL Compilation)","StSLib"],"gold_per_floor":[119,89,89,103,27,57,77,87,165,165,165,165,82,157,157,256,256,256,256,256,256,256,256,104,104,104,104,104,104,104,104,104,104,104,104,104,104,104,104,104,104,104,104,104,104,104,104,104,104,104,104,104,35,35,35,35],"floor_reached":55,"language":"ENG","playtime":4288,"items_purged":[],"score":868,"play_id":"87f849bc-81ae-4b9e-a2ad-b22b5a1ceb98","local_time":"20210112174748","is_ascension_mode":false,"campfire_choices":[{"data":"stsjorbsmod:BookOfTongues","floor":10,"key":"SMITH"},{"data":"stsjorbsmod:Index","floor":12,"key":"SMITH"},{"data":"stsjorbsmod:FlameWard","floor":15,"key":"SMITH"},{"data":"stsjorbsmod:Trauma","floor":23,"key":"SMITH"},{"data":"stsjorbsmod:FreshAdventure","floor":27,"key":"SMITH"},{"data":"stsjorbsmod:MageArmor","floor":29,"key":"SMITH"},{"floor":32,"key":"REST"},{"floor":40,"key":"RECALL"},{"data":"stsjorbsmod:ChatteringStrike","floor":47,"key":"SMITH"},{"data":"Dark Shackles","floor":49,"key":"SMITH"},{"data":"stsjorbsmod:MagicMirror","floor":52,"key":"SMITH"}],"circlet_count":0,"master_deck":["stsjorbsmod:ForbiddenGrimoire+1","stsjorbsmod:Strike_Wanderer+1","stsjorbsmod:Strike_Wanderer+1","stsjorbsmod:Strike_Wanderer+1","stsjorbsmod:Strike_Wanderer+1","stsjorbsmod:Defend_Wanderer+1","stsjorbsmod:Defend_Wanderer+1","stsjorbsmod:Defend_Wanderer+1","stsjorbsmod:Defend_Wanderer+1","stsjorbsmod:FreshAdventure+1","stsjorbsmod:EyeOfTheStorm","stsjorbsmod:BookOfTongues+1","stsjorbsmod:FlameWard+1","stsjorbsmod:MagicMissiles","stsjorbsmod:Firebolt+1","stsjorbsmod:Index+1","Flash of Steel+1","stsjorbsmod:Trauma+1","stsjorbsmod:MageArmor+1","stsjorbsmod:MageArmor","stsjorbsmod:FindFamiliar+1","stsjorbsmod:LoseGrip+1","stsjorbsmod:MistyStep+1","stsjorbsmod:ArcaneForm","stsjorbsmod:Prestidigitation+1","stsjorbsmod:MagicMirror+1","Dark Shackles+1","stsjorbsmod:RayOfFrost+1","stsjorbsmod:ChatteringStrike+1","stsjorbsmod:BlackTentacles+1","stsjorbsmod:Patron","stsjorbsmod:DisguiseSelf+1"],"relics":["stsjorbsmod:GrimoireRelic","NeowsBlessing","Pocketwatch","Ornamental Fan","Ectoplasm","Enchiridion","Akabeko","Whetstone","Vajra","Philosopher\u0027s Stone","Gambling Chip","Bird Faced Urn","Lizard Tail"],"acts_visited":["Exordium","TheCity","TheBeyond","TheEnding"],"potions_floor_usage":[46,55,55,55],"damage_taken":[{"damage":0,"enemies":"Small Slimes","floor":1,"turns":1},{"damage":0,"enemies":"Cultist","floor":4,"turns":1},{"damage":0,"enemies":"Lagavulin","floor":6,"turns":1},{"damage":0,"enemies":"Jaw Worm","floor":7,"turns":3},{"damage":0,"enemies":"Looter","floor":8,"turns":3},{"damage":12,"enemies":"The Guardian","floor":16,"turns":8},{"damage":0,"enemies":"3 Byrds","floor":18,"turns":2},{"damage":3,"enemies":"Spheric Guardian","floor":20,"turns":5},{"damage":0,"enemies":"Cultist and Chosen","floor":22,"turns":2},{"damage":0,"enemies":"Book of Stabbing","floor":25,"turns":4},{"damage":1,"enemies":"3 Cultists","floor":30,"turns":4},{"damage":10,"enemies":"Shelled Parasite and Fungi","floor":31,"turns":3},{"damage":0,"enemies":"Collector","floor":33,"turns":5},{"damage":11,"enemies":"3 Shapes","floor":35,"turns":4},{"damage":5,"enemies":"Orb Walker","floor":36,"turns":3},{"damage":5,"enemies":"Sphere and 2 Shapes","floor":38,"turns":4},{"damage":17,"enemies":"Spire Growth","floor":41,"turns":4},{"damage":0,"enemies":"Giant Head","floor":44,"turns":6},{"damage":0,"enemies":"Jaw Worm Horde","floor":45,"turns":3},{"damage":0,"enemies":"Nemesis","floor":46,"turns":5},{"damage":47,"enemies":"Donu and Deca","floor":50,"turns":9},{"damage":48,"enemies":"Shield and Spear","floor":54,"turns":5},{"damage":100,"enemies":"The Heart","floor":55,"turns":8}],"seed_played":"-337251546842360847","potions_obtained":[{"floor":1,"key":"Regen Potion"},{"floor":2,"key":"Swift Potion"},{"floor":2,"key":"EssenceOfSteel"},{"floor":54,"key":"SpeedPotion"}],"is_trial":false,"path_per_floor":["M","?","$","M","$","E","M","M","T","R","?","R","$","?","R","B",null,"M","?","M","?","M","R","$","E","T","R","?","R","M","M","R","B",null,"M","M","?","M","?","R","M","$","T","E","M","E","R","$","R","B",null,"R","$","E","B"],"character_chosen":"WANDERER","items_purchased":["stsjorbsmod:MagicMissiles","Flash of Steel","Akabeko","stsjorbsmod:Patron"],"campfire_rested":1,"item_purchase_floors":[5,13,24,53],"current_hp_per_floor":[68,68,68,68,68,68,68,68,68,68,73,73,73,62,62,50,73,73,57,54,54,54,54,54,54,54,54,41,41,42,34,57,57,78,71,68,68,68,68,68,56,56,56,56,60,64,64,64,64,33,78,78,78,34,0,0],"gold":35,"neow_bonus":"THREE_ENEMY_KILL","is_daily":false,"chose_seed":false,"campfire_upgraded":9,"win_rate":0.0,"timestamp":1610495268,"path_taken":["M","?","$","M","?","E","M","M","T","R","?","R","$","?","R","BOSS","M","?","M","?","M","R","?","E","T","R","?","R","M","M","R","BOSS","M","M","?","M","?","R","M","$","T","E","M","E","R","$","R","BOSS","R","$","E","BOSS"],"items_purchased_type":["Card","Card","Relic","Card"],"build_version":"2020-12-22","purchased_purges":0,"victory":false,"max_hp_per_floor":[68,68,68,68,68,68,68,68,68,68,73,73,73,73,73,73,73,73,73,73,73,73,73,73,73,73,73,78,78,78,78,78,78,78,78,78,78,78,78,78,78,78,78,78,78,78,78,78,78,78,78,78,78,78,78,78],"card_choices":[{"not_picked":["stsjorbsmod:SchoolsOfMagic","stsjorbsmod:FlameWard"],"picked":"stsjorbsmod:BookOfTongues","floor":1},{"not_picked":["stsjorbsmod:Prestidigitation","stsjorbsmod:Materialize"],"picked":"stsjorbsmod:FlameWard","floor":4},{"not_picked":["stsjorbsmod:Prestidigitation","stsjorbsmod:RefuseToForget"],"picked":"stsjorbsmod:Firebolt","floor":6},{"not_picked":["stsjorbsmod:MagicMissiles","stsjorbsmod:Message"],"picked":"stsjorbsmod:Index","floor":7},{"not_picked":["stsjorbsmod:Will","stsjorbsmod:RefuseToForget","stsjorbsmod:Index"],"picked":"SKIP","floor":8},{"not_picked":["stsjorbsmod:DeathThroes","stsjorbsmod:GatherPower"],"picked":"stsjorbsmod:Trauma","floor":16},{"not_picked":["stsjorbsmod:BlackTentacles","stsjorbsmod:DisguiseSelf"],"picked":"stsjorbsmod:MageArmor","floor":18},{"not_picked":["stsjorbsmod:WeightOfMemory","stsjorbsmod:Channel"],"picked":"stsjorbsmod:MageArmor","floor":20},{"not_picked":["stsjorbsmod:SiphonEnergy","stsjorbsmod:Will"],"picked":"stsjorbsmod:FindFamiliar+1","floor":22},{"not_picked":["stsjorbsmod:FracturedMind","stsjorbsmod:ChatteringStrike"],"picked":"stsjorbsmod:LoseGrip+1","floor":25},{"not_picked":["stsjorbsmod:Hibernate+1","stsjorbsmod:BlackTentacles","stsjorbsmod:Firebolt+1"],"picked":"SKIP","floor":30},{"not_picked":["stsjorbsmod:Hibernate","stsjorbsmod:Channel"],"picked":"stsjorbsmod:MistyStep","floor":31},{"not_picked":["stsjorbsmod:MirrorImage","stsjorbsmod:Rediscovery"],"picked":"stsjorbsmod:ArcaneForm","floor":33},{"not_picked":["stsjorbsmod:Counterspell+1","stsjorbsmod:ChatteringStrike"],"picked":"stsjorbsmod:Prestidigitation+1","floor":35},{"not_picked":["stsjorbsmod:BlackTentacles","stsjorbsmod:ChatteringStrike+1"],"picked":"stsjorbsmod:MagicMirror","floor":36},{"not_picked":["Secret Weapon","Forethought"],"picked":"Dark Shackles","floor":37},{"not_picked":["stsjorbsmod:Aid","stsjorbsmod:ScorchingRay"],"picked":"stsjorbsmod:RayOfFrost+1","floor":38},{"not_picked":["stsjorbsmod:TinyHut","stsjorbsmod:Aid+1","stsjorbsmod:Channel+1"],"picked":"SKIP","floor":41},{"not_picked":["stsjorbsmod:Hibernate+1","stsjorbsmod:RayOfFrost+1"],"picked":"stsjorbsmod:ChatteringStrike","floor":44},{"not_picked":["stsjorbsmod:Hibernate","stsjorbsmod:Counterspell+1","stsjorbsmod:FranticSearch+1"],"picked":"SKIP","floor":45},{"not_picked":["stsjorbsmod:Prestidigitation","stsjorbsmod:ChatteringStrike"],"picked":"stsjorbsmod:BlackTentacles+1","floor":46},{"not_picked":["stsjorbsmod:SiphonEnergy","stsjorbsmod:DoubleCheck"],"picked":"stsjorbsmod:DisguiseSelf+1","floor":54}],"player_experience":1876359,"relics_obtained":[{"floor":6,"key":"Pocketwatch"},{"floor":9,"key":"Ornamental Fan"},{"floor":19,"key":"Enchiridion"},{"floor":25,"key":"Whetstone"},{"floor":26,"key":"Vajra"},{"floor":44,"key":"Gambling Chip"},{"floor":46,"key":"Bird Faced Urn"},{"floor":54,"key":"Lizard Tail"}],"event_choices":[{"damage_healed":0,"gold_gain":0,"player_choice":"Bought 2 Potions","damage_taken":0,"max_hp_gain":0,"max_hp_loss":0,"event_name":"The Woman in Blue","floor":2,"gold_loss":0},{"damage_healed":0,"gold_gain":0,"player_choice":"Donut","damage_taken":0,"max_hp_gain":5,"max_hp_loss":0,"event_name":"Big Fish","floor":11,"gold_loss":0},{"damage_healed":0,"gold_gain":75,"player_choice":"Gather Gold","damage_taken":11,"max_hp_gain":0,"max_hp_loss":0,"event_name":"World of Goop","floor":14,"gold_loss":0},{"damage_healed":0,"gold_gain":0,"player_choice":"Obtained Book","damage_taken":16,"max_hp_gain":0,"max_hp_loss":0,"event_name":"Cursed Tome","floor":19,"gold_loss":0},{"damage_healed":0,"gold_gain":0,"player_choice":"Simplicity","damage_taken":0,"max_hp_gain":0,"max_hp_loss":0,"event_name":"Back to Basics","floor":21,"gold_loss":0,"cards_upgraded":["stsjorbsmod:Strike_Wanderer","stsjorbsmod:Strike_Wanderer","stsjorbsmod:Strike_Wanderer","stsjorbsmod:Strike_Wanderer","stsjorbsmod:Defend_Wanderer","stsjorbsmod:Defend_Wanderer","stsjorbsmod:Defend_Wanderer","stsjorbsmod:Defend_Wanderer"]},{"damage_healed":0,"gold_gain":0,"player_choice":"Shed Blood","damage_taken":18,"max_hp_gain":5,"max_hp_loss":0,"event_name":"Forgotten Altar","floor":28,"gold_loss":0},{"damage_healed":0,"gold_gain":0,"player_choice":"Memory 1","damage_taken":0,"max_hp_gain":0,"max_hp_loss":0,"event_name":"SensoryStone","floor":37,"gold_loss":0},{"damage_healed":0,"gold_gain":0,"player_choice":"Upgraded","damage_taken":0,"max_hp_gain":0,"max_hp_loss":0,"event_name":"Upgrade Shrine","floor":39,"gold_loss":0,"cards_upgraded":["stsjorbsmod:MistyStep"]}],"is_beta":false,"boss_relics":[{"not_picked":["Coffee Dripper","Astrolabe"],"picked":"Ectoplasm"},{"not_picked":["Calling Bell","Pandora\u0027s Box"],"picked":"Philosopher\u0027s Stone"}],"items_purged_floors":[],"is_endless":false,"potions_floor_spawned":[1,6,18,22,30,35,38,45,54],"killed_by":"The Heart","ascension_level":0}}