{"host":"jpcy2bclvs7juczu","time":1610440973,"event":{"mods":["AchievementEnabler","BaseMod","Block Reminder","Colored Map","Colored Powertips","Curses Come First","Dark Map","Minty Spire (QoL Compilation)","Quick Restart","Relic Stats","StSLib","ojb\u0027s Better Paths Mod","ojb\u0027s Info Mod","slay the spire mod where everything is the same but ironclad has a cowboy hat"],"gold_per_floor":[114,114,134,145,70,70,70,97,97,109,128,128,161,178,178,257,257,273,273,67,67,67,96,3,3,77,77,111,111,128,53,53,131,131,148,159,159,159,49,49,64,95,95,95,120,140,169,188,188,188,188,188],"floor_reached":51,"playtime":3736,"items_purged":["Strike_P"],"score":1452,"play_id":"8053ec3a-e12b-4120-9623-91a9ee00394b","local_time":"20210112084253","is_ascension_mode":true,"campfire_choices":[{"data":"Eruption","floor":6.0,"key":"SMITH"},{"data":"Meditate","floor":15.0,"key":"SMITH"},{"data":"SpiritShield","floor":25.0,"key":"SMITH"},{"floor":27.0,"key":"REST"},{"data":"TalkToTheHand","floor":29.0,"key":"SMITH"},{"data":"BowlingBash","floor":32.0,"key":"SMITH"},{"data":"Conclude","floor":40,"key":"SMITH"},{"data":"CrushJoints","floor":44,"key":"SMITH"},{"floor":49,"key":"RECALL"}],"circlet_count":0,"master_deck":["AscendersBane","Strike_P+1","Defend_P+1","Defend_P+1","Defend_P+1","Eruption+1","Vigilance+1","Adaptation","TalkToTheHand+1","BowlingBash+1","EmptyFist","Meditate+1","FlurryOfBlows","SpiritShield+1","WaveOfTheHand","Tantrum+1","Conclude+1","FearNoEvil","Worship+1","Wallop+1","EmptyBody+1","Worship+1","LessonLearned","Fasting2+1","ThirdEye+1","CrushJoints+1","CutThroughFate","Protect+1","Evaluate+1","EmptyMind+1"],"relics":["Sozu","Blood Vial","Frozen Egg 2","Singing Bowl","Runic Pyramid","Enchiridion","Toxic Egg 2","TeardropLocket","Vajra","Coffee Dripper","Potion Belt","Girya","Pantograph"],"acts_visited":["Exordium","TheCity","TheBeyond"],"potions_floor_usage":[],"damage_taken":[{"damage":3.0,"enemies":"2 Louse","floor":1.0,"turns":3.0},{"damage":4.0,"enemies":"Jaw Worm","floor":3.0,"turns":2.0},{"damage":4.0,"enemies":"Small Slimes","floor":4.0,"turns":2.0},{"damage":20.0,"enemies":"Gremlin Nob","floor":8.0,"turns":4.0},{"damage":5.0,"enemies":"Red Slaver","floor":10.0,"turns":3.0},{"damage":11.0,"enemies":"Exordium Wildlife","floor":11.0,"turns":3.0},{"damage":15.0,"enemies":"Lagavulin","floor":13.0,"turns":5.0},{"damage":11.0,"enemies":"Looter","floor":14.0,"turns":3.0},{"damage":41.0,"enemies":"Hexaghost","floor":16.0,"turns":10.0},{"damage":8.0,"enemies":"3 Byrds","floor":18.0,"turns":5.0},{"damage":29.0,"enemies":"Slavers","floor":23.0,"turns":3.0},{"damage":22.0,"enemies":"Book of Stabbing","floor":28.0,"turns":5.0},{"damage":0.0,"enemies":"Chosen","floor":30.0,"turns":4.0},{"damage":14.0,"enemies":"Collector","floor":33.0,"turns":9.0},{"damage":5.0,"enemies":"3 Darklings","floor":35.0,"turns":5.0},{"damage":5,"enemies":"Orb Walker","floor":36,"turns":2},{"damage":0,"enemies":"3 Darklings","floor":41,"turns":4},{"damage":0,"enemies":"Giant Head","floor":42,"turns":7},{"damage":0,"enemies":"Mind Bloom Boss Battle","floor":45,"turns":4},{"damage":4,"enemies":"Jaw Worm Horde","floor":46,"turns":4},{"damage":28,"enemies":"Reptomancer","floor":47,"turns":7},{"damage":0,"enemies":"Maw","floor":48,"turns":6},{"damage":10,"enemies":"Awakened One","floor":50,"turns":16},{"damage":78,"enemies":"Time Eater","floor":51,"turns":15}],"seed_played":"2415195576532268555","potions_obtained":[],"is_trial":false,"path_per_floor":["M","?","M","M","?","R","?","E","T","M","M","?","E","M","R","B",null,"M","?","$","?","?","E","$","R","T","R","E","R","M","$","R","B",null,"M","M","?","?","?","R","M","E","T","R","?","M","E","M","R","B","B"],"character_chosen":"WATCHER","items_purchased":["WaveOfTheHand","Tantrum","Conclude","Wallop","EmptyBody+1"],"campfire_rested":1,"item_purchase_floors":[20,20,20,24,24],"current_hp_per_floor":[58,63,59,55,55,55,55,35,35,32,23,73,60,51,51,12,59,55,34,34,34,34,7,7,7,7,30,12,12,14,14,14,2,60,57,54,54,54,54,54,56,58,58,58,60,58,34,36,36,53,0,0],"gold":188,"neow_bonus":"BOSS_RELIC","is_daily":false,"chose_seed":false,"campfire_upgraded":7,"win_rate":0.0,"timestamp":1610440973,"path_taken":["M","?","M","M","?","R","?","E","T","M","M","?","E","M","R","BOSS","M","?","$","?","?","E","?","R","T","R","E","R","M","$","R","BOSS","M","M","?","?","?","R","?","E","T","R","?","M","E","M","R","BOSS","BOSS"],"items_purchased_type":["Card","Card","Card","Card","Card"],"build_version":"2020-12-22","purchased_purges":1,"victory":false,"max_hp_per_floor":[68,73,73,73,73,73,73,73,73,73,73,73,75,75,75,75,75,77,77,77,77,77,77,77,77,77,77,79,79,79,79,79,79,79,79,79,79,75,75,75,75,75,75,75,75,75,77,77,77,77,77,77],"relic_stats":{"Sozu":9,"Blood Vial":36,"Singing Bowl":8,"counters":[24,131],"Pantograph":49,"obtain_stats":[{"Potion Belt":42,"Girya":45,"Singing Bowl":13,"Enchiridion":19,"Vajra":28,"TeardropLocket":26,"Frozen Egg 2":9,"Sozu":0,"Blood Vial":8,"Pantograph":47,"Coffee Dripper":34,"PureWater":0,"Toxic Egg 2":23,"Runic Pyramid":17},{"Potion Belt":18,"Girya":19,"Singing Bowl":7,"Enchiridion":10,"Vajra":12,"TeardropLocket":11,"Frozen Egg 2":4,"Sozu":0,"Blood Vial":4,"Pantograph":21,"Coffee Dripper":14,"PureWater":0,"Toxic Egg 2":11,"Runic Pyramid":9},{"Potion Belt":79,"Girya":83,"Singing Bowl":22,"Enchiridion":40,"Vajra":48,"TeardropLocket":43,"Frozen Egg 2":11,"Sozu":0,"Blood Vial":11,"Pantograph":94,"Coffee Dripper":61,"PureWater":0,"Toxic Egg 2":43,"Runic Pyramid":35}]},"card_choices":[{"not_picked":["Evaluate","PathToVictory","Crescendo"],"picked":"SKIP","floor":1.0},{"not_picked":["EmptyBody","Collect"],"picked":"Adaptation","floor":3.0},{"not_picked":["FollowUp","Protect"],"picked":"EmptyFist","floor":4.0},{"not_picked":["Fasting2","ClearTheMind"],"picked":"BowlingBash","floor":8.0},{"not_picked":["Evaluate","InnerPeace"],"picked":"EmptyFist","floor":10.0},{"not_picked":["Study+1","Sanctity"],"picked":"Meditate","floor":11.0},{"not_picked":["ClearTheMind","JustLucky","Halt"],"picked":"Singing Bowl","floor":13.0},{"not_picked":["FlyingSleeves","Prostrate"],"picked":"FlurryOfBlows","floor":14.0},{"not_picked":["Wish","Omniscience"],"picked":"SpiritShield","floor":16.0},{"not_picked":["FlyingSleeves+1","ClearTheMind","Protect"],"picked":"Singing Bowl","floor":18.0},{"not_picked":["ThirdEye+1","PathToVictory+1"],"picked":"Worship+1","floor":23.0},{"not_picked":["EmptyFist","DevaForm+1","Meditate+1"],"picked":"Singing Bowl","floor":28.0},{"not_picked":["FlurryOfBlows","CutThroughFate"],"picked":"Worship+1","floor":30.0},{"not_picked":["Ragnarok","DevaForm+1"],"picked":"LessonLearned","floor":33.0},{"not_picked":["Tantrum","ClearTheMind+1"],"picked":"Fasting2+1","floor":35.0},{"not_picked":["Collect+1","BowlingBash"],"picked":"ThirdEye+1","floor":36},{"not_picked":["Crescendo+1","FollowUp"],"picked":"CrushJoints","floor":41},{"not_picked":["BowlingBash","Wireheading+1"],"picked":"CutThroughFate","floor":42},{"not_picked":["Halt+1","Pray+1"],"picked":"Protect+1","floor":45},{"not_picked":["Crescendo+1","Swivel+1"],"picked":"Evaluate+1","floor":46},{"not_picked":["EmptyFist","CutThroughFate","CarveReality+1"],"picked":"Singing Bowl","floor":47},{"not_picked":["Vengeance+1","Prostrate+1"],"picked":"EmptyMind+1","floor":48}],"player_experience":385501,"relics_obtained":[{"floor":8.0,"key":"Blood Vial"},{"floor":9.0,"key":"Frozen Egg 2"},{"floor":13.0,"key":"Singing Bowl"},{"floor":19.0,"key":"Enchiridion"},{"floor":23.0,"key":"Toxic Egg 2"},{"floor":26.0,"key":"TeardropLocket"},{"floor":28.0,"key":"Vajra"},{"floor":42,"key":"Potion Belt"},{"floor":45,"key":"Girya"},{"floor":47,"key":"Pantograph"}],"event_choices":[{"damage_healed":0.0,"max_hp_gain":5.0,"max_hp_loss":0.0,"gold_gain":0.0,"event_name":"Big Fish","player_choice":"Donut","floor":2.0,"gold_loss":0.0,"damage_taken":0.0},{"cards_removed":["Defend_P"],"damage_healed":0.0,"max_hp_gain":0.0,"max_hp_loss":0.0,"gold_gain":0.0,"event_name":"The Cleric","player_choice":"Card Removal","floor":5.0,"gold_loss":75.0,"damage_taken":0.0},{"damage_healed":0.0,"max_hp_gain":0.0,"max_hp_loss":0.0,"gold_gain":0.0,"cards_transformed":["Strike_P"],"event_name":"Living Wall","player_choice":"Change","floor":7.0,"gold_loss":0.0,"damage_taken":0.0,"cards_obtained":["TalkToTheHand"]},{"damage_healed":50.0,"max_hp_gain":0.0,"max_hp_loss":0.0,"gold_gain":0.0,"event_name":"Wheel of Change","player_choice":"Full Heal","floor":12.0,"gold_loss":0.0,"damage_taken":0.0},{"damage_healed":0.0,"max_hp_gain":0.0,"max_hp_loss":0.0,"gold_gain":0.0,"event_name":"Cursed Tome","player_choice":"Obtained Book","floor":19.0,"gold_loss":0.0,"damage_taken":21.0},{"damage_healed":0.0,"max_hp_gain":0.0,"max_hp_loss":0.0,"gold_gain":0.0,"event_name":"The Library","player_choice":"Read","floor":22.0,"gold_loss":0.0,"damage_taken":0.0,"cards_obtained":["FearNoEvil"]},{"cards_removed":["EmptyFist"],"damage_healed":0,"gold_gain":0,"player_choice":"Removed Attack","damage_taken":0,"max_hp_gain":0,"max_hp_loss":0,"event_name":"Falling","floor":37,"gold_loss":0},{"damage_healed":0,"gold_gain":0,"player_choice":"Max HP","damage_taken":0,"max_hp_gain":0,"max_hp_loss":4,"event_name":"Winding Halls","floor":38,"gold_loss":0},{"cards_removed":["Strike_P"],"damage_healed":0,"gold_gain":0,"player_choice":"Upgrade and Remove","damage_taken":0,"max_hp_gain":0,"max_hp_loss":0,"event_name":"Designer","floor":39,"gold_loss":110,"cards_upgraded":["Tantrum"]},{"damage_healed":0,"gold_gain":0,"player_choice":"Fight","damage_taken":0,"max_hp_gain":0,"max_hp_loss":0,"event_name":"MindBloom","floor":45,"gold_loss":0}],"is_beta":false,"boss_relics":[{"not_picked":["Busted Crown","Philosopher\u0027s Stone"],"picked":"Runic Pyramid"},{"not_picked":["Fusion Hammer","SacredBark"],"picked":"Coffee Dripper"}],"items_purged_floors":[31],"is_endless":false,"potions_floor_spawned":[8,14,16,18,28,33,41,45,46],"killed_by":"Time Eater","ascension_level":20}}