{"host":"eejrqhjknvwl59ep","time":1610454446,"event":{"mods":["BaseMod","Downfall","Hubris","Infinite Spire","Minty Spire (QoL Compilation)","StSLib"],"gold_per_floor":[115,115,133,83,83,83,83,83,83,118,24,24,99,115,115,220,220,237,251,268,268,301,301,301,327,327,327,327,327,327,347,347,347,347,347],"floor_reached":33,"playtime":1697,"items_purged":[],"score":259,"play_id":"4de035d1-c9f2-4ccc-9296-531f003a3182","local_time":"20210112132726","daily_mods":["Draft","Heirloom","Flight"],"is_ascension_mode":false,"campfire_choices":[{"data":"Slimebound:LeadByExample","floor":6,"key":"SMITH"},{"data":"Slimebound:SplitBruiser","floor":7,"key":"SMITH"},{"data":"Slimebound:SplitLeeching","floor":8,"key":"SMITH"},{"data":"Slimebound:RainOfGoop","floor":12,"key":"SMITH"},{"data":"Slimebound:RainOfGoop","floor":15,"key":"SMITH"},{"data":"Slimebound:CheckThePlaybook","floor":23,"key":"SMITH"},{"data":"Slimebound:FirmFortitude","floor":24,"key":"SMITH"},{"data":"Slimebound:SamplingLick","floor":27,"key":"SMITH"},{"data":"Slimebound:TongueLash","floor":28,"key":"SMITH"},{"data":"Slimebound:AcidTongue","floor":29,"key":"SMITH"},{"data":"Armaments","floor":32,"key":"SMITH"}],"circlet_count":0,"master_deck":["Slimebound:SplitBruiser+1","Slimebound:AcidTongue+1","Slimebound:RainOfGoop+1","Slimebound:Schlurp","Slimebound:SplitLeeching+1","Slimebound:LeadByExample+1","Slimebound:SlimeSpikes","Slimebound:LeechingTouch","Slimebound:PressTheAttack","Slimebound:SlimeSpikes","Slimebound:Repurpose","Slimebound:PressTheAttack","Slimebound:SlimeSpikes","Slimebound:Repurpose","Slimebound:TongueLash+1","Slimebound:FirmFortitude+1","Slimebound:SplitMire","Slimebound:RainOfGoop+1","Slimebound:CheckThePlaybook+1","Slimebound:RollThrough","Slimebound:RollThrough","Slimebound:LeechLife","Slimebound:SplitAcid","Slimebound:SamplingLick+1","Armaments+1","Slimebound:SplitMire"],"relics":["Slimebound:AbsorbEndCombat","FossilizedHelix","hubris:64BitClover","Turnip","expansioncontent:StudyCardRelic","Red Mask","Lantern","StrikeDummy"],"acts_visited":["Exordium","TheCity"],"potions_floor_usage":[14],"damage_taken":[{"damage":0,"enemies":"2 Louse","floor":1,"turns":2},{"damage":4,"enemies":"Cultist","floor":3,"turns":3},{"damage":21,"enemies":"3 Sentries","floor":10,"turns":6},{"damage":0,"enemies":"Jaw Worm","floor":14,"turns":2},{"damage":24,"enemies":"Slime Boss","floor":16,"turns":9},{"damage":24,"enemies":"2 Thieves","floor":18,"turns":4},{"damage":0,"enemies":"Spheric Guardian","floor":19,"turns":2},{"damage":20,"enemies":"Cultist and Chosen","floor":20,"turns":4},{"damage":47,"enemies":"Masked Bandits","floor":22,"turns":6},{"damage":5,"enemies":"Slavers","floor":25,"turns":4},{"damage":0,"enemies":"Centurion and Healer","floor":31,"turns":3},{"damage":71,"enemies":"hubris:MusketHawk","floor":33,"turns":6}],"seed_played":"932035184190160677","potions_obtained":[{"floor":1,"key":"Guardian:BlockOnCardUsePotion"},{"floor":10,"key":"Ancient Potion"},{"floor":18,"key":"Strength Potion"},{"floor":25,"key":"Regen Potion"}],"is_trial":true,"path_per_floor":["M","?","M","?","?","R","R","R","T","E","$","R","?","M","R","B",null,"M","M","M","?","?","R","R","E","T","R","R","R","?","M","R","B"],"character_chosen":"SLIMEBOUND","items_purchased":["Slimebound:FirmFortitude","Slimebound:SplitMire"],"campfire_rested":0,"item_purchase_floors":[11,11],"current_hp_per_floor":[60,60,60,60,60,60,60,60,60,53,53,53,47,53,53,44,60,46,48,48,48,45,45,45,60,60,60,60,60,60,60,60,0,0,0],"gold":347,"neow_bonus":"","is_daily":false,"chose_seed":false,"campfire_upgraded":11,"win_rate":0.0,"timestamp":1610454446,"path_taken":["M","?","?","?","?","R","R","R","T","E","$","R","?","M","R","BOSS","M","M","?","?","?","R","R","E","T","R","R","R","?","?","R","BOSS"],"items_purchased_type":["Card","Card"],"build_version":"2020-12-22","purchased_purges":0,"victory":false,"max_hp_per_floor":[60,60,60,60,60,60,60,60,60,60,60,60,60,60,60,60,60,60,60,60,60,60,60,60,60,60,60,60,60,60,60,60,60,60,60],"card_choices":[{"not_picked":["Slimebound:RollThrough","Slimebound:SlimeSpikes"],"picked":"Slimebound:SplitBruiser","floor":0},{"not_picked":["Slimebound:SplitAcid","Slimebound:GoopSpray"],"picked":"Slimebound:AcidTongue","floor":0},{"not_picked":["Slimebound:HungryTackle","Slimebound:GoopSpray"],"picked":"Slimebound:SamplingLick","floor":0},{"not_picked":["Slimebound:SlimeTap","Slimebound:FormOfPuddle"],"picked":"Slimebound:RainOfGoop","floor":0},{"not_picked":["Slimebound:RejuvenatingLick","Slimebound:Schlurp"],"picked":"Slimebound:ComboTackle","floor":0},{"not_picked":["Slimebound:FlameTackle","Slimebound:DivideAndConquer"],"picked":"Slimebound:Schlurp","floor":0},{"not_picked":["Slimebound:ViciousTackle","Slimebound:FormOfPuddle"],"picked":"Slimebound:SplitLeeching","floor":0},{"not_picked":["Slimebound:LeechEnergy","Slimebound:FlameTackle"],"picked":"Slimebound:LeadByExample","floor":0},{"not_picked":["Slimebound:PressTheAttack","Slimebound:Repurpose"],"picked":"Slimebound:SlimeSpikes","floor":0},{"not_picked":["Slimebound:LeechEnergy","Slimebound:ComboTackle"],"picked":"Slimebound:LeechingTouch","floor":0},{"not_picked":["Slimebound:Chomp","Slimebound:FinishingTackle"],"picked":"Slimebound:PressTheAttack","floor":0},{"not_picked":["Slimebound:DivideAndConquer","Slimebound:Repurpose"],"picked":"Slimebound:SlimeSpikes","floor":0},{"not_picked":["Slimebound:SlimeTap","Slimebound:PressTheAttack"],"picked":"Slimebound:Repurpose","floor":0},{"not_picked":["Slimebound:BestDefense","Slimebound:SamplingLick"],"picked":"Slimebound:PressTheAttack","floor":0},{"not_picked":["Slimebound:SplitLeeching","Slimebound:ForwardTackle"],"picked":"Slimebound:SlimeSpikes","floor":0},{"not_picked":["Slimebound:ComboTackle","Slimebound:FinishingTackle"],"picked":"Slimebound:Repurpose","floor":1},{"not_picked":["Slimebound:Replication","Slimebound:Nibble"],"picked":"Slimebound:GrowthPunch","floor":3},{"not_picked":["Slimebound:LeechingTouch","Slimebound:Schlurp"],"picked":"Slimebound:TongueLash","floor":10},{"not_picked":["Slimebound:WasteNot","Slimebound:GoopTackle"],"picked":"Slimebound:RainOfGoop","floor":14},{"not_picked":["Slimebound:Overexert","Slimebound:PrepareCrush"],"picked":"Slimebound:CheckThePlaybook","floor":16},{"not_picked":["Slimebound:FinishingTackle","Slimebound:SplitBruiser"],"picked":"Slimebound:RollThrough","floor":18},{"not_picked":["Slimebound:GoopSpray+1","Slimebound:FinishingTackle"],"picked":"Slimebound:RollThrough","floor":19},{"not_picked":["Slimebound:SlimeSpikes","Slimebound:Schlurp"],"picked":"Slimebound:LeechLife","floor":20},{"not_picked":["Slimebound:ProtectTheBoss","Slimebound:PressTheAttack"],"picked":"Slimebound:SplitAcid","floor":22},{"not_picked":["Slimebound:PressTheAttack","Slimebound:GoopSpray"],"picked":"Slimebound:SamplingLick","floor":25},{"not_picked":["Slimebound:ComboTackle","Slimebound:GoopSpray"],"picked":"Slimebound:SplitMire","floor":31}],"player_experience":244491,"relics_obtained":[{"floor":9,"key":"hubris:64BitClover"},{"floor":10,"key":"Turnip"},{"floor":22,"key":"Red Mask"},{"floor":25,"key":"Lantern"},{"floor":26,"key":"StrikeDummy"}],"event_choices":[{"cards_removed":["Slimebound:ComboTackle"],"damage_healed":5,"gold_gain":0,"player_choice":"Offered Common","damage_taken":0,"max_hp_gain":0,"max_hp_loss":0,"event_name":"Bonfire Elementals","floor":2,"gold_loss":0},{"cards_removed":["Slimebound:ComboTackle"],"damage_healed":5,"gold_gain":0,"player_choice":"Offered Special","damage_taken":0,"max_hp_gain":0,"max_hp_loss":0,"event_name":"Bonfire Elementals","floor":2,"gold_loss":0},{"cards_removed":["Slimebound:SamplingLick"],"damage_healed":0,"gold_gain":0,"player_choice":"Card Removal","damage_taken":0,"max_hp_gain":0,"max_hp_loss":0,"event_name":"The Cleric","floor":4,"gold_loss":50},{"damage_healed":0,"gold_gain":75,"player_choice":"Touch","damage_taken":6,"max_hp_gain":0,"max_hp_loss":0,"event_name":"FaceTrader","floor":13,"gold_loss":0},{"cards_removed":["Slimebound:GrowthPunch"],"damage_healed":0,"gold_gain":0,"player_choice":"Elegance","damage_taken":0,"max_hp_gain":0,"max_hp_loss":0,"event_name":"Back to Basics","floor":21,"gold_loss":0},{"damage_healed":0,"gold_gain":0,"player_choice":"Fought Bandits","damage_taken":0,"max_hp_gain":0,"max_hp_loss":0,"event_name":"Masked Bandits","floor":22,"gold_loss":0},{"damage_healed":0,"gold_gain":0,"player_choice":"Read","damage_taken":0,"max_hp_gain":0,"max_hp_loss":0,"event_name":"The Library","floor":30,"gold_loss":0,"cards_obtained":["Armaments"]}],"is_beta":false,"boss_relics":[{"not_picked":["Snecko Eye","hubris:BlackHole"],"picked":"expansioncontent:StudyCardRelic"}],"items_purged_floors":[],"is_endless":false,"potions_floor_spawned":[1,10,18,25,31],"killed_by":"hubris:MusketHawk","ascension_level":0}}