{"host":"g2v9yifwdrisoopr","time":1610493544,"event":{"mods":["2.2 Compatiblity","AchievementEnabler","Aspiration","BaseMod","Card Forge","Colored Map","Colored Powertips","Conspire","GifTheSpireLib","Highlight Path","Infinite Spire","Minty Spire (QoL Compilation)","Retaliation","Shop Mod","Spikes Relics","StSLib","Strawberry Spire","Stuff the Spire","The Alterego","Transform Curses","??????REMEMod"],"gold_per_floor":[141,174,210,210,210,210,315,369,369,453,537,695,110,191,191,479,479,530,455,455,455,589,754,859,1023,1100,1282,514,589,673,772,772,1149,1149,1206,1525,1570,1570,1624,1729,1023,1134,1157,1268,1307,1391,1505,1607,1607,1607],"floor_reached":51,"language":"ENG","playtime":3847,"items_purged":["Shame","strawberrySpire:AscendersBanana"],"score":1520,"play_id":"c29bafee-9802-475d-9251-6c0da731248e","local_time":"20210113001904","daily_mods":["Vintage","Red Cards","Colorless Cards","Heirloom","Time Dilation","Flight","DeadlyEvents","Elite Swarm","Midas"],"is_ascension_mode":false,"campfire_choices":[{"floor":6,"key":"REST"},{"floor":15,"key":"REST"},{"floor":32,"key":"REST"},{"floor":49,"key":"REST"}],"circlet_count":0,"master_deck":["Strike_R+1","Strike_R+1","Strike_R+1","Strike_R+1","Strike_R+1","Defend_R+1","Defend_R+1","Defend_R+1","Defend_R+1","Bash+1","Feed+1","infinitespire:Fortify+1","Feed+1","Offering+1","REME_WheelOfFate+1","DDmod:RechargeSkill+1","REME_FearOfPain+1","Reaper+1","strawberrySpire:Harvest+1","infinitespire:FinalStrike+1","Juggernaut+1","REME_EyeOfCthun+1","REME_PuzzleBox+1","DDmod:SpikedSkill+1","DDmod:EasePowerCard+1","Reckless Charge+1","Immolate+1","Mayhem+1","REME_Fury+1","Feed+1","REME_Scribble+1","strawberrySpire:Hellbender+1","Havoc+1","Feel No Pain+1","Clothesline+1","Sword Boomerang+1","REME_Fury+1","REME_TheLastStrike+1","REME_Fury+1","strawberrySpire:Hellbender+1","Impervious+1"],"relics":["StuffTheSpire:OccultApparatus","Hammer of Thor","Seething Fire","Anvil of the Gods","REME_ComplimentaryCards","Bird Faced Urn","LugNut","Mummified Hand","StuffTheSpire:HeavyRock","StuffTheSpire:RedRose","Ornamental Fan","Happy Flower","StrikeDummy","aspiration:FrozenJewel","Boot","aspiration:TomeofQuesting","Pantograph","MerchantsRug","StuffTheSpire:OldFever","strawberrySpire:ThornyGelberry","PreservedInsect","aspiration:WatcherSkillbook","REME_HandOfSuture","Ancient Tea Set","REME_DemonsWealth","Du-Vu Doll","aspiration:Lifesprig","strawberrySpire:StillNotAdequateHouse","infinitespire:EmpoweringShard","infinitespire:BottledMercury","conspire:BottledYoYo","strawberrySpire:ElefentMask","strawberrySpire:KineticCharger","Sundial","Strange Spoon","War Paint","CeramicFish","Charon\u0027s Ashes","REME_DuelDisc","MiniBlackHole","ZombieTooth","infinitespire:Satchel","Red Skull","aspiration:FetidBarrel","Lantern","SpikesRelics:DaevaFist","strawberrySpire:InflatableHammer","StuffTheSpire:DarkSteelAnvil","infinitespire:Lucky Rock","Bag of Preparation","Omamori","Dead Branch","Thread and Needle","Magic Flower"],"acts_visited":["Exordium","TheCity","TheBeyond"],"potions_floor_usage":[11,11,12,16,22,33,50,50],"damage_taken":[{"damage":27,"enemies":"infinitespire:Voidling","floor":1,"turns":6},{"damage":0,"enemies":"2 Louse","floor":2,"turns":2},{"damage":4,"enemies":"conspire:RoseBush","floor":3,"turns":2},{"damage":49,"enemies":"3 Sentries","floor":7,"turns":7},{"damage":17,"enemies":"Large Slime","floor":8,"turns":5},{"damage":19,"enemies":"strawberrySpire:EnergyPylons","floor":10,"turns":5},{"damage":16,"enemies":"Lagavulin","floor":11,"turns":3},{"damage":22,"enemies":"strawberrySpire:EnergyPylons","floor":12,"turns":5},{"damage":6,"enemies":"Gremlin Nob","floor":14,"turns":2},{"damage":42,"enemies":"The Guardian","floor":16,"turns":6},{"damage":29,"enemies":"2 Thieves","floor":18,"turns":3},{"damage":13,"enemies":"Shell Parasite","floor":22,"turns":3},{"damage":12,"enemies":"conspire:SneckoGhost","floor":23,"turns":2},{"damage":0,"enemies":"REME_1_Revenger","floor":24,"turns":1},{"damage":12,"enemies":"conspire:SneckoGhost","floor":25,"turns":2},{"damage":29,"enemies":"Slavers","floor":27,"turns":3},{"damage":10,"enemies":"conspire:SneckoGhost","floor":29,"turns":4},{"damage":4,"enemies":"conspire:Head Lice","floor":30,"turns":4},{"damage":0,"enemies":"conspire:SneckoGhost","floor":31,"turns":2},{"damage":6,"enemies":"conspire:MysteriousRune","floor":33,"turns":1},{"damage":6,"enemies":"Orb Walker","floor":35,"turns":1},{"damage":72,"enemies":"Mind Bloom Boss Battle","floor":36,"turns":3},{"damage":0,"enemies":"3 Shapes","floor":37,"turns":1},{"damage":2,"enemies":"Jaw Worm Horde","floor":39,"turns":3},{"damage":22,"enemies":"Nemesis","floor":40,"turns":3},{"damage":12,"enemies":"Giant Head","floor":42,"turns":3},{"damage":46,"enemies":"Nightmare","floor":44,"turns":5},{"damage":0,"enemies":"Maw","floor":45,"turns":1},{"damage":0,"enemies":"Nemesis","floor":46,"turns":1},{"damage":4,"enemies":"Giant Head","floor":47,"turns":3},{"damage":12,"enemies":"Reptomancer","floor":48,"turns":1},{"damage":13,"enemies":"Time Eater","floor":50,"turns":7}],"seed_played":"-8081547471315414054","potions_obtained":[{"floor":1,"key":"BloodPotion"},{"floor":3,"key":"ColorlessPotion"},{"floor":10,"key":"Regen Potion"},{"floor":14,"key":"Fire Potion"},{"floor":22,"key":"REME_GoldPotion"},{"floor":25,"key":"DDmod:CleansePotion"},{"floor":27,"key":"LiquidBronze"},{"floor":29,"key":"LiquidMemories"},{"floor":39,"key":"Weak Potion"}],"is_trial":true,"path_per_floor":["M","M","M","?","?","R","E","M","T","E","E","E","$","E","R","B",null,"M","?","AVR","?","M","E","E","E","T","E","$","E","E","E","R","B",null,"M","?","M","?","M","E","$","E","T","NM","M","E","E","E","R","B",null],"character_chosen":"IRONCLAD","items_purchased":["Pantograph","REME_FearOfPain","MerchantsRug","StuffTheSpire:OldFever","strawberrySpire:KineticCharger","Sundial","Strange Spoon","DDmod:SpikedSkill","DDmod:EasePowerCard","Reckless Charge","Lantern","SpikesRelics:DaevaFist","strawberrySpire:InflatableHammer","Havoc","Feel No Pain","Clothesline","Sword Boomerang"],"campfire_rested":4,"item_purchase_floors":[13,13,13,13,28,28,28,28,28,28,41,41,41,41,41,41,41],"current_hp_per_floor":[75,84,89,89,89,89,46,42,42,33,52,40,40,66,98,87,112,102,102,102,102,117,128,130,128,128,129,129,134,138,138,138,138,138,142,84,116,116,118,120,120,147,147,128,132,136,26,43,94,170],"gold":1607,"neow_bonus":"","is_daily":false,"chose_seed":false,"campfire_upgraded":0,"win_rate":0.0,"timestamp":1610493544,"path_taken":["M","M","?","?","?","R","E","?","T","?","?","E","?","?","R","BOSS","M","?","AVR","?","?","E","E","?","T","E","?","?","E","?","R","BOSS","M","?","?","?","?","E","?","?","T","NM","?","E","E","E","R","BOSS"],"items_purchased_type":["Relic","Card","Relic","Relic","Relic","Relic","Relic","Card","Card","Card","Relic","Relic","Relic","Card","Card","Card","Card"],"build_version":"2020-12-22","purchased_purges":2,"victory":true,"max_hp_per_floor":[83,86,89,89,89,89,89,96,96,100,100,104,104,108,108,112,112,120,120,120,120,124,130,130,130,130,134,134,134,138,138,138,138,138,142,142,142,142,146,152,152,158,158,158,158,158,170,170,170,170],"card_choices":[{"not_picked":["infinitespire:Oblivion","infinitespire:FutureSight"],"picked":"infinitespire:Fortify","floor":4},{"not_picked":["The Bomb","Apotheosis"],"picked":"Feed","floor":7},{"not_picked":["conspire:HitWhereItHurts","DDmod:PotionAddictCard"],"picked":"Offering","floor":10},{"not_picked":["Demon Form","DDmod:PotionAddictCard"],"picked":"REME_WheelOfFate","floor":11},{"not_picked":["strawberrySpire:Flashback","Feint"],"picked":"DDmod:RechargeSkill","floor":12},{"not_picked":["Feed","Sadistic Nature"],"picked":"Reaper","floor":14},{"not_picked":["DDmod:AllInSkill","strawberrySpire:Neurons"],"picked":"strawberrySpire:Harvest","floor":16},{"not_picked":["Reforge","Panache","The Bomb","strawberrySpire:Teyered"],"picked":"Juggernaut","floor":23},{"not_picked":["REME_EmptyShield","strawberrySpire:Fade","The Bomb","strawberrySpire:Flashback","Parasite"],"picked":"SKIP","floor":24},{"not_picked":["Master of Strategy","MasterReality","REME_EmptyShield","strawberrySpire:AscendersBanana"],"picked":"REME_EyeOfCthun","floor":25},{"not_picked":["REME_MawOfCthun","HandOfGreed","Impervious","StuffTheSpire:GnomedCurse"],"picked":"REME_PuzzleBox","floor":27},{"not_picked":["Omniscience","Juggernaut","DevaForm","infinitespire:Pacifist"],"picked":"Immolate","floor":29},{"not_picked":["ConjureBlade","Reaper","REME_Flogging","Shame"],"picked":"Mayhem","floor":30},{"not_picked":["Mayhem","Master of Strategy","Reaper","conspire:NecroticWound"],"picked":"REME_Fury","floor":31},{"not_picked":["Chrysalis","DDmod:SpikeShotSkill","StuffTheSpire:Recharge","strawberrySpire:AscendersBanana"],"picked":"Feed","floor":33},{"not_picked":["PathToVictory","DDmod:ScaleUpSkill+1","Evaluate+1","strawberrySpire:Teyered"],"picked":"REME_Scribble","floor":36},{"not_picked":["Mayhem","DDmod:GrandUltimatumAttack","Panache","Writhe"],"picked":"strawberrySpire:Hellbender","floor":40},{"not_picked":["REME_CRH","Reforge","Devotion","Decay"],"picked":"REME_Fury","floor":42},{"not_picked":["REME_MawOfCthun","Mayhem","Double Tap","Intolerance"],"picked":"REME_TheLastStrike","floor":44},{"not_picked":["REME_BuildACard","strawberrySpire:Harvest","Magnetism","Writhe"],"picked":"REME_Fury","floor":46},{"not_picked":["StuffTheSpire:TitanForm","HandOfGreed","Feint","Pain"],"picked":"strawberrySpire:Hellbender","floor":47},{"not_picked":["Apotheosis","Reforge","REME_HeartOfCthun","conspire:Blindness"],"picked":"Impervious","floor":48}],"player_experience":103910,"relics_obtained":[{"floor":1,"key":"LugNut"},{"floor":2,"key":"Mummified Hand"},{"floor":3,"key":"StuffTheSpire:HeavyRock"},{"floor":7,"key":"Ornamental Fan"},{"floor":8,"key":"Happy Flower"},{"floor":9,"key":"StrikeDummy"},{"floor":10,"key":"aspiration:FrozenJewel"},{"floor":11,"key":"Boot"},{"floor":12,"key":"aspiration:TomeofQuesting"},{"floor":14,"key":"strawberrySpire:ThornyGelberry"},{"floor":18,"key":"Ancient Tea Set"},{"floor":22,"key":"aspiration:Lifesprig"},{"floor":23,"key":"strawberrySpire:StillNotAdequateHouse"},{"floor":24,"key":"infinitespire:EmpoweringShard"},{"floor":25,"key":"infinitespire:BottledMercury"},{"floor":26,"key":"conspire:BottledYoYo"},{"floor":27,"key":"strawberrySpire:ElefentMask"},{"floor":29,"key":"War Paint"},{"floor":30,"key":"CeramicFish"},{"floor":31,"key":"Charon\u0027s Ashes"},{"floor":35,"key":"MiniBlackHole"},{"floor":36,"key":"ZombieTooth"},{"floor":37,"key":"infinitespire:Satchel"},{"floor":39,"key":"Red Skull"},{"floor":40,"key":"aspiration:FetidBarrel"},{"floor":42,"key":"StuffTheSpire:DarkSteelAnvil"},{"floor":43,"key":"infinitespire:Lucky Rock"},{"floor":44,"key":"Bag of Preparation"},{"floor":45,"key":"Omamori"},{"floor":46,"key":"Dead Branch"},{"floor":47,"key":"Thread and Needle"},{"floor":48,"key":"Magic Flower"}],"event_choices":[{"cards_removed":["Regret"],"damage_healed":0,"gold_gain":0,"player_choice":"Gave Gold","damage_taken":0,"max_hp_gain":0,"max_hp_loss":0,"event_name":"Beggar","floor":19,"gold_loss":75},{"damage_healed":0,"gold_gain":0,"player_choice":"Simplicity","damage_taken":0,"max_hp_gain":0,"max_hp_loss":0,"event_name":"Back to Basics","floor":21,"gold_loss":0,"cards_upgraded":[]},{"damage_healed":0,"gold_gain":0,"player_choice":"Fight","damage_taken":0,"max_hp_gain":0,"max_hp_loss":0,"event_name":"MindBloom","floor":36,"gold_loss":0}],"is_beta":false,"boss_relics":[{"not_picked":["Coffee Dripper","Runic Pyramid"],"picked":"aspiration:WatcherSkillbook"},{"not_picked":["aspiration:RitualDagger","Sozu"],"picked":"REME_DuelDisc"}],"items_purged_floors":[28,41],"is_endless":false,"potions_floor_spawned":[1,3,10,14,22,25,27,29,30,31,39,42,46,48],"ascension_level":0}}