{"host":"6swbl1yqdi8v28pk","time":1610494877,"event":{"mods":["AchievementEnabler","BaseMod","Colored Map","Minty Spire (QoL Compilation)","Quick Restart"],"gold_per_floor":[115,115,65,65,83,83,111,123,170,44,58,87,7,7,7,109,109,129,31,31,31,0,0,16,16,16,30,30,49,0,13,13,116,116,126,26,26,0,0,17,17,17,17,33,46,46,59,76,76,76],"floor_reached":51,"language":"SPA","playtime":1938,"items_purged":["Defend_B","Strike_B"],"score":680,"play_id":"4da936aa-16f0-4d80-bdf1-859354607035","local_time":"20210112174117","is_ascension_mode":false,"campfire_choices":[{"data":"Dualcast","floor":6,"key":"SMITH"},{"floor":15,"key":"REST"},{"floor":23,"key":"REST"},{"data":"Zap","floor":25,"key":"SMITH"},{"floor":32,"key":"REST"},{"floor":42,"key":"REST"},{"data":"Undo","floor":46,"key":"SMITH"},{"floor":49,"key":"REST"}],"circlet_count":0,"master_deck":["Dualcast+1","Conserve Battery+1","Static Discharge+1","Genetic Algorithm+1","BootSequence+1","Self Repair+1","Hologram+1","Thunder Strike+1","Reinforced Body+1","Loop+1","Biased Cognition+1","Leap+1","Rebound+1","Redo+1","Storm+1","Defragment+1","Ball Lightning+1","Buffer+1","Doom and Gloom+1","Sweeping Beam+1","Multi-Cast+1","Tempest+1","Defragment+1","Undo+1","Hologram+1"],"relics":["FrozenCore","NeowsBlessing","Dream Catcher","Anchor","Bronze Scales","Mercury Hourglass","Astrolabe","Red Mask","Mark of the Bloom","Sundial"],"acts_visited":["Exordium","TheCity","TheBeyond"],"potions_floor_usage":[12,16,29,33,33,50,50],"damage_taken":[{"damage":0,"enemies":"2 Louse","floor":1,"turns":1},{"damage":0,"enemies":"Small Slimes","floor":5,"turns":1},{"damage":0,"enemies":"3 Sentries","floor":7,"turns":2},{"damage":0,"enemies":"Cultist","floor":8,"turns":3},{"damage":4,"enemies":"Lots of Slimes","floor":11,"turns":4},{"damage":47,"enemies":"Gremlin Nob","floor":12,"turns":5},{"damage":34,"enemies":"Hexaghost","floor":16,"turns":6},{"damage":22,"enemies":"Chosen","floor":18,"turns":8},{"damage":0,"enemies":"2 Thieves","floor":22,"turns":5},{"damage":13,"enemies":"Chosen and Byrds","floor":24,"turns":10},{"damage":6,"enemies":"Centurion and Healer","floor":27,"turns":7},{"damage":12,"enemies":"Snake Plant","floor":29,"turns":4},{"damage":15,"enemies":"3 Cultists","floor":31,"turns":4},{"damage":55,"enemies":"Collector","floor":33,"turns":11},{"damage":4,"enemies":"Orb Walker","floor":35,"turns":3},{"damage":18,"enemies":"3 Darklings","floor":40,"turns":4},{"damage":0,"enemies":"Spire Growth","floor":44,"turns":4},{"damage":11,"enemies":"Writhing Mass","floor":45,"turns":4},{"damage":9,"enemies":"3 Darklings","floor":47,"turns":4},{"damage":9,"enemies":"Transient","floor":48,"turns":5},{"damage":20,"enemies":"Time Eater","floor":50,"turns":10}],"seed_played":"-6261724656383683553","potions_obtained":[{"floor":1,"key":"DistilledChaos"},{"floor":11,"key":"DuplicationPotion"},{"floor":18,"key":"LiquidBronze"},{"floor":29,"key":"Strength Potion"},{"floor":31,"key":"DistilledChaos"},{"floor":33,"key":"CultistPotion"},{"floor":44,"key":"GamblersBrew"},{"floor":47,"key":"LiquidMemories"}],"is_trial":false,"path_per_floor":["M","?","?","?","M","R","E","M","T","$","M","E","$","?","R","B",null,"M","$","?","?","M","R","M","R","T","M","$","M","?","M","R","B",null,"M","$","?","?","?","M","?","R","T","M","M","R","M","M","R","B",null],"character_chosen":"DEFECT","items_purchased":["Self Repair","Hologram","Loop","Leap"],"campfire_rested":5,"item_purchase_floors":[10,10,13,19],"current_hp_per_floor":[75,75,75,68,68,68,68,68,68,68,71,31,31,56,75,48,75,60,60,46,46,53,77,71,71,71,72,72,67,67,59,80,32,80,76,76,76,76,76,58,58,58,58,58,47,47,38,29,29,9],"gold":76,"neow_bonus":"THREE_ENEMY_KILL","is_daily":false,"chose_seed":false,"campfire_upgraded":3,"win_rate":0.0,"timestamp":1610494877,"path_taken":["M","?","?","?","M","R","E","M","T","$","M","E","$","?","R","BOSS","M","$","?","?","M","R","?","R","T","M","$","?","?","M","R","BOSS","M","$","?","?","?","M","?","R","T","?","M","R","M","M","R","BOSS"],"items_purchased_type":["Card","Card","Card","Card"],"build_version":"2020-12-22","purchased_purges":2,"victory":true,"max_hp_per_floor":[75,75,75,75,75,75,75,75,75,75,75,75,75,75,75,75,75,75,75,80,80,80,80,80,80,80,80,80,80,80,80,80,80,80,80,80,80,80,80,80,80,80,80,80,80,80,80,80,80,80],"card_choices":[{"not_picked":["Auto Shields","Rebound"],"picked":"Conserve Battery","floor":1},{"not_picked":["Conserve Battery","Redo"],"picked":"Static Discharge","floor":5},{"not_picked":["Leap","Ball Lightning"],"picked":"Genetic Algorithm","floor":7},{"not_picked":["Rebound","Hello World"],"picked":"BootSequence","floor":8},{"not_picked":["Conserve Battery","Rebound"],"picked":"Thunder Strike","floor":11},{"not_picked":["Consume","Tempest"],"picked":"Reinforced Body","floor":12},{"not_picked":["Buffer","Hyperbeam"],"picked":"Biased Cognition","floor":16},{"not_picked":["Go for the Eyes","Conserve Battery","Barrage+1"],"picked":"SKIP","floor":18},{"not_picked":["Go for the Eyes","Reinforced Body+1","Fusion+1"],"picked":"SKIP","floor":22},{"not_picked":["Double Energy","Sweeping Beam"],"picked":"Rebound","floor":23},{"not_picked":["Barrage","Redo","Double Energy"],"picked":"SKIP","floor":24},{"not_picked":["Barrage","Double Energy"],"picked":"Redo","floor":24},{"not_picked":["Thunder Strike","Skim+1"],"picked":"Storm","floor":27},{"not_picked":["Doom and Gloom","Coolheaded","Conserve Battery"],"picked":"SKIP","floor":29},{"not_picked":["Chaos","Sweeping Beam"],"picked":"Defragment+1","floor":31},{"not_picked":["Sweeping Beam","Static Discharge"],"picked":"Ball Lightning","floor":32},{"not_picked":["All For One","Seek"],"picked":"Buffer","floor":33},{"not_picked":["Doom and Gloom","Conserve Battery"],"picked":"Tempest+1","floor":35},{"not_picked":["Conserve Battery","Compile Driver","Barrage+1"],"picked":"SKIP","floor":40},{"not_picked":["Steam Power","Beam Cell"],"picked":"Defragment+1","floor":42},{"not_picked":["Hologram","Glacier","Skim"],"picked":"SKIP","floor":44},{"not_picked":["Turbo+1","Fusion+1"],"picked":"Undo","floor":45},{"not_picked":["Conserve Battery","Barrage+1"],"picked":"Hologram+1","floor":47},{"not_picked":["Darkness","Double Energy+1","Reboot"],"picked":"SKIP","floor":48}],"player_experience":134087,"relics_obtained":[{"floor":7,"key":"Dream Catcher"},{"floor":9,"key":"Anchor"},{"floor":12,"key":"Bronze Scales"},{"floor":26,"key":"Mercury Hourglass"},{"floor":43,"key":"Sundial"}],"event_choices":[{"cards_removed":["Defend_B"],"damage_healed":0,"gold_gain":0,"player_choice":"Forget","damage_taken":0,"max_hp_gain":0,"max_hp_loss":0,"event_name":"Living Wall","floor":2,"gold_loss":0},{"cards_removed":["Strike_B"],"damage_healed":0,"gold_gain":0,"player_choice":"Card Removal","damage_taken":0,"max_hp_gain":0,"max_hp_loss":0,"event_name":"The Cleric","floor":3,"gold_loss":50},{"cards_removed":["Strike_B"],"damage_healed":0,"gold_gain":0,"player_choice":"Card Removal","damage_taken":7,"max_hp_gain":0,"max_hp_loss":0,"event_name":"Golden Wing","floor":4,"gold_loss":0},{"damage_healed":25,"gold_gain":0,"player_choice":"Banana","damage_taken":0,"max_hp_gain":0,"max_hp_loss":0,"event_name":"Big Fish","floor":14,"gold_loss":0},{"damage_healed":0,"gold_gain":0,"player_choice":"Shed Blood","damage_taken":19,"max_hp_gain":5,"max_hp_loss":0,"event_name":"Forgotten Altar","floor":20,"gold_loss":0},{"damage_healed":0,"gold_gain":0,"player_choice":"Upgraded","damage_taken":0,"max_hp_gain":0,"max_hp_loss":0,"event_name":"Upgrade Shrine","floor":21,"gold_loss":0,"cards_upgraded":["Biased Cognition"]},{"damage_healed":0,"gold_gain":0,"player_choice":"Paid Fearfully","damage_taken":0,"max_hp_gain":0,"max_hp_loss":0,"event_name":"Masked Bandits","floor":30,"gold_loss":49},{"cards_removed":["Zap"],"damage_healed":0,"gold_gain":0,"player_choice":"Removed Skill","damage_taken":0,"max_hp_gain":0,"max_hp_loss":0,"event_name":"Falling","floor":37,"gold_loss":0},{"damage_healed":0,"gold_gain":0,"player_choice":"Paid","damage_taken":0,"relics_obtained":["Red Mask"],"max_hp_gain":0,"max_hp_loss":0,"event_name":"Tomb of Lord Red Mask","floor":38,"gold_loss":26},{"damage_healed":0,"gold_gain":0,"player_choice":"Upgrade","damage_taken":0,"relics_obtained":["Mark of the Bloom"],"max_hp_gain":0,"max_hp_loss":0,"event_name":"MindBloom","floor":39,"gold_loss":0,"cards_upgraded":["Conserve Battery","Static Discharge","Genetic Algorithm","BootSequence","Self Repair","Hologram","Thunder Strike","Reinforced Body","Loop","Leap","Rebound","Redo","Storm","Ball Lightning","Buffer"]},{"damage_healed":0,"gold_gain":0,"player_choice":"Ignored","damage_taken":0,"max_hp_gain":0,"max_hp_loss":0,"event_name":"Mysterious Sphere","floor":41,"gold_loss":0}],"is_beta":false,"boss_relics":[{"not_picked":["Black Star","Sozu"],"picked":"FrozenCore"},{"not_picked":["Empty Cage","Philosopher\u0027s Stone"],"picked":"Astrolabe"}],"items_purged_floors":[19,36],"is_endless":false,"potions_floor_spawned":[1,11,18,29,31,33,44,47],"ascension_level":0}}