{"host":"83i488lljghwpuzo","time":1610460281,"event":{"mods":["BaseMod","Marisa£®ÏF”Í°°ƒß¿Ì…≥£©","Minty Spire (QoL Compilation)","Shop Mod","The Servant 0.9.4"],"gold_per_floor":[16,16,16,30,43000,43000,41520,41540,41540,40464,40474,40486,40504,40522,40522,40623,40623,40633,40653,40684,40634,40652,40679,40679,40689,40713,40745,39673,39690,39690,38554,38554,38655,38655,38668,38688,37800,37816,37828,37859,37877,37905,37905,37918,37918,37968,37984,37005,37005,37005,37005,37005,36103,36130,36130,36130],"floor_reached":55,"playtime":4649,"items_purged":["Strike_P","Strike_P","Defend_P","Defend_P"],"score":1216,"play_id":"709cc460-9450-474b-8969-10c52e140932","local_time":"20210112220441","is_ascension_mode":true,"campfire_choices":[{"floor":6,"key":"RECALL"},{"data":"Eruption","floor":15,"key":"SMITH"},{"floor":24,"key":"REST"},{"data":"DevaForm","floor":32,"key":"SMITH"},{"data":"Mayhem","floor":45,"key":"SMITH"},{"data":"Establishment","floor":49,"key":"SMITH"},{"data":"Mayhem","floor":52,"key":"SMITH"}],"circlet_count":0,"master_deck":["Eruption+1","Vigilance+1","DeceiveReality","CutThroughFate","TalkToTheHand+1","Master of Strategy","Bandage Up","EmptyBody+1","Wireheading","WindmillStrike+1","Conclude","Thinking Ahead+1","EmptyFist+1","CutThroughFate+1","Worship+1","Brilliance+1","EmptyBody+1","InnerPeace+1","LessonLearned","Sanctity+1","FollowUp+1","Adaptation+1","EmptyFist+1","CutThroughFate","Indignation+1","Vengeance+1","Halt+1","DevaForm+1","TalkToTheHand+1","Master of Strategy+1","ClearTheMind+1","LikeWater+1","Nirvana","Indignation+1","Mayhem+1","Adaptation","Weave+1","Establishment+1","WheelKick+1","Prostrate+1","Wireheading","Mayhem+1","FlurryOfBlows+1","Crescendo+1","ThirdEye+1","SpiritShield+1","Weave+1","ThirdEye+1","Protect+1","PathToVictory+1","Wish+1","Panache","Fasting2","CutThroughFate+1","Apotheosis+1","MentalFortress","Flash of Steel+1","Prostrate+1","ReachHeaven+1","Alpha+1"],"relics":["PureWater","Gambling Chip","Sundial","MerchantsRug","Question Card","Strawberry","TheAbacus","Toxic Egg 2","InkBottle","HornCleat","Melange","Astrolabe","Red Mask","Ornamental Fan","Peace Pipe","Molten Egg 2","Matryoshka","DollysMirror","Mummified Hand","Letter Opener","HandDrill","Pandora\u0027s Box","Happy Flower","Potion Belt","Sling","Pear","Smiling Mask","Akabeko","PreservedInsect","Mango","Mercury Hourglass","Kunai","Lee\u0027s Waffle","Whetstone","Blood Vial","Cauldron","Pocketwatch"],"acts_visited":["Exordium","TheCity","TheBeyond","TheEnding"],"potions_floor_usage":[16,16,19,20,29,33,33,35,39,39,39,40,50,50,54,55,55,55,55],"damage_taken":[{"damage":0,"enemies":"2 Louse","floor":1,"turns":3},{"damage":0,"enemies":"Jaw Worm","floor":4,"turns":2},{"damage":7,"enemies":"Cultist","floor":5,"turns":6},{"damage":0,"enemies":"2 Fungi Beasts","floor":8,"turns":4},{"damage":0,"enemies":"Lots of Slimes","floor":11,"turns":1},{"damage":0,"enemies":"Large Slime","floor":12,"turns":5},{"damage":3,"enemies":"Gremlin Gang","floor":13,"turns":4},{"damage":1,"enemies":"2 Fungi Beasts","floor":14,"turns":2},{"damage":9,"enemies":"Hexaghost","floor":16,"turns":9},{"damage":3,"enemies":"Shell Parasite","floor":18,"turns":6},{"damage":0,"enemies":"2 Thieves","floor":19,"turns":3},{"damage":41,"enemies":"Masked Bandits","floor":20,"turns":5},{"damage":21,"enemies":"Centurion and Healer","floor":22,"turns":6},{"damage":14,"enemies":"Slavers","floor":23,"turns":9},{"damage":1,"enemies":"Snake Plant","floor":25,"turns":4},{"damage":6,"enemies":"Gremlin Leader","floor":27,"turns":5},{"damage":12,"enemies":"Snecko","floor":29,"turns":6},{"damage":0,"enemies":"Champ","floor":33,"turns":5},{"damage":0,"enemies":"Orb Walker","floor":35,"turns":2},{"damage":0,"enemies":"3 Shapes","floor":36,"turns":3},{"damage":0,"enemies":"Jaw Worm Horde","floor":38,"turns":3},{"damage":0,"enemies":"4 Shapes","floor":39,"turns":1},{"damage":4,"enemies":"Reptomancer","floor":40,"turns":3},{"damage":0,"enemies":"Maw","floor":41,"turns":5},{"damage":0,"enemies":"Nemesis","floor":42,"turns":3},{"damage":61,"enemies":"Sphere and 2 Shapes","floor":44,"turns":4},{"damage":0,"enemies":"Mind Bloom Boss Battle","floor":46,"turns":4},{"damage":7,"enemies":"3 Darklings","floor":47,"turns":5},{"damage":0,"enemies":"Donu and Deca","floor":50,"turns":6},{"damage":23,"enemies":"Shield and Spear","floor":54,"turns":5},{"damage":107,"enemies":"The Heart","floor":55,"turns":8}],"seed_played":"4568738237594496799","potions_obtained":[{"floor":5,"key":"FearPotion"},{"floor":18,"key":"BottledMiracle"},{"floor":22,"key":"SpeedPotion"},{"floor":27,"key":"Regen Potion"},{"floor":29,"key":"Strength Potion"},{"floor":33,"key":"Swift Potion"},{"floor":35,"key":"SmokeBomb"},{"floor":39,"key":"CultistPotion"},{"floor":40,"key":"BlessingOfTheForge"},{"floor":46,"key":"Dexterity Potion"},{"floor":47,"key":"Dexterity Potion"},{"floor":53,"key":"AttackPotion"},{"floor":53,"key":"GamblersBrew"}],"is_trial":false,"path_per_floor":["M","?","?","M","M","R","$","M","T","$","M","M","M","M","R","B",null,"M","M","?","?","M","E","R","M","T","E","$","M","?","$","R","B",null,"M","M","$","M","M","E","M","E","T","M","R","?","M","$","R","B",null,"R","$","E","B"],"character_chosen":"WATCHER","items_purchased":["MerchantsRug","Question Card","Strawberry","TheAbacus","TalkToTheHand","Master of Strategy","Bandage Up","EmptyBody","Wireheading","WindmillStrike","Weak Potion","Ambrosia","DuplicationPotion","InkBottle","HornCleat","Melange","Thinking Ahead+1","EmptyFist","CutThroughFate","Block Potion","Molten Egg 2","Matryoshka","DollysMirror","Master of Strategy+1","ClearTheMind+1","LikeWater","BottledMiracle","Mummified Hand","Letter Opener","HandDrill","Mayhem","Adaptation","Weave+1","Happy Flower","Potion Belt","Sling","AttackPotion","Explosive Potion","ColorlessPotion","Wireheading","Mayhem","FlurryOfBlows+1","Mercury Hourglass","Kunai","Lee\u0027s Waffle","Panache","Fasting2","Swift Potion","CutThroughFate+1","Whetstone","Apotheosis+1","Blood Vial","Cauldron","MentalFortress","Flash of Steel+1","Prostrate+1","ReachHeaven+1"],"campfire_rested":1,"item_purchase_floors":[7,7,7,7,7,7,7,7,7,7,7,7,7,10,10,10,10,10,10,10,28,28,28,28,28,28,28,31,31,31,31,31,31,37,37,37,37,37,37,37,37,37,48,48,48,48,48,48,48,53,53,53,53,53,53,53,53],"current_hp_per_floor":[72,72,72,72,65,65,72,76,76,76,76,79,76,78,78,73,79,76,79,41,41,24,14,37,40,40,38,38,26,26,26,26,44,79,79,79,79,79,79,85,89,89,89,28,28,46,43,110,110,110,110,110,110,91,0,0],"gold":36130,"neow_bonus":"ONE_RARE_RELIC","is_daily":false,"chose_seed":false,"campfire_upgraded":5,"win_rate":0.0,"timestamp":1610460281,"path_taken":["M","?","?","M","M","R","$","M","T","$","M","M","M","M","R","BOSS","M","M","?","?","?","E","R","M","T","E","$","M","?","$","R","BOSS","M","M","$","?","?","E","M","E","T","M","R","?","M","$","R","BOSS","R","$","E","BOSS"],"items_purchased_type":["Relic","Relic","Relic","Relic","Card","Card","Card","Card","Card","Card","Potion","Potion","Potion","Relic","Relic","Relic","Card","Card","Card","Potion","Relic","Relic","Relic","Card","Card","Card","Potion","Relic","Relic","Relic","Card","Card","Card","Relic","Relic","Relic","Potion","Potion","Potion","Card","Card","Card","Relic","Relic","Relic","Card","Card","Potion","Card","Relic","Card","Relic","Relic","Card","Card","Card","Card"],"build_version":"2020-12-22","purchased_purges":4,"victory":false,"max_hp_per_floor":[72,72,72,72,72,72,79,79,79,79,79,79,79,79,79,79,79,79,79,79,79,79,79,79,79,79,79,79,79,79,79,79,79,79,79,79,79,79,79,89,89,89,89,89,89,103,103,110,110,110,110,110,110,110,110,110],"card_choices":[{"not_picked":["Prostrate","BowlingBash"],"picked":"ThirdEye","floor":1},{"not_picked":["Protect","LikeWater"],"picked":"DeceiveReality","floor":4},{"not_picked":["Wallop","Protect"],"picked":"CutThroughFate","floor":5},{"not_picked":["Worship","CrushJoints","BowlingBash"],"picked":"Conclude","floor":8},{"not_picked":["Halt+1","Consecrate","FlyingSleeves"],"picked":"Worship+1","floor":11},{"not_picked":["InnerPeace+1","EmptyFist","BowlingBash"],"picked":"Brilliance","floor":12},{"not_picked":["MentalFortress","EmptyFist","CrushJoints"],"picked":"EmptyBody+1","floor":13},{"not_picked":["Halt+1","Swivel+1","EmptyBody+1"],"picked":"InnerPeace+1","floor":14},{"not_picked":["ConjureBlade+1","Ragnarok","DeusExMachina+1"],"picked":"LessonLearned","floor":16},{"not_picked":["DeceiveReality+1","ThirdEye+1","CarveReality"],"picked":"EmptyFist","floor":18},{"not_picked":["FlyingSleeves+1","FlurryOfBlows","SignatureMove"],"picked":"CutThroughFate","floor":19},{"not_picked":["Protect+1","Worship+1","ThirdEye+1"],"picked":"Indignation+1","floor":20},{"not_picked":["WheelKick+1","EmptyFist","ConjureBlade+1"],"picked":"Vengeance+1","floor":22},{"not_picked":["Protect+1","Vengeance+1","FlyingSleeves+1"],"picked":"Halt+1","floor":23},{"not_picked":["Fasting2","BowlingBash","Adaptation"],"picked":"DevaForm","floor":25},{"not_picked":["JustLucky","Vengeance+1","SignatureMove","FlyingSleeves"],"picked":"SKIP","floor":27},{"not_picked":["CrushJoints+1","InnerPeace+1","Omniscience+1"],"picked":"Nirvana","floor":29},{"not_picked":["Scrawl+1","Vault+1","Omniscience+1"],"picked":"Establishment","floor":33},{"not_picked":["EmptyBody+1","SashWhip+1","Evaluate+1"],"picked":"WheelKick+1","floor":35},{"not_picked":["Crescendo+1","JustLucky+1","WaveOfTheHand+1"],"picked":"Prostrate+1","floor":36},{"not_picked":["CrushJoints+1","SashWhip+1","Omniscience+1"],"picked":"Crescendo+1","floor":38},{"not_picked":["Halt+1","Evaluate+1","Worship+1"],"picked":"ThirdEye+1","floor":39},{"not_picked":["ClearTheMind+1","Conclude+1","Vengeance+1"],"picked":"SpiritShield+1","floor":40},{"not_picked":["PathToVictory+1","SandsOfTime+1","ForeignInfluence+1"],"picked":"Weave+1","floor":41},{"not_picked":["WheelKick+1","CrushJoints+1","Crescendo+1"],"picked":"ThirdEye+1","floor":42},{"not_picked":["Vengeance+1","CrushJoints+1","BowlingBash+1"],"picked":"Protect+1","floor":44},{"not_picked":["FlyingSleeves+1","EmptyFist+1","Protect+1"],"picked":"PathToVictory+1","floor":46},{"not_picked":["TalkToTheHand+1","SashWhip+1","Halt+1"],"picked":"Wish+1","floor":47},{"not_picked":["Prostrate+1","CrushJoints+1","PathToVictory+1"],"picked":"Alpha+1","floor":54}],"player_experience":858985,"relics_obtained":[{"floor":9,"key":"Toxic Egg 2"},{"floor":20,"key":"Red Mask"},{"floor":23,"key":"Ornamental Fan"},{"floor":27,"key":"Peace Pipe"},{"floor":40,"key":"Pear"},{"floor":42,"key":"Smiling Mask"},{"floor":43,"key":"Akabeko"},{"floor":43,"key":"PreservedInsect"},{"floor":46,"key":"Mango"},{"floor":54,"key":"Pocketwatch"}],"event_choices":[{"damage_healed":0,"gold_gain":0,"player_choice":"Grow","damage_taken":0,"max_hp_gain":0,"max_hp_loss":0,"event_name":"Living Wall","floor":2,"gold_loss":0,"cards_upgraded":["Vigilance"]},{"cards_removed":["ThirdEye"],"damage_healed":0,"gold_gain":0,"player_choice":"Gave Card","damage_taken":0,"relics_obtained":["Sundial"],"max_hp_gain":0,"max_hp_loss":0,"event_name":"WeMeetAgain","floor":3,"gold_loss":0},{"damage_healed":0,"gold_gain":0,"player_choice":"Fought Bandits","damage_taken":0,"max_hp_gain":0,"max_hp_loss":0,"event_name":"Masked Bandits","floor":20,"gold_loss":0},{"damage_healed":0,"gold_gain":0,"player_choice":"Bet on Owner","damage_taken":0,"max_hp_gain":0,"max_hp_loss":0,"event_name":"The Joust","floor":21,"gold_loss":50},{"damage_healed":0,"gold_gain":0,"cards_transformed":["Defend_P"],"player_choice":"Transformed","damage_taken":0,"max_hp_gain":0,"max_hp_loss":0,"event_name":"Transmorgrifier","floor":30,"gold_loss":0,"cards_obtained":["Indignation"]},{"damage_healed":0,"gold_gain":0,"player_choice":"Fight","damage_taken":0,"max_hp_gain":0,"max_hp_loss":0,"event_name":"MindBloom","floor":46,"gold_loss":0}],"is_beta":false,"boss_relics":[{"not_picked":["Busted Crown","Runic Pyramid"],"picked":"Astrolabe"},{"not_picked":["Runic Dome","Snecko Eye"],"picked":"Pandora\u0027s Box"}],"items_purged_floors":[7,10,28,31],"is_endless":false,"potions_floor_spawned":[5,11,13,14,18,22,27,29,33,35,38,39,40,46,47],"killed_by":"The Heart","ascension_level":3}}