{"host":"330wbiqvo1u76l3j","time":1610447055,"event":{"mods":["AchievementEnabler","BaseMod","Bestiary","Better Altar","Better Match","Better Note","Better Sensory Stone","Better Skull","Better Third Choice","Block Reminder","Colored Map","Colored Powertips","Displayed Cursed Tome","Highlight Path","Minty Spire (QoL Compilation)","Relic Stats","StSLib"],"gold_per_floor":[414,414,414,414,261,297,111,124,173,187,187,137,168,187,187,187,187],"floor_reached":16,"playtime":1417,"items_purged":["Strike_R","Defend_R"],"score":124,"play_id":"8dd24ccb-0bfc-48bb-a02e-7e45c7fb2960","local_time":"20210112042415","is_ascension_mode":true,"campfire_choices":[{"floor":11,"key":"REST"},{"data":"Entrench","floor":15,"key":"SMITH"}],"circlet_count":0,"master_deck":["Strike_R","Strike_R","Strike_R","Defend_R","Defend_R","Defend_R","Bash","Flame Barrier","Inflame","Twin Strike","Bandage Up","Heavy Blade","Thunderclap","Entrench+1","Pommel Strike"],"relics":["Burning Blood","Old Coin","Golden Idol","Centennial Puzzle","Strawberry","MealTicket","Omamori"],"acts_visited":["Exordium"],"potions_floor_usage":[16,16],"damage_taken":[{"damage":8,"enemies":"Jaw Worm","floor":1,"turns":4},{"damage":34,"enemies":"Gremlin Nob","floor":6,"turns":5},{"damage":7,"enemies":"Small Slimes","floor":8,"turns":4},{"damage":1,"enemies":"2 Louse","floor":10,"turns":2},{"damage":28,"enemies":"3 Sentries","floor":13,"turns":9},{"damage":9,"enemies":"Blue Slaver","floor":14,"turns":5},{"damage":50,"enemies":"Hexaghost","floor":16,"turns":9}],"seed_played":"-5481002269576047719","potions_obtained":[{"floor":6,"key":"Energy Potion"},{"floor":13,"key":"GamblersBrew"}],"is_trial":false,"path_per_floor":["M","?","?","?","$","E","$","M","T","M","R","?","E","M","R","B"],"character_chosen":"IRONCLAD","items_purchased":["Inflame","Bandage Up"],"campfire_rested":1,"item_purchase_floors":[5,7],"current_hp_per_floor":[70,70,63,40,40,12,27,30,30,39,62,62,44,45,45,0,0],"gold":187,"neow_bonus":"ONE_RARE_RELIC","is_daily":false,"chose_seed":false,"campfire_upgraded":1,"win_rate":0.0,"timestamp":1610447055,"path_taken":["M","?","?","?","$","E","$","M","T","M","R","?","E","M","R","BOSS"],"items_purchased_type":["Card","Card"],"build_version":"2020-12-22","purchased_purges":2,"victory":false,"max_hp_per_floor":[72,72,72,79,79,79,79,79,79,79,79,79,79,79,79,79,79],"relic_stats":{"Centennial Puzzle":[18],"counters":[7,38],"Golden Idol":23,"MealTicket":15,"obtain_stats":[{"Centennial Puzzle":4,"Golden Idol":2,"Strawberry":4,"MealTicket":6,"Omamori":13,"Burning Blood":0,"Old Coin":0},{"Centennial Puzzle":1,"Golden Idol":1,"Strawberry":1,"MealTicket":2,"Omamori":5,"Burning Blood":0,"Old Coin":0},{"Centennial Puzzle":4,"Golden Idol":4,"Strawberry":4,"MealTicket":9,"Omamori":24,"Burning Blood":0,"Old Coin":0}],"Burning Blood":36},"card_choices":[{"not_picked":["Body Slam","Burning Pact"],"picked":"Flame Barrier","floor":1},{"not_picked":["Iron Wave","Perfected Strike"],"picked":"Twin Strike","floor":6},{"not_picked":["Warcry","Rupture"],"picked":"Heavy Blade","floor":8},{"not_picked":["Cleave","Sword Boomerang"],"picked":"Thunderclap","floor":10},{"not_picked":["Reckless Charge","Clothesline"],"picked":"Entrench","floor":13},{"not_picked":["Iron Wave","Searing Blow"],"picked":"Pommel Strike","floor":14}],"player_experience":80297,"relics_obtained":[{"floor":6,"key":"MealTicket"},{"floor":13,"key":"Omamori"}],"event_choices":[{"damage_healed":0,"gold_gain":0,"player_choice":"Take Wound","damage_taken":0,"relics_obtained":["Golden Idol"],"max_hp_gain":0,"max_hp_loss":0,"event_name":"Golden Idol","floor":2,"gold_loss":0,"cards_obtained":["Injury"]},{"cards_removed":["Injury"],"damage_healed":0,"gold_gain":0,"player_choice":"Card Removal","damage_taken":7,"max_hp_gain":0,"max_hp_loss":0,"event_name":"Golden Wing","floor":3,"gold_loss":0},{"damage_healed":0,"gold_gain":1,"player_choice":"Relic Relic ","damage_taken":30,"max_hp_gain":0,"max_hp_loss":0,"event_name":"betterThird:BetterScrap","floor":4,"gold_loss":0,"cards_obtained":["FearNoEvil"]},{"cards_removed":["Strike_R"],"damage_healed":0,"gold_gain":0,"player_choice":"Card Removal","damage_taken":0,"max_hp_gain":0,"max_hp_loss":0,"event_name":"The Cleric","floor":12,"gold_loss":50}],"is_beta":false,"boss_relics":[],"items_purged_floors":[5,7],"is_endless":false,"potions_floor_spawned":[6,13],"killed_by":"Hexaghost","ascension_level":3}}