{"host":"i21o3ayfb6i2uabp","time":1610487539,"event":{"mods":["2.2 Compatiblity","A Magickal Journey","AchievementEnabler","Act Like it!","AlwaysNeverKeys","Aspiration","Bartender","BaseMod","Beaked The Cultist","Better Altar","Better Match","Better Note","Better Third Choice","Better-Laid Plans","BetterRewards","CCEM","CapriCore","ChefMod","Clawfect","Clockwork Mod","Colored Map","Colored Powertips","Conjunction","Conspire","DNKmod","Defuse TimeMaze Blight","Disable Question Mark Monsters","Displayed Cursed Tome","Energized Spire","Evolution","Fiend Mod","Fireblade Mod","Friendly Minions","GifTheSpireLib","Grow up Mod","Halation","Hallownest","Hermit","HexUI Lib","Hubris","Infinite Spire","Jorbs\u0027s Wanderer Trilogy","Key Reminder","Kratos Character Expansion","Lobotomy","LobotomyExtend","Mad Scientist","Marked Mod","Minty Spire (QoL Compilation)","Nova Terra(??·??)","Permanent Neow","Prisma Mod","QueenMod","Quick Restart","Railgun Mod","Rare Cards Sparkle","Relic Stats","Remilia_Scarlet Moed?????·?????3.3.5","Remove Card Discount Mod","Replay The Spire","Retaliation","RumiaBox-????????","SOS???????","Shade Mod","Small Relic Pack","Spicy Shops","Spikes Relics","StSLib","Stuff the Spire","SuperFastMode","The Alterego","The Cursed","The Druid","The Immortal","The Kombatant","The Marked","The Vixen","TheHeartMod","TheHero","TheVacant","TheWitcher","Trackpad","Transform Curses","Uncapped","vexMod"],"gold_per_floor":[1010,1011,1025,1039,1039,1039,1064,1064,1144,99,99,99,110,128,128,228,228,238,99,119,119,133,133,161,178,178,178,178,178,178,93,93,189,189,203,217,62,101,101,101,101,132,144,176,205,217,244,256,268,280,292,304,316,328,25,52,52],"floor_reached":58,"playtime":4396,"items_purged":[],"score":1284,"play_id":"f63c9b8b-8f80-4166-911c-88363cb68f7c","local_time":"20210112133859","is_ascension_mode":false,"campfire_choices":[{"floor":6,"key":"RECALL"},{"data":"MadScienceMod:HideBehindJunk","floor":8,"key":"SMITH"},{"data":"MadScienceMod:FragmentationGrenade","floor":12,"key":"SMITH"},{"floor":15,"key":"REST"},{"data":"MadScienceMod:MinatureWeapons","floor":23,"key":"SMITH"},{"floor":27,"key":"REST"},{"floor":29,"key":"REST"},{"floor":40,"key":"REST"},{"floor":51,"key":"REST"},{"data":"MadScienceMod:CloneVats","floor":54,"key":"SMITH"}],"circlet_count":0,"master_deck":["MadScienceMod:Strike_MadScience","MadScienceMod:Strike_MadScience","MadScienceMod:Strike_MadScience","MadScienceMod:Defend_MadScience","MadScienceMod:Defend_MadScience+1","MadScienceMod:Defend_MadScience","MadScienceMod:Defend_MadScience+1","MadScienceMod:HideBehindJunk+1","MadScienceMod:Detonate","MadScienceMod:NowOrNever","MadScienceMod:MinatureWeapons+1","hubris:DuctTapeCard","MadScienceMod:ShrinkRay+1","BlessedFruit","BlessedFruit","MadScienceMod:FragmentationGrenade+1","MadScienceMod:Refuel","MadScienceMod:CloneVats+1","MadScienceMod:FumeBlast","MadScienceMod:OilDrum","MadScienceMod:Assemble","MadScienceMod:AutoStrike","MadScienceMod:RecyclingStation","MadScienceMod:GattlingGun","MadScienceMod:GattlingGun","MadScienceMod:Sprocket+1","MadScienceMod:Strafe","MadScienceMod:AntimatterBomb+1","MadScienceMod:BoxOfScraps","MadScienceMod:FumeHood","MadScienceMod:FumeBlast","MadScienceMod:Browse","MadScienceMod:LightOnFire+1","infinitespire:FutureSight","Enlightenment","Mind Blast","MadScienceMod:LightOnFire","MadScienceMod:FumeBlast+1","MadScienceMod:Strafe+1","MadScienceMod:RecyclingStation+1","MadScienceMod:OilDrum","MadScienceMod:BoxOfScraps","MadScienceMod:AcidSpray+1"],"relics":["m_ChemicalBlood","EVO:Axolotl","LetterFromLob","infinitespire:Cubic Diamond","hubris:DuctTape","HeavenlyBonsai","War Paint","hubris:HollowSoul","Omamori","Baka2","halation:StarCompass","conspire:DecoderRing","vexMod:MysteryBossChallenge","Busted Crown","Bronze Scales","MawBank","halation:SelfBoilingWater","trackpad:ByrdCharm","Membership Card","KratosMod:minohorn"],"acts_visited":["Exordium","TheCity","TheBeyond","TheEnding"],"potions_floor_usage":[],"damage_taken":[{"damage":0,"enemies":"2 Louse","floor":1,"turns":3},{"damage":0,"enemies":"Small Slimes","floor":2,"turns":2},{"damage":11,"enemies":"Jaw Worm","floor":3,"turns":3},{"damage":11,"enemies":"2 Fungi Beasts","floor":4,"turns":3},{"damage":0,"enemies":"Gremlin Nob","floor":7,"turns":1},{"damage":10,"enemies":"3 Louse","floor":13,"turns":3},{"damage":0,"enemies":"Large Slime","floor":14,"turns":3},{"damage":14,"enemies":"Slime Boss","floor":16,"turns":10},{"damage":14,"enemies":"2 Thieves","floor":18,"turns":5},{"damage":50,"enemies":"3 Byrds","floor":20,"turns":8},{"damage":33,"enemies":"Centurion and Healer","floor":22,"turns":6},{"damage":68,"enemies":"Gremlin Leader","floor":24,"turns":9},{"damage":22,"enemies":"Snecko","floor":25,"turns":5},{"damage":53,"enemies":"Champ","floor":33,"turns":6},{"damage":26,"enemies":"Orb Walker","floor":35,"turns":5},{"damage":64,"enemies":"3 Shapes","floor":36,"turns":5},{"damage":147,"enemies":"Writhing Mass","floor":38,"turns":5},{"damage":0,"enemies":"Nemesis","floor":42,"turns":1},{"damage":93,"enemies":"Sphere and 2 Shapes","floor":44,"turns":8},{"damage":20,"enemies":"Jaw Worm Horde","floor":45,"turns":4},{"damage":21,"enemies":"3 Darklings","floor":46,"turns":3},{"damage":35,"enemies":"Spire Growth","floor":47,"turns":4},{"damage":130,"enemies":"Donu and Deca","floor":52,"turns":11},{"damage":50,"enemies":"Shield and Spear","floor":56,"turns":7},{"damage":84,"enemies":"The Heart","floor":57,"turns":7}],"seed_played":"-2235311415922705197","potions_obtained":[{"floor":4,"key":"Strength Potion"},{"floor":7,"key":"DDmod:CleansePotion"},{"floor":13,"key":"PowerPotion"},{"floor":18,"key":"Toxic Potion"}],"is_trial":false,"path_per_floor":["M","M","M","M","?","R","E","R","T","$","M","R","M","M","R","B",null,"M","$","M","?","M","R","E","M","T","R","?","R","?","?","R_BF","B",null,"M","M","$","M","AVR","R","?","E","T","M","M","M","M","PTL","PTL","?","R","B",null,"R","$","E","B",null],"character_chosen":"MAD_SCIENTIST","items_purchased":["HeavenlyBonsai","War Paint","MadScienceMod:FragmentationGrenade","MadScienceMod:Refuel","MadScienceMod:CloneVats","MadScienceMod:RecyclingStation","MadScienceMod:GattlingGun","Bronze Scales","trackpad:ByrdCharm","Membership Card","MadScienceMod:BoxOfScraps"],"campfire_rested":5,"item_purchase_floors":[10,10,10,10,10,19,19,37,55,55,55],"current_hp_per_floor":[120,130,132,146,156,166,177,187,197,207,217,227,239,11,99,141,292,295,305,271,281,266,276,238,231,241,368,378,420,115,125,267,232,473,460,416,426,317,327,495,495,505,515,484,479,474,459,469,479,489,653,543,675,685,695,665,610],"gold":52,"neow_bonus":"UPGRADE_CARD","is_daily":false,"chose_seed":false,"campfire_upgraded":4,"win_rate":0.0,"timestamp":1610487539,"path_taken":["M","M","M","M","?","R","E","R","T","$","M","R","M","M","R","BOSS","M","$","M","?","M","R","E","M","T","R","?","R","?","?","R_BF","BOSS","M","M","$","M","AVR","R","?","E","T","M","M","M","M","PTL","PTL","?","R","BOSS","R","$","E","BOSS"],"items_purchased_type":["Relic","Relic","Card","Card","Card","Card","Card","Relic","Relic","Relic","Card"],"build_version":"2020-12-22","purchased_purges":0,"victory":true,"max_hp_per_floor":[120,130,140,150,160,170,180,190,200,210,220,230,250,260,270,282,292,304,314,326,336,348,358,370,380,390,400,410,420,430,440,450,463,473,483,495,505,517,527,537,547,557,567,579,590,601,613,623,633,643,653,665,675,685,695,707,728],"relic_stats":{"Busted Crown":30,"counters":[25,126],"Bronze Scales":[180],"War Paint":["MadScienceMod:Defend_MadScience","MadScienceMod:Defend_MadScience"],"MawBank":156,"obtain_stats":[{"MadScienceMod:FuelTank":0,"m_ChemicalBlood":5,"hubris:DuctTape":7,"KratosMod:minohorn":56,"vexMod:MysteryBossChallenge":34,"infinitespire:Cubic Diamond":5,"hubris:HollowSoul":17,"Baka":1,"Omamori":20,"EVO:Axolotl":0,"HeavenlyBonsai":10,"War Paint":10,"halation:StarCompass":28,"MawBank":42,"halation:SelfBoilingWater":43,"keyreminder:keyreminder":6,"trackpad:ByrdCharm":55,"Baka2":24,"Busted Crown":34,"conspire:DecoderRing":31,"Bronze Scales":37,"LetterFromLob":1,"Membership Card":55},{"MadScienceMod:FuelTank":0,"m_ChemicalBlood":4,"hubris:DuctTape":5,"KratosMod:minohorn":24,"vexMod:MysteryBossChallenge":14,"infinitespire:Cubic Diamond":4,"hubris:HollowSoul":8,"Baka":1,"Omamori":10,"EVO:Axolotl":0,"HeavenlyBonsai":5,"War Paint":5,"halation:StarCompass":13,"MawBank":18,"halation:SelfBoilingWater":18,"keyreminder:keyreminder":4,"trackpad:ByrdCharm":23,"Baka2":12,"Busted Crown":14,"conspire:DecoderRing":13,"Bronze Scales":16,"LetterFromLob":1,"Membership Card":23},{"MadScienceMod:FuelTank":0,"m_ChemicalBlood":11,"hubris:DuctTape":12,"KratosMod:minohorn":119,"vexMod:MysteryBossChallenge":67,"infinitespire:Cubic Diamond":11,"hubris:HollowSoul":28,"Baka":3,"Omamori":41,"EVO:Axolotl":0,"HeavenlyBonsai":12,"War Paint":12,"halation:StarCompass":61,"MawBank":82,"halation:SelfBoilingWater":82,"keyreminder:keyreminder":11,"trackpad:ByrdCharm":112,"Baka2":56,"Busted Crown":67,"conspire:DecoderRing":61,"Bronze Scales":77,"LetterFromLob":3,"Membership Card":112}]},"card_choices":[{"not_picked":["MadScienceMod:CaptureMomentum","MadScienceMod:MechanicalClaw"],"picked":"MadScienceMod:Detonate","floor":1},{"not_picked":["MadScienceMod:Detonate","MadScienceMod:Redesign"],"picked":"MadScienceMod:NowOrNever","floor":2},{"not_picked":["MadScienceMod:FlameCannon","MadScienceMod:FlameThrower"],"picked":"MadScienceMod:OilDrum","floor":3},{"not_picked":["MadScienceMod:OilDrum","MadScienceMod:Detonate"],"picked":"MadScienceMod:MinatureWeapons","floor":4},{"not_picked":["MadScienceMod:OmniHammer","MadScienceMod:JunkLaser"],"picked":"MadScienceMod:ShrinkRay","floor":7},{"not_picked":["MadScienceMod:RecyclingStation","MadScienceMod:Detonate"],"picked":"MadScienceMod:FumeBlast","floor":13},{"not_picked":["MadScienceMod:LightOnFire","MadScienceMod:FragmentationGrenade"],"picked":"MadScienceMod:OilDrum","floor":14},{"not_picked":["MadScienceMod:GoldenGun","MadScienceMod:Postpone"],"picked":"MadScienceMod:Assemble","floor":16},{"not_picked":["MadScienceMod:Sprocket","MadScienceMod:OilDrum+1"],"picked":"MadScienceMod:AutoStrike","floor":18},{"not_picked":["MadScienceMod:EnergyBarrier","MadScienceMod:FumeBlast"],"picked":"MadScienceMod:Sprocket+1","floor":20},{"not_picked":["MadScienceMod:AutoStrike","MadScienceMod:JunkLaser+1"],"picked":"MadScienceMod:Strafe","floor":22},{"not_picked":["MadScienceMod:EnergyBarrier","MadScienceMod:TimeDilationField"],"picked":"MadScienceMod:AntimatterBomb+1","floor":24},{"not_picked":["MadScienceMod:MechanicalClaw","MadScienceMod:MindControlBeam"],"picked":"MadScienceMod:BoxOfScraps","floor":25},{"not_picked":["MadScienceMod:Automate","MadScienceMod:CloneVats"],"picked":"MadScienceMod:FumeHood","floor":33},{"not_picked":[],"picked":"MadScienceMod:FumeBlast","floor":35},{"not_picked":[],"picked":"MadScienceMod:Browse","floor":36},{"not_picked":[],"picked":"MadScienceMod:LightOnFire+1","floor":38},{"not_picked":[],"picked":"Enlightenment","floor":41},{"not_picked":[],"picked":"Mind Blast","floor":41},{"not_picked":[],"picked":"StuffTheSpire:Recharge","floor":41},{"not_picked":[],"picked":"MadScienceMod:LightOnFire","floor":42},{"not_picked":[],"picked":"MadScienceMod:FumeBlast+1","floor":44},{"not_picked":[],"picked":"MadScienceMod:Strafe+1","floor":45},{"not_picked":[],"picked":"MadScienceMod:RecyclingStation+1","floor":46},{"not_picked":[],"picked":"MadScienceMod:OilDrum","floor":47},{"not_picked":[],"picked":"MadScienceMod:AcidSpray+1","floor":56}],"player_experience":192325,"relics_obtained":[{"floor":1,"key":"Baka"},{"floor":1,"key":"LetterFromLob"},{"floor":7,"key":"hubris:DuctTape"},{"floor":20,"key":"Omamori"},{"floor":24,"key":"Baka2"},{"floor":42,"key":"MawBank"},{"floor":43,"key":"halation:SelfBoilingWater"},{"floor":56,"key":"KratosMod:minohorn"}],"event_choices":[{"cards_removed":["MadScienceMod:GattlingGun"],"damage_healed":0,"gold_gain":0,"player_choice":"Give","damage_taken":0,"max_hp_gain":0,"max_hp_loss":0,"event_name":"betterNote:BetterNote","floor":21,"gold_loss":0,"cards_obtained":["Holywater"]},{"damage_healed":0,"gold_gain":0,"player_choice":"Obtained Relic","damage_taken":0,"relics_obtained":["conspire:DecoderRing"],"max_hp_gain":0,"max_hp_loss":0,"event_name":"Addict","floor":31,"gold_loss":85},{"damage_healed":0,"gold_gain":0,"player_choice":"Memory 3","damage_taken":10,"max_hp_gain":0,"max_hp_loss":0,"event_name":"SensoryStone","floor":41,"gold_loss":0},{"cards_removed":["StuffTheSpire:Recharge"],"damage_healed":0,"gold_gain":0,"player_choice":"Purged","damage_taken":0,"max_hp_gain":0,"max_hp_loss":0,"event_name":"Purifier","floor":50,"gold_loss":0}],"is_beta":false,"boss_relics":[{"not_picked":["vexMod:FluxCapacitor","Pandora\u0027s Box"],"picked":"hubris:HollowSoul"},{"not_picked":["AddBug","ChewingGum"],"picked":"vexMod:MysteryBossChallenge"}],"items_purged_floors":[],"is_endless":false,"potions_floor_spawned":[4,7,13,16,18,22,24,38,44,45,46],"ascension_level":0}}