{"host":"6749gst1gzuv21qf","time":1610487096,"event":{"mods":["Aspiration","BaseMod","Better Altar","Better Match","Better Note","Better Sensory Stone","Better Skull","Better Third Choice","BetterRewards","Colored Map","Colored Powertips","Downfall","Highlight Path","Minty Spire (QoL Compilation)","Permanent Neow","Replay The Spire","Shop Mod","Spicy Shops","StSLib","The Cursed"],"gold_per_floor":[99,110,121,31,43,61,61,61,72,99,99,116,60,78,98,98,98],"floor_reached":16,"language":"ENG","playtime":1328,"items_purged":["Doubt"],"score":106,"play_id":"0ce3438b-1689-4ca9-9e70-ce69e60d09f8","local_time":"20210112163136","is_ascension_mode":false,"campfire_choices":[{"floor":1,"key":"DIG"},{"floor":8,"key":"RECALL"},{"floor":11,"key":"REST"}],"circlet_count":0,"master_deck":["sneckomod:Strike","sneckomod:Strike","sneckomod:Strike","sneckomod:Defend","sneckomod:Defend","sneckomod:Defend","sneckomod:TailWhip","sneckomod:SnekBite","sneckomod:Unknown","sneckomod:Unknown","sneckomod:MorePower","sneckomod:UnknownColorless+1","sneckomod:QuickBite","sneckomod:UnknownRarePower+1","sneckomod:CheapStock","sneckomod:Unknown2Cost+1","sneckomod:UnknownUncommonPower","sneckomod:UnknownRarePower+1","sneckomod:Mudshield","sneckomod:UnknownDexterity+1","sneckomod:QuickMove","sneckomod:UnknownClassGUARDIAN+1","sneckomod:Unknown0Cost","sneckomod:Unknown1Cost+1","sneckomod:WideSting","sneckomod:SerpentIdol","sneckomod:MasterEye","sneckomod:UnknownRareAttack+1","sneckomod:SnakeSap","sneckomod:QuickMove"],"relics":["sneckomod:SneckoSoul","aspiration:FetidBarrel","Thread and Needle"],"acts_visited":["Exordium"],"potions_floor_usage":[16,16,16],"damage_taken":[{"damage":12,"enemies":"Cultist","floor":2,"turns":6},{"damage":0,"enemies":"2 Louse","floor":3,"turns":2},{"damage":0,"enemies":"downfall:FleeingMerchant","floor":4,"turns":4},{"damage":6,"enemies":"Jaw Worm","floor":5,"turns":4},{"damage":11,"enemies":"Blue Slaver","floor":6,"turns":4},{"damage":12,"enemies":"3 Louse","floor":9,"turns":3},{"damage":55,"enemies":"3 Sentries","floor":10,"turns":6},{"damage":4,"enemies":"Lots of Slimes","floor":12,"turns":2},{"damage":1,"enemies":"downfall:FleeingMerchant","floor":13,"turns":4},{"damage":0,"enemies":"Blue Slaver","floor":14,"turns":4},{"damage":12,"enemies":"Large Slime","floor":15,"turns":3},{"damage":26,"enemies":"downfall:Silent","floor":16,"turns":4}],"seed_played":"6476259956075763422","potions_obtained":[{"floor":3,"key":"Energy Potion"},{"floor":6,"key":"Elixir"},{"floor":12,"key":"hexamod:EctoCoolerPotion"}],"is_trial":false,"path_per_floor":["R_BF","M","M","$","M","M","T","R","M","E","R","M","$","M","M","B"],"character_chosen":"THE_SNECKO","items_purchased":["sneckomod:MasterEye"],"campfire_rested":1,"item_purchase_floors":[13],"current_hp_per_floor":[90,79,80,82,77,67,67,67,57,6,36,32,31,36,24,0,0],"gold":98,"neow_bonus":"THREE_RARE_CARDS","is_daily":false,"chose_seed":false,"campfire_upgraded":0,"win_rate":0.0,"timestamp":1610487096,"path_taken":["R_BF","M","?","?","?","?","T","R","M","E","R","M","$","M","M","BOSS"],"items_purchased_type":["Card"],"build_version":"2020-12-22","purchased_purges":1,"victory":false,"max_hp_per_floor":[90,91,92,94,95,96,96,96,98,102,102,102,102,103,103,103,103],"card_choices":[{"not_picked":["sneckomod:Unknown3Cost","sneckomod:Restock"],"picked":"sneckomod:MorePower","floor":0},{"not_picked":["sneckomod:UnknownClassGUARDIAN+1","sneckomod:UnknownUncommonAttack+1"],"picked":"sneckomod:UnknownColorless+1","floor":2},{"not_picked":["sneckomod:DiceCrush","sneckomod:UnknownVulnerable"],"picked":"sneckomod:QuickBite","floor":2},{"not_picked":["sneckomod:UnknownExhaust+1","sneckomod:UnknownCommonSkill+1"],"picked":"sneckomod:UnknownRarePower+1","floor":3},{"not_picked":["sneckomod:UnknownExhaust","sneckomod:UnknownClassPURPLE"],"picked":"sneckomod:CheapStock","floor":3},{"not_picked":["sneckomod:UnknownClassHEXA_GHOST_PURPLE+1","sneckomod:UnknownCommonSkill+1"],"picked":"sneckomod:Unknown2Cost+1","floor":4},{"not_picked":["sneckomod:SerpentIdol","sneckomod:UnknownBlock"],"picked":"sneckomod:UnknownUncommonPower","floor":4},{"not_picked":["sneckomod:UnknownClassPURPLE+1","sneckomod:UnknownCommonSkill+1"],"picked":"sneckomod:UnknownRarePower+1","floor":5},{"not_picked":["sneckomod:SnakeSap","sneckomod:IronFang"],"picked":"sneckomod:Mudshield","floor":5},{"not_picked":["sneckomod:UnknownUncommonPower+1","sneckomod:UnknownClassPURPLE+1"],"picked":"sneckomod:UnknownDexterity+1","floor":6},{"not_picked":["sneckomod:UnknownVulnerable","sneckomod:UnknownClassPURPLE"],"picked":"sneckomod:QuickMove","floor":6},{"not_picked":["sneckomod:UnknownCommonSkill+1","sneckomod:UnknownClassRED+1"],"picked":"sneckomod:UnknownClassGUARDIAN+1","floor":9},{"not_picked":["sneckomod:Nope","sneckomod:UnknownUncommonSkill"],"picked":"sneckomod:Unknown0Cost","floor":9},{"not_picked":["sneckomod:UnknownCommonAttack+1","sneckomod:UnknownVulnerable+1"],"picked":"sneckomod:Unknown1Cost+1","floor":10},{"not_picked":["sneckomod:SoulRoll","sneckomod:UnknownVulnerable","sneckomod:DiceCrush"],"picked":"SKIP","floor":10},{"not_picked":["sneckomod:UnknownCommonSkill","sneckomod:DiceCrush"],"picked":"sneckomod:WideSting","floor":12},{"not_picked":["sneckomod:UnknownStrike","sneckomod:UnknownCommonSkill"],"picked":"sneckomod:SerpentIdol","floor":13},{"not_picked":["sneckomod:UnknownEthereal+1","sneckomod:UnknownClassPURPLE+1"],"picked":"sneckomod:UnknownRareAttack+1","floor":14},{"not_picked":["sneckomod:UnknownBlock","sneckomod:UnknownCommonSkill"],"picked":"sneckomod:SnakeSap","floor":14},{"not_picked":["sneckomod:CheapStock","sneckomod:SnakeSap"],"picked":"sneckomod:QuickMove","floor":15}],"player_experience":699294,"relics_obtained":[{"floor":1,"key":"aspiration:FetidBarrel"},{"floor":10,"key":"Thread and Needle"}],"event_choices":[],"is_beta":false,"boss_relics":[],"items_purged_floors":[4],"is_endless":false,"potions_floor_spawned":[3,6,12,15],"killed_by":"downfall:Silent","ascension_level":0}}