{"host":"qhn6g0owdgjb77rz","time":1610463780,"event":{"mods":["BaseMod","BetterRewards","Colored Map","Minty Spire (QoL Compilation)","Relic Sorter","Replay The Spire","StSLib"],"gold_per_floor":[113,125,144,144,164,164,192,192,192,212,212,45,45,59,59,134,134,154,165,165,80,80,80,112,112,136,153,166,166,194,223,235,324,336,361,428,196,153,0,28,28,28,28,45,77,77,96,96,96,96],"floor_reached":51,"playtime":2442,"items_purged":[],"score":1537,"play_id":"d6aee6fa-2736-421e-8dc5-2591701bba61","local_time":"20210113000300","is_ascension_mode":true,"campfire_choices":[{"data":"Combust","floor":6,"key":"SMITH"},{"data":"Fire Breathing","floor":8,"key":"SMITH"},{"data":"Wild Strike","floor":11,"key":"SMITH"},{"data":"True Grit","floor":15,"key":"SMITH"},{"data":"Rupture","floor":23,"key":"SMITH"},{"data":"Offering","floor":25,"key":"SMITH"},{"data":"Shockwave","floor":29,"key":"SMITH"},{"data":"Fire Breathing","floor":32,"key":"SMITH"},{"data":"Pommel Strike","floor":41,"key":"SMITH"},{"data":"Fire Breathing","floor":46,"key":"SMITH"},{"data":"Master of Strategy","floor":49,"key":"SMITH"}],"circlet_count":0,"master_deck":["AscendersBane","Strike_R+1","Strike_R+1","Strike_R+1","Strike_R+1","Strike_R+1","Defend_R+1","Defend_R+1","Defend_R+1","Defend_R+1","Bash","Combust+1","Evolve+1","Metallicize+1","Ghostly Armor","Fire Breathing+1","Wild Strike+1","Fire Breathing+1","Wild Strike","True Grit+1","Thunderclap","Hemogenesis","Clumsy","Regret","Shame","Fire Breathing+1","Amnesia","Rupture+1","Offering+1","Shockwave+1","Shrug It Off","Pommel Strike+1","Disarm","Berserk","Master of Strategy+1","Shrug It Off","Wild Strike+1","Offering+1","Hemokinesis+1","Fire Breathing+1"],"relics":["Burning Blood","ClockworkSouvenir","Replay:WaspNest","Blue Candle","Champion Belt","Mummified Hand","Lantern","Anchor","Replay:Ancient Bell","Replay:Rubber Ducky","Darkstone Periapt","Counterbalance","Ring of Searing","Replay:Bottled Flurry","Replay:Wax Seal","MawBank","Mark of Pain","Mango","Red Mask","White Beast Statue","Shuriken","Blood Vial"],"acts_visited":["Exordium","TheCity","TheBeyond"],"potions_floor_usage":[14,19,40,40,45,50,50],"damage_taken":[{"damage":4.0,"enemies":"Jaw Worm","floor":1.0,"turns":4.0},{"damage":2.0,"enemies":"Cultist","floor":2.0,"turns":3.0},{"damage":4.0,"enemies":"Small Slimes","floor":3.0,"turns":3.0},{"damage":12,"enemies":"Exordium Thugs","floor":5,"turns":4},{"damage":23,"enemies":"Lagavulin","floor":7,"turns":8},{"damage":2,"enemies":"Gremlin Gang","floor":10,"turns":4},{"damage":0,"enemies":"Looter","floor":14,"turns":1},{"damage":30,"enemies":"The Guardian","floor":16,"turns":6},{"damage":4,"enemies":"Chosen","floor":18,"turns":5},{"damage":13,"enemies":"Spheric Guardian","floor":19,"turns":4},{"damage":26,"enemies":"Replay:Snechameleon","floor":24,"turns":4},{"damage":19,"enemies":"Snecko","floor":27,"turns":3},{"damage":11,"enemies":"Cultist and Chosen","floor":28,"turns":3},{"damage":23,"enemies":"Gremlin Leader","floor":30,"turns":6},{"damage":14,"enemies":"Centurion and Healer","floor":31,"turns":3},{"damage":18,"enemies":"Champ","floor":33,"turns":5},{"damage":19,"enemies":"Orb Walker","floor":35,"turns":3},{"damage":12,"enemies":"2 Orb Walkers","floor":36,"turns":3},{"damage":25,"enemies":"Reptomancer","floor":40,"turns":4},{"damage":3,"enemies":"3 Darklings","floor":44,"turns":3},{"damage":36,"enemies":"Nemesis","floor":45,"turns":3},{"damage":16,"enemies":"Jaw Worm Horde","floor":47,"turns":3},{"damage":44,"enemies":"Replay:Hell Engine","floor":50,"turns":4}],"seed_played":"-7620502358699718498","potions_obtained":[{"floor":2.0,"key":"Dexterity Potion"},{"floor":3.0,"key":"Fire Potion"},{"floor":16,"key":"Regen Potion"},{"floor":18,"key":"Death Potion"},{"floor":30,"key":"Toxic Potion"},{"floor":35,"key":"LifebloodPotion"},{"floor":44,"key":"SkillPotion"},{"floor":45,"key":"Adrenaline Potion"},{"floor":47,"key":"Swift Potion"}],"is_trial":false,"path_per_floor":["M","M","M","?","M","R","E","R","T","M","R","$","?","M","R","B",null,"M","M","?","$","?","R","E","R","T","M","M","R","E","M","R","B",null,"M","?","$","$","?","E","R","?","T","M","E","R","M","?","R","B",null],"character_chosen":"IRONCLAD","items_purchased":["Combust","ClockworkSouvenir","Replay:WaspNest","Blue Candle","Evolve+1","Mummified Hand","Fire Breathing+1","Wild Strike","True Grit","Rupture","Master of Strategy","Shrug It Off","Wild Strike+1"],"campfire_rested":0,"item_purchase_floors":[0,0,0,0,0,0,12,12,12,21,37,37,38],"current_hp_per_floor":[70,74,75,75,69,69,52,52,52,56,56,56,45,51,51,27,81,83,90,96,96,96,96,83,83,83,70,78,78,78,83,83,94,98,85,93,93,93,93,74,74,74,74,77,47,47,48,93,93,70],"gold":96,"neow_bonus":"","is_daily":false,"chose_seed":false,"campfire_upgraded":11,"win_rate":0.0,"timestamp":1610463780,"path_taken":["M","M","M","?","?","R","E","R","T","M","R","?","?","?","R","BOSS","M","?","?","$","?","R","E","R","T","M","M","R","E","M","R","BOSS","M","?","?","$","?","E","R","?","T","?","E","R","M","?","R","BOSS"],"items_purchased_type":["Card","Relic","Relic","Relic","Card","Relic","Card","Card","Card","Card","Card","Card","Card"],"build_version":"2020-12-22","purchased_purges":0,"victory":true,"max_hp_per_floor":[75,75,75,75,75,75,75,75,75,75,75,75,75,75,75,75,93,93,93,99,99,99,99,99,99,99,99,99,99,99,99,99,99,99,99,113,113,113,113,113,113,113,113,113,113,113,113,93,93,93],"card_choices":[{"not_picked":["Run Through","Body Slam"],"picked":"Metallicize","floor":1.0},{"not_picked":["Seeing Red","Massacre","Abandon"],"picked":"SKIP","floor":2.0},{"not_picked":["Run Through","Replay:Undeath\u0027s Touch"],"picked":"Ghostly Armor","floor":3.0},{"not_picked":["Bloodletting","Dropkick"],"picked":"Fire Breathing","floor":5},{"not_picked":["Evolve","Entrench"],"picked":"Wild Strike","floor":7},{"not_picked":["Warcry","Whirlwind","Rampage"],"picked":"SKIP","floor":10},{"not_picked":["Reckless Charge","Twin Strike"],"picked":"Thunderclap","floor":14},{"not_picked":["Impervious","Double Tap"],"picked":"Hemogenesis","floor":16},{"not_picked":["ReplayTheSpireMod:Splinters","Amnesia"],"picked":"Clumsy","floor":17},{"not_picked":["Doubt","Spreading Infection"],"picked":"Regret","floor":17},{"not_picked":["Hallucinations","CurseOfTheBell"],"picked":"Shame","floor":17},{"not_picked":["Heavy Blade","ReplayTheSpireMod:LeadingStrike","Cleave"],"picked":"SKIP","floor":18},{"not_picked":["Body Slam","Headbutt"],"picked":"Fire Breathing","floor":19},{"not_picked":["Metallicize","Shrug It Off"],"picked":"Offering","floor":24},{"not_picked":["Inflame","Cleave"],"picked":"Shockwave","floor":27},{"not_picked":["Twin Strike","Cleave+1"],"picked":"Shrug It Off","floor":28},{"not_picked":["Flex+1","Havoc"],"picked":"Pommel Strike","floor":30},{"not_picked":["Flex","Iron Wave"],"picked":"Disarm","floor":31},{"not_picked":["Eclipse","Corruption"],"picked":"Berserk","floor":33},{"not_picked":["Perfected Strike+1","Life Link+1","Sword Boomerang"],"picked":"SKIP","floor":35},{"not_picked":["Body Slam","Ghostly Armor","Corruption"],"picked":"SKIP","floor":40},{"not_picked":["Headbutt","True Grit"],"picked":"Hemokinesis+1","floor":44},{"not_picked":["ReplayTheSpireMod:Strike From Hell","Armaments"],"picked":"Fire Breathing","floor":45},{"not_picked":["Clash","Flex+1","Perfected Strike"],"picked":"SKIP","floor":47}],"player_experience":456089,"relics_obtained":[{"floor":7,"key":"Lantern"},{"floor":9,"key":"Anchor"},{"floor":20,"key":"Ring of Searing"},{"floor":24,"key":"Replay:Bottled Flurry"},{"floor":26,"key":"Replay:Wax Seal"},{"floor":30,"key":"MawBank"},{"floor":36,"key":"Mango"},{"floor":40,"key":"White Beast Statue"},{"floor":43,"key":"Shuriken"},{"floor":45,"key":"Blood Vial"}],"event_choices":[{"damage_healed":0.0,"max_hp_gain":0.0,"max_hp_loss":0.0,"gold_gain":0.0,"event_name":"Upgrade Shrine","player_choice":"Upgraded","floor":4.0,"gold_loss":0.0,"damage_taken":0.0,"cards_upgraded":["Metallicize"]},{"damage_healed":0,"gold_gain":0,"player_choice":"Damaged","damage_taken":11,"max_hp_gain":0,"max_hp_loss":0,"event_name":"Wheel of Change","floor":13,"gold_loss":0},{"damage_healed":0,"gold_gain":0,"player_choice":"Simplicity","damage_taken":0,"max_hp_gain":0,"max_hp_loss":0,"event_name":"Back to Basics","floor":22,"gold_loss":0,"cards_upgraded":["Strike_R","Strike_R","Strike_R","Strike_R","Strike_R","Defend_R","Defend_R","Defend_R","Defend_R"]},{"damage_healed":0,"gold_gain":0,"player_choice":"Fight","damage_taken":0,"max_hp_gain":0,"max_hp_loss":0,"event_name":"Mysterious Sphere","floor":36,"gold_loss":0},{"damage_healed":0,"gold_gain":0,"player_choice":"Paid","damage_taken":0,"relics_obtained":["Red Mask"],"max_hp_gain":0,"max_hp_loss":0,"event_name":"Tomb of Lord Red Mask","floor":39,"gold_loss":153},{"damage_healed":0,"gold_gain":0,"player_choice":"Copied","damage_taken":0,"max_hp_gain":0,"max_hp_loss":0,"event_name":"Duplicator","floor":42,"gold_loss":0,"cards_obtained":["Offering"]},{"damage_healed":93,"gold_gain":0,"player_choice":"Heal","damage_taken":0,"max_hp_gain":0,"max_hp_loss":20,"event_name":"The Moai Head","floor":48,"gold_loss":0}],"is_beta":false,"boss_relics":[{"not_picked":["Replay:Bronze Core","Empty Cage"],"picked":"Replay:Ancient Bell"},{"not_picked":["Smiling Mask","Pen Nib"],"picked":"Replay:Rubber Ducky"},{"not_picked":["Iron Hammer","Chameleon Ring"],"picked":"Darkstone Periapt"},{"not_picked":["Calipers","StoneCalendar"],"picked":"Counterbalance"},{"not_picked":["ReplayTheSpireMod:DimensionalGlitch","Sozu"],"picked":"Mark of Pain"}],"items_purged_floors":[],"is_endless":false,"potions_floor_spawned":[2,3,7,10,16,18,30,31,35,36,44,45,47],"ascension_level":16}}