{"host":"rolltorest","time":1610415248,"event":{"mods":["BaseMod","Minty Spire (QoL Compilation)","Relic Stats","Slay the Relics Exporter","StSLib","The Bladedancer"],"gold_per_floor":[118,128,128,403,55,82,100,250,250,278,296,296,296,296],"floor_reached":13,"playtime":677,"items_purged":["Regret"],"score":167,"play_id":"89fca817-0aba-421f-991a-74bbfa74231e","local_time":"20210111173408","is_ascension_mode":true,"campfire_choices":[{"floor":12,"key":"REST"}],"circlet_count":0,"master_deck":["AscendersBane","blademaster:Strike","blademaster:Strike","blademaster:Strike","blademaster:Strike","blademaster:Defend","blademaster:Defend","blademaster:Defend","blademaster:RagingBlow","blademaster:HighVoltage","blademaster:DaggerAndCloak","blademaster:Frontflip","blademaster:ThunderSlash","blademaster:DragonStrike","blademaster:DeadlyDance","Doubt","blademaster:Slice","blademaster:Gust"],"relics":["blademaster:DancersAmulet","Juzu Bracelet","Bag of Preparation","The Courier","Nunchaku","Strawberry"],"acts_visited":["Exordium"],"potions_floor_usage":[10,10,13],"damage_taken":[{"damage":2,"enemies":"Jaw Worm","floor":1,"turns":3},{"damage":0,"enemies":"Small Slimes","floor":2,"turns":3},{"damage":23,"enemies":"3 Sentries","floor":6,"turns":10},{"damage":0,"enemies":"Cultist","floor":7,"turns":3},{"damage":22,"enemies":"Gremlin Nob","floor":10,"turns":4},{"damage":6,"enemies":"Looter","floor":11,"turns":3},{"damage":32,"enemies":"Lagavulin","floor":13,"turns":10}],"seed_played":"7682346102917372642","potions_obtained":[{"floor":1,"key":"BlessingOfTheForge"},{"floor":6,"key":"Energy Potion"},{"floor":10,"key":"FearPotion"}],"is_trial":false,"path_per_floor":["M","M","?","?","$","E","M","?","T","E","M","R","E"],"character_chosen":"THE_BLADEMASTER","items_purchased":["Bag of Preparation","blademaster:ThunderSlash","blademaster:DragonStrike"],"campfire_rested":1,"item_purchase_floors":[5,5,5],"current_hp_per_floor":[62,62,55,55,55,32,32,32,32,17,11,34,2,2],"gold":296,"neow_bonus":"RANDOM_COMMON_RELIC","is_daily":false,"chose_seed":false,"campfire_upgraded":0,"win_rate":0.0,"timestamp":1610415248,"path_taken":["M","M","?","?","$","E","M","?","T","E","M","R","E"],"items_purchased_type":["Relic","Card","Card"],"build_version":"2020-12-18","purchased_purges":1,"victory":false,"max_hp_per_floor":[71,71,71,71,71,71,71,71,71,78,78,78,78,78],"relic_stats":{"Nunchaku":[3],"counters":[7,36],"Juzu Bracelet":1,"Bag of Preparation":[10],"obtain_stats":[{"Nunchaku":9,"Strawberry":10,"blademaster:BleedingMoreDamagePerk":10,"The Courier":6,"Juzu Bracelet":0,"Bag of Preparation":5,"blademaster:FinisherDrawCardPerk":6,"blademaster:DancersAmulet":0},{"Nunchaku":4,"Strawberry":5,"blademaster:BleedingMoreDamagePerk":5,"The Courier":3,"Juzu Bracelet":0,"Bag of Preparation":2,"blademaster:FinisherDrawCardPerk":3,"blademaster:DancersAmulet":0},{"Nunchaku":19,"Strawberry":23,"blademaster:BleedingMoreDamagePerk":23,"The Courier":16,"Juzu Bracelet":0,"Bag of Preparation":6,"blademaster:FinisherDrawCardPerk":16,"blademaster:DancersAmulet":0}]},"card_choices":[{"not_picked":["blademaster:AspectOfLightning","blademaster:CullingStrike"],"picked":"blademaster:DaggerAndCloak","floor":1},{"not_picked":["blademaster:Stormstrike","blademaster:Stability"],"picked":"blademaster:Frontflip","floor":2},{"not_picked":["blademaster:BloodyBlow","blademaster:Meditate","blademaster:AncestralHealing"],"picked":"SKIP","floor":6},{"not_picked":["blademaster:CombatPrep","blademaster:AwakeningDefend"],"picked":"blademaster:DeadlyDance","floor":7},{"not_picked":["blademaster:Discharge","blademaster:ThunderSlash"],"picked":"blademaster:Slice","floor":10},{"not_picked":["blademaster:AspectOfWind","blademaster:DaggerAndCloak"],"picked":"blademaster:Gust","floor":11}],"player_experience":1760905,"relics_obtained":[{"floor":6,"key":"The Courier"},{"floor":6,"key":"blademaster:FinisherDrawCardPerk"},{"floor":9,"key":"Nunchaku"},{"floor":10,"key":"Strawberry"},{"floor":10,"key":"blademaster:BleedingMoreDamagePerk"}],"event_choices":[{"cards_removed":["blademaster:Defend"],"damage_healed":0,"gold_gain":0,"player_choice":"Card Removal","damage_taken":7,"max_hp_gain":0,"max_hp_loss":0,"event_name":"Golden Wing","floor":3,"gold_loss":0},{"damage_healed":0,"gold_gain":275,"player_choice":"Desecrate","damage_taken":0,"max_hp_gain":0,"max_hp_loss":0,"event_name":"Golden Shrine","floor":4,"gold_loss":0,"cards_obtained":["Regret"]},{"damage_healed":0,"gold_gain":150,"player_choice":"AGREE","damage_taken":0,"max_hp_gain":0,"max_hp_loss":0,"event_name":"Liars Game","floor":8,"gold_loss":0,"cards_obtained":["Doubt"]}],"is_beta":true,"boss_relics":[],"items_purged_floors":[5],"is_endless":false,"potions_floor_spawned":[1,6,10],"killed_by":"Lagavulin","ascension_level":16}}