{"host":"me6mz5vfpl3z3a3z","time":1610441750,"event":{"mods":["ATMod(°¢èªMod)","Act Like it!","Aspiration","BaseMod","CapriCore","Downfall","Energized Spire","Friendly Minions","Gensokyo","Hallownest","Koishi","Luminous","Marisa£¨ìFÓê¡¡Ä§ÀíÉ³£©","Minty Spire (QoL Compilation)","Reimu£¨²©ÀöÁéÃÎ£©","RumiaBox-Â¶Ã×æ«µÄÉñÃØºÐ×Ó","Spicy Shops","StSLib","The Alterego","The Blackbeard","The Bug Knight","The Cursed","The Gatherer","The Runesmith","The Showman","Yakumo Yukari mod","Yuyuko","[IsaacMod]ÒÔÈö¼âËþ","¡¾¹¦ÄÜMod¡¿»ìãçÖ®»·ÐÞ¸´²¹¶¡"],"gold_per_floor":[99,99,99,99,99,99,122,136,136,136,155,173,173,188,205,308,308,308,325,410,420,440,440,488,520,532,482,496,108,120,197,216,315,315,315,328,345,284,335,335,335,347,357,386,401,420,420,124,134,134],"floor_reached":51,"playtime":3219,"items_purged":["blackbeard:BlackbeardStrike","blackbeard:BlackbeardStrike","blackbeard:BlackbeardDefend"],"score":818,"play_id":"a6400861-bd4d-4169-bab8-26bafb6219d0","local_time":"20210112165550","is_ascension_mode":false,"campfire_choices":[{"floor":1,"key":"RECALL"},{"data":"blackbeard:CannonBarrage","floor":6,"key":"SMITH"},{"data":"blackbeard:BeatUp","floor":10,"key":"SMITH"},{"data":"AT_ShrugMaster","floor":13,"key":"SMITH"},{"data":"blackbeard:FinalBarrage","floor":18,"key":"SMITH"},{"floor":35,"key":"REST"},{"floor":47,"key":"REST"}],"circlet_count":0,"master_deck":["blackbeard:BlackbeardStrike","blackbeard:BlackbeardStrike","blackbeard:IntimidatingStrike","blackbeard:BlackbeardDefend","blackbeard:BlackbeardDefend","blackbeard:BlackbeardDefend","blackbeard:Cutlass","AT_ShrugMaster+1","blackbeard:CannonBarrage+1","blackbeard:Spear","blackbeard:BeatUp+1","blackbeard:Upgrade","blackbeard:FinalBarrage+1","blackbeard:RemoveScurvy","blackbeard:BoostMorale","blackbeard:PirateStrength","blackbeard:CatONineTails+1","blackbeard:PirateStrength","blackbeard:BoostMorale","blackbeard:CaptainsCabin+1","blackbeard:InfiniteBarrage","blackbeard:FinalBarrage","expansioncontent:DecasProtection","blackbeard:PirateStrength","blackbeard:BrownPants","blackbeard:CloakAndCannonball","blackbeard:WiseDefense+1"],"relics":["blackbeard:LoadTheCannons","HushsDoor","AT_ATBox","BookofShadows","downfall:HeartsMalice","energizedSpire:MagnifyingGlass","Anchor","RuthlessExorcism:ReiMu","TheAbacus","Tea:ReiMu","Fusion Hammer","Strange Spoon","Runesmith:Locket","PreservedInsect","MagicDraw2","TheBean","NineVolt"],"acts_visited":["Exordium","TheCity","TheBeyond"],"potions_floor_usage":[16,26,38,50,50],"damage_taken":[{"damage":0,"enemies":"Small Slimes","floor":2,"turns":1},{"damage":0,"enemies":"downfall:FleeingMerchant","floor":4,"turns":1},{"damage":0,"enemies":"Cultist","floor":5,"turns":1},{"damage":1,"enemies":"2 Louse","floor":8,"turns":2},{"damage":9,"enemies":"Large Slime","floor":11,"turns":4},{"damage":13,"enemies":"Red Slaver","floor":12,"turns":2},{"damage":7,"enemies":"Blue Slaver","floor":14,"turns":3},{"damage":7,"enemies":"Exordium Thugs","floor":15,"turns":3},{"damage":0,"enemies":"downfall:Ironclad","floor":16,"turns":6},{"damage":0,"enemies":"3 Byrds","floor":19,"turns":4},{"damage":13,"enemies":"Centurion and Healer","floor":21,"turns":4},{"damage":10,"enemies":"Shelled Parasite and Fungi","floor":22,"turns":4},{"damage":8,"enemies":"HollowMod:Nosk","floor":25,"turns":5},{"damage":0,"enemies":"Cultist and Chosen","floor":26,"turns":3},{"damage":11,"enemies":"Snecko","floor":28,"turns":5},{"damage":0,"enemies":"downfall:FleeingMerchant","floor":29,"turns":4},{"damage":5,"enemies":"3 Cultists","floor":30,"turns":4},{"damage":14,"enemies":"Shelled Parasite and Fungi","floor":32,"turns":3},{"damage":0,"enemies":"downfall:Defect","floor":33,"turns":5},{"damage":0,"enemies":"3 Darklings","floor":36,"turns":4},{"damage":14,"enemies":"3 Shapes","floor":37,"turns":2},{"damage":10,"enemies":"downfall:FleeingMerchant","floor":38,"turns":4},{"damage":26,"enemies":"2 Orb Walkers","floor":39,"turns":4},{"damage":0,"enemies":"Writhing Mass","floor":42,"turns":5},{"damage":0,"enemies":"Transient","floor":43,"turns":5},{"damage":11,"enemies":"HollowMod:StalkingDevout","floor":44,"turns":5},{"damage":0,"enemies":"4 Shapes","floor":45,"turns":3},{"damage":21,"enemies":"Jaw Worm Horde","floor":46,"turns":3},{"damage":6,"enemies":"Sphere and 2 Shapes","floor":49,"turns":4},{"damage":36,"enemies":"downfall:Silent","floor":50,"turns":4}],"seed_played":"-6354615046177626348","potions_obtained":[{"floor":8,"key":"Regen Potion"},{"floor":14,"key":"blackbeard:OrangeJuicePotion"},{"floor":15,"key":"Swift Potion"},{"floor":22,"key":"ColorlessPotion"},{"floor":25,"key":"AttackPotion"},{"floor":28,"key":"blackbeard:OrangeJuicePotion"},{"floor":32,"key":"CultistPotion"},{"floor":42,"key":"FearPotion"}],"is_trial":false,"path_per_floor":["R","M","?","$","M","R","T","M","?","R","M","M","R","M","M","B",null,"R","M","?","M","M","?","T","E","M","?","M","$","M","T","M","B",null,"R","M","M","$","?","?","T","M","M","E","M","M","R","$","M","B",null],"character_chosen":"BLACKBEARD_CLASS","items_purchased":["blackbeard:PirateStrength","TheAbacus","blackbeard:BoostMorale","expansioncontent:DecasProtection","Strange Spoon","TheBean","NineVolt"],"campfire_rested":2,"item_purchase_floors":[17,29,29,34,38,48,48],"current_hp_per_floor":[75,75,75,75,75,75,75,74,74,74,65,52,52,45,38,46,71,71,71,63,55,45,45,45,42,47,71,65,65,60,60,46,46,69,69,69,55,50,29,36,36,36,41,40,40,19,39,39,38,15],"gold":134,"neow_bonus":"THREE_ENEMY_KILL","is_daily":false,"chose_seed":false,"campfire_upgraded":4,"win_rate":0.0,"timestamp":1610441750,"path_taken":["R","M","?","$","M","R","T","?","?","R","M","M","R","M","M","BOSS","R","M","?","M","M","?","T","E","?","?","M","$","M","?","M","BOSS","R","M","M","$","?","?","T","M","?","E","M","M","R","$","M","BOSS"],"items_purchased_type":["Card","Relic","Card","Card","Relic","Relic","Relic"],"build_version":"2020-12-22","purchased_purges":3,"victory":true,"max_hp_per_floor":[75,75,75,75,75,75,75,75,75,75,75,75,75,75,75,75,71,71,71,71,71,71,71,71,71,71,71,71,71,71,71,71,71,69,69,69,69,69,69,69,69,69,69,69,69,69,69,69,69,69],"card_choices":[{"not_picked":["blackbeard:SwordDance","blackbeard:DeadlyArsenal"],"picked":"blackbeard:CannonBarrage","floor":2},{"not_picked":["blackbeard:GhostInTheRum","blackbeard:Toast"],"picked":"blackbeard:Spear","floor":4},{"not_picked":["blackbeard:Fencing","blackbeard:ChaoticDefense"],"picked":"blackbeard:BeatUp","floor":5},{"not_picked":["blackbeard:VengefulSpirit","blackbeard:SwordDance","blackbeard:ArmorUp"],"picked":"SKIP","floor":8},{"not_picked":["blackbeard:GoldenStrike","blackbeard:Sharpening"],"picked":"blackbeard:Upgrade","floor":11},{"not_picked":["blackbeard:Toast","blackbeard:PirateHook","blackbeard:TacticalRetreat"],"picked":"SKIP","floor":12},{"not_picked":["Bomb","blackbeard:BeatUp"],"picked":"blackbeard:FinalBarrage","floor":14},{"not_picked":["blackbeard:BlindAttacks","blackbeard:GoldenStrike"],"picked":"blackbeard:RemoveScurvy","floor":15},{"not_picked":["blackbeard:Parrot","blackbeard:HumongousCannonball"],"picked":"blackbeard:BoostMorale","floor":16},{"not_picked":["blackbeard:Sharpening","blackbeard:PiratesWill","blackbeard:Dagger"],"picked":"SKIP","floor":19},{"not_picked":["blackbeard:BeatUp","blackbeard:Fencing","blackbeard:Shrapnel"],"picked":"SKIP","floor":21},{"not_picked":["blackbeard:Boarding+1","blackbeard:BlindAttacks","blackbeard:Bandana"],"picked":"SKIP","floor":22},{"not_picked":["blackbeard:SwordDance","blackbeard:GoldenDefense","blackbeard:Scrap+1"],"picked":"SKIP","floor":25},{"not_picked":["blackbeard:Shrapnel","blackbeard:FieryDefense","blackbeard:BeatUp"],"picked":"SKIP","floor":26},{"not_picked":["blackbeard:PirateHook","blackbeard:JollyRoger"],"picked":"blackbeard:CatONineTails+1","floor":28},{"not_picked":["blackbeard:Provisioning","blackbeard:Toast+1"],"picked":"blackbeard:PirateStrength","floor":29},{"not_picked":["blackbeard:Sword","blackbeard:CloakAndCannonball"],"picked":"blackbeard:CaptainsCabin+1","floor":30},{"not_picked":["blackbeard:DangerousBlow","blackbeard:Revenge"],"picked":"blackbeard:InfiniteBarrage","floor":32},{"not_picked":["blackbeard:CaptainsHat","blackbeard:ReapersScythe"],"picked":"blackbeard:FinalBarrage","floor":33},{"not_picked":["blackbeard:FieryDefense","blackbeard:GoldenDefense+1","blackbeard:BlindAttacks+1"],"picked":"SKIP","floor":36},{"not_picked":["blackbeard:FieryDefense+1","blackbeard:Recklessness","blackbeard:DelayedPain"],"picked":"SKIP","floor":37},{"not_picked":["blackbeard:GoldenStrike+1","blackbeard:Fencing","blackbeard:Spear"],"picked":"SKIP","floor":38},{"not_picked":["blackbeard:Toast+1","blackbeard:GhostInTheRum+1"],"picked":"blackbeard:PirateStrength","floor":39},{"not_picked":["blackbeard:WiseDefense","blackbeard:GoldenStrike+1","blackbeard:Sharpening+1"],"picked":"SKIP","floor":42},{"not_picked":["blackbeard:GoldenDefense+1","blackbeard:Spear+1"],"picked":"blackbeard:BrownPants","floor":43},{"not_picked":["blackbeard:Dagger","blackbeard:PowerHungry"],"picked":"blackbeard:CloakAndCannonball","floor":44},{"not_picked":["blackbeard:BeatUp+1","blackbeard:Sharpening","blackbeard:Spear"],"picked":"SKIP","floor":45},{"not_picked":["blackbeard:Boarding+1","blackbeard:Spear+1","blackbeard:Provisioning"],"picked":"SKIP","floor":46},{"not_picked":["blackbeard:BlindAttacks","blackbeard:FieryDefense"],"picked":"blackbeard:WiseDefense+1","floor":49}],"player_experience":433729,"relics_obtained":[{"floor":24,"key":"Anchor"},{"floor":25,"key":"RuthlessExorcism:ReiMu"},{"floor":31,"key":"Tea:ReiMu"},{"floor":39,"key":"Runesmith:Locket"},{"floor":41,"key":"PreservedInsect"},{"floor":44,"key":"MagicDraw2"}],"event_choices":[{"damage_healed":0,"gold_gain":0,"player_choice":"Ignored","damage_taken":0,"max_hp_gain":0,"max_hp_loss":0,"event_name":"Ghosts","floor":23,"gold_loss":0},{"damage_healed":0,"gold_gain":0,"player_choice":"Fight","damage_taken":0,"max_hp_gain":0,"max_hp_loss":0,"event_name":"Mysterious Sphere","floor":39,"gold_loss":0}],"is_beta":false,"boss_relics":[{"not_picked":["aspiration:RunicSpoon","energizedSpire:StickyHand"],"picked":"energizedSpire:MagnifyingGlass"},{"not_picked":[]},{"not_picked":["Snecko Eye","MagicMushroom"],"picked":"Fusion Hammer"},{"not_picked":[]}],"items_purged_floors":[29,38,38],"is_endless":false,"potions_floor_spawned":[8,14,15,22,25,28,32,42,44,46],"ascension_level":0}}