{"host":"0vlubjftylzdr3ny","time":1610411076,"event":{"mods":["Always Whale","BaseMod","GifTheSpireLib","Minty Spire (QoL Compilation)","Relic Filter","StSLib","Stuff the Spire"],"gold_per_floor":[110,121,71,71,82,109,109,142,142,176,195,195,195,207,207,312,312,322,322,322,338,24,24,52,151,151,177,26,37,37,52,52,147,147,166,183,194,208,10,10,37,87,157,190,203,203,203,223,223,223],"floor_reached":51,"playtime":1738,"items_purged":["Strike_G","Strike_G","Underhanded Strike+1"],"score":880,"play_id":"470d8866-414f-4098-802f-e3de553451bf","local_time":"20210112012436","is_ascension_mode":true,"campfire_choices":[{"data":"Dagger Spray","floor":7,"key":"SMITH"},{"data":"Neutralize","floor":12,"key":"SMITH"},{"data":"Backflip","floor":15,"key":"SMITH"},{"data":"Cloak And Dagger","floor":23,"key":"SMITH"},{"data":"Finisher","floor":30,"key":"SMITH"},{"data":"Cloak And Dagger","floor":32,"key":"SMITH"},{"data":"A Thousand Cuts","floor":40,"key":"SMITH"},{"data":"Survivor","floor":46,"key":"SMITH"},{"data":"Defend_G","floor":49,"key":"SMITH"}],"circlet_count":0,"master_deck":["Strike_G+1","Defend_G","Defend_G+1","Survivor+1","Neutralize+1","Dramatic Entrance","Backstab","Dagger Spray+1","Backflip+1","Finisher+1","Noxious Fumes+1","Cloak And Dagger+1","StuffTheSpire:Brawn","Cloak And Dagger+1","A Thousand Cuts+1","After Image+1","Cloak And Dagger+1","StuffTheSpire:Shiver","Terror"],"relics":["Ring of the Snake","Pantograph","StuffTheSpire:WitherSkull","StuffTheSpire:DarkSteelAnvil","Incense Burner","Busted Crown","StuffTheSpire:CocoNut","Omamori","Bronze Scales","InkBottle","Astrolabe","StuffTheSpire:Rhapsscallions","The Specimen","The Courier","Oddly Smooth Stone"],"acts_visited":["Exordium","TheCity","TheBeyond"],"potions_floor_usage":[8,14,27,50,50,50],"damage_taken":[{"damage":0,"enemies":"Jaw Worm","floor":1,"turns":3},{"damage":0,"enemies":"Cultist","floor":2,"turns":3},{"damage":0,"enemies":"2 Louse","floor":5,"turns":2},{"damage":24,"enemies":"Gremlin Nob","floor":6,"turns":5},{"damage":6,"enemies":"Lagavulin","floor":8,"turns":5},{"damage":4,"enemies":"3 Sentries","floor":10,"turns":6},{"damage":0,"enemies":"Exordium Wildlife","floor":11,"turns":1},{"damage":0,"enemies":"2 Fungi Beasts","floor":14,"turns":1},{"damage":10,"enemies":"Slime Boss","floor":16,"turns":6},{"damage":2,"enemies":"Chosen","floor":18,"turns":3},{"damage":0,"enemies":"3 Byrds","floor":21,"turns":2},{"damage":1,"enemies":"Book of Stabbing","floor":24,"turns":2},{"damage":0,"enemies":"Gremlin Leader","floor":27,"turns":4},{"damage":0,"enemies":"Shelled Parasite and Fungi","floor":29,"turns":2},{"damage":0,"enemies":"Centurion and Healer","floor":31,"turns":1},{"damage":9,"enemies":"Champ","floor":33,"turns":3},{"damage":16,"enemies":"3 Darklings","floor":35,"turns":3},{"damage":0,"enemies":"Orb Walker","floor":36,"turns":1},{"damage":0,"enemies":"3 Darklings","floor":37,"turns":2},{"damage":0,"enemies":"Jaw Worm Horde","floor":38,"turns":2},{"damage":0,"enemies":"Nemesis","floor":41,"turns":3},{"damage":0,"enemies":"Mind Bloom Boss Battle","floor":42,"turns":3},{"damage":0,"enemies":"Reptomancer","floor":44,"turns":3},{"damage":0,"enemies":"4 Shapes","floor":45,"turns":2},{"damage":0,"enemies":"Transient","floor":48,"turns":5},{"damage":17,"enemies":"Time Eater","floor":50,"turns":7}],"seed_played":"3724789414153725129","potions_obtained":[{"floor":1,"key":"Strength Potion"},{"floor":10,"key":"Explosive Potion"},{"floor":14,"key":"EssenceOfSteel"},{"floor":16,"key":"Swift Potion"},{"floor":18,"key":"LiquidMemories"},{"floor":21,"key":"Regen Potion"},{"floor":33,"key":"PowerPotion"}],"is_trial":false,"path_per_floor":["M","M","?","?","M","E","R","E","T","E","M","R","?","M","R","B",null,"M","?","?","M","$","R","E","?","T","E","$","M","R","M","R","B",null,"M","M","M","M","$","R","E","?","T","E","M","R","?","M","R","B",null],"character_chosen":"THE_SILENT","items_purchased":["StuffTheSpire:CocoNut","Strength Potion","StuffTheSpire:Shiver"],"campfire_rested":0,"item_purchase_floors":[22,28,39],"current_hp_per_floor":[70,70,70,70,70,46,46,40,40,36,36,36,22,22,22,37,70,68,51,51,51,58,58,57,57,57,57,57,57,57,57,57,68,77,61,61,61,61,61,61,64,80,80,80,80,80,80,80,80,77],"gold":223,"neow_bonus":"RANDOM_COLORLESS","is_daily":false,"chose_seed":false,"campfire_upgraded":9,"win_rate":0.0,"timestamp":1610411076,"path_taken":["M","M","?","?","M","E","R","E","T","E","?","R","?","M","R","BOSS","M","?","?","M","?","R","E","?","T","E","$","?","R","M","R","BOSS","M","?","M","M","$","R","E","?","T","E","M","R","?","M","R","BOSS"],"items_purchased_type":["Relic","Potion","Card"],"build_version":"2020-12-22","purchased_purges":3,"victory":true,"max_hp_per_floor":[70,70,70,70,70,70,70,70,70,70,70,70,70,70,70,70,70,70,70,70,70,77,77,77,77,77,77,77,77,77,77,77,77,77,77,77,77,77,77,77,80,80,80,80,80,80,80,80,80,80],"card_choices":[{"not_picked":["PanicButton","StuffTheSpire:PlasmaPunch"],"picked":"Dramatic Entrance","floor":0},{"not_picked":["Bane","Outmaneuver"],"picked":"Blade Dance","floor":1},{"not_picked":["Acrobatics","StuffTheSpire:Injection"],"picked":"Backstab","floor":2},{"not_picked":["StuffTheSpire:Repulse","Calculated Gamble"],"picked":"Dagger Spray","floor":5},{"not_picked":["Deflect","StuffTheSpire:ClusterCrunch"],"picked":"Backflip","floor":6},{"not_picked":["Distraction","Doppelganger"],"picked":"Finisher","floor":8},{"not_picked":["PiercingWail","StuffTheSpire:BumpUp"],"picked":"Noxious Fumes","floor":10},{"not_picked":["Outmaneuver","Heel Hook","StuffTheSpire:BumpUp"],"picked":"SKIP","floor":11},{"not_picked":["Infinite Blades","StuffTheSpire:Shiver"],"picked":"Cloak And Dagger","floor":14},{"not_picked":[],"picked":"Blade Dance+1","floor":18},{"not_picked":["Dagger Spray"],"picked":"SKIP","floor":21},{"not_picked":["Bullet Time"],"picked":"SKIP","floor":24},{"not_picked":["Setup"],"picked":"SKIP","floor":27},{"not_picked":["Prepared"],"picked":"SKIP","floor":29},{"not_picked":["StuffTheSpire:Python+1"],"picked":"SKIP","floor":31},{"not_picked":[],"picked":"A Thousand Cuts","floor":33},{"not_picked":["Quick Slash"],"picked":"SKIP","floor":35},{"not_picked":["Poisoned Stab"],"picked":"SKIP","floor":36},{"not_picked":["StuffTheSpire:BumpUp+1"],"picked":"SKIP","floor":37},{"not_picked":["Sucker Punch+1"],"picked":"SKIP","floor":38},{"not_picked":["Deflect"],"picked":"SKIP","floor":41},{"not_picked":["Deflect"],"picked":"SKIP","floor":44},{"not_picked":[],"picked":"Terror","floor":45},{"not_picked":["Crippling Poison"],"picked":"SKIP","floor":48}],"player_experience":822495,"relics_obtained":[{"floor":6,"key":"Pantograph"},{"floor":8,"key":"StuffTheSpire:WitherSkull"},{"floor":9,"key":"StuffTheSpire:DarkSteelAnvil"},{"floor":10,"key":"Incense Burner"},{"floor":24,"key":"Omamori"},{"floor":26,"key":"Bronze Scales"},{"floor":27,"key":"InkBottle"},{"floor":41,"key":"StuffTheSpire:Rhapsscallions"},{"floor":42,"key":"The Specimen"},{"floor":43,"key":"The Courier"},{"floor":44,"key":"Oddly Smooth Stone"}],"event_choices":[{"cards_removed":["Strike_G"],"damage_healed":0,"gold_gain":0,"player_choice":"Card Removal","damage_taken":0,"max_hp_gain":0,"max_hp_loss":0,"event_name":"The Cleric","floor":3,"gold_loss":50},{"cards_removed":["Defend_G"],"damage_healed":0,"gold_gain":0,"player_choice":"Purged","damage_taken":0,"max_hp_gain":0,"max_hp_loss":0,"event_name":"Purifier","floor":4,"gold_loss":0},{"damage_healed":0,"gold_gain":0,"player_choice":"Entered Light","damage_taken":14,"max_hp_gain":0,"max_hp_loss":0,"event_name":"Shining Light","floor":13,"gold_loss":0,"cards_upgraded":["Strike_G","Noxious Fumes"]},{"damage_healed":0,"gold_gain":0,"player_choice":"Read","damage_taken":0,"max_hp_gain":0,"max_hp_loss":0,"event_name":"The Library","floor":20,"gold_loss":0,"cards_obtained":["Cloak And Dagger"]},{"damage_healed":0,"gold_gain":99,"player_choice":"Stole From Cult","damage_taken":0,"max_hp_gain":0,"max_hp_loss":0,"event_name":"Nest","floor":25,"gold_loss":0},{"damage_healed":0,"gold_gain":0,"player_choice":"Fight","damage_taken":0,"max_hp_gain":0,"max_hp_loss":0,"event_name":"MindBloom","floor":42,"gold_loss":0},{"cards_removed":["Blade Dance"],"damage_healed":0,"gold_gain":0,"player_choice":"Removed Skill","damage_taken":0,"max_hp_gain":0,"max_hp_loss":0,"event_name":"Falling","floor":47,"gold_loss":0}],"is_beta":false,"boss_relics":[{"not_picked":["Fusion Hammer","Velvet Choker"],"picked":"Busted Crown"},{"not_picked":["Cursed Key","Ring of the Serpent"],"picked":"Astrolabe"}],"items_purged_floors":[22,28,39],"is_endless":false,"potions_floor_spawned":[1,10,14,16,18,21,29,33,36,38,42,44,45],"ascension_level":1}}