{"host":"981nlwu0905dw1bz","time":1610466674,"event":{"mods":["AchievementEnabler","BaseMod","DeckTracker","Minty Spire (QoL Compilation)","Rare Cards Sparkle","SuperFastMode"],"gold_per_floor":[114,114,114,129,129,157,157,157,157,157,157,177,192,192,192,192,192],"floor_reached":16,"playtime":264,"items_purged":[],"score":191,"play_id":"7f08d0dd-34f8-4550-81b2-167f06b3749d","local_time":"20210113005114","is_ascension_mode":true,"campfire_choices":[{"data":"Deadly Poison","floor":7.0,"key":"SMITH"},{"data":"Backflip","floor":11.0,"key":"SMITH"},{"data":"Crippling Poison","floor":15.0,"key":"SMITH"}],"circlet_count":0,"master_deck":["AscendersBane","Strike_G","Strike_G","Strike_G","Strike_G","Defend_G","Defend_G","Defend_G","Defend_G","Defend_G","Survivor","Neutralize","Backflip+1","Deadly Poison+1","Cloak And Dagger","Crippling Poison+1"],"relics":["Ring of the Snake","NeowsBlessing","Question Card","Happy Flower","Akabeko"],"acts_visited":["Exordium"],"potions_floor_usage":[],"damage_taken":[{"damage":0.0,"enemies":"2 Louse","floor":1.0,"turns":1.0},{"damage":0.0,"enemies":"Small Slimes","floor":4.0,"turns":1.0},{"damage":0.0,"enemies":"Gremlin Nob","floor":6.0,"turns":1.0},{"damage":0.0,"enemies":"Cultist","floor":12.0,"turns":3.0},{"damage":0.0,"enemies":"Lots of Slimes","floor":13.0,"turns":5.0},{"damage":66,"enemies":"Slime Boss","floor":16,"turns":10}],"seed_played":"-234649960781262881","potions_obtained":[{"floor":1.0,"key":"Block Potion"},{"floor":4.0,"key":"Fruit Juice"}],"is_trial":false,"path_per_floor":["M","?","$","M","$","E","R","?","T","?","R","M","M","?","R","B"],"character_chosen":"THE_SILENT","items_purchased":[],"campfire_rested":0,"item_purchase_floors":[],"current_hp_per_floor":[63,63,63,63,63,63,63,56,56,56,56,61,61,61,61,0,0],"gold":192,"neow_bonus":"THREE_ENEMY_KILL","is_daily":false,"chose_seed":false,"campfire_upgraded":3,"win_rate":0.0,"timestamp":1610466674,"path_taken":["M","?","$","M","$","E","R","?","T","?","R","M","M","?","R","BOSS"],"items_purchased_type":[],"build_version":"2020-12-22","purchased_purges":0,"victory":false,"max_hp_per_floor":[70,70,70,70,70,70,70,70,70,70,70,75,75,75,75,75,75],"card_choices":[{"not_picked":["Choke","Bane"],"picked":"Backflip","floor":1.0},{"not_picked":["Footwork","Poisoned Stab"],"picked":"Deadly Poison","floor":4.0},{"not_picked":["Heel Hook","Infinite Blades","Deflect"],"picked":"SKIP","floor":6.0},{"not_picked":["Dodge and Roll","Quick Slash","Heel Hook"],"picked":"Cloak And Dagger","floor":12.0},{"not_picked":["Dagger Spray","Dagger Throw","Grand Finale"],"picked":"Crippling Poison","floor":13.0}],"player_experience":543684,"relics_obtained":[{"floor":6.0,"key":"Question Card"},{"floor":9.0,"key":"Akabeko"}],"event_choices":[{"damage_healed":0.0,"max_hp_gain":0.0,"max_hp_loss":0.0,"gold_gain":0.0,"event_name":"Golden Wing","player_choice":"Ignored","floor":2.0,"gold_loss":0.0,"damage_taken":0.0},{"damage_healed":0.0,"max_hp_gain":0.0,"max_hp_loss":0.0,"gold_gain":0.0,"event_name":"Scrap Ooze","player_choice":"Success","floor":8.0,"gold_loss":0.0,"damage_taken":7.0,"relics_obtained":["Happy Flower"]},{"damage_healed":0.0,"max_hp_gain":0.0,"max_hp_loss":0.0,"gold_gain":0.0,"event_name":"Shining Light","player_choice":"Ignored","floor":10.0,"gold_loss":0.0,"damage_taken":0.0},{"cards_removed":["Strike_G"],"damage_healed":0.0,"max_hp_gain":0.0,"max_hp_loss":0.0,"gold_gain":0.0,"event_name":"Purifier","player_choice":"Purged","floor":14.0,"gold_loss":0.0,"damage_taken":0.0}],"is_beta":false,"boss_relics":[],"items_purged_floors":[],"is_endless":false,"potions_floor_spawned":[1,4],"killed_by":"Slime Boss","ascension_level":11}}