{"host":"3l94tha3a4jgu0q4","time":1610436175,"event":{"mods":["2.2 Compatiblity","AchievementEnabler","BaseMod","Colored Map","Colored Powertips","Highlight Path","Minty Spire (QoL Compilation)","Permanent Neow","StSLib","SuperFastMode","The IronCluck","slay the spire mod where everything is the same but ironclad has a cowboy hat"],"gold_per_floor":[119,44,59,59,73,73,106,118,144,44,59,59,59,93,93,224,224,243,243,243,342,168,168,209,209,259,7,7,21,62,81,81,200,200,221,221,234,297,316,316,336,375,399,399,442,442,29,29,29,29,29,29,29,62,62,62],"floor_reached":55,"playtime":2116,"items_purged":["Strike_G","Strike_G","Strike_G","Strike_G","Slice"],"score":793,"play_id":"afed0863-d439-49e3-a05b-390988256645","local_time":"20210111232255","is_ascension_mode":false,"campfire_choices":[{"data":"Neutralize","floor":6,"key":"SMITH"},{"data":"Survivor","floor":13,"key":"SMITH"},{"data":"Backflip","floor":15,"key":"SMITH"},{"data":"Dagger Spray","floor":23,"key":"SMITH"},{"data":"Prepared","floor":25,"key":"SMITH"},{"data":"Blur","floor":32,"key":"SMITH"},{"floor":40,"key":"RECALL"},{"data":"Reflex","floor":44,"key":"SMITH"},{"data":"Glass Knife","floor":49,"key":"SMITH"},{"data":"Predator","floor":52,"key":"SMITH"}],"circlet_count":0,"master_deck":["Survivor+1","Neutralize+1","Underhanded Strike","Escape Plan","Quick Slash+1","Escape Plan+1","Dash","Backflip+1","Glass Knife+1","CurseOfTheBell","Dagger Throw","Dagger Spray+1","Prepared+1","Blur+1","Noxious Fumes","Underhanded Strike","Backflip","Venomology","Die Die Die","Wraith Form v2","Corpse Explosion","Acrobatics","Leg Sweep","Heel Hook+1","Neutralize+1","Predator+1","Reflex+1","Dagger Throw+1","Backflip","Sucker Punch+1","Calculated Gamble+1","PiercingWail+1"],"relics":["Runic Dome","Anchor","Happy Flower","Whetstone","Golden Idol","Toy Ornithopter","Calling Bell","Blood Vial","Matryoshka","Mango","MutagenicStrength","Gambling Chip","War Paint","Snake Skull","Akabeko","Pandora\u0027s Box","CaptainsWheel","The Courier","Meat on the Bone","Bottled Tornado","Orichalcum"],"acts_visited":["Exordium","TheCity","TheBeyond","TheEnding"],"potions_floor_usage":[14,16,24,24,33,33,39,39,39,42,45,45,46,50,54,55,55],"damage_taken":[{"damage":0.0,"enemies":"Cultist","floor":1.0,"turns":4.0},{"damage":0,"enemies":"Small Slimes","floor":3,"turns":3},{"damage":5,"enemies":"Jaw Worm","floor":5,"turns":4},{"damage":20,"enemies":"Lagavulin","floor":7,"turns":10},{"damage":0,"enemies":"2 Fungi Beasts","floor":8,"turns":4},{"damage":0,"enemies":"Looter","floor":11,"turns":4},{"damage":5,"enemies":"3 Sentries","floor":14,"turns":8},{"damage":0,"enemies":"Hexaghost","floor":16,"turns":9},{"damage":0,"enemies":"Shell Parasite","floor":18,"turns":5},{"damage":6,"enemies":"Slavers","floor":24,"turns":3},{"damage":0,"enemies":"2 Thieves","floor":29,"turns":3},{"damage":11,"enemies":"Book of Stabbing","floor":30,"turns":6},{"damage":10,"enemies":"Centurion and Healer","floor":31,"turns":5},{"damage":46,"enemies":"Champ","floor":33,"turns":20},{"damage":0,"enemies":"3 Shapes","floor":35,"turns":3},{"damage":6,"enemies":"Orb Walker","floor":37,"turns":4},{"damage":10,"enemies":"Mind Bloom Boss Battle","floor":38,"turns":7},{"damage":0,"enemies":"Transient","floor":39,"turns":5},{"damage":0,"enemies":"4 Shapes","floor":41,"turns":4},{"damage":6,"enemies":"Jaw Worm Horde","floor":42,"turns":3},{"damage":7,"enemies":"Reptomancer","floor":45,"turns":7},{"damage":0,"enemies":"Transient","floor":46,"turns":2},{"damage":33,"enemies":"Awakened One","floor":50,"turns":21},{"damage":18,"enemies":"Shield and Spear","floor":54,"turns":4},{"damage":138,"enemies":"The Heart","floor":55,"turns":12}],"seed_played":"-1205308941875755604","potions_obtained":[{"floor":5,"key":"EssenceOfSteel"},{"floor":8,"key":"SpeedPotion"},{"floor":14,"key":"ColorlessPotion"},{"floor":18,"key":"SteroidPotion"},{"floor":30,"key":"Block Potion"},{"floor":31,"key":"Explosive Potion"},{"floor":38,"key":"PowerPotion"},{"floor":41,"key":"FairyPotion"},{"floor":42,"key":"Energy Potion"}],"is_trial":false,"path_per_floor":["M","$","M","?","M","R","E","M","T","$","M","?","R","E","R","B",null,"M","?","?","?","$","R","E","R","T","$","?","M","E","M","R","B",null,"M","?","M","?","M","R","M","M","T","R","E","M","$","?","R","B",null,"R","$","E","B"],"character_chosen":"THE_SILENT","items_purchased":["Dagger Spray","Blur","Noxious Fumes","Fruit Juice","Bottled Tornado"],"campfire_rested":0,"item_purchase_floors":[22,27,27,47,47],"current_hp_per_floor":[70,70,70,58,53,53,33,33,33,33,33,33,33,28,28,33,79,79,79,79,79,79,79,73,73,73,73,79,79,68,60,60,26,79,79,79,73,65,79,79,79,73,73,73,72,79,79,79,79,51,84,84,84,71,0,0],"gold":62,"neow_bonus":"BOSS_RELIC","is_daily":false,"chose_seed":false,"campfire_upgraded":9,"win_rate":0.0,"timestamp":1610436175,"path_taken":["M","?","M","?","M","R","E","M","T","?","M","?","R","E","R","BOSS","M","?","?","?","$","R","E","R","T","$","?","M","E","M","R","BOSS","M","?","?","?","M","R","M","M","T","R","E","M","$","?","R","BOSS","R","$","E","BOSS"],"items_purchased_type":["Card","Card","Card","Potion","Relic"],"build_version":"2020-12-22","purchased_purges":5,"victory":false,"max_hp_per_floor":[70,70,70,70,70,70,70,70,70,70,70,65,65,65,65,65,79,79,79,79,79,79,79,79,79,79,79,79,79,79,79,79,79,79,79,79,79,79,79,79,79,79,79,79,79,79,79,79,79,84,84,84,84,84,84,84],"card_choices":[{"not_picked":["Outmaneuver","PiercingWail"],"picked":"Underhanded Strike","floor":1.0},{"not_picked":["Outmaneuver","Cloak And Dagger","Deflect"],"picked":"SKIP","floor":3},{"not_picked":["Endless Agony","Masterful Stab"],"picked":"Escape Plan","floor":5},{"not_picked":["Well Laid Plans","Infinite Blades"],"picked":"Quick Slash","floor":7},{"not_picked":["Dodge and Roll","Doppelganger"],"picked":"Escape Plan","floor":8},{"not_picked":["Bane","Sucker Punch"],"picked":"Dash","floor":11},{"not_picked":["Poisoned Stab","Venomology"],"picked":"Backflip","floor":14},{"not_picked":["Doppelganger","Night Terror"],"picked":"Glass Knife","floor":16},{"not_picked":["PiercingWail","Cloak And Dagger+1"],"picked":"Dagger Throw","floor":18},{"not_picked":["Leg Sweep","Cloak And Dagger"],"picked":"Prepared","floor":24},{"not_picked":["Quick Slash","Distraction"],"picked":"Underhanded Strike","floor":29},{"not_picked":["Skewer","Slice"],"picked":"Backflip","floor":30},{"not_picked":["Slice+1","Dodge and Roll"],"picked":"Venomology","floor":31},{"not_picked":["Night Terror","Venomology"],"picked":"Die Die Die","floor":33},{"not_picked":["Outmaneuver","Bane"],"picked":"Heel Hook+1","floor":35},{"not_picked":["Underhanded Strike+1","Dagger Spray+1"],"picked":"Predator","floor":37},{"not_picked":["Slice","Blade Dance"],"picked":"Reflex","floor":38},{"not_picked":["Deflect","Caltrops"],"picked":"Dagger Throw+1","floor":39},{"not_picked":["Deflect+1","Dash+1"],"picked":"Backflip","floor":41},{"not_picked":["Cloak And Dagger","Backflip"],"picked":"Sucker Punch+1","floor":42},{"not_picked":["Prepared+1","Masterful Stab"],"picked":"Calculated Gamble+1","floor":45},{"not_picked":["All Out Attack+1","Crippling Poison+1"],"picked":"PiercingWail+1","floor":54}],"player_experience":1926088,"relics_obtained":[{"floor":7,"key":"Happy Flower"},{"floor":9,"key":"Whetstone"},{"floor":14,"key":"Toy Ornithopter"},{"floor":17,"key":"Blood Vial"},{"floor":17,"key":"Matryoshka"},{"floor":17,"key":"Mango"},{"floor":24,"key":"Gambling Chip"},{"floor":26,"key":"War Paint"},{"floor":26,"key":"Snake Skull"},{"floor":30,"key":"Akabeko"},{"floor":38,"key":"CaptainsWheel"},{"floor":43,"key":"The Courier"},{"floor":45,"key":"Meat on the Bone"},{"floor":54,"key":"Orichalcum"}],"event_choices":[{"damage_healed":0,"gold_gain":0,"player_choice":"Success","damage_taken":12,"relics_obtained":["Anchor"],"max_hp_gain":0,"max_hp_loss":0,"event_name":"Scrap Ooze","floor":4,"gold_loss":0},{"damage_healed":0,"gold_gain":0,"player_choice":"Lose Max HP","damage_taken":0,"relics_obtained":["Golden Idol"],"max_hp_gain":0,"max_hp_loss":5,"event_name":"Golden Idol","floor":12,"gold_loss":0},{"damage_healed":0,"gold_gain":0,"player_choice":"Ignored","damage_taken":0,"max_hp_gain":0,"max_hp_loss":0,"event_name":"Ghosts","floor":19,"gold_loss":0},{"damage_healed":0,"gold_gain":0,"player_choice":"Inject Mutagens","damage_taken":0,"relics_obtained":["MutagenicStrength"],"max_hp_gain":0,"max_hp_loss":0,"event_name":"Drug Dealer","floor":20,"gold_loss":0},{"damage_healed":0,"gold_gain":99,"player_choice":"Stole From Cult","damage_taken":0,"max_hp_gain":0,"max_hp_loss":0,"event_name":"Nest","floor":21,"gold_loss":0},{"damage_healed":26,"gold_gain":0,"player_choice":"Heal","damage_taken":0,"max_hp_gain":0,"max_hp_loss":0,"event_name":"The Library","floor":28,"gold_loss":0},{"damage_healed":0,"gold_gain":0,"player_choice":"Copied","damage_taken":0,"max_hp_gain":0,"max_hp_loss":0,"event_name":"Duplicator","floor":36,"gold_loss":0,"cards_obtained":["Neutralize"]},{"damage_healed":0,"gold_gain":0,"player_choice":"Fight","damage_taken":0,"max_hp_gain":0,"max_hp_loss":0,"event_name":"MindBloom","floor":38,"gold_loss":0},{"cards_removed":["Night Terror"],"damage_healed":0,"gold_gain":0,"player_choice":"Purged","damage_taken":0,"max_hp_gain":0,"max_hp_loss":0,"event_name":"Purifier","floor":48,"gold_loss":0}],"is_beta":false,"boss_relics":[{"not_picked":["Ectoplasm","SacredBark"],"picked":"Calling Bell"},{"not_picked":["WristBlade","Fusion Hammer"],"picked":"Pandora\u0027s Box"}],"items_purged_floors":[2,10,22,27,47],"is_endless":false,"potions_floor_spawned":[5,8,14,18,30,31,38,41,42],"killed_by":"The Heart","ascension_level":0}}