{"host":"hve1dyh1ly81yl9f","time":1610475752,"event":{"mods":["BaseMod","Colored Map","DeckTracker","Highlight Path","Keyboard Shortcuts","Minty Spire (QoL Compilation)","Permanent Neow","Quick Restart","StSLib","SuperFastMode"],"gold_per_floor":[109,109,109,125,26,26,53,65,65,93,93,118,95,95,95,194,194,208,223,223,223,123,123,142,154,154,154,183,183,32,62,74,86,86],"floor_reached":33,"playtime":990,"items_purged":["Strike_R","Shame"],"score":514,"play_id":"5d185598-00fe-458d-aa6a-20c83a0c11f0","local_time":"20210113032232","is_ascension_mode":true,"campfire_choices":[{"data":"Clash","floor":6.0,"key":"SMITH"},{"floor":11.0,"key":"REST"},{"floor":15.0,"key":"REST"},{"data":"Fiend Fire","floor":23.0,"key":"SMITH"},{"floor":27.0,"key":"REST"},{"data":"Bite","floor":29.0,"key":"SMITH"},{"floor":32,"key":"REST"}],"circlet_count":0,"master_deck":["Defend_R","Defend_R","Defend_R","Defend_R","Bash","Sever Soul+1","Clash+1","Rage","Second Wind","Clash","Fiend Fire+1","Second Wind","Sever Soul+1","Bite+1","Bite","Bite","Bite","Bite","Power Through","Wild Strike","Fiend Fire","Clash"],"relics":["Burning Blood","Calipers","Shuriken","Anchor","White Beast Statue","Black Star","MealTicket","Self Forming Clay","Strawberry","Blue Candle","MawBank","Meat on the Bone"],"acts_visited":["Exordium","TheCity"],"potions_floor_usage":[31,33,33],"damage_taken":[{"damage":10.0,"enemies":"Small Slimes","floor":1.0,"turns":5.0},{"damage":12.0,"enemies":"Jaw Worm","floor":4.0,"turns":2.0},{"damage":40.0,"enemies":"Lagavulin","floor":7.0,"turns":5.0},{"damage":6.0,"enemies":"Cultist","floor":8.0,"turns":3.0},{"damage":20.0,"enemies":"Gremlin Nob","floor":10.0,"turns":4.0},{"damage":30.0,"enemies":"3 Sentries","floor":12.0,"turns":8.0},{"damage":0.0,"enemies":"Slime Boss","floor":16.0,"turns":5.0},{"damage":49.0,"enemies":"3 Byrds","floor":18.0,"turns":6.0},{"damage":0.0,"enemies":"Spheric Guardian","floor":19.0,"turns":2.0},{"damage":10.0,"enemies":"Snecko","floor":24.0,"turns":3.0},{"damage":35.0,"enemies":"Shelled Parasite and Fungi","floor":25.0,"turns":6.0},{"damage":57.0,"enemies":"Gremlin Leader","floor":28.0,"turns":8.0},{"damage":42,"enemies":"Book of Stabbing","floor":31,"turns":5},{"damage":68,"enemies":"Collector","floor":33,"turns":5}],"seed_played":"-3871340878802606856","potions_obtained":[{"floor":1.0,"key":"DuplicationPotion"},{"floor":8.0,"key":"ColorlessPotion"},{"floor":10.0,"key":"AttackPotion"},{"floor":12.0,"key":"Fire Potion"},{"floor":14.0,"key":"Swift Potion"},{"floor":14.0,"key":"Weak Potion"},{"floor":16.0,"key":"SteroidPotion"},{"floor":18.0,"key":"FearPotion"},{"floor":19.0,"key":"Regen Potion"},{"floor":24.0,"key":"Ancient Potion"},{"floor":25.0,"key":"ElixirPotion"},{"floor":28.0,"key":"ColorlessPotion"},{"floor":31,"key":"FearPotion"}],"is_trial":false,"path_per_floor":["M","?","?","M","$","R","E","M","T","E","R","E","?","?","R","B",null,"M","M","?","?","$","R","M","M","T","R","E","R","$","E","R","B"],"character_chosen":"IRONCLAD","items_purchased":["Clash","Fiend Fire"],"campfire_rested":4,"item_purchase_floors":[5,30],"current_hp_per_floor":[84,77,77,71,71,71,37,37,37,23,51,27,27,27,55,61,87,44,50,50,50,65,65,67,46,46,66,50,50,65,33,55,0,0],"gold":86,"neow_bonus":"TWENTY_PERCENT_HP_BONUS","is_daily":false,"chose_seed":false,"campfire_upgraded":3,"win_rate":0.0,"timestamp":1610475752,"path_taken":["M","?","?","M","$","R","E","M","T","E","R","E","?","?","R","BOSS","M","M","?","?","$","R","M","M","T","R","E","R","$","E","R","BOSS"],"items_purchased_type":["Card","Card"],"build_version":"2020-12-22","purchased_purges":2,"victory":false,"max_hp_per_floor":[96,96,96,96,96,96,96,96,96,96,96,96,96,96,96,96,96,96,96,67,67,67,67,67,67,67,67,74,74,74,74,74,74,74],"card_choices":[{"not_picked":["True Grit","Armaments"],"picked":"Sever Soul","floor":1.0},{"not_picked":["Seeing Red","Body Slam","Ghostly Armor"],"picked":"SKIP","floor":4.0},{"not_picked":["Iron Wave","Seeing Red"],"picked":"Rage","floor":7.0},{"not_picked":["Thunderclap","Clash"],"picked":"Second Wind","floor":8.0},{"not_picked":["Twin Strike","Heavy Blade","Pommel Strike"],"picked":"SKIP","floor":10.0},{"not_picked":["Juggernaut","Double Tap"],"picked":"Clash","floor":12.0},{"not_picked":["Feed","Berserk"],"picked":"Fiend Fire","floor":16.0},{"not_picked":["Iron Wave+1","Havoc+1"],"picked":"Second Wind","floor":18.0},{"not_picked":["Wild Strike","Perfected Strike+1"],"picked":"Sever Soul+1","floor":19.0},{"not_picked":["Iron Wave","Rampage+1"],"picked":"Power Through","floor":24.0},{"not_picked":["Warcry","Limit Break","Body Slam+1"],"picked":"SKIP","floor":25.0},{"not_picked":["Anger","Burning Pact+1"],"picked":"Wild Strike","floor":28.0},{"not_picked":["Seeing Red","Heavy Blade"],"picked":"Clash","floor":31}],"player_experience":327024,"relics_obtained":[{"floor":7.0,"key":"Calipers"},{"floor":9.0,"key":"Shuriken"},{"floor":10.0,"key":"Anchor"},{"floor":12.0,"key":"White Beast Statue"},{"floor":26.0,"key":"Self Forming Clay"},{"floor":28.0,"key":"Strawberry"},{"floor":28.0,"key":"Blue Candle"},{"floor":31,"key":"MawBank"},{"floor":31,"key":"Meat on the Bone"}],"event_choices":[{"cards_removed":["Doubt"],"damage_healed":0.0,"max_hp_gain":0.0,"max_hp_loss":0.0,"gold_gain":0.0,"event_name":"Golden Wing","player_choice":"Card Removal","floor":2.0,"gold_loss":0.0,"damage_taken":7.0},{"damage_healed":0.0,"max_hp_gain":0.0,"max_hp_loss":0.0,"gold_gain":0.0,"event_name":"Living Wall","player_choice":"Grow","floor":3.0,"gold_loss":0.0,"damage_taken":0.0,"cards_upgraded":["Sever Soul"]},{"damage_healed":0.0,"max_hp_gain":0.0,"max_hp_loss":0.0,"gold_gain":0.0,"event_name":"World of Goop","player_choice":"Left Gold","floor":13.0,"gold_loss":23.0,"damage_taken":0.0},{"damage_healed":0.0,"max_hp_gain":0.0,"max_hp_loss":0.0,"gold_gain":0.0,"event_name":"Lab","player_choice":"Got Potions","floor":14.0,"gold_loss":0.0,"damage_taken":0.0},{"damage_healed":0.0,"max_hp_gain":0.0,"max_hp_loss":29.0,"gold_gain":0.0,"event_name":"Vampires","player_choice":"Became a vampire","floor":20.0,"gold_loss":0.0,"damage_taken":0.0,"cards_obtained":["Bite","Bite","Bite","Bite","Bite"]},{"damage_healed":0.0,"max_hp_gain":0.0,"max_hp_loss":0.0,"gold_gain":0.0,"event_name":"Addict","player_choice":"Stole Relic","floor":21.0,"gold_loss":0.0,"damage_taken":0.0,"relics_obtained":["MealTicket"],"cards_obtained":["Shame"]}],"is_beta":false,"boss_relics":[{"not_picked":["Calling Bell","SlaversCollar"],"picked":"Black Star"}],"items_purged_floors":[5,22],"is_endless":false,"potions_floor_spawned":[1,8,10,12,16,18,19,24,25,28,31],"killed_by":"Collector","ascension_level":8}}