{"host":"67w4bo1ws77yotej","time":1610479781,"event":{"mods":["Arknights The Spire","Aspiration","BaseMod","Ekko","Energized Spire","Friendly Minions","Gremlin Mod","Halation","Hero for Fun","Hubris","Infinite Spire","Kiyohime????","Minty Spire (QoL Compilation)","READ ME - Guardian Mod","READ ME - Snecko Mod","StSLib","The Cursed","The Wild Card","TheHero","vexMod"],"gold_per_floor":[113,68,68,87,87,120,120,140,164,164,164,196,196,206,206,307,307,320,419,419,11,21,52,52,91,159,193,225,225,247,262,262,369,369,386,410,427,427,454,454,476,79,132,170,218,254,254,282,282,299],"floor_reached":51,"playtime":3879,"items_purged":[],"score":919,"play_id":"c7d4e455-4643-4b36-bdf2-99816a15987f","local_time":"20210112202941","is_ascension_mode":true,"campfire_choices":[{"floor":10.0,"key":"REST"},{"data":"KiyohimeMod:PrismaCosmos","floor":13.0,"key":"SMITH"},{"floor":15.0,"key":"REST"},{"floor":24.0,"key":"REST"},{"data":"KiyohimeMod:Shapeshift","floor":32,"key":"SMITH"},{"data":"infinitespire:SevenWalls","floor":40,"key":"SMITH"},{"data":"theWildCard:Desolation","floor":47,"key":"SMITH"},{"floor":49,"key":"REST"}],"circlet_count":0,"master_deck":["KiyohimeMod:Strike","KiyohimeMod:Strike","KiyohimeMod:Strike","KiyohimeMod:Strike","KiyohimeMod:Defend","KiyohimeMod:Defend","KiyohimeMod:Defend","KiyohimeMod:Defend","KiyohimeMod:Track","KiyohimeMod:FlameKiss","KiyohimeMod:Shapeshift+1","KiyohimeMod:HeroCreation","KiyohimeMod:BlueBlackKey","KiyohimeMod:BlueBlackKey","KiyohimeMod:BlueBlackKey","KiyohimeMod:AndSoTheShipConquers+1","KiyohimeMod:CommandCard_Buster","KiyohimeMod:PrismaCosmos+1","KiyohimeMod:BlueBlackKey+1","KiyohimeMod:Servant_TamamoNoMae+1","KiyohimeMod:CelestialInvertedMoon+1","KiyohimeMod:DragonVein+1","KiyohimeMod:AndSoTheShipConquers+1","KiyohimeMod:Grimoire+1","KiyohimeMod:Berserker","KiyohimeMod:ImaginaryNumberMagecraft+1","KiyohimeMod:RedBlackKey","KiyohimeMod:CommandCard_Arts","KiyohimeMod:HotSpringOfTheMoon+1","infinitespire:Oblivion+1","infinitespire:SevenWalls+1","ats:Flexible Camouflage+1","theWildCard:Desolation+1"],"relics":["KiyohimeMod:FireDragon","aspiration:BabyByrd","aspiration:TomeofQuesting","halation:EternalFortune","vexMod:BarristanHead","HornCleat","hubris:BottledRain","vexMod:MysteryBossChallenge","Inserter","Toxic Egg 2","vexMod:PaidLearning","infinitespire:Midas Blood","Anchor","Shuriken","halation:IllGainedPizza","halation:SmartPhone","PrismaticShard","Vajra","Whetstone","halation:AfternoonTea","Bag of Preparation","Ginger","Omamori","Bronze Scales"],"acts_visited":["Exordium","TheCity","TheBeyond"],"potions_floor_usage":[33,33,33,50],"damage_taken":[{"damage":1.0,"enemies":"Small Slimes","floor":1.0,"turns":4.0},{"damage":0.0,"enemies":"Jaw Worm","floor":4.0,"turns":1.0},{"damage":30.0,"enemies":"Gremlin Nob","floor":6.0,"turns":4.0},{"damage":0.0,"enemies":"2 Louse","floor":8.0,"turns":3.0},{"damage":17.0,"enemies":"3 Sentries","floor":12.0,"turns":9.0},{"damage":0.0,"enemies":"Looter","floor":14.0,"turns":2.0},{"damage":16.0,"enemies":"Hexaghost","floor":16.0,"turns":9.0},{"damage":7.0,"enemies":"Shell Parasite","floor":18.0,"turns":5.0},{"damage":0.0,"enemies":"Spheric Guardian","floor":22.0,"turns":3.0},{"damage":36.0,"enemies":"Slavers","floor":23.0,"turns":5.0},{"damage":3.0,"enemies":"Book of Stabbing","floor":25.0,"turns":6.0},{"damage":33,"enemies":"Slavers","floor":27,"turns":4},{"damage":0,"enemies":"Chosen and Byrds","floor":28,"turns":5},{"damage":0,"enemies":"Centurion and Healer","floor":30,"turns":4},{"damage":0,"enemies":"Snecko","floor":31,"turns":3},{"damage":26,"enemies":"hubris:MusketHawk","floor":33,"turns":5},{"damage":0,"enemies":"3 Shapes","floor":35,"turns":5},{"damage":0,"enemies":"3 Darklings","floor":36,"turns":5},{"damage":1,"enemies":"Maw","floor":37,"turns":6},{"damage":19,"enemies":"Spire Growth","floor":39,"turns":5},{"damage":0,"enemies":"3 Darklings","floor":41,"turns":3},{"damage":18,"enemies":"Nemesis","floor":44,"turns":5},{"damage":0,"enemies":"2 Orb Walkers","floor":45,"turns":2},{"damage":2,"enemies":"Reptomancer","floor":46,"turns":4},{"damage":0,"enemies":"Giant Head","floor":48,"turns":4},{"damage":4,"enemies":"hubris:GrandSnecko","floor":50,"turns":10}],"seed_played":"3419487023430770429","potions_obtained":[{"floor":6.0,"key":"BlessingOfTheForge"},{"floor":12.0,"key":"FearPotion"},{"floor":14.0,"key":"SkillPotion"},{"floor":22.0,"key":"Strength Potion"},{"floor":27,"key":"AttackPotion"},{"floor":35,"key":"DuplicationPotion"},{"floor":36,"key":"SteroidPotion"},{"floor":39,"key":"Regen Potion"}],"is_trial":false,"path_per_floor":["M","$","?","M","?","E","?","M","T","R","T","E","R","M","R","B",null,"M","?","?","$","M","E","R","E","T","E","M","?","M","M","R","B",null,"M","M","M","AVR","M","R","M","$","T","E","?","E","R","E","R","B",null],"character_chosen":"Kiyohime","items_purchased":["KiyohimeMod:BlueBlackKey","Toxic Egg 2","vexMod:PaidLearning","Vajra","Whetstone","FairyPotion"],"campfire_rested":4,"item_purchase_floors":[2,21,21,42,42,42],"current_hp_per_floor":[59,59,44,44,44,14,17,17,17,35,35,18,18,18,36,20,63,62,62,62,62,63,33,51,54,54,27,36,43,49,49,49,29,66,66,66,65,65,54,54,60,60,60,48,54,52,52,61,72,72],"gold":299,"neow_bonus":"ONE_RANDOM_RARE_CARD","is_daily":false,"chose_seed":false,"campfire_upgraded":4,"win_rate":0.0,"timestamp":1610479781,"path_taken":["M","$","?","M","?","E","?","M","T","R","?","E","R","M","R","BOSS","M","?","?","?","?","E","R","E","T","E","M","?","M","M","R","BOSS","M","M","M","AVR","M","R","M","$","T","E","?","E","R","E","R","BOSS"],"items_purchased_type":["Card","Relic","Relic","Relic","Relic","Potion"],"build_version":"2020-12-22","purchased_purges":0,"victory":true,"max_hp_per_floor":[60,60,60,60,60,60,63,63,63,63,63,63,63,63,63,63,63,63,63,63,63,63,63,63,63,63,63,66,66,66,66,66,66,66,66,66,66,66,69,69,69,69,69,69,69,69,69,72,72,72],"card_choices":[{"not_picked":["KiyohimeMod:CommandCard_Buster","KiyohimeMod:HotSpringOfTheMoon"],"picked":"KiyohimeMod:BlueBlackKey","floor":1.0},{"not_picked":["infinitespire:Collect","infinitespire:Execution"],"picked":"infinitespire:SealOfDarkness+","floor":3.0},{"not_picked":["KiyohimeMod:DivineConstruct","KiyohimeMod:BeastOfBillows"],"picked":"KiyohimeMod:BlueBlackKey","floor":4.0},{"not_picked":["KiyohimeMod:LimitedZeroOver","KiyohimeMod:Berserker"],"picked":"KiyohimeMod:AndSoTheShipConquers","floor":6.0},{"not_picked":["KiyohimeMod:RedBlackKey","KiyohimeMod:HydraDagger"],"picked":"KiyohimeMod:CommandCard_Buster","floor":8.0},{"not_picked":["KiyohimeMod:BeastOfBillows","KiyohimeMod:Tenacious"],"picked":"KiyohimeMod:PrismaCosmos","floor":12.0},{"not_picked":["KiyohimeMod:EatSoul","KiyohimeMod:Preemptive"],"picked":"KiyohimeMod:BlueBlackKey","floor":14.0},{"not_picked":["KiyohimeMod:JeweledSword","KiyohimeMod:GoldenCarpFigure"],"picked":"KiyohimeMod:Servant_TamamoNoMae","floor":16.0},{"not_picked":["KiyohimeMod:CommandCard_Buster","KiyohimeMod:GreenBlackKey","KiyohimeMod:SteelTraining+1"],"picked":"SKIP","floor":18.0},{"not_picked":["KiyohimeMod:RedBlackKey+1","KiyohimeMod:WaterTurn+1","KiyohimeMod:GreenBlackKey+1"],"picked":"SKIP","floor":22.0},{"not_picked":["KiyohimeMod:ImaginaryAround","KiyohimeMod:BeastOfBillows+1"],"picked":"KiyohimeMod:CelestialInvertedMoon+1","floor":23.0},{"not_picked":["KiyohimeMod:AndSoTheShipConquers+1","KiyohimeMod:AgainstMagic+1"],"picked":"KiyohimeMod:DragonVein+1","floor":25.0},{"not_picked":["KiyohimeMod:BeastOfBillows","KiyohimeMod:Preemptive"],"picked":"KiyohimeMod:AndSoTheShipConquers+1","floor":27},{"not_picked":["KiyohimeMod:HydraDagger","KiyohimeMod:Preemptive","KiyohimeMod:GreenBlackKey"],"picked":"SKIP","floor":28},{"not_picked":["KiyohimeMod:GreenBlackKey","KiyohimeMod:RedBlackKey"],"picked":"KiyohimeMod:Grimoire+1","floor":30},{"not_picked":["KiyohimeMod:Grimoire+1","KiyohimeMod:HotSpringOfTheMoon"],"picked":"KiyohimeMod:Berserker","floor":31},{"not_picked":["KiyohimeMod:PrismaCosmos","KiyohimeMod:MagicCrystal+1"],"picked":"KiyohimeMod:ImaginaryNumberMagecraft+1","floor":33},{"not_picked":["KiyohimeMod:Preemptive","KiyohimeMod:GreenBlackKey"],"picked":"KiyohimeMod:RedBlackKey","floor":35},{"not_picked":["KiyohimeMod:CommandCard_Buster+1","KiyohimeMod:BlueBlackKey"],"picked":"KiyohimeMod:CommandCard_Arts","floor":36},{"not_picked":["KiyohimeMod:CommandCard_Quick+1","KiyohimeMod:Berserker+1"],"picked":"KiyohimeMod:HotSpringOfTheMoon+1","floor":37},{"not_picked":["ats:Ignite+1","Gremlin:SharpenBlades+1"],"picked":"ats:Flexible Camouflage+1","floor":39},{"not_picked":["Darkness+1","ats:Poison Spread+1"],"picked":"theWildCard:Desolation","floor":41},{"not_picked":["ekkoTheBoyWhoShatteredTime:Leap+1","TheCursedMod:DoubleShield+1","animeID:Mineta+1"],"picked":"SKIP","floor":44},{"not_picked":["KiyohimeMod:AndSoTheShipConquers+1","animeID:Mezo","animeID:DetroitDelaware+1"],"picked":"SKIP","floor":46},{"not_picked":["KiyohimeMod:AndSoTheShipConquers+1","animeID:Mezo","animeID:DetroitDelaware+1"],"picked":"SKIP","floor":46},{"not_picked":["BattleHymn+1","Backstab","ekkoTheBoyWhoShatteredTime:SneakHit+1"],"picked":"SKIP","floor":48}],"player_experience":142404,"relics_obtained":[{"floor":6.0,"key":"aspiration:TomeofQuesting"},{"floor":9.0,"key":"vexMod:BarristanHead"},{"floor":11.0,"key":"HornCleat"},{"floor":12.0,"key":"hubris:BottledRain"},{"floor":23.0,"key":"infinitespire:Midas Blood"},{"floor":25.0,"key":"Anchor"},{"floor":26.0,"key":"Shuriken"},{"floor":27,"key":"halation:IllGainedPizza"},{"floor":28,"key":"halation:EternalFortune"},{"floor":39,"key":"halation:EternalFortune"},{"floor":43,"key":"halation:AfternoonTea"},{"floor":44,"key":"Bag of Preparation"},{"floor":45,"key":"Ginger"},{"floor":46,"key":"Omamori"},{"floor":48,"key":"halation:EternalFortune"},{"floor":48,"key":"Bronze Scales"}],"event_choices":[{"damage_healed":0.0,"max_hp_gain":0.0,"max_hp_loss":0.0,"gold_gain":99.0,"event_name":"Nest","player_choice":"Stole From Cult","floor":19.0,"gold_loss":0.0,"damage_taken":0.0},{"damage_healed":0.0,"max_hp_gain":0.0,"max_hp_loss":0.0,"gold_gain":0.0,"event_name":"Vampires","player_choice":"Ignored","floor":20.0,"gold_loss":0.0,"damage_taken":0.0},{"damage_healed":0,"gold_gain":0,"player_choice":"Fight","damage_taken":0,"max_hp_gain":0,"max_hp_loss":0,"event_name":"Mysterious Sphere","floor":45,"gold_loss":0}],"is_beta":false,"boss_relics":[{"not_picked":["halation:PlatinumPhoenix","Sozu"],"picked":"vexMod:MysteryBossChallenge"},{"not_picked":["infinitespire:Cupcake","Cursed Key"],"picked":"halation:SmartPhone"}],"items_purged_floors":[],"is_endless":false,"potions_floor_spawned":[6,12,14,22,27,30,31,35,36,39,45],"ascension_level":1}}