{"host":"ol0f4tyr76rw3w99","time":1610464239,"event":{"mods":["AchievementEnabler","BaseMod","Minty Spire (QoL Compilation)"],"gold_per_floor":[113,63,338,357,368,368,443,464,464,474,504,520,538,573,573,670,670,639,384,399,399,399],"floor_reached":21,"playtime":701,"items_purged":["Strike_R"],"score":267,"play_id":"41e0ab47-772e-416f-a018-808ab60794aa","local_time":"20210112231039","is_ascension_mode":true,"campfire_choices":[{"data":"Armaments","floor":6,"key":"SMITH"},{"floor":15,"key":"REST"}],"circlet_count":0,"master_deck":["Strike_R","Strike_R","Strike_R","Defend_R","Defend_R","Defend_R","Bash","Armaments+1","Battle Trance","Iron Wave","Iron Wave","Demon Form","Infernal Blade","Shrug It Off","Searing Blow","Whirlwind","Demon Form","Pommel Strike+1","Cleave","Reaper"],"relics":["Burning Blood","NeowsBlessing","Odd Mushroom","Shuriken","HornCleat","Blue Candle","Empty Cage","Tiny Chest"],"acts_visited":["Exordium","TheCity"],"potions_floor_usage":[11,12,14,16,16],"damage_taken":[{"damage":0,"enemies":"Small Slimes","floor":1,"turns":1},{"damage":0,"enemies":"2 Louse","floor":4,"turns":1},{"damage":0,"enemies":"Cultist","floor":5,"turns":1},{"damage":38,"enemies":"The Mushroom Lair","floor":8,"turns":5},{"damage":8,"enemies":"Blue Slaver","floor":10,"turns":4},{"damage":34,"enemies":"3 Sentries","floor":11,"turns":7},{"damage":6,"enemies":"Large Slime","floor":12,"turns":4},{"damage":6,"enemies":"Red Slaver","floor":13,"turns":4},{"damage":23,"enemies":"Gremlin Nob","floor":14,"turns":4},{"damage":37,"enemies":"Slime Boss","floor":16,"turns":9},{"damage":36,"enemies":"2 Thieves","floor":18,"turns":5},{"damage":29,"enemies":"Chosen","floor":20,"turns":5},{"damage":26,"enemies":"Shelled Parasite and Fungi","floor":21,"turns":3}],"seed_played":"-7037758660709697987","potions_obtained":[{"floor":8,"key":"FearPotion"},{"floor":10,"key":"Dexterity Potion"},{"floor":11,"key":"BloodPotion"},{"floor":12,"key":"BloodPotion"},{"floor":14,"key":"LiquidBronze"}],"is_trial":false,"path_per_floor":["M","?","?","M","M","R","?","?","T","M","E","M","M","E","R","B",null,"M","$","M","M"],"character_chosen":"IRONCLAD","items_purchased":["Tiny Chest","Cleave"],"campfire_rested":1,"item_purchase_floors":[19,19],"current_hp_per_floor":[78,78,78,80,80,80,69,37,37,35,23,39,39,22,46,15,64,34,34,11,0,0],"gold":399,"neow_bonus":"THREE_ENEMY_KILL","is_daily":false,"chose_seed":false,"campfire_upgraded":1,"win_rate":0.0,"timestamp":1610464239,"path_taken":["M","?","?","M","?","R","?","?","T","M","E","M","M","E","R","BOSS","M","$","M","M"],"items_purchased_type":["Relic","Card"],"build_version":"2020-12-22","purchased_purges":1,"victory":false,"max_hp_per_floor":[80,80,80,80,80,80,80,80,80,80,80,80,80,80,80,80,80,80,80,80,80,80],"card_choices":[{"not_picked":["Headbutt","Power Through"],"picked":"Armaments","floor":1},{"not_picked":["Pummel","Seeing Red"],"picked":"Battle Trance","floor":4},{"not_picked":["Heavy Blade","Clash"],"picked":"Iron Wave","floor":5},{"not_picked":["Intimidate","Headbutt"],"picked":"Iron Wave","floor":8},{"not_picked":["Power Through","Havoc"],"picked":"Demon Form","floor":10},{"not_picked":["Second Wind","Power Through"],"picked":"Infernal Blade","floor":11},{"not_picked":["True Grit","Sentinel"],"picked":"Shrug It Off","floor":12},{"not_picked":["Pommel Strike","Flex"],"picked":"Searing Blow","floor":13},{"not_picked":["Fire Breathing","Shockwave"],"picked":"Whirlwind","floor":14},{"not_picked":["Juggernaut","Impervious"],"picked":"Demon Form","floor":16},{"not_picked":["Armaments","Sword Boomerang"],"picked":"Pommel Strike+1","floor":18},{"not_picked":["Clothesline","Entrench+1"],"picked":"Reaper","floor":20}],"player_experience":309215,"relics_obtained":[{"floor":8,"key":"Odd Mushroom"},{"floor":9,"key":"Shuriken"},{"floor":11,"key":"HornCleat"},{"floor":14,"key":"Blue Candle"}],"event_choices":[{"cards_removed":["Defend_R"],"damage_healed":0,"gold_gain":0,"player_choice":"Card Removal","damage_taken":0,"max_hp_gain":0,"max_hp_loss":0,"event_name":"The Cleric","floor":2,"gold_loss":50},{"damage_healed":0,"gold_gain":275,"player_choice":"Desecrate","damage_taken":0,"max_hp_gain":0,"max_hp_loss":0,"event_name":"Golden Shrine","floor":3,"gold_loss":0,"cards_obtained":["Regret"]},{"damage_healed":0,"gold_gain":75,"player_choice":"Gather Gold","damage_taken":11,"max_hp_gain":0,"max_hp_loss":0,"event_name":"World of Goop","floor":7,"gold_loss":0},{"damage_healed":0,"gold_gain":0,"player_choice":"Fought Mushrooms","damage_taken":0,"max_hp_gain":0,"max_hp_loss":0,"event_name":"Mushrooms","floor":8,"gold_loss":0}],"is_beta":false,"boss_relics":[{"not_picked":["Sozu","Snecko Eye"],"picked":"Empty Cage"}],"items_purged_floors":[19],"is_endless":false,"potions_floor_spawned":[8,10,11,12,14],"killed_by":"Shelled Parasite and Fungi","ascension_level":8}}