{"host":"y193d0agu1dp5x1y","time":1610429382,"event":{"mods":["BaseMod","Googly Eyes","Minty Spire (QoL Compilation)"],"gold_per_floor":[116,116,116,136,136,136,146,172,197,209,235,262,274,251,263,376,388,370,370],"floor_reached":18,"playtime":561,"items_purged":[],"score":160,"play_id":"67e554ee-e543-4037-80a3-6ac1790420ea","local_time":"20210111232942","is_ascension_mode":false,"campfire_choices":[{"floor":6,"key":"REST"},{"floor":10,"key":"DIG"},{"data":"Clothesline","floor":15,"key":"SMITH"}],"circlet_count":0,"master_deck":["Strike_R","Strike_R+1","Strike_R","Strike_R","Strike_R","Defend_R","Defend_R","Defend_R+1","Defend_R","Bash","Flex+1","Shrug It Off","Anger","Anger","Anger","Clothesline+1","Barricade"],"relics":["Burning Blood","Lantern","Shovel","Ornamental Fan","MawBank","Red Skull","Velvet Choker"],"acts_visited":["Exordium","TheCity"],"potions_floor_usage":[],"damage_taken":[{"damage":5,"enemies":"Small Slimes","floor":1,"turns":4},{"damage":0,"enemies":"2 Louse","floor":4,"turns":2},{"damage":6,"enemies":"Jaw Worm","floor":7,"turns":2},{"damage":22,"enemies":"3 Sentries","floor":8,"turns":8},{"damage":9,"enemies":"Lots of Slimes","floor":11,"turns":4},{"damage":13,"enemies":"Exordium Wildlife","floor":12,"turns":3},{"damage":33,"enemies":"Slime Boss","floor":16,"turns":9},{"damage":4,"enemies":"2 Thieves","floor":18,"turns":2}],"seed_played":"2068177303648135421","potions_obtained":[{"floor":1,"key":"FearPotion"},{"floor":7,"key":"Strength Potion"},{"floor":8,"key":"LiquidMemories"}],"is_trial":false,"path_per_floor":["M","?","?","M","T","R","M","E","T","R","M","M","?","?","R","B",null,"M"],"character_chosen":"IRONCLAD","items_purchased":[],"campfire_rested":1,"item_purchase_floors":[],"current_hp_per_floor":[80,80,64,70,70,80,80,64,64,64,61,54,59,80,80,53,85,81,81],"gold":370,"neow_bonus":"RANDOM_COMMON_RELIC","is_daily":false,"chose_seed":false,"campfire_upgraded":1,"win_rate":0.0,"timestamp":1610429382,"path_taken":["M","?","?","M","?","R","M","E","T","R","?","M","?","?","R","BOSS","M"],"items_purchased_type":[],"build_version":"2020-12-22","purchased_purges":0,"victory":false,"max_hp_per_floor":[80,80,80,80,80,80,80,80,80,80,80,80,85,85,85,85,85,85,85],"card_choices":[{"not_picked":["Hemokinesis","Iron Wave"],"picked":"Flex","floor":1},{"not_picked":["Warcry","Metallicize"],"picked":"Shrug It Off","floor":4},{"not_picked":["Whirlwind","Sever Soul"],"picked":"Anger","floor":7},{"not_picked":["Armaments","Sword Boomerang"],"picked":"Anger","floor":8},{"not_picked":["Clothesline","Heavy Blade"],"picked":"Anger","floor":11},{"not_picked":["Spot Weakness","Seeing Red"],"picked":"Clothesline","floor":12},{"not_picked":["Impervious","Feed"],"picked":"Barricade","floor":16}],"player_experience":62435,"relics_obtained":[{"floor":5,"key":"Shovel"},{"floor":8,"key":"Ornamental Fan"},{"floor":9,"key":"MawBank"},{"floor":10,"key":"Red Skull"}],"event_choices":[{"damage_healed":0,"gold_gain":0,"player_choice":"Grow","damage_taken":0,"max_hp_gain":0,"max_hp_loss":0,"event_name":"Living Wall","floor":2,"gold_loss":0,"cards_upgraded":["Flex"]},{"damage_healed":0,"gold_gain":0,"player_choice":"Entered Light","damage_taken":16,"max_hp_gain":0,"max_hp_loss":0,"event_name":"Shining Light","floor":3,"gold_loss":0,"cards_upgraded":["Defend_R","Strike_R"]},{"damage_healed":0,"gold_gain":0,"player_choice":"Donut","damage_taken":0,"max_hp_gain":5,"max_hp_loss":0,"event_name":"Big Fish","floor":13,"gold_loss":0},{"damage_healed":21,"gold_gain":0,"player_choice":"Healed","damage_taken":0,"max_hp_gain":0,"max_hp_loss":0,"event_name":"The Cleric","floor":14,"gold_loss":35}],"is_beta":false,"boss_relics":[{"not_picked":["Black Blood","Runic Pyramid"],"picked":"Velvet Choker"}],"items_purged_floors":[],"is_endless":false,"potions_floor_spawned":[1,7,8],"killed_by":"2 Thieves","ascension_level":0}}