{"host":"3a1ypf1irl30q4k8","time":1610454694,"event":{"mods":["AchievementEnabler","BaseMod","Bestiary","Colored Map","Minty Spire (QoL Compilation)","Relic Stats"],"gold_per_floor":[133,171,171,15,71,99,130,130,130,130,191,234,271,446,446,446,446],"floor_reached":16,"playtime":545,"items_purged":["Pain"],"score":122,"play_id":"fb1f0cb8-0ba9-4daf-b86d-7ae06d4636e1","local_time":"20210112123134","is_ascension_mode":true,"campfire_choices":[{"floor":8,"key":"REST"},{"data":"HandOfGreed","floor":10,"key":"SMITH"},{"data":"Glacier","floor":15,"key":"SMITH"}],"circlet_count":0,"master_deck":["Strike_B","Strike_B","Strike_B","Strike_B","Defend_B","Defend_B","Defend_B","Defend_B","Zap","Dualcast","HandOfGreed+1","Coolheaded","Sunder","Capacitor","Creative AI","Ball Lightning","Conserve Battery","Doom and Gloom","Glacier+1","Doubt"],"relics":["Cracked Core","Anchor","Symbiotic Virus"],"acts_visited":["Exordium"],"potions_floor_usage":[16,16],"damage_taken":[{"damage":8,"enemies":"Cultist","floor":1,"turns":5},{"damage":15,"enemies":"Jaw Worm","floor":2,"turns":2},{"damage":41,"enemies":"3 Sentries","floor":6,"turns":8},{"damage":5,"enemies":"Small Slimes","floor":7,"turns":3},{"damage":5,"enemies":"3 Louse","floor":11,"turns":5},{"damage":1,"enemies":"Large Slime","floor":12,"turns":2},{"damage":4,"enemies":"Exordium Wildlife","floor":13,"turns":3},{"damage":25,"enemies":"The Guardian","floor":16,"turns":8}],"seed_played":"-3905399655742103834","potions_obtained":[{"floor":6,"key":"LiquidBronze"},{"floor":11,"key":"LiquidBronze"},{"floor":13,"key":"Energy Potion"}],"is_trial":false,"path_per_floor":["M","M","?","$","?","E","M","R","T","R","M","M","M","?","R","B"],"character_chosen":"DEFECT","items_purchased":["Capacitor"],"campfire_rested":1,"item_purchase_floors":[4],"current_hp_per_floor":[67,52,57,57,57,16,11,35,35,35,30,29,25,25,25,0,0],"gold":446,"neow_bonus":"RANDOM_COLORLESS_2","is_daily":false,"chose_seed":false,"campfire_upgraded":2,"win_rate":0.0,"timestamp":1610454694,"path_taken":["M","M","?","$","?","E","?","R","T","R","M","M","M","?","R","BOSS"],"items_purchased_type":["Card"],"build_version":"2020-12-22","purchased_purges":1,"victory":false,"max_hp_per_floor":[75,75,80,80,80,80,80,80,80,80,80,80,80,80,80,80,80],"relic_stats":{"counters":[8,36],"obtain_stats":[{"Anchor":6,"Cracked Core":0,"Symbiotic Virus":9},{"Anchor":3,"Cracked Core":0,"Symbiotic Virus":4},{"Anchor":15,"Cracked Core":0,"Symbiotic Virus":18}]},"card_choices":[{"not_picked":["Magnetism","Thinking Ahead"],"picked":"HandOfGreed","floor":0},{"not_picked":["Hologram","Reinforced Body"],"picked":"Coolheaded","floor":1},{"not_picked":["Redo","Coolheaded"],"picked":"Sunder","floor":2},{"not_picked":["Leap","Double Energy"],"picked":"Creative AI","floor":6},{"not_picked":["Conserve Battery","Compile Driver"],"picked":"Ball Lightning","floor":7},{"not_picked":["Redo","Cold Snap"],"picked":"Conserve Battery","floor":11},{"not_picked":["Fusion","Static Discharge"],"picked":"Doom and Gloom","floor":12},{"not_picked":["Beam Cell","Scrape"],"picked":"Glacier","floor":13}],"player_experience":1032559,"relics_obtained":[{"floor":6,"key":"Anchor"},{"floor":9,"key":"Symbiotic Virus"}],"event_choices":[{"damage_healed":0,"gold_gain":0,"player_choice":"Donut","damage_taken":0,"max_hp_gain":5,"max_hp_loss":0,"event_name":"Big Fish","floor":3,"gold_loss":0},{"damage_healed":0,"gold_gain":56,"player_choice":"Gained Gold","damage_taken":0,"max_hp_gain":0,"max_hp_loss":0,"event_name":"Golden Wing","floor":5,"gold_loss":0},{"damage_healed":0,"gold_gain":175,"player_choice":"AGREE","damage_taken":0,"max_hp_gain":0,"max_hp_loss":0,"event_name":"Liars Game","floor":14,"gold_loss":0,"cards_obtained":["Doubt"]}],"is_beta":false,"boss_relics":[],"items_purged_floors":[4],"is_endless":false,"potions_floor_spawned":[6,11,13],"killed_by":"The Guardian","ascension_level":4}}