{"host":"zksvs3x2ysy9npnz","time":1610485893,"event":{"mods":["Aspiration","BaseMod","Beaked The Cultist","BetterRewards","Clockwork Mod","Colored Map","Conspire","Downfall","Duelist Mod","Ekko","Energized Spire","Fiend Mod","Halation","Highlight Path","Hubris","Hunter ??","Infinite Spire","Jedi Mod","JesterMod","Magitek Elite","Minty Spire (QoL Compilation)","Permanent Neow","Quick Restart","Relic Stats","Replay The Spire","Retaliation","Shade Mod","Shop Mod","StSLib","The Construct","The Poker Player","The Runesmith","The Witch","thorton"],"gold_per_floor":[99,111,61,112,135,193,193,223,266,191,218,246,246,264,291,374,374,299,338,376,376,457,457,480,522,522,148,148,158,158,173,221,315,315,315,338,338,376,400,443,443,776,827,752,871,911,911,940,971,984],"floor_reached":51,"playtime":4214,"items_purged":["Slimebound:Defend_Slimebound"],"score":1357,"play_id":"4a188c8c-5bc9-457a-9cbc-dbb890182c00","local_time":"20210112221133","is_ascension_mode":true,"campfire_choices":[{"data":"Slimebound:Tackle","floor":1.0,"key":"PURGE"},{"data":"Slimebound:CorrosiveSpit","floor":10.0,"key":"SMITH"},{"floor":13.0,"key":"RECALL"},{"data":"conspire:SpireCoStock","floor":18.0,"key":"SMITH"},{"data":"RitualDagger","floor":23.0,"key":"SMITH"},{"data":"Slimebound:LeechEnergy","floor":26.0,"key":"SMITH"},{"data":"Slimebound:Gluttony","floor":28.0,"key":"SMITH"},{"data":"Slimebound:SlimeSpikes","floor":35,"key":"SMITH"},{"data":"Slimebound:SlimeSpikes","floor":44,"key":"SMITH"},{"data":"Slimebound:SlimeSpikes","floor":47,"key":"SMITH"}],"circlet_count":0,"master_deck":["AscendersBane","Slimebound:Defend_Slimebound","Slimebound:Defend_Slimebound+1","Slimebound:Defend_Slimebound","Slimebound:Split+1","Slimebound:CorrosiveSpit+1","Slimebound:SlimeSpikes+1","Slimebound:SlimeSpikes+1","conspire:SpireCoStock+1","Slimebound:LivingWall","Slimebound:SamplingLick+1","Slimebound:SlimeSpikes+1","Slimebound:LeechEnergy+1","Slimebound:RallyTheTroops","Slimebound:Replication+1","Slimebound:Teamwork+1","Slimebound:OozeBath+1","Slimebound:LeechEnergy+1","RitualDagger+1","Slimebound:Recollect","Slimebound:SplitMire+1","Slimebound:Gluttony+1","Slimebound:SlimeSpikes+1","Slimebound:FinishingTackle","Slimebound:SlimeSpikes+1","Slimebound:LeechEnergy"],"relics":["Slimebound:AbsorbEndCombat","Guardian:PocketSentry","Boot","jedi:purplefairy","construct:RocketBooster","downfall:HeartBlessingGreen","Happy Flower","aspiration:AnachronicSnailShell","downfall:HeartBlessingRed","Lantern","aspiration:EmptySkull","Replay:Accelerometer","infinitespire:DarkRift","MerchantsRug","hubris:Icosahedron","Sozu","halation:PrussianBluePaint","Old Coin","jedi:arcanewood","downfall:HeartBlessingBlue","Toy Ornithopter"],"acts_visited":["Exordium","TheCity","TheBeyond"],"potions_floor_usage":[33,33],"damage_taken":[{"damage":4.0,"enemies":"Cultist","floor":2.0,"turns":4.0},{"damage":21.0,"enemies":"conspire:MimicChest","floor":4.0,"turns":8.0},{"damage":4.0,"enemies":"Jaw Worm","floor":5.0,"turns":5.0},{"damage":33.0,"enemies":"Lagavulin","floor":6.0,"turns":11.0},{"damage":8.0,"enemies":"Small Slimes","floor":8.0,"turns":5.0},{"damage":38.0,"enemies":"3 Sentries","floor":9.0,"turns":10.0},{"damage":11.0,"enemies":"Lagavulin","floor":12.0,"turns":8.0},{"damage":8.0,"enemies":"Lots of Slimes","floor":14.0,"turns":4.0},{"damage":9.0,"enemies":"3 Louse","floor":15.0,"turns":3.0},{"damage":19.0,"enemies":"downfall:Ironclad","floor":16.0,"turns":11.0},{"damage":19.0,"enemies":"Spheric Guardian","floor":19.0,"turns":6.0},{"damage":10.0,"enemies":"3 Cultists","floor":20.0,"turns":6.0},{"damage":30.0,"enemies":"Gremlin Leader","floor":25.0,"turns":7.0},{"damage":16.0,"enemies":"downfall:FleeingMerchant","floor":27.0,"turns":4.0},{"damage":14.0,"enemies":"Snake Plant","floor":29.0,"turns":3.0},{"damage":23.0,"enemies":"Centurion and Healer","floor":31.0,"turns":7.0},{"damage":12.0,"enemies":"Sentry and Sphere","floor":32.0,"turns":5.0},{"damage":20,"enemies":"downfall:Defect","floor":33,"turns":8},{"damage":23,"enemies":"3 Darklings","floor":36,"turns":6},{"damage":7,"enemies":"Orb Walker","floor":38,"turns":4},{"damage":27,"enemies":"Transient","floor":39,"turns":5},{"damage":53,"enemies":"Nightmare","floor":40,"turns":8},{"damage":18,"enemies":"Mind Bloom Boss Battle","floor":42,"turns":9},{"damage":64,"enemies":"Giant Head","floor":43,"turns":10},{"damage":20,"enemies":"downfall:LadyInBlue","floor":45,"turns":5},{"damage":23,"enemies":"4 Shapes","floor":46,"turns":4},{"damage":14,"enemies":"Writhing Mass","floor":48,"turns":6},{"damage":15,"enemies":"Maw","floor":49,"turns":7},{"damage":69,"enemies":"downfall:Silent","floor":50,"turns":11}],"seed_played":"-5539415996102536800","potions_obtained":[{"floor":9.0,"key":"Strength Potion"},{"floor":12.0,"key":"BlessingOfTheForge"},{"floor":31.0,"key":"Fruit Juice"},{"floor":32.0,"key":"Milkshake"}],"is_trial":false,"path_per_floor":["R_BF","M","?","?","M","E","T","M","E","R","T","E","R","M","M","B",null,"R","M","M","?","?","R","T","E","R","$","R","M","?","M","M","B",null,"R","M","?","M","M","NM","T","?","E","R","?","M","R","M","M","B",null],"character_chosen":"SLIMEBOUND","items_purchased":["aspiration:Nostalgia","Slimebound:SplitMire","MerchantsRug","Slimebound:Gluttony"],"campfire_rested":0,"item_purchase_floors":[27,27,27,27],"current_hp_per_floor":[49,54,54,49,54,41,41,45,27,54,54,54,54,54,54,54,54,54,47,53,47,30,40,40,34,44,50,54,54,54,59,59,59,59,59,59,59,59,59,47,47,59,30,50,69,69,69,69,69,69],"gold":984,"neow_bonus":"THREE_CARDS","is_daily":false,"chose_seed":false,"campfire_upgraded":8,"win_rate":0.0,"timestamp":1610485893,"path_taken":["R_BF","M","?","?","M","E","T","M","E","R","?","E","R","?","M","BOSS","R","M","M","?","?","R","T","E","R","?","R","M","?","?","M","BOSS","R","M","?","M","?","NM","T","?","E","R","?","M","R","?","M","BOSS"],"items_purchased_type":["Relic","Card","Relic","Card"],"build_version":"2020-12-22","purchased_purges":1,"victory":true,"max_hp_per_floor":[54,54,54,54,54,54,54,54,54,54,54,54,54,54,54,54,54,54,54,54,54,54,54,54,54,54,54,54,54,54,59,59,59,59,59,59,59,59,59,59,59,59,59,69,69,69,69,69,69,69],"relic_stats":{"Sozu":7,"Happy Flower":[49],"counters":[29,186],"Boot":[31],"obtain_stats":[{"Replay:Accelerometer":25,"MerchantsRug":27,"Lantern":22,"construct:RocketBooster":9,"Happy Flower":11,"downfall:HeartBlessingRed":18,"aspiration:Nostalgia":27,"Astrolabe":17,"jedi:purplefairy":7,"downfall:HeartBlessingGreen":10,"Guardian:PocketSentry":4,"Boot":6,"Old Coin":42,"Sozu":34,"infinitespire:DarkRift":27,"aspiration:EmptySkull":24,"hubris:Icosahedron":30,"halation:PrussianBluePaint":40,"downfall:HeartBlessingBlue":44,"aspiration:AnachronicSnailShell":12,"Slimebound:AbsorbEndCombat":0,"jedi:arcanewood":43,"Toy Ornithopter":45},{"Replay:Accelerometer":13,"MerchantsRug":14,"Lantern":12,"construct:RocketBooster":6,"Happy Flower":6,"downfall:HeartBlessingRed":10,"aspiration:Nostalgia":14,"Astrolabe":10,"jedi:purplefairy":4,"downfall:HeartBlessingGreen":6,"Guardian:PocketSentry":2,"Boot":4,"Old Coin":23,"Sozu":18,"infinitespire:DarkRift":14,"aspiration:EmptySkull":12,"hubris:Icosahedron":15,"halation:PrussianBluePaint":22,"downfall:HeartBlessingBlue":24,"aspiration:AnachronicSnailShell":7,"Slimebound:AbsorbEndCombat":0,"jedi:arcanewood":24,"Toy Ornithopter":25},{"Replay:Accelerometer":85,"MerchantsRug":89,"Lantern":78,"construct:RocketBooster":42,"Happy Flower":42,"downfall:HeartBlessingRed":67,"aspiration:Nostalgia":89,"Astrolabe":67,"jedi:purplefairy":28,"downfall:HeartBlessingGreen":42,"Guardian:PocketSentry":12,"Boot":28,"Old Coin":144,"Sozu":112,"infinitespire:DarkRift":89,"aspiration:EmptySkull":78,"hubris:Icosahedron":92,"halation:PrussianBluePaint":135,"downfall:HeartBlessingBlue":153,"aspiration:AnachronicSnailShell":50,"Slimebound:AbsorbEndCombat":0,"jedi:arcanewood":153,"Toy Ornithopter":158}],"Toy Ornithopter":0},"card_choices":[{"not_picked":["Slimebound:SplitLeeching","Slimebound:GrowthPunch"],"picked":"Slimebound:SlimeSpikes","floor":0.0},{"not_picked":["Slimebound:RollThrough","Slimebound:SlimeTap"],"picked":"Slimebound:SlimeSpikes","floor":2.0},{"not_picked":["Slimebound:SplitBruiser","Slimebound:ViciousTackle"],"picked":"Slimebound:LivingWall","floor":4.0},{"not_picked":["Slimebound:PressTheAttack","Slimebound:GoopSpray","Slimebound:LeadByExample"],"picked":"SKIP","floor":5.0},{"not_picked":["Slimebound:SplitBruiser","Slimebound:GoopSpray","Slimebound:PrepareCrush"],"picked":"SKIP","floor":6.0},{"not_picked":["Slimebound:ComboTackle","Slimebound:ViciousTackle"],"picked":"Slimebound:SamplingLick","floor":8.0},{"not_picked":["Slimebound:HauntingLick","Slimebound:FlameTackle","Slimebound:Repurpose"],"picked":"SKIP","floor":9.0},{"not_picked":["Slimebound:Schlurp","Slimebound:BestDefense","Slimebound:ForwardTackle"],"picked":"SKIP","floor":12.0},{"not_picked":["Slimebound:MegaLick","Slimebound:FirmFortitude"],"picked":"Slimebound:SlimeSpikes","floor":14.0},{"not_picked":["Slimebound:SamplingLick","Slimebound:SelfFormingGoo"],"picked":"Slimebound:LeechEnergy","floor":15.0},{"not_picked":["Slimebound:DouseInSlime","Slimebound:MassFeed"],"picked":"Slimebound:RallyTheTroops","floor":16.0},{"not_picked":["Slimebound:Grow","Slimebound:DisruptingSlam","Slimebound:FirmFortitude"],"picked":"SKIP","floor":19.0},{"not_picked":["Slimebound:SamplingLick+1","Slimebound:SplitLeeching"],"picked":"Slimebound:LeechEnergy","floor":20.0},{"not_picked":["Slimebound:RollThrough","Slimebound:LeechEnergy"],"picked":"Slimebound:MegaLick","floor":22.0},{"not_picked":["Slimebound:PressTheAttack","Slimebound:RallyTheTroops"],"picked":"Slimebound:Recollect","floor":25.0},{"not_picked":["Slimebound:LeechEnergy","Slimebound:GoopTackle","Slimebound:HauntingLick"],"picked":"SKIP","floor":27.0},{"not_picked":["Slimebound:ComboTackle","Slimebound:SplitBruiser","Slimebound:DisruptingSlam"],"picked":"SKIP","floor":29.0},{"not_picked":["Slimebound:Dissolve","Slimebound:DisruptingSlam+1","Slimebound:ItLooksTasty"],"picked":"SKIP","floor":31.0},{"not_picked":["Slimebound:RollThrough","Slimebound:SlimeBrawl"],"picked":"Slimebound:SlimeSpikes","floor":32.0},{"not_picked":["Slimebound:ViciousTackle","Slimebound:SplitMire","Slimebound:ItLooksTasty"],"picked":"SKIP","floor":36},{"not_picked":["Slimebound:RollThrough","Slimebound:LeechingTouch+1","Slimebound:SplitAcid"],"picked":"SKIP","floor":38},{"not_picked":["Slimebound:Replication","Slimebound:RollThrough","Slimebound:RallyTheTroops"],"picked":"SKIP","floor":39},{"not_picked":["Slimebound:GrowthPunch+1","Slimebound:SplitBruiser","Slimebound:Grow"],"picked":"SKIP","floor":40},{"not_picked":["Slimebound:Schlurp","Slimebound:RollThrough+1"],"picked":"Slimebound:SlimeSpikes+1","floor":42},{"not_picked":["Slimebound:GrowthPunch+1","Slimebound:SlimeBrawl","Slimebound:ViciousTackle"],"picked":"SKIP","floor":43},{"not_picked":["Slimebound:RejuvenatingLick","Slimebound:ComboTackle"],"picked":"Slimebound:LeechEnergy","floor":46},{"not_picked":["Slimebound:SlimeBarrage","Slimebound:SamplingLick","Slimebound:ViciousTackle+1"],"picked":"SKIP","floor":48},{"not_picked":["Slimebound:SamplingLick+1","Slimebound:Grow+1","Slimebound:Repurpose"],"picked":"SKIP","floor":49}],"player_experience":2495956,"relics_obtained":[{"floor":4.0,"key":"Guardian:PocketSentry"},{"floor":6.0,"key":"Boot"},{"floor":7.0,"key":"jedi:purplefairy"},{"floor":9.0,"key":"construct:RocketBooster"},{"floor":11.0,"key":"Happy Flower"},{"floor":12.0,"key":"aspiration:AnachronicSnailShell"},{"floor":22.0,"key":"Lantern"},{"floor":24.0,"key":"aspiration:EmptySkull"},{"floor":25.0,"key":"Replay:Accelerometer"},{"floor":40,"key":"halation:PrussianBluePaint"},{"floor":42,"key":"Old Coin"},{"floor":43,"key":"jedi:arcanewood"},{"floor":45,"key":"Toy Ornithopter"}],"event_choices":[{"damage_healed":0.0,"max_hp_gain":0.0,"max_hp_loss":0.0,"gold_gain":0.0,"event_name":"conspire:Investor","player_choice":"Invest 1","floor":3.0,"gold_loss":0.0,"damage_taken":0.0},{"damage_healed":0,"gold_gain":0,"cards_transformed":["Slimebound:MegaLick"],"player_choice":"Transformed","damage_taken":0,"max_hp_gain":0,"max_hp_loss":0,"event_name":"Transmorgrifier","floor":37,"gold_loss":0,"cards_obtained":["Slimebound:FinishingTackle"]}],"is_beta":false,"boss_relics":[{"not_picked":["Kintsugi","energizedSpire:DeadBattery"],"picked":"Astrolabe"},{"not_picked":["Replay:Wanted Poster","Pandora\u0027s Box"],"picked":"Sozu"}],"items_purged_floors":[27],"is_endless":false,"potions_floor_spawned":[9,12,14,15,16,19,31,32,38,39,45,46],"ascension_level":15}}