{"host":"x205naxbihvu3p76","time":1610454259,"event":{"mods":["AchievementEnabler","BaseMod","Minty Spire (QoL Compilation)","StSLib","SuperFastMode"],"gold_per_floor":[113,188,198,198,211,211,243,243,243,293,304,316,342,153,153,231,231,209,209,228,44,44,76,76,88,88,99,99,115,128,156,156,156,156],"floor_reached":33,"playtime":780,"items_purged":["Strike_B","Strike_B"],"score":594,"play_id":"330cf109-a69c-4a08-adcb-6adb22713976","local_time":"20210112212419","is_ascension_mode":true,"campfire_choices":[{"data":"Defragment","floor":6,"key":"SMITH"},{"data":"Barrage","floor":15,"key":"SMITH"},{"floor":24,"key":"REST"},{"data":"Defragment","floor":28,"key":"SMITH"},{"data":"Loop","floor":32,"key":"SMITH"}],"circlet_count":0,"master_deck":["AscendersBane","Strike_B+1","Defend_B+1","Defend_B+1","Defend_B+1","Defend_B+1","Zap","Dualcast","Cold Snap+1","Defragment+1","Go for the Eyes","Compile Driver","Reboot","Loop+1","Defragment+1","Barrage+1","Biased Cognition","Coolheaded+1","Capacitor","Ball Lightning","Self Repair+1","Loop+1"],"relics":["Cracked Core","NeowsBlessing","HornCleat","Whetstone","Orichalcum","Philosopher\u0027s Stone","Pen Nib","Frozen Egg 2","Dream Catcher"],"acts_visited":["Exordium","TheCity"],"potions_floor_usage":[7,7,13,23,23,31,31],"damage_taken":[{"damage":0,"enemies":"2 Louse","floor":1,"turns":1},{"damage":0,"enemies":"Jaw Worm","floor":3,"turns":1},{"damage":0,"enemies":"Cultist","floor":5,"turns":1},{"damage":4,"enemies":"Gremlin Nob","floor":7,"turns":3},{"damage":1,"enemies":"Blue Slaver","floor":11,"turns":3},{"damage":8,"enemies":"3 Louse","floor":12,"turns":3},{"damage":7,"enemies":"Lagavulin","floor":13,"turns":6},{"damage":14,"enemies":"The Guardian","floor":16,"turns":9},{"damage":14,"enemies":"2 Thieves","floor":18,"turns":4},{"damage":19,"enemies":"3 Byrds","floor":20,"turns":4},{"damage":4,"enemies":"Gremlin Leader","floor":23,"turns":4},{"damage":0,"enemies":"Sentry and Sphere","floor":25,"turns":6},{"damage":9,"enemies":"Snecko","floor":27,"turns":5},{"damage":0,"enemies":"Cultist and Chosen","floor":29,"turns":6},{"damage":5,"enemies":"Chosen and Byrds","floor":30,"turns":4},{"damage":17,"enemies":"Slavers","floor":31,"turns":7},{"damage":44,"enemies":"Collector","floor":33,"turns":5}],"seed_played":"5937551891780850399","potions_obtained":[{"floor":1,"key":"DistilledChaos"},{"floor":3,"key":"Fire Potion"},{"floor":11,"key":"SkillPotion"},{"floor":16,"key":"Strength Potion"},{"floor":20,"key":"SneckoOil"},{"floor":27,"key":"Swift Potion"},{"floor":29,"key":"FocusPotion"}],"is_trial":false,"path_per_floor":["M","?","M","?","M","R","E","?","T","?","M","M","E","$","R","B",null,"M","$","M","$","?","E","R","M","T","M","R","M","M","E","R","B"],"character_chosen":"DEFECT","items_purchased":["Defragment","Barrage","Capacitor"],"campfire_rested":1,"item_purchase_floors":[14,14,21],"current_hp_per_floor":[64,53,53,53,53,53,49,49,49,49,48,40,33,33,33,19,58,44,44,25,25,25,21,42,42,42,33,33,43,48,41,41,0,0],"gold":156,"neow_bonus":"THREE_ENEMY_KILL","is_daily":false,"chose_seed":false,"campfire_upgraded":4,"win_rate":0.0,"timestamp":1610454259,"path_taken":["M","?","M","?","?","R","E","?","T","?","M","M","E","$","R","BOSS","M","?","M","$","?","E","R","M","T","M","R","M","M","E","R","BOSS"],"items_purchased_type":["Card","Card","Card"],"build_version":"2020-12-22","purchased_purges":2,"victory":false,"max_hp_per_floor":[71,71,71,71,71,71,71,71,71,71,71,71,71,71,71,71,71,71,71,71,71,71,71,71,71,71,71,71,71,71,71,71,71,71],"card_choices":[{"not_picked":["Double Energy","Coolheaded","Sunder"],"picked":"SKIP","floor":1},{"not_picked":["Compile Driver","Leap"],"picked":"Cold Snap","floor":3},{"not_picked":["Compile Driver","Streamline"],"picked":"Defragment","floor":5},{"not_picked":["Gash","Coolheaded"],"picked":"Go for the Eyes","floor":7},{"not_picked":["Turbo","Chill"],"picked":"Reboot","floor":11},{"not_picked":["Barrage","Beam Cell"],"picked":"Loop","floor":12},{"not_picked":["Beam Cell","Buffer","Cold Snap"],"picked":"SKIP","floor":13},{"not_picked":["Machine Learning","Creative AI"],"picked":"Biased Cognition","floor":16},{"not_picked":["Gash","Barrage+1"],"picked":"Coolheaded+1","floor":18},{"not_picked":["Redo+1","FTL","Scrape"],"picked":"SKIP","floor":20},{"not_picked":["Redo","Rainbow","Coolheaded+1"],"picked":"SKIP","floor":23},{"not_picked":["Conserve Battery","Streamline"],"picked":"Ball Lightning","floor":25},{"not_picked":["Coolheaded","Beam Cell"],"picked":"Self Repair+1","floor":27},{"not_picked":["Gash","Barrage","Rainbow"],"picked":"SKIP","floor":29},{"not_picked":["Steam","Darkness","Go for the Eyes"],"picked":"SKIP","floor":30},{"not_picked":["Leap+1","Sweeping Beam+1"],"picked":"Loop+1","floor":31}],"player_experience":969880,"relics_obtained":[{"floor":7,"key":"HornCleat"},{"floor":9,"key":"Whetstone"},{"floor":13,"key":"Orichalcum"},{"floor":23,"key":"Pen Nib"},{"floor":26,"key":"Frozen Egg 2"},{"floor":31,"key":"Dream Catcher"}],"event_choices":[{"damage_healed":0,"gold_gain":75,"player_choice":"Gather Gold","damage_taken":11,"max_hp_gain":0,"max_hp_loss":0,"event_name":"World of Goop","floor":2,"gold_loss":0},{"damage_healed":0,"gold_gain":0,"player_choice":"Got Potions","damage_taken":0,"max_hp_gain":0,"max_hp_loss":0,"event_name":"Lab","floor":4,"gold_loss":0},{"damage_healed":0,"gold_gain":0,"cards_transformed":["Strike_B"],"player_choice":"Change","damage_taken":0,"max_hp_gain":0,"max_hp_loss":0,"event_name":"Living Wall","floor":8,"gold_loss":0,"cards_obtained":["Compile Driver"]},{"damage_healed":0,"gold_gain":50,"player_choice":"Pray","damage_taken":0,"max_hp_gain":0,"max_hp_loss":0,"event_name":"Golden Shrine","floor":10,"gold_loss":0},{"damage_healed":0,"gold_gain":0,"player_choice":"Simplicity","damage_taken":0,"max_hp_gain":0,"max_hp_loss":0,"event_name":"Back to Basics","floor":22,"gold_loss":0,"cards_upgraded":["Defend_B","Defend_B","Defend_B","Defend_B"]}],"is_beta":false,"boss_relics":[{"not_picked":["FrozenCore","Snecko Eye"],"picked":"Philosopher\u0027s Stone"}],"items_purged_floors":[14,21],"is_endless":false,"potions_floor_spawned":[1,3,11,16,20,27,29,30],"killed_by":"Collector","ascension_level":20}}