{"host":"t4313i2190y6fz3q","time":1610473576,"event":{"mods":["2.2 Compatiblity","AchievementEnabler","Act Like it!","BaseMod","Colored Powertips","Downfall","Highlight Path","Minty Spire (QoL Compilation)","Permanent Neow","Quick Restart","Rare Cards Sparkle","StSLib"],"gold_per_floor":[110,124,134,134,59,59,59,59,83,83,97,113,124,141,141,241,241,257,257,268,268,280,280,310,322,399,419,437,437,147,147,147,252,252,270,286,286,286,286,286,286,313,313,332,58,58,105,105,105,105],"floor_reached":51,"playtime":2408,"items_purged":["Regret","Defend_B","Strike_B"],"score":974,"play_id":"88d488ea-3c1d-41f6-b0a0-cd51279c36f3","local_time":"20210112094616","is_ascension_mode":true,"campfire_choices":[{"data":"Zap","floor":6.0,"key":"SMITH"},{"data":"Dualcast","floor":8.0,"key":"SMITH"},{"data":"Ball Lightning","floor":10.0,"key":"SMITH"},{"data":"Echo Form","floor":15.0,"key":"SMITH"},{"floor":23.0,"key":"REST"},{"data":"Seek","floor":29.0,"key":"SMITH"},{"data":"Defragment","floor":32.0,"key":"SMITH"},{"data":"Biased Cognition","floor":40.0,"key":"SMITH"},{"floor":49.0,"key":"DIG"}],"circlet_count":0,"master_deck":["Defend_B+1","Defend_B+1","Zap+1","Dualcast+1","BootSequence+1","Compile Driver+1","Ball Lightning+1","Capacitor+1","Glacier+1","Rebound+1","Echo Form+1","Seek+1","Darkness+1","Sweeping Beam+1","Conserve Battery+1","Coolheaded+1","Chill+1","Barrage+1","Defragment+1","Biased Cognition+1","Loop+1","Defragment+1"],"relics":["Cracked Core","White Beast Statue","Ancient Tea Set","SacredBark","Enchiridion","Happy Flower","Blue Candle","Lantern","Juzu Bracelet","Coffee Dripper","Mango","InkBottle","Lee\u0027s Waffle","Mark of the Bloom","Shovel","Calipers"],"acts_visited":["Exordium","TheCity","TheBeyond"],"potions_floor_usage":[50,50,50],"damage_taken":[{"damage":0.0,"enemies":"Small Slimes","floor":1.0,"turns":2.0},{"damage":2.0,"enemies":"2 Louse","floor":2.0,"turns":3.0},{"damage":1.0,"enemies":"Cultist","floor":3.0,"turns":3.0},{"damage":0.0,"enemies":"Large Slime","floor":11.0,"turns":4.0},{"damage":0.0,"enemies":"2 Fungi Beasts","floor":12.0,"turns":3.0},{"damage":9.0,"enemies":"Exordium Wildlife","floor":13.0,"turns":5.0},{"damage":1.0,"enemies":"Lots of Slimes","floor":14.0,"turns":4.0},{"damage":22.0,"enemies":"Slime Boss","floor":16.0,"turns":12.0},{"damage":8.0,"enemies":"3 Byrds","floor":18.0,"turns":5.0},{"damage":13.0,"enemies":"2 Thieves","floor":20.0,"turns":4.0},{"damage":14.0,"enemies":"Shelled Parasite and Fungi","floor":22.0,"turns":6.0},{"damage":11.0,"enemies":"Book of Stabbing","floor":24.0,"turns":3.0},{"damage":0.0,"enemies":"Sentry and Sphere","floor":25.0,"turns":6.0},{"damage":10.0,"enemies":"Chosen and Byrds","floor":27.0,"turns":6.0},{"damage":8.0,"enemies":"Centurion and Healer","floor":28.0,"turns":7.0},{"damage":37.0,"enemies":"Collector","floor":33.0,"turns":10.0},{"damage":0.0,"enemies":"Orb Walker","floor":35.0,"turns":4.0},{"damage":0.0,"enemies":"3 Darklings","floor":36.0,"turns":5.0},{"damage":9.0,"enemies":"Nemesis","floor":42.0,"turns":5.0},{"damage":0.0,"enemies":"Transient","floor":44.0,"turns":5.0},{"damage":0.0,"enemies":"2 Orb Walkers","floor":47.0,"turns":6.0},{"damage":22,"enemies":"Donu and Deca","floor":50,"turns":7}],"seed_played":"-4236415964844514579","potions_obtained":[{"floor":1.0,"key":"Dexterity Potion"},{"floor":2.0,"key":"SpeedPotion"},{"floor":11.0,"key":"CultistPotion"},{"floor":12.0,"key":"PotionOfCapacity"},{"floor":13.0,"key":"ColorlessPotion"},{"floor":16.0,"key":"Dexterity Potion"},{"floor":18.0,"key":"Explosive Potion"},{"floor":20.0,"key":"EntropicBrew"},{"floor":22.0,"key":"SteroidPotion"},{"floor":24.0,"key":"EntropicBrew"},{"floor":25.0,"key":"EntropicBrew"},{"floor":27.0,"key":"LiquidBronze"},{"floor":28.0,"key":"AttackPotion"},{"floor":33.0,"key":"Explosive Potion"},{"floor":35.0,"key":"ColorlessPotion"},{"floor":36.0,"key":"GamblersBrew"},{"floor":42.0,"key":"Guardian:BlockOnCardUsePotion"},{"floor":44.0,"key":"GamblersBrew"},{"floor":47.0,"key":"Regen Potion"}],"is_trial":false,"path_per_floor":["M","M","M","?","$","R","?","R","T","R","M","M","M","M","R","B",null,"M","?","M","?","M","R","E","M","T","M","M","R","$","?","R","B",null,"M","M","$","?","?","R","?","E","T","M","$","?","?","?","R","B",null],"character_chosen":"DEFECT","items_purchased":["Lantern","Defragment","Lee\u0027s Waffle"],"campfire_rested":1,"item_purchase_floors":[30,30,45],"current_hp_per_floor":[68,66,65,65,65,65,65,65,65,65,65,65,56,55,55,33,59,51,51,38,22,8,28,17,17,17,47,39,39,39,39,39,2,52,52,52,52,52,52,52,52,57,57,57,89,89,89,89,89,67],"gold":105,"neow_bonus":"REMOVE_TWO","is_daily":false,"chose_seed":false,"campfire_upgraded":7,"win_rate":0.0,"timestamp":1610473576,"path_taken":["M","M","M","?","$","R","?","R","T","R","M","M","?","M","R","BOSS","M","?","M","?","M","R","E","M","T","M","M","R","$","?","R","BOSS","M","M","$","?","?","R","?","E","T","M","$","?","?","?","R","BOSS"],"items_purchased_type":["Relic","Card","Relic"],"build_version":"2020-12-22","purchased_purges":3,"victory":true,"max_hp_per_floor":[68,68,68,68,68,68,68,68,68,68,68,68,68,68,68,68,68,68,68,68,68,68,68,68,68,68,68,68,68,68,68,68,68,68,68,68,68,68,68,68,68,82,82,82,89,89,89,89,89,89],"card_choices":[{"not_picked":["Scrape","Storm"],"picked":"BootSequence","floor":1.0},{"not_picked":["Steam","Barrage"],"picked":"Compile Driver","floor":2.0},{"not_picked":["Sweeping Beam","Coolheaded"],"picked":"Ball Lightning","floor":3.0},{"not_picked":["Go for the Eyes","Hologram"],"picked":"Capacitor","floor":11.0},{"not_picked":["Conserve Battery","Machine Learning"],"picked":"Glacier","floor":12.0},{"not_picked":["Go for the Eyes","Steam"],"picked":"Rebound","floor":13.0},{"not_picked":["Streamline","Hello World"],"picked":"Echo Form","floor":14.0},{"not_picked":["Hyperbeam","Multi-Cast"],"picked":"Seek","floor":16.0},{"not_picked":["Gash","Leap"],"picked":"Darkness","floor":18.0},{"not_picked":["Force Field","BootSequence"],"picked":"Sweeping Beam+1","floor":20.0},{"not_picked":["Go for the Eyes","Barrage"],"picked":"Conserve Battery","floor":22.0},{"not_picked":["Streamline","Sweeping Beam+1"],"picked":"Coolheaded","floor":24.0},{"not_picked":["Reboot","Leap+1"],"picked":"Chill","floor":25.0},{"not_picked":["Conserve Battery+1","Hologram","Auto Shields"],"picked":"SKIP","floor":27.0},{"not_picked":["Gash","Steam Power+1"],"picked":"Barrage","floor":28.0},{"not_picked":["Meteor Strike","Amplify"],"picked":"Biased Cognition","floor":33.0},{"not_picked":["Rebound+1","Barrage+1"],"picked":"Loop+1","floor":35.0},{"not_picked":["Melter+1","Barrage"],"picked":"Recycle","floor":36.0},{"not_picked":["Streamline+1","Biased Cognition"],"picked":"Defragment","floor":42.0},{"not_picked":["Go for the Eyes","Coolheaded+1","Capacitor"],"picked":"SKIP","floor":44.0}],"player_experience":200707,"relics_obtained":[{"floor":9.0,"key":"Ancient Tea Set"},{"floor":21.0,"key":"Enchiridion"},{"floor":24.0,"key":"Happy Flower"},{"floor":26.0,"key":"Blue Candle"},{"floor":42.0,"key":"Mango"},{"floor":43.0,"key":"InkBottle"},{"floor":47.0,"key":"Shovel"},{"floor":49.0,"key":"Calipers"}],"event_choices":[{"damage_healed":0.0,"max_hp_gain":0.0,"max_hp_loss":0.0,"gold_gain":0.0,"event_name":"Big Fish","player_choice":"Box","floor":4.0,"gold_loss":0.0,"damage_taken":0.0,"relics_obtained":["White Beast Statue"],"cards_obtained":["Regret"]},{"cards_removed":["Strike_B"],"damage_healed":0.0,"max_hp_gain":0.0,"max_hp_loss":0.0,"gold_gain":0.0,"event_name":"Bonfire Elementals","player_choice":"Offered Basic","floor":7.0,"gold_loss":0.0,"damage_taken":0.0},{"damage_healed":0.0,"max_hp_gain":0.0,"max_hp_loss":0.0,"gold_gain":0.0,"event_name":"The Mausoleum","player_choice":"Ignored","floor":19.0,"gold_loss":0.0,"damage_taken":0.0},{"damage_healed":0.0,"max_hp_gain":0.0,"max_hp_loss":0.0,"gold_gain":0.0,"event_name":"Cursed Tome","player_choice":"Obtained Book","floor":21.0,"gold_loss":0.0,"damage_taken":16.0},{"damage_healed":0.0,"max_hp_gain":0.0,"max_hp_loss":0.0,"gold_gain":0.0,"event_name":"WeMeetAgain","player_choice":"Gave Potion","floor":31.0,"gold_loss":0.0,"damage_taken":0.0,"relics_obtained":["Juzu Bracelet"]},{"cards_removed":["Recycle"],"damage_healed":0.0,"max_hp_gain":0.0,"max_hp_loss":0.0,"gold_gain":0.0,"event_name":"Falling","player_choice":"Removed Skill","floor":38.0,"gold_loss":0.0,"damage_taken":0.0},{"damage_healed":0.0,"max_hp_gain":0.0,"max_hp_loss":0.0,"gold_gain":0.0,"event_name":"SensoryStone","player_choice":"Memory 1","floor":39.0,"gold_loss":0.0,"damage_taken":0.0},{"cards_removed":["Strike_B"],"damage_healed":0.0,"max_hp_gain":0.0,"max_hp_loss":0.0,"gold_gain":0.0,"event_name":"Wheel of Change","player_choice":"Card Removal","floor":41.0,"gold_loss":0.0,"damage_taken":0.0},{"damage_healed":0.0,"max_hp_gain":0.0,"max_hp_loss":0.0,"gold_gain":0.0,"event_name":"MindBloom","player_choice":"Upgrade","floor":46.0,"gold_loss":0.0,"damage_taken":0.0,"cards_upgraded":["Defend_B","Defend_B","BootSequence","Compile Driver","Capacitor","Glacier","Rebound","Darkness","Conserve Battery","Coolheaded","Chill","Barrage","Defragment"],"relics_obtained":["Mark of the Bloom"]},{"damage_healed":0.0,"max_hp_gain":0.0,"max_hp_loss":0.0,"gold_gain":0.0,"event_name":"Mysterious Sphere","player_choice":"Fight","floor":47.0,"gold_loss":0.0,"damage_taken":0.0},{"damage_healed":0.0,"max_hp_gain":0.0,"max_hp_loss":0.0,"gold_gain":0.0,"event_name":"Upgrade Shrine","player_choice":"Ignored","floor":48.0,"gold_loss":0.0,"damage_taken":0.0}],"is_beta":false,"boss_relics":[{"not_picked":["Astrolabe","Nuclear Battery"],"picked":"SacredBark"},{"not_picked":["Velvet Choker","Runic Pyramid"],"picked":"Coffee Dripper"}],"items_purged_floors":[5,30,45],"is_endless":false,"potions_floor_spawned":[1,2,11,12,13,14,16,18,20,22,24,25,27,28,33,35,36,42,44,47],"ascension_level":9}}