{"host":"amu9ywnm0ttsp1dk","time":1610456146,"event":{"mods":["Act Like it!","Arknights The Spire","BaseMod","ChefMod","Chen","Downfall","Gensokyo","Marisa£®ÏF”Í°°ƒß¿Ì…≥£©","Minty Spire (QoL Compilation)","Rare Cards Sparkle","Reimu£®≤©¿ˆ¡È√Œ£©","Robot Space Explorer","StSLib","The Edgeheg","The Marked","Yakumo Yukari mod","Youmu£®ªÍ∆«—˝√Œ£©"],"gold_per_floor":[110,122,197,197,197,206,206,28,28,28,44,36,31,41,41,118,118,118,118,43,58,74,101,112,112,112,112,211,227,79,154,154,151,151],"floor_reached":33,"playtime":1765,"items_purged":["Poor:ReiMu"],"score":325,"play_id":"45b43f7b-f400-4c6b-a076-817db9a23c02","local_time":"20210112205546","is_ascension_mode":false,"campfire_choices":[{"floor":7.0,"key":"RECALL"},{"floor":15.0,"key":"REST"},{"floor":25.0,"key":"REST"},{"floor":32,"key":"REST"}],"circlet_count":0,"master_deck":["ats:Strike C","ats:Strike G","ats:Strike S","ats:Armor Crushing Shot","ats:Defend","ats:Defend","ats:Defend","ats:Emotion Absorption","ats:Burning Ground","ats:Poison Spread","ats:Overload","Apotheosis+1","ats:Revitalization","ats:Disruption Kick","ats:Closed Bolt Burst Fire","ats:Apocalypse","ats:Calcification","ats:Burning Ground","ats:Closed Bolt Burst Fire+1","ats:Ignite","ats:Healing Drone","ats:Assault Order","ats:Healing Strengthening","ats:Explosion Area Strengthen+1"],"relics":["Fusion Hammer","YidongShenshe:ReiMu","Blood Vial","ats:Originium","Juzu Bracelet","Happy Flower","Runic Pyramid","Bag of Marbles","Eternal Feather","ats:Ability Aura"],"acts_visited":["Exordium","TheCity"],"potions_floor_usage":[],"damage_taken":[{"damage":0.0,"enemies":"2 Louse","floor":1.0,"turns":2.0},{"damage":0.0,"enemies":"Small Slimes","floor":2.0,"turns":2.0},{"damage":19.0,"enemies":"Gremlin Nob","floor":6.0,"turns":4.0},{"damage":6.0,"enemies":"Jaw Worm","floor":11.0,"turns":2.0},{"damage":2.0,"enemies":"3 Louse","floor":12.0,"turns":3.0},{"damage":9.0,"enemies":"Exordium Thugs","floor":13.0,"turns":3.0},{"damage":9.0,"enemies":"3 Sentries","floor":14.0,"turns":4.0},{"damage":0.0,"enemies":"Slime Boss","floor":16.0,"turns":6.0},{"damage":5.0,"enemies":"3 Byrds","floor":18.0,"turns":4.0},{"damage":9.0,"enemies":"2 Thieves","floor":21.0,"turns":3.0},{"damage":3.0,"enemies":"3 Cultists","floor":22.0,"turns":3.0},{"damage":51.0,"enemies":"Book of Stabbing","floor":23.0,"turns":5.0},{"damage":13.0,"enemies":"Snake Plant","floor":24.0,"turns":4.0},{"damage":32.0,"enemies":"Cultist and Chosen","floor":29.0,"turns":5.0},{"damage":65,"enemies":"Collector","floor":33,"turns":5}],"seed_played":"4354306820437367923","potions_obtained":[{"floor":1.0,"key":"Fire Potion"},{"floor":6.0,"key":"Strength Potion"},{"floor":16.0,"key":"ColorlessPotion"},{"floor":18.0,"key":"SteroidPotion"},{"floor":23.0,"key":"Guardian:BlockOnCardUsePotion"},{"floor":24.0,"key":"PowerPotion"}],"is_trial":false,"path_per_floor":["M","M","?","?","?","E","R","$","T","?","M","M","M","E","R","B",null,"M","?","$","M","M","E","M","R","T","?","?","M","$","?","R","B"],"character_chosen":"DOCTOR_CLASS","items_purchased":["Apotheosis","ats:Ability Aura"],"campfire_rested":3,"item_purchase_floors":[8,30],"current_hp_per_floor":[72,72,61,61,54,37,37,37,37,37,33,36,29,27,48,64,72,72,59,59,56,61,13,9,32,32,32,32,13,13,6,41,0,0],"gold":151,"neow_bonus":"BOSS_RELIC","is_daily":false,"chose_seed":false,"campfire_upgraded":0,"win_rate":0.0,"timestamp":1610456146,"path_taken":["M","M","?","?","?","E","R","$","T","?","M","M","M","E","R","BOSS","M","?","$","M","M","E","M","R","T","?","?","M","$","?","R","BOSS"],"items_purchased_type":["Card","Relic"],"build_version":"2020-12-22","purchased_purges":1,"victory":false,"max_hp_per_floor":[72,72,72,72,72,72,72,72,72,72,72,72,72,72,72,72,72,72,77,77,77,77,77,77,77,77,77,77,77,77,77,77,77,77],"card_choices":[{"not_picked":["ats:Poison Spread","ats:Ignite"],"picked":"ats:Burning Ground","floor":1.0},{"not_picked":["ats:Childhood Dance","ats:Cat Scratch"],"picked":"ats:Poison Spread","floor":2.0},{"not_picked":["ats:Shell Defense","ats:Poison Spread"],"picked":"ats:Overload","floor":6.0},{"not_picked":["ats:Assault Order","ats:Powerful Strike"],"picked":"ats:Revitalization","floor":11.0},{"not_picked":["ats:Revitalization","ats:Assault Order"],"picked":"ats:Disruption Kick","floor":12.0},{"not_picked":["ats:Demon Strength","ats:Ignite"],"picked":"ats:Closed Bolt Burst Fire","floor":13.0},{"not_picked":["ats:Childhood Dance","ats:Rat Pack"],"picked":"ats:Apocalypse","floor":14.0},{"not_picked":["ats:Dogmatic Field","ats:Soul Rend"],"picked":"ats:Calcification","floor":16.0},{"not_picked":["ats:Flame Of Heaven+1","ats:Overload"],"picked":"ats:Burning Ground","floor":18.0},{"not_picked":["ats:Ignite","ats:Automatic Cover"],"picked":"ats:Closed Bolt Burst Fire+1","floor":21.0},{"not_picked":["ats:Hammer On","ats:Leaping Hammer","ats:Shell Defense"],"picked":"SKIP","floor":22.0},{"not_picked":["ats:Assault Order","ats:True Silver Slash"],"picked":"ats:Ignite","floor":23.0},{"not_picked":["ats:Overload","ats:Consecutive Shot Auto"],"picked":"ats:Healing Drone","floor":24.0},{"not_picked":["ats:Ignite","ats:Cat Scratch+1"],"picked":"ats:Explosion Area Strengthen+1","floor":29.0}],"player_experience":1582414,"relics_obtained":[{"floor":6.0,"key":"ats:Originium"},{"floor":6.0,"key":"Juzu Bracelet"},{"floor":14.0,"key":"ats:Originium"},{"floor":14.0,"key":"Happy Flower"},{"floor":23.0,"key":"ats:Originium"},{"floor":23.0,"key":"Bag of Marbles"},{"floor":26.0,"key":"Eternal Feather"}],"event_choices":[{"damage_healed":0.0,"max_hp_gain":0.0,"max_hp_loss":0.0,"gold_gain":75.0,"event_name":"World of Goop","player_choice":"Gather Gold","floor":3.0,"gold_loss":0.0,"damage_taken":11.0},{"damage_healed":0.0,"max_hp_gain":0.0,"max_hp_loss":0.0,"gold_gain":0.0,"event_name":"yidonshenshe","player_choice":"¥¯◊ﬂ…Ò…Á","floor":4.0,"gold_loss":0.0,"damage_taken":0.0,"relics_obtained":["YidongShenshe:ReiMu"],"cards_obtained":["Poor:ReiMu"]},{"damage_healed":0.0,"max_hp_gain":0.0,"max_hp_loss":0.0,"gold_gain":0.0,"event_name":"Scrap Ooze","player_choice":"Success","floor":5.0,"gold_loss":0.0,"damage_taken":7.0,"relics_obtained":["Blood Vial"]},{"damage_healed":0.0,"max_hp_gain":0.0,"max_hp_loss":0.0,"gold_gain":0.0,"event_name":"Living Wall","player_choice":"Grow","floor":10.0,"gold_loss":0.0,"damage_taken":0.0,"cards_upgraded":["Apotheosis"]},{"damage_healed":0.0,"max_hp_gain":5.0,"max_hp_loss":0.0,"gold_gain":0.0,"event_name":"Forgotten Altar","player_choice":"Shed Blood","floor":19.0,"gold_loss":0.0,"damage_taken":18.0},{"damage_healed":0.0,"max_hp_gain":0.0,"max_hp_loss":0.0,"gold_gain":0.0,"cards_transformed":["ats:Defend","ats:Strike V"],"event_name":"Drug Dealer","player_choice":"Became Test Subject","floor":27.0,"gold_loss":0.0,"damage_taken":0.0,"cards_obtained":["ats:Assault Order","ats:Healing Strengthening"]},{"damage_healed":0.0,"max_hp_gain":0.0,"max_hp_loss":0.0,"gold_gain":99.0,"event_name":"Nest","player_choice":"Stole From Cult","floor":28.0,"gold_loss":0.0,"damage_taken":0.0},{"damage_healed":0,"gold_gain":75,"player_choice":"Touch","damage_taken":7,"max_hp_gain":0,"max_hp_loss":0,"event_name":"FaceTrader","floor":31,"gold_loss":0}],"is_beta":false,"boss_relics":[{"not_picked":["ats:Omniscience","Ectoplasm"],"picked":"Runic Pyramid"}],"items_purged_floors":[20],"is_endless":false,"potions_floor_spawned":[1,6,16,18,23,24],"killed_by":"Collector","ascension_level":0}}