{"host":"y3iy5gb13b300rns","time":1610430831,"event":{"mods":["BaseMod","Bestiary","Curses Come First","Minty Spire (QoL Compilation)","Replay The Spire","StSLib","The Runesmith"],"gold_per_floor":[110,110,120,136,7,23,41,41,64,44,60,60,60,86,86,186,186,199,215,215,215],"floor_reached":20,"playtime":1759,"items_purged":[],"score":178,"play_id":"03230ada-a45c-4813-8879-5a6bbd2f581e","local_time":"20210111235351","is_ascension_mode":false,"campfire_choices":[{"floor":8,"key":"REST"},{"floor":15,"key":"REST"}],"circlet_count":0,"master_deck":["Strike_P","Strike_P","Strike_P","Strike_P","Defend_P","Defend_P","Defend_P","Eruption+1","Vigilance","MentalFortress","Vengeance","Replay:Anticipation","ForeignInfluence","JustLucky","Nirvana","EmptyBody","FlyingSleeves","CrushJoints","Alpha","ClearTheMind","CutThroughFate"],"relics":["HolyWater","ReplayFunnel","Replay:Baseball","PreservedInsect"],"acts_visited":["Exordium","TheCity"],"potions_floor_usage":[7,16,19,20],"damage_taken":[{"damage":14,"enemies":"2 Louse","floor":1,"turns":2},{"damage":0,"enemies":"Small Slimes","floor":3,"turns":4},{"damage":0,"enemies":"Cultist","floor":4,"turns":2},{"damage":3,"enemies":"Looter","floor":6,"turns":2},{"damage":7,"enemies":"Blue Slaver","floor":7,"turns":3},{"damage":15,"enemies":"Exordium Thugs","floor":10,"turns":4},{"damage":11,"enemies":"Lots of Slimes","floor":11,"turns":4},{"damage":19,"enemies":"3 Sentries","floor":14,"turns":10},{"damage":56,"enemies":"Fading Forest","floor":16,"turns":11},{"damage":37,"enemies":"Chosen","floor":18,"turns":5},{"damage":30,"enemies":"Shell Parasite","floor":19,"turns":10},{"damage":33,"enemies":"Cultist and Chosen","floor":20,"turns":8}],"seed_played":"2663446466747869178","potions_obtained":[{"floor":1,"key":"FairyPotion"},{"floor":3,"key":"StancePotion"},{"floor":11,"key":"CultistPotion"},{"floor":18,"key":"Weak Potion"},{"floor":19,"key":"EssenceOfSteel"}],"is_trial":false,"path_per_floor":["M","?","M","M","$","M","M","R","T","M","M","?","?","E","R","B",null,"M","M","M"],"character_chosen":"WATCHER","items_purchased":["ForeignInfluence","JustLucky"],"campfire_rested":2,"item_purchase_floors":[5,5],"current_hp_per_floor":[58,58,58,58,58,55,48,69,69,54,43,36,72,53,72,22,72,35,5,0,0],"gold":215,"neow_bonus":"RANDOM_COMMON_RELIC","is_daily":false,"chose_seed":false,"campfire_upgraded":0,"win_rate":0.0,"timestamp":1610430831,"path_taken":["M","?","M","M","$","M","M","R","T","M","M","?","?","E","R","BOSS","M","M","?"],"items_purchased_type":["Card","Card"],"build_version":"2020-12-22","purchased_purges":0,"victory":false,"max_hp_per_floor":[72,72,72,72,72,72,72,72,72,72,72,72,72,72,72,72,72,72,72,72,72],"card_choices":[{"not_picked":["Wireheading","Replay:Vibes"],"picked":"MentalFortress","floor":1},{"not_picked":["Replay:AtTheReady","EmptyBody"],"picked":"Vengeance","floor":3},{"not_picked":["Replay:AtTheReady","Conclude"],"picked":"Replay:Anticipation","floor":4},{"not_picked":["Replay:BluntJabs","Wireheading"],"picked":"Nirvana","floor":6},{"not_picked":["Replay:Cycle","Replay:Battleflow"],"picked":"Adaptation","floor":7},{"not_picked":["Sanctity","Study"],"picked":"EmptyBody","floor":10},{"not_picked":["Protect","Replay:AtTheReady"],"picked":"FlyingSleeves","floor":11},{"not_picked":["EmptyBody","Replay:BluntJabs"],"picked":"CrushJoints","floor":14},{"not_picked":["LessonLearned","SpiritShield"],"picked":"Alpha","floor":16},{"not_picked":["SashWhip","CutThroughFate"],"picked":"ClearTheMind","floor":18},{"not_picked":["Replay:AtTheReady","Replay:ManipulateFuture"],"picked":"CutThroughFate","floor":19}],"player_experience":409213,"relics_obtained":[{"floor":9,"key":"Replay:Baseball"},{"floor":14,"key":"PreservedInsect"}],"event_choices":[{"damage_healed":0,"gold_gain":0,"player_choice":"Grow","damage_taken":0,"max_hp_gain":0,"max_hp_loss":0,"event_name":"Living Wall","floor":2,"gold_loss":0,"cards_upgraded":["Eruption"]},{"cards_removed":["Defend_P"],"damage_healed":0,"gold_gain":0,"player_choice":"Card Removal","damage_taken":7,"max_hp_gain":0,"max_hp_loss":0,"event_name":"Golden Wing","floor":12,"gold_loss":0},{"cards_removed":["Adaptation"],"damage_healed":36,"gold_gain":0,"player_choice":"Offered Uncommon","damage_taken":0,"max_hp_gain":0,"max_hp_loss":0,"event_name":"Bonfire Elementals","floor":13,"gold_loss":0}],"is_beta":false,"boss_relics":[{"not_picked":["Runic Pyramid","Painkiller Herb"],"picked":"HolyWater"}],"items_purged_floors":[],"is_endless":false,"potions_floor_spawned":[1,3,11,18,19],"killed_by":"Cultist and Chosen","ascension_level":0}}