{"host":"rdkrwszfl07lpbj9","time":1610481913,"event":{"mods":["Act Like it!","Aspiration","BaseMod","Beaked The Cultist","Colored Powertips","Downfall","Friendly Minions","Hermit","Infinite Spire","Minty Spire (QoL Compilation)","Replay The Spire","StSLib","The Construct","The Elementalist","The Hierophant","The Jungle","The Marked","The Runesmith"],"gold_per_floor":[99,99,99,99,99,163,189,189,200,200,225,55,55,55,67,67,67,67],"floor_reached":16,"language":"ENG","playtime":863,"items_purged":["champ:Strike"],"score":94,"play_id":"8b9556f8-cc87-4312-8fa9-a9e0dd8cd64d","local_time":"20210112120513","is_ascension_mode":false,"campfire_choices":[{"data":"champ:Taunt","floor":1,"key":"SMITH"},{"floor":8,"key":"REST"},{"data":"champ:EnragedBash","floor":10,"key":"SMITH"},{"floor":13,"key":"REST"}],"circlet_count":0,"master_deck":["champ:Strike","champ:Strike","champ:Strike","champ:Defend+1","champ:Defend+1","champ:Defend+1","champ:Defend+1","champ:Execute","champ:Taunt+1","champ:AdrenalArmor+1","champ:LastStand","champ:RapidStrikes","champ:EnragedBash+1","champ:CalledShot"],"relics":["elementalistmod:YellowCirclet","downfall:HeartsMalice","Shuriken","ReplayTheSpireMod:Lightbulb","Replay:Bottled Eggs","infinitespire:Cubic Diamond"],"acts_visited":["Exordium"],"potions_floor_usage":[],"damage_taken":[{"damage":0,"enemies":"Cultist","floor":2,"turns":1},{"damage":0,"enemies":"Small Slimes","floor":4,"turns":1},{"damage":0,"enemies":"Jaw Worm","floor":5,"turns":1},{"damage":76,"enemies":"3 Sentries","floor":6,"turns":13},{"damage":13,"enemies":"2 Fungi Beasts","floor":9,"turns":5},{"damage":52,"enemies":"Lagavulin","floor":11,"turns":8},{"damage":12,"enemies":"downfall:FleeingMerchant","floor":12,"turns":4},{"damage":13,"enemies":"Exordium Wildlife","floor":15,"turns":6},{"damage":0,"enemies":"downfall:Ironclad","floor":16,"turns":1}],"seed_played":"-465811851404339480","potions_obtained":[{"floor":6,"key":"Fire Potion"},{"floor":9,"key":"GamblersBrew"},{"floor":11,"key":"Block Potion"}],"is_trial":false,"path_per_floor":["R","M","?","M","M","?","T","R","M","R","E","$","R","?","M","B"],"character_chosen":"THE_CHAMP","items_purchased":["champ:CalledShot"],"campfire_rested":2,"item_purchase_floors":[12],"current_hp_per_floor":[90,90,90,90,90,37,37,64,64,64,38,28,55,55,54,54,54,54],"gold":67,"neow_bonus":"THREE_ENEMY_KILL","is_daily":false,"chose_seed":false,"campfire_upgraded":2,"win_rate":0.0,"timestamp":1610481913,"path_taken":["R","M","?","M","?","?","T","R","M","R","E","?","R","?","M","BOSS"],"items_purchased_type":["Card"],"build_version":"2020-12-22","purchased_purges":1,"victory":false,"max_hp_per_floor":[90,90,90,90,90,90,90,90,90,90,90,90,90,90,90,90,90,90],"card_choices":[{"not_picked":["champ:GutPunch","champ:StanceDance"],"picked":"champ:AdrenalArmor","floor":2},{"not_picked":["champ:FlashCut","champ:Haymaker","champ:Circumvent"],"picked":"SKIP","floor":4},{"not_picked":["champ:GladiatorsShout","champ:StanceDance"],"picked":"champ:LastStand","floor":5},{"not_picked":["champ:Riposte","champ:FlashCut"],"picked":"champ:RapidStrikes","floor":6},{"not_picked":["champ:GladiatorsShout","champ:Balance"],"picked":"champ:EnragedBash","floor":9},{"not_picked":["champ:Balance","champ:ArenaPreparation","champ:Circumvent"],"picked":"SKIP","floor":11},{"not_picked":["champ:AdrenalArmor","champ:PerfectedStrike","champ:TornadoPunch"],"picked":"SKIP","floor":12},{"not_picked":["champ:FocusedDefense","champ:GladiatorsShout","champ:StanceDance"],"picked":"SKIP","floor":15}],"player_experience":1007046,"relics_obtained":[{"floor":6,"key":"Shuriken"},{"floor":7,"key":"ReplayTheSpireMod:Lightbulb"},{"floor":11,"key":"Replay:Bottled Eggs"}],"event_choices":[{"damage_healed":0,"gold_gain":0,"player_choice":"Forge","damage_taken":0,"max_hp_gain":0,"max_hp_loss":0,"event_name":"Accursed Blacksmith","floor":3,"gold_loss":0,"cards_upgraded":["champ:AdrenalArmor"]}],"is_beta":false,"boss_relics":[],"items_purged_floors":[12],"is_endless":false,"potions_floor_spawned":[6,9,11],"killed_by":"downfall:Ironclad","ascension_level":0}}