{"host":"aj7el8l5kufbk20z","time":1610414027,"event":{"mods":["AchievementEnabler","BaseMod","Colored Map","Colored Powertips","Curses Come First","Downfall","Highlight Path","Minty Spire (QoL Compilation)","Permanent Neow","Poor People Problems","Quick Restart","Rare Cards Sparkle","Relic Stats","StSLib","SuperFastMode","Waifu the Spire"],"gold_per_floor":[112,112,125,125,29,29,63,81,133,133,143,158,38,188,188,188,188],"floor_reached":16,"playtime":844,"items_purged":["Strike_R"],"score":175,"play_id":"fb3d745a-3cc5-4216-ac00-3557b32eee7b","local_time":"20210112091347","is_ascension_mode":true,"campfire_choices":[{"data":"Entrench","floor":6.0,"key":"SMITH"},{"data":"Metallicize","floor":10.0,"key":"SMITH"},{"data":"Armaments","floor":15.0,"key":"SMITH"}],"circlet_count":0,"master_deck":["AscendersBane","Strike_R","Strike_R","Defend_R","Defend_R","Defend_R","Defend_R","Bash","Shrug It Off","Entrench+1","Battle Trance","expansioncontent:SuperHexaguard","Metallicize+1","Metallicize","Flame Barrier","Metallicize","Armaments+1"],"relics":["Burning Blood","Omamori","PreservedInsect"],"acts_visited":["Exordium"],"potions_floor_usage":[],"damage_taken":[{"damage":6.0,"enemies":"Small Slimes","floor":1.0,"turns":4.0},{"damage":2.0,"enemies":"2 Louse","floor":3.0,"turns":5.0},{"damage":52.0,"enemies":"Gremlin Nob","floor":7.0,"turns":6.0},{"damage":0.0,"enemies":"Jaw Worm","floor":8.0,"turns":9.0},{"damage":0.0,"enemies":"3 Louse","floor":11.0,"turns":8.0},{"damage":2.0,"enemies":"Large Slime","floor":12.0,"turns":10.0},{"damage":35,"enemies":"Slime Boss","floor":16,"turns":12}],"seed_played":"5323662703982034637","potions_obtained":[{"floor":1.0,"key":"SteroidPotion"},{"floor":7.0,"key":"ElixirPotion"}],"is_trial":false,"path_per_floor":["M","?","M","?","$","R","E","M","T","R","M","M","$","?","R","B"],"character_chosen":"IRONCLAD","items_purchased":["expansioncontent:SuperHexaguard","Armaments"],"campfire_rested":0,"item_purchase_floors":[5,13],"current_hp_per_floor":[68,68,72,65,65,65,19,25,25,25,31,35,35,35,35,0,0],"gold":188,"neow_bonus":"THREE_CARDS","is_daily":false,"chose_seed":false,"campfire_upgraded":3,"win_rate":0.0,"timestamp":1610414027,"path_taken":["M","?","M","?","$","R","E","M","T","R","M","M","$","?","R","BOSS"],"items_purchased_type":["Card","Card"],"build_version":"2020-12-22","purchased_purges":1,"victory":false,"max_hp_per_floor":[75,75,75,75,75,75,75,75,75,75,75,75,75,75,75,75,75],"relic_stats":{"counters":[7,54],"PreservedInsect":0,"obtain_stats":[{"PreservedInsect":9,"Omamori":7,"Burning Blood":0},{"PreservedInsect":4,"Omamori":3,"Burning Blood":0},{"PreservedInsect":24,"Omamori":15,"Burning Blood":0}],"Burning Blood":36},"card_choices":[{"not_picked":["Power Through","Hemokinesis"],"picked":"Shrug It Off","floor":0.0},{"not_picked":["Pummel","Headbutt"],"picked":"Entrench","floor":1.0},{"not_picked":["True Grit","Wild Strike"],"picked":"Battle Trance","floor":3.0},{"not_picked":["Iron Wave","Clothesline"],"picked":"Metallicize","floor":7.0},{"not_picked":["Twin Strike","Pommel Strike"],"picked":"Metallicize","floor":8.0},{"not_picked":["Dual Wield","Perfected Strike"],"picked":"Flame Barrier","floor":11.0},{"not_picked":["Infernal Blade","Havoc"],"picked":"Metallicize","floor":12.0}],"player_experience":356951,"relics_obtained":[{"floor":7.0,"key":"Omamori"},{"floor":9.0,"key":"PreservedInsect"}],"event_choices":[{"cards_removed":["Strike_R"],"damage_healed":0.0,"max_hp_gain":0.0,"max_hp_loss":0.0,"gold_gain":0.0,"event_name":"Living Wall","player_choice":"Forget","floor":2.0,"gold_loss":0.0,"damage_taken":0.0},{"cards_removed":["Strike_R"],"damage_healed":0.0,"max_hp_gain":0.0,"max_hp_loss":0.0,"gold_gain":0.0,"event_name":"Golden Wing","player_choice":"Card Removal","floor":4.0,"gold_loss":0.0,"damage_taken":7.0},{"damage_healed":0.0,"max_hp_gain":0.0,"max_hp_loss":0.0,"gold_gain":150.0,"event_name":"Liars Game","player_choice":"AGREE","floor":14.0,"gold_loss":0.0,"damage_taken":0.0,"cards_obtained":["Doubt"]}],"is_beta":false,"boss_relics":[],"items_purged_floors":[13],"is_endless":false,"potions_floor_spawned":[1,7],"killed_by":"Slime Boss","ascension_level":15}}