{"host":"xu0zbcebhy6w9mdv","time":1610487166,"event":{"mods":["AchievementEnabler","Act Like it!","Aspiration","BaseMod","Better Match","Better Third Choice","BetterRewards","Colored Powertips","Downfall","Duelist Mod","Friendly Minions","Gensokyo","Hallownest","Hubris","Infinite Spire","Marisa????????","Minty Spire (QoL Compilation)","Potionbrewer","Quick Restart","READ ME - Guardian Mod","READ ME - Snecko Mod","Rare Cards Sparkle","Replay The Spire","Shop Mod","StSLib","The Animator","The Blackbeard","The Bug Knight","The Cursed","The Hierophant","The Necromancer","The Runesmith","The Servant 0.9.4"],"gold_per_floor":[136,136,149,159,178,178,178,198,198,226,289,289,289,305,305,376,376,394,494,494,494,507,507,538,538,563,563,581,599,626,638,638,715,715,735,735,469,489,489,489,502,502,502,502,537,550,550,560,560,560,560],"floor_reached":52,"language":"ENG","playtime":3383,"items_purged":["theDuelist:SmashingGround","theDuelist:CrystalEmeraldTortoise+1"],"score":2119,"play_id":"48d84d1d-03b8-46d3-b350-d923d2e95816","local_time":"20210112163246","is_ascension_mode":true,"campfire_choices":[{"data":"Blind","floor":6,"key":"SMITH"},{"data":"theDuelist:IrisEarthMother","floor":12,"key":"SMITH"},{"data":"theDuelist:WhiteMagicalHat","floor":15,"key":"SMITH"},{"data":"theDuelist:StatueAnguishPattern","floor":23,"key":"SMITH"},{"data":"theDuelist:Illusionist","floor":25,"key":"SMITH"},{"floor":32,"key":"REST"},{"data":"theDuelist:PotGreed","floor":42,"key":"SMITH"},{"floor":49,"key":"RECALL"}],"circlet_count":0,"master_deck":["theDuelist:GateGuardian+1","Blind+1","theDuelist:Nameless:Power:KamionTimelord+1","theDuelist:Hayate+1","theDuelist:StatueAnguishPattern+1","theDuelist:DragonPiper+1","theDuelist:WhiteMagicalHat+1","theDuelist:RainbowFlower+1","theDuelist:IrisEarthMother+1","theDuelist:Eva+1","theDuelist:PotGreed+1","theDuelist:DunamesDarkWitch+1","theDuelist:HappyLover+1","theDuelist:GilfordLegend+1","theDuelist:RainbowNeos+1","theDuelist:Sparks+1","theDuelist:Illusionist+1","theDuelist:HappyLover+1","theDuelist:SuperSolarNutrient+1","theDuelist:RainbowKuribohBasic+1","theDuelist:Pumpking+1","InstantArmor+1","theDuelist:RainbowMagician+1","theDuelist:CallGrave+1","hubris:DuctTapeCard+1"],"relics":["theDuelist:MillenniumPuzzle","theDuelist:CardPoolRelic","theDuelist:CardPoolBasicRelic","theDuelist:BoosterPackPoolRelic","theDuelist:CardPoolAddRelic","theDuelist:CardPoolMinusRelic","theDuelist:CardPoolSaveRelic","theDuelist:CardPoolOptionsRelic","ReplayTheSpireMod:ShopPack","Omamori","Pondfish Scales","Champion Belt","aspiration:ServantSkillbook","theDuelist:MillenniumCoin","aspiration:MobileForge","Anchor","Juzu Bracelet","Replay:Bottled Flurry","Astrolabe","Guide Book","hubris:Icosahedron","hubris:DuctTape","hubris:ToyBattleship"],"acts_visited":["Exordium","TheCity","TheBeyond"],"potions_floor_usage":[8,16,30],"damage_taken":[{"damage":0,"enemies":"2 Louse","floor":1,"turns":2},{"damage":0,"enemies":"infinitespire:Voidling","floor":3,"turns":4},{"damage":0,"enemies":"Small Slimes","floor":4,"turns":1},{"damage":4,"enemies":"Looter","floor":5,"turns":3},{"damage":0,"enemies":"Exordium Thugs","floor":8,"turns":4},{"damage":0,"enemies":"Lagavulin","floor":10,"turns":5},{"damage":0,"enemies":"Lots of Slimes","floor":14,"turns":2},{"damage":7,"enemies":"Hexaghost","floor":16,"turns":10},{"damage":0,"enemies":"Chosen","floor":18,"turns":3},{"damage":0,"enemies":"Spheric Guardian","floor":22,"turns":5},{"damage":2,"enemies":"Gremlin Leader","floor":24,"turns":5},{"damage":0,"enemies":"Cultist and Chosen","floor":28,"turns":4},{"damage":9,"enemies":"Snake Plant","floor":29,"turns":3},{"damage":15,"enemies":"Nightmare","floor":30,"turns":5},{"damage":0,"enemies":"Shelled Parasite and Fungi","floor":31,"turns":4},{"damage":0,"enemies":"hubris:MusketHawk","floor":33,"turns":5},{"damage":0,"enemies":"3 Shapes","floor":35,"turns":4},{"damage":0,"enemies":"Orb Walker","floor":38,"turns":2},{"damage":0,"enemies":"Writhing Mass","floor":41,"turns":4},{"damage":0,"enemies":"Nemesis","floor":45,"turns":7},{"damage":0,"enemies":"4 Shapes","floor":46,"turns":2},{"damage":0,"enemies":"Maw","floor":48,"turns":5},{"damage":0,"enemies":"Time Eater","floor":50,"turns":8},{"damage":0,"enemies":"Replay:Hell Engine","floor":51,"turns":5}],"seed_played":"-8371815341488478258","potions_obtained":[{"floor":3,"key":"Flashbang"},{"floor":8,"key":"Death Potion"},{"floor":10,"key":"theDuelist:WhiteBottle"},{"floor":18,"key":"Reflective Coating"},{"floor":28,"key":"BloodPotion"},{"floor":30,"key":"theDuelist:VoidBottle"},{"floor":44,"key":"Reflective Coating"}],"is_trial":false,"path_per_floor":["M","?","M","M","M","R","?","M","T","E","?","R","?","M","R","B",null,"M","AVR","?","?","M","R","E","R","T","?","M","M","NM","M","R","B",null,"M","?","$","M","?","?","M","R","T","?","E","M","?","M","R","B","B",null],"character_chosen":"THE_DUELIST","items_purchased":["ReplayTheSpireMod:ShopPack","Omamori","theDuelist:IrisEarthMother","Guide Book"],"campfire_rested":1,"item_purchase_floors":[0,0,0,37],"current_hp_per_floor":[71,71,71,71,67,67,67,67,67,67,67,67,67,67,67,60,74,74,74,74,74,74,74,72,72,72,72,72,63,48,48,71,71,76,76,76,76,76,76,76,76,76,76,76,76,76,79,79,79,79,79],"gold":560,"neow_bonus":"","is_daily":false,"chose_seed":false,"campfire_upgraded":6,"win_rate":0.0,"timestamp":1610487166,"path_taken":["M","?","?","M","M","R","?","M","T","E","?","R","?","M","R","BOSS","M","AVR","?","?","?","R","E","R","T","?","M","M","NM","M","R","BOSS","M","?","$","M","?","?","M","R","T","?","E","M","?","M","R","BOSS","BOSS"],"items_purchased_type":["Relic","Relic","Card","Relic"],"build_version":"2020-12-22","purchased_purges":2,"victory":true,"max_hp_per_floor":[78,78,78,78,78,78,78,78,78,78,78,78,78,78,78,78,78,78,78,78,78,78,78,78,78,78,78,78,78,78,78,78,78,78,78,78,78,78,78,78,78,78,78,78,78,78,81,81,81,81,81],"card_choices":[{"not_picked":["Apotheosis","theDuelist:Solidarity"],"picked":"theDuelist:SmashingGround","floor":0},{"not_picked":["expansioncontent:DonusPower","theDuelist:SphereKuriboh"],"picked":"Blind","floor":0},{"not_picked":["theDuelist:RainbowDragon","theDuelist:DesLacooda","theDuelist:ValkMagnet","theDuelist:RainbowKuriboh","theDuelist:WhiteHornDragon"],"picked":"SKIP","floor":1},{"not_picked":["theDuelist:AttackTheMoon","theDuelist:EvilswarmHeliotrope","theDuelist:EarthquakeGiant","theDuelist:HammerShot"],"picked":"theDuelist:GilfordLegend","floor":3},{"not_picked":["theDuelist:DarkMagician","theDuelist:SpiritHarp","theDuelist:CurseDragon","theDuelist:WhiteMagicalHat"],"picked":"theDuelist:SuperSolarNutrient","floor":4},{"not_picked":["theDuelist:MysticalElf","theDuelist:RainbowFlower","theDuelist:RainbowNeos","theDuelist:MaleficRainbowDragon"],"picked":"theDuelist:WhiteMagicalHat","floor":5},{"not_picked":["theDuelist:Pumpking","theDuelist:DragonPiper","theDuelist:SevenColoredFish","theDuelist:LegendaryFisherman"],"picked":"theDuelist:Illusionist","floor":8},{"not_picked":["theDuelist:ShadowVampire","theDuelist:Kasha","theDuelist:GoblinZombie","theDuelist:SpiritPharaoh"],"picked":"theDuelist:Pumpking","floor":10},{"not_picked":["theDuelist:FuryFire","theDuelist:PowerGiant","theDuelist:RockSunrise","theDuelist:PotDichotomy"],"picked":"theDuelist:PotGreed","floor":14},{"not_picked":["theDuelist:VampireGrace","theDuelist:MonsterReborn","theDuelist:StardustDragon","theDuelist:RainbowJar"],"picked":"theDuelist:GateGuardian","floor":16},{"not_picked":["theDuelist:IronDraw","theDuelist:TyrantWing","theDuelist:CrystalRaigeki","theDuelist:RainbowLife"],"picked":"theDuelist:StatueAnguishPattern","floor":18},{"not_picked":["theDuelist:OniGamiCombo","theDuelist:CardSafeReturn","theDuelist:Jinzo","theDuelist:WhiteHornDragon","theDuelist:RainbowRuins"],"picked":"SKIP","floor":22},{"not_picked":["theDuelist:SummonedSkull","theDuelist:NeoMagic","theDuelist:FiendMegacyber","theDuelist:CaveDragon","theDuelist:DesLacooda"],"picked":"SKIP","floor":24},{"not_picked":["theDuelist:RainbowNeos","theDuelist:DunamesDarkWitch","theDuelist:Eva","theDuelist:MaleficRainbowDragon"],"picked":"theDuelist:HappyLover","floor":28},{"not_picked":["theDuelist:SuperancientDinobeast","theDuelist:RainbowNeos","theDuelist:HappyLover","theDuelist:RainbowDragon","theDuelist:RainbowOverdragon"],"picked":"SKIP","floor":29},{"not_picked":["theDuelist:ZombieWarrior","theDuelist:Lajinn","theDuelist:BetaMagnet","theDuelist:WhiteMagicalHat"],"picked":"theDuelist:HappyLover","floor":30},{"not_picked":["theDuelist:GemKnightAmethyst","theDuelist:YamataDragon","theDuelist:BabyDragon","theDuelist:RainbowGravity","theDuelist:DoomcaliberKnight+1"],"picked":"SKIP","floor":31},{"not_picked":["theDuelist:SangaWater","theDuelist:IrisEarthMother+1"],"picked":"theDuelist:CallGrave","floor":35},{"not_picked":["theDuelist:WhiteHowling","theDuelist:StatueAnguishPattern","theDuelist:VioletCrystal","theDuelist:RainbowRuins","theDuelist:TyrantWing"],"picked":"SKIP","floor":38},{"not_picked":["theDuelist:EvilswarmHeliotrope+1","theDuelist:MillenniumGolem","theDuelist:WormWarlord+1","theDuelist:BattleguardKing","theDuelist:LightningRodLord"],"picked":"SKIP","floor":41},{"not_picked":["theDuelist:DarkMagician+1","theDuelist:WhiteMagicalHat","theDuelist:Pumpking+1","theDuelist:ShallowGrave","theDuelist:RainbowNeos+1"],"picked":"SKIP","floor":45},{"not_picked":["theDuelist:WormKing","theDuelist:BlockGolem","theDuelist:RainbowJar","theDuelist:UltraPolymerization+1","theDuelist:YamiForm+1"],"picked":"SKIP","floor":46},{"not_picked":["theDuelist:DarkMagician","theDuelist:MaleficRainbowDragon","theDuelist:Illusionist","theDuelist:Eva","theDuelist:WanderingKing"],"picked":"SKIP","floor":48}],"player_experience":606128,"relics_obtained":[{"floor":9,"key":"Pondfish Scales"},{"floor":10,"key":"Champion Belt"},{"floor":24,"key":"Anchor"},{"floor":26,"key":"Juzu Bracelet"},{"floor":30,"key":"Replay:Bottled Flurry"},{"floor":43,"key":"hubris:DuctTape"},{"floor":45,"key":"hubris:ToyBattleship"}],"event_choices":[{"damage_healed":0,"gold_gain":0,"player_choice":"Leave","duelist":true,"damage_taken":0,"max_hp_gain":0,"max_hp_loss":0,"event_name":"Relic Duplicator","floor":2,"gold_loss":0},{"damage_healed":0,"gold_gain":63,"player_choice":"Gained Gold","damage_taken":0,"max_hp_gain":0,"max_hp_loss":0,"event_name":"Golden Wing","floor":11,"gold_loss":0},{"damage_healed":0,"gold_gain":0,"player_choice":"Scored: 2425","duelist":true,"damage_taken":0,"max_hp_gain":0,"max_hp_loss":0,"event_name":"Visit from Anubis","floor":13,"gold_loss":0},{"damage_healed":0,"gold_gain":0,"player_choice":"Ignored","damage_taken":0,"max_hp_gain":0,"max_hp_loss":0,"event_name":"Ghosts","floor":20,"gold_loss":0},{"power_reward":4,"total_magic_score":57,"gold_gain":0,"duelist":true,"damage_taken":0,"relics_obtained":[],"points":12,"max_hp_gain":0,"max_hp_loss":0,"spent_points":{"magic":0,"greed":4,"war":4,"power":4,"hunger":0},"event_name":"Nameless Tomb","floor":21,"gold_loss":0,"cards_obtained":["theDuelist:Nameless:Power:KamionTimelord"]},{"damage_healed":0,"gold_gain":0,"player_choice":"Leave","duelist":true,"damage_taken":0,"max_hp_gain":0,"max_hp_loss":0,"event_name":"Egyptian Village","floor":27,"gold_loss":0},{"damage_healed":0,"gold_gain":0,"player_choice":"Leave","duelist":true,"damage_taken":0,"max_hp_gain":0,"max_hp_loss":0,"event_name":"Card Trader","floor":36,"gold_loss":0},{"damage_healed":0,"gold_gain":0,"player_choice":"Upgraded","damage_taken":0,"max_hp_gain":0,"max_hp_loss":0,"event_name":"Upgrade Shrine","floor":39,"gold_loss":0,"cards_upgraded":["theDuelist:Nameless:Power:KamionTimelord"]},{"damage_healed":0,"gold_gain":0,"player_choice":"Got Potions","damage_taken":0,"max_hp_gain":0,"max_hp_loss":0,"event_name":"Lab","floor":44,"gold_loss":0}],"is_beta":false,"boss_relics":[{"not_picked":["Empty Cage","Busted Crown"],"picked":"aspiration:ServantSkillbook"},{"not_picked":["theDuelist:MillenniumKey","Mark of Pain"],"picked":"Astrolabe"}],"items_purged_floors":[0,37],"is_endless":false,"potions_floor_spawned":[3,8,10,14,18,28,30,33,45,48],"ascension_level":20}}