{"host":"126yiuos2nq86se7","time":1610424766,"event":{"mods":["AchievementEnabler","Act Like it!","BaseMod","Colored Map","Colored Powertips","Downfall","Friendly Minions","Halation","Highlight Path","Jorbs\u0027s Wanderer Trilogy","Marisa????????","Minty Spire (QoL Compilation)","Replay The Spire","StSLib","SuperFastMode","The Animator"],"gold_per_floor":[112,123,123,123,133,133,168,186,268,48,48,66,141,1,1,103,103,115,97,0,26,46,46,46,46,73,73,88,88,88,107,107,212,212,241,265,265,365,41,41,84,84,84,84,97,117,117,117,117,117],"floor_reached":51,"playtime":2683,"items_purged":["Strike_MRS","Strike_MRS"],"score":696,"play_id":"edad82fe-e207-4ba4-a7c4-79455967cc3c","local_time":"20210112151246","is_ascension_mode":false,"campfire_choices":[{"floor":6,"key":"REST"},{"floor":11,"key":"REST"},{"floor":15,"key":"REST"},{"floor":23,"key":"REST"},{"data":"DarkMatter","floor":25,"key":"SMITH"},{"data":"OortCloud","floor":27,"key":"SMITH"},{"data":"Strike_MRS","floor":32,"key":"PURGE"},{"data":"CasketOfStar","floor":40,"key":"SMITH"},{"data":"Panache","floor":42,"key":"SMITH"},{"data":"FairyDestructionRay","floor":44,"key":"SMITH"},{"data":"SporeBomb","floor":49,"key":"SMITH"}],"circlet_count":0,"master_deck":["Strike_MRS+1","Defend_MRS","Defend_MRS","Defend_MRS","Defend_MRS+1","MasterSpark+1","UpSweep+1","FairyDestructionRay+1","AlicesGift+1","DarkMatter+1","OortCloud+1","SporeBomb+1","Pot Of Greed","Pot Of Greed","RefractionSpark","EventHorizon+1","SatelliteIllusion","SprinkleStarSeal+1","Acceleration","OortCloud+1","CasketOfStar+1","DarkMatter+1","Panache+1","AsteroidBelt","Pot Of Greed","LuminesStrike+1"],"relics":["MiniHakkero","halation:BottledLove","Gremlin Food","HornCleat","Grinning Jar","SlaversCollar","Anchor","Dream Catcher","CeramicFish","Juzu Bracelet","Toy Ornithopter","Torii","Lizard Tail","halation:PinkSoulGem"],"acts_visited":["Exordium","TheCity","TheBeyond"],"potions_floor_usage":[7,7,41,50,50],"damage_taken":[{"damage":6,"enemies":"Cultist","floor":1,"turns":3},{"damage":9,"enemies":"2 Louse","floor":2,"turns":2},{"damage":6,"enemies":"Jaw Worm","floor":5,"turns":2},{"damage":17,"enemies":"3 Sentries","floor":7,"turns":5},{"damage":0,"enemies":"Looter","floor":8,"turns":3},{"damage":0,"enemies":"Exordium Wildlife","floor":12,"turns":4},{"damage":4,"enemies":"Fading Forest","floor":16,"turns":11},{"damage":16,"enemies":"3 Byrds","floor":18,"turns":6},{"damage":9,"enemies":"2 Thieves","floor":19,"turns":4},{"damage":4,"enemies":"Cultist and Chosen","floor":22,"turns":6},{"damage":1,"enemies":"Snake Plant","floor":28,"turns":4},{"damage":4,"enemies":"Snecko","floor":31,"turns":5},{"damage":17,"enemies":"Champ","floor":33,"turns":10},{"damage":4,"enemies":"3 Shapes","floor":35,"turns":6},{"damage":0,"enemies":"R_Hoarder","floor":41,"turns":6},{"damage":0,"enemies":"Orb Walker","floor":45,"turns":4},{"damage":0,"enemies":"Maw","floor":46,"turns":7},{"damage":54,"enemies":"Awakened One","floor":50,"turns":21}],"seed_played":"7707293509527145314","potions_obtained":[{"floor":2,"key":"LiquidBronze"},{"floor":5,"key":"CultistPotion"},{"floor":18,"key":"Elixir"},{"floor":33,"key":"Toxic Potion"},{"floor":41,"key":"Weak Potion"},{"floor":46,"key":"AttackPotion"}],"is_trial":false,"path_per_floor":["M","M","T","?","M","R","E","M","T","$","R","M","?","$","R","B",null,"M","M","?","T","M","R","$","R","T","R","M","$","?","M","R_BF","B",null,"M","T","?","?","$","R","E","R","T","R","M","M","?","?","R","B",null],"character_chosen":"MARISA","items_purchased":["Grinning Jar","EventHorizon","Toy Ornithopter","Panache"],"campfire_rested":4,"item_purchase_floors":[10,14,39,39],"current_hp_per_floor":[69,60,60,45,39,61,44,44,44,44,66,66,55,55,75,71,75,59,50,50,50,46,68,68,68,68,68,67,67,67,63,63,46,75,71,71,71,71,71,71,75,75,75,75,75,75,75,75,75,21],"gold":117,"neow_bonus":"UPGRADE_CARD","is_daily":false,"chose_seed":false,"campfire_upgraded":6,"win_rate":0.0,"timestamp":1610424766,"path_taken":["M","M","?","?","M","R","E","M","T","$","R","M","?","?","R","BOSS","M","M","?","?","M","R","$","R","T","R","M","$","?","M","R_BF","BOSS","M","?","?","?","$","R","E","R","T","R","M","M","?","?","R","BOSS"],"items_purchased_type":["Relic","Card","Relic","Card"],"build_version":"2020-12-22","purchased_purges":2,"victory":true,"max_hp_per_floor":[75,75,75,75,75,75,75,75,75,75,75,75,75,75,75,75,75,75,75,75,75,75,75,75,75,75,75,75,75,75,75,75,75,75,75,75,75,75,75,75,75,75,75,75,75,75,75,75,75,75],"card_choices":[{"not_picked":["MilkyWay","GalacticHalo"],"picked":"FairyDestructionRay","floor":1},{"not_picked":["GrandCross","ManaConvection"],"picked":"AlicesGift","floor":2},{"not_picked":["GrandCross","BinaryStars"],"picked":"DarkMatter","floor":5},{"not_picked":["ShootingEcho","WitchOfGreed"],"picked":"OortCloud","floor":7},{"not_picked":["Acceleration","6A"],"picked":"SporeBomb","floor":8},{"not_picked":["GravityBeat","IllusionStar"],"picked":"RefractionSpark","floor":12},{"not_picked":["EscapeVelocity","UltimateShortwave"],"picked":"SatelliteIllusion","floor":16},{"not_picked":["DC","WitchLeyline+1","6A+1"],"picked":"SKIP","floor":18},{"not_picked":["LuminesStrike","DoubleSpark"],"picked":"SprinkleStarSeal+1","floor":19},{"not_picked":["6A+1","ShootingEcho+1","WitchOfGreed"],"picked":"SKIP","floor":22},{"not_picked":["SuperPerseids","UnstableBomb"],"picked":"Acceleration","floor":28},{"not_picked":["AsteroidBelt+1","MysteriousBeam"],"picked":"OortCloud+1","floor":31},{"not_picked":["AbsoluteMagnitude","SuperNova"],"picked":"CasketOfStar","floor":33},{"not_picked":["BlazeAway+1","ManaConvection"],"picked":"DarkMatter+1","floor":35},{"not_picked":["SporeBomb","ChargeUpSpray"],"picked":"AsteroidBelt","floor":41},{"not_picked":["SporeBomb","6A+1","DoubleSpark+1"],"picked":"SKIP","floor":45},{"not_picked":["UnstableBomb+1","Acceleration+1"],"picked":"LuminesStrike+1","floor":46}],"player_experience":1694189,"relics_obtained":[{"floor":3,"key":"halation:BottledLove"},{"floor":7,"key":"Gremlin Food"},{"floor":9,"key":"HornCleat"},{"floor":21,"key":"Anchor"},{"floor":26,"key":"Dream Catcher"},{"floor":36,"key":"Juzu Bracelet"},{"floor":41,"key":"Torii"},{"floor":43,"key":"Lizard Tail"}],"event_choices":[{"damage_healed":0,"gold_gain":0,"player_choice":"Entered Light","damage_taken":15,"max_hp_gain":0,"max_hp_loss":0,"event_name":"Shining Light","floor":4,"gold_loss":0,"cards_upgraded":["UpSweep","AlicesGift"]},{"damage_healed":0,"gold_gain":75,"player_choice":"Gather Gold","damage_taken":11,"max_hp_gain":0,"max_hp_loss":0,"event_name":"World of Goop","floor":13,"gold_loss":0},{"damage_healed":0,"gold_gain":0,"player_choice":"Paid Fearfully","damage_taken":0,"max_hp_gain":0,"max_hp_loss":0,"event_name":"Masked Bandits","floor":20,"gold_loss":97},{"damage_healed":0,"gold_gain":0,"player_choice":"Gave Potion","damage_taken":0,"relics_obtained":["CeramicFish"],"max_hp_gain":0,"max_hp_loss":0,"event_name":"WeMeetAgain","floor":30,"gold_loss":0},{"damage_healed":0,"gold_gain":100,"player_choice":"Pray","damage_taken":0,"max_hp_gain":0,"max_hp_loss":0,"event_name":"Golden Shrine","floor":38,"gold_loss":0},{"damage_healed":0,"gold_gain":0,"player_choice":"Ignored","damage_taken":0,"max_hp_gain":0,"max_hp_loss":0,"event_name":"Mysterious Sphere","floor":47,"gold_loss":0}],"is_beta":false,"boss_relics":[{"not_picked":["Ring of Chaos","Astrolabe"],"picked":"SlaversCollar"},{"not_picked":[]}],"items_purged_floors":[10,14],"is_endless":false,"potions_floor_spawned":[2,5,18,33,41,46],"ascension_level":0}}