{"host":"qwv9nni2x0umspiu","time":1610434986,"event":{"mods":["BaseMod","Downfall","Minty Spire (QoL Compilation)","Replay The Spire","StSLib","The Hierophant","Wandering Minibosses"],"gold_per_floor":[111,74,74,101,101,101,136,153,224,237,237,255,266,31,31,102,102,122,72,84,26,26,61,75,100,100,192,192,192,286,286,286],"floor_reached":31,"playtime":1141,"items_purged":["hierophant:Strike_Hierophant"],"score":600,"play_id":"6d35e675-efbb-4df7-85e5-060634ffd8fe","local_time":"20210111230306","is_ascension_mode":true,"campfire_choices":[{"data":"hierophant:ChurchCoffers","floor":6,"key":"SMITH"},{"data":"hierophant:Smite","floor":11,"key":"SMITH"},{"floor":15,"key":"RECALL"},{"floor":29,"key":"REST"}],"circlet_count":0,"master_deck":["AscendersBane","hierophant:Strike_Hierophant+1","hierophant:Strike_Hierophant","hierophant:Strike_Hierophant","hierophant:Punish+1","hierophant:Defend_Hierophant+1","hierophant:Defend_Hierophant","hierophant:Defend_Hierophant","hierophant:ChurchCoffers+1","hierophant:Zeal+1","hierophant:Smite+1","hierophant:ChurchCoffers+1","hierophant:Kindle+1","hierophant:HammerAndAnvil+1","hierophant:HammerAndAnvil+1","hierophant:BulkyChest+1","Normality"],"relics":["hierophant:PropheticMaskRelic","NeowsBlessing","MealTicket","Golden Egg","Molten Egg 2","DollysMirror","Cursed Key","Regal Pillow","Gremlin Food"],"acts_visited":["Exordium","TheCity"],"potions_floor_usage":[12,16,20,23,25,25],"damage_taken":[{"damage":0,"enemies":"Jaw Worm","floor":1,"turns":1},{"damage":0,"enemies":"3 Sentries","floor":7,"turns":1},{"damage":0,"enemies":"2 Louse","floor":8,"turns":1},{"damage":0,"enemies":"Small Slimes","floor":10,"turns":2},{"damage":2,"enemies":"Looter","floor":12,"turns":1},{"damage":1,"enemies":"Exordium Wildlife","floor":13,"turns":3},{"damage":38,"enemies":"Fading Forest","floor":16,"turns":13},{"damage":0,"enemies":"Spheric Guardian","floor":18,"turns":1},{"damage":15,"enemies":"2 Thieves","floor":20,"turns":3},{"damage":2,"enemies":"Replay:Snechameleon","floor":23,"turns":2},{"damage":10,"enemies":"Centurion and Healer","floor":24,"turns":2},{"damage":33,"enemies":"Book of Stabbing","floor":25,"turns":4},{"damage":0,"enemies":"3 Cultists","floor":27,"turns":3},{"damage":35,"enemies":"Snake Plant","floor":30,"turns":4},{"damage":21,"enemies":"Slavers","floor":31,"turns":2}],"seed_played":"-1422429196452835079","potions_obtained":[{"floor":7,"key":"champ:CounterPotion"},{"floor":8,"key":"AttackPotion"},{"floor":13,"key":"SkillPotion"},{"floor":20,"key":"Block Potion"},{"floor":23,"key":"DuplicationPotion"},{"floor":24,"key":"SteroidPotion"}],"is_trial":false,"path_per_floor":["M","$","?","T","?","R","E","M","T","M","R","M","M","$","R","B",null,"M","$","M","$","?","E","M","E","T","M","?","R","M","E"],"character_chosen":"HIEROPHANT","items_purchased":["hierophant:Zeal+1","DollysMirror","hierophant:HammerAndAnvil","hierophant:HammerAndAnvil"],"campfire_rested":1,"item_purchase_floors":[2,14,19,21],"current_hp_per_floor":[68,68,68,68,45,45,45,45,45,45,45,43,42,57,57,50,69,69,75,60,75,75,73,63,30,30,30,30,67,32,11,11],"gold":286,"neow_bonus":"THREE_ENEMY_KILL","is_daily":false,"chose_seed":false,"campfire_upgraded":2,"win_rate":0.0,"timestamp":1610434986,"path_taken":["M","$","?","?","?","R","E","M","T","M","R","M","M","$","R","BOSS","M","$","M","$","?","E","M","E","T","M","?","R","M","E"],"items_purchased_type":["Card","Relic","Card","Card"],"build_version":"2020-12-22","purchased_purges":1,"victory":false,"max_hp_per_floor":[75,75,75,75,75,75,75,75,75,75,75,75,75,75,75,75,75,75,75,75,75,75,75,75,75,75,75,75,75,75,75,75],"card_choices":[{"not_picked":["hierophant:Doubloon","hierophant:RustyCrate","hierophant:MorningPrayer"],"picked":"SKIP","floor":1},{"not_picked":["hierophant:FaithHealing","hierophant:Doomsaying"],"picked":"hierophant:Smite","floor":7},{"not_picked":["hierophant:PristineSoul","hierophant:Zeal","hierophant:ThreeLashes"],"picked":"SKIP","floor":8},{"not_picked":["hierophant:DeathKnell","hierophant:Sermon","hierophant:Encroach"],"picked":"SKIP","floor":10},{"not_picked":["hierophant:AuricBeam+1","hierophant:Encroach","hierophant:Patience"],"picked":"SKIP","floor":12},{"not_picked":["hierophant:PassingBell+1","hierophant:Determination","hierophant:HolyVerse"],"picked":"SKIP","floor":13},{"not_picked":["hierophant:WrathOfGod+1","hierophant:AuricForm"],"picked":"hierophant:Kindle","floor":16},{"not_picked":["hierophant:DisplayOfPower+1","hierophant:PristineSoul","hierophant:Doubloon+1"],"picked":"SKIP","floor":18},{"not_picked":["hierophant:TollTheBells","hierophant:PassingBell+1","hierophant:Doomsaying"],"picked":"SKIP","floor":20},{"not_picked":["hierophant:FieryStrike+1","hierophant:MorningPrayer","hierophant:PristineSoul+1"],"picked":"SKIP","floor":23},{"not_picked":["hierophant:Smite+1","hierophant:HolyVerse","hierophant:RepressedViolence+1"],"picked":"SKIP","floor":24},{"not_picked":["hierophant:Remorse+1","hierophant:HammerAndAnvil"],"picked":"hierophant:BulkyChest","floor":25},{"not_picked":["hierophant:DisplayOfPower+1","hierophant:Refuge","hierophant:MorningPrayer"],"picked":"SKIP","floor":27},{"not_picked":["hierophant:HolyVerse","hierophant:Doubloon","hierophant:Kindle"],"picked":"SKIP","floor":30}],"player_experience":1350253,"relics_obtained":[{"floor":4,"key":"MealTicket"},{"floor":7,"key":"Golden Egg"},{"floor":9,"key":"Molten Egg 2"},{"floor":23,"key":"Regal Pillow"},{"floor":25,"key":"Gremlin Food"}],"event_choices":[{"damage_healed":0,"gold_gain":0,"player_choice":"Entered Light","damage_taken":23,"max_hp_gain":0,"max_hp_loss":0,"event_name":"Shining Light","floor":5,"gold_loss":0,"cards_upgraded":["hierophant:Defend_Hierophant","hierophant:Punish"]}],"is_beta":false,"boss_relics":[{"not_picked":["Honey Jar","Runic Pyramid"],"picked":"Cursed Key"}],"items_purged_floors":[14],"is_endless":false,"potions_floor_spawned":[7,8,13,20,23,24],"killed_by":"Slavers","ascension_level":20}}