{"host":"8xi53560pl5zaoq2","time":1610472868,"event":{"mods":["BaseMod","Colored Map","Highlight Path","Minty Spire (QoL Compilation)","StSLib","Synergy Search"],"gold_per_floor":[111,111,111,124,139,154,154,180,204,204,36,36,36,69,69,144,144,158,168,438,438,438],"floor_reached":21,"playtime":769,"items_purged":[],"score":318,"play_id":"1fe14e02-d2e7-41a0-9478-a71d385b82ea","local_time":"20210112103428","is_ascension_mode":true,"campfire_choices":[{"data":"Footwork","floor":7,"key":"SMITH"},{"floor":12,"key":"REST"},{"floor":15,"key":"REST"}],"circlet_count":0,"master_deck":["AscendersBane","Strike_G","Strike_G+1","Defend_G","Defend_G","Defend_G","Defend_G","Survivor","Neutralize","Crippling Poison+1","Dash","Deflect","Footwork+1","Dagger Throw","Noxious Fumes","Corpse Explosion","A Thousand Cuts+1","Acrobatics+1","All Out Attack+1","Escape Plan","Setup+1"],"relics":["Ring of the Snake","NeowsBlessing","Tingsha","StrikeDummy","MealTicket","GremlinMask","Membership Card","Gremlin Horn","Astrolabe"],"acts_visited":["Exordium","TheCity"],"potions_floor_usage":[18],"damage_taken":[{"damage":0,"enemies":"Jaw Worm","floor":1,"turns":1},{"damage":0,"enemies":"Cultist","floor":4,"turns":1},{"damage":0,"enemies":"Small Slimes","floor":5,"turns":1},{"damage":0,"enemies":"3 Louse","floor":6,"turns":3},{"damage":42,"enemies":"Gremlin Nob","floor":8,"turns":6},{"damage":11,"enemies":"3 Sentries","floor":14,"turns":7},{"damage":9,"enemies":"The Guardian","floor":16,"turns":11},{"damage":13,"enemies":"3 Byrds","floor":18,"turns":3},{"damage":4,"enemies":"Spheric Guardian","floor":19,"turns":5},{"damage":0,"enemies":"Snake Plant","floor":21,"turns":1}],"seed_played":"5446185947182664857","potions_obtained":[{"floor":1,"key":"Energy Potion"},{"floor":16,"key":"Energy Potion"},{"floor":18,"key":"SteroidPotion"}],"is_trial":false,"path_per_floor":["M","?","T","M","M","M","R","E","T","?","$","R","?","E","R","B",null,"M","M","?","M"],"character_chosen":"THE_SILENT","items_purchased":["Membership Card","Noxious Fumes"],"campfire_rested":2,"item_purchase_floors":[11,11],"current_hp_per_floor":[59,46,46,46,46,46,46,4,4,4,19,38,31,20,39,30,57,44,40,13,13,13],"gold":438,"neow_bonus":"THREE_ENEMY_KILL","is_daily":false,"chose_seed":false,"campfire_upgraded":1,"win_rate":0.0,"timestamp":1610472868,"path_taken":["M","?","?","M","?","M","R","E","T","?","?","R","?","E","R","BOSS","M","M","?","M"],"items_purchased_type":["Relic","Card"],"build_version":"2020-12-22","purchased_purges":0,"victory":false,"max_hp_per_floor":[66,66,66,66,66,66,66,66,66,66,66,66,66,66,66,66,66,66,66,66,66,66],"card_choices":[{"not_picked":["Prepared","Slice"],"picked":"Crippling Poison","floor":1},{"not_picked":["PiercingWail","Dagger Spray"],"picked":"Dash","floor":4},{"not_picked":["Cloak And Dagger","Slice"],"picked":"Deflect","floor":5},{"not_picked":["Dash","Infinite Blades"],"picked":"Footwork","floor":6},{"not_picked":["Underhanded Strike","Backstab"],"picked":"Dagger Throw","floor":8},{"not_picked":["Skewer","Phantasmal Killer","Outmaneuver"],"picked":"SKIP","floor":14},{"not_picked":["Envenom","Adrenaline"],"picked":"Corpse Explosion","floor":16},{"not_picked":["Quick Slash","Flying Knee"],"picked":"Escape Plan","floor":18},{"not_picked":["Endless Agony","Heel Hook"],"picked":"Setup+1","floor":19}],"player_experience":1292682,"relics_obtained":[{"floor":3,"key":"Tingsha"},{"floor":8,"key":"StrikeDummy"},{"floor":9,"key":"MealTicket"},{"floor":14,"key":"Gremlin Horn"}],"event_choices":[{"damage_healed":0,"gold_gain":0,"player_choice":"Entered Light","damage_taken":13,"max_hp_gain":0,"max_hp_loss":0,"event_name":"Shining Light","floor":2,"gold_loss":0,"cards_upgraded":["Strike_G","Crippling Poison"]},{"damage_healed":0,"gold_gain":0,"player_choice":"Trade","damage_taken":0,"relics_obtained":["GremlinMask"],"max_hp_gain":0,"max_hp_loss":0,"event_name":"FaceTrader","floor":10,"gold_loss":0},{"cards_removed":["Strike_G"],"damage_healed":0,"gold_gain":0,"player_choice":"Card Removal","damage_taken":7,"max_hp_gain":0,"max_hp_loss":0,"event_name":"Golden Wing","floor":13,"gold_loss":0},{"damage_healed":0,"gold_gain":270,"player_choice":"GOLD GOLD GOLD ","damage_taken":27,"max_hp_gain":0,"max_hp_loss":0,"event_name":"Knowing Skull","floor":20,"potions_obtained":[],"gold_loss":0,"cards_obtained":[]}],"is_beta":false,"boss_relics":[{"not_picked":["SacredBark","Tiny House"],"picked":"Astrolabe"}],"items_purged_floors":[],"is_endless":false,"potions_floor_spawned":[1,16,18],"killed_by":"Snake Plant","ascension_level":14}}