{"host":"vfg9szunmpjwj08o","time":1610484096,"event":{"mods":["Act Like it!","BaseMod","Challenge The Spire","Colored Map","Colored Powertips","Conspire","Dark Map","Fox Events","Minty Spire (QoL Compilation)","StSLib","Waifu the Spire"],"gold_per_floor":[115,132,132,142,153,153,186,166,216,233,233,233,233],"floor_reached":12,"language":"ENG","playtime":203,"items_purged":[],"score":156,"play_id":"2c3b2486-50d0-49d4-a032-9dacd0a92d11","local_time":"20210112214136","is_ascension_mode":true,"campfire_choices":[{"data":"Zap","floor":6,"key":"SMITH"},{"data":"Dualcast","floor":11,"key":"SMITH"}],"circlet_count":0,"master_deck":["AscendersBane","Strike_B","Strike_B","Strike_B","Defend_B","Defend_B","Defend_B","Defend_B","Zap+1","Dualcast+1","Coolheaded","Defragment","Lockon","Recycle","Gash","Creative AI"],"relics":["Cracked Core","NeowsBlessing","Question Card","Toy Ornithopter"],"acts_visited":["Exordium"],"potions_floor_usage":[7,12,12],"damage_taken":[{"damage":0,"enemies":"2 Louse","floor":1,"turns":1},{"damage":0,"enemies":"Cultist","floor":2,"turns":1},{"damage":0,"enemies":"Small Slimes","floor":4,"turns":1},{"damage":11,"enemies":"Looter","floor":5,"turns":2},{"damage":41,"enemies":"Gremlin Nob","floor":7,"turns":4},{"damage":6,"enemies":"2 Fungi Beasts","floor":10,"turns":3},{"damage":10,"enemies":"3 Sentries","floor":12,"turns":2}],"seed_played":"-3349391386566471843","potions_obtained":[{"floor":2,"key":"ColorlessPotion"},{"floor":7,"key":"Ancient Potion"},{"floor":8,"key":"Dexterity Potion"}],"is_trial":false,"path_per_floor":["M","M","?","M","M","R","E","?","T","M","R","E"],"character_chosen":"DEFECT","items_purchased":[],"campfire_rested":0,"item_purchase_floors":[],"current_hp_per_floor":[64,64,64,64,53,53,12,12,12,6,6,6,6],"gold":233,"neow_bonus":"THREE_ENEMY_KILL","is_daily":false,"chose_seed":false,"campfire_upgraded":2,"win_rate":0.0,"timestamp":1610484096,"path_taken":["M","M","?","M","M","R","E","?","T","M","R","E"],"items_purchased_type":[],"build_version":"2020-12-22","purchased_purges":0,"victory":false,"max_hp_per_floor":[71,71,71,71,71,71,71,71,71,71,71,71,71],"card_choices":[{"not_picked":["Sweeping Beam","Go for the Eyes"],"picked":"Coolheaded","floor":1},{"not_picked":["Steam","Melter"],"picked":"Defragment","floor":2},{"not_picked":["Cold Snap","Undo"],"picked":"Lockon","floor":4},{"not_picked":["Stack","Redo"],"picked":"Recycle","floor":5},{"not_picked":["Force Field","White Noise"],"picked":"Gash","floor":7},{"not_picked":["Compile Driver","Gash","Double Energy"],"picked":"Creative AI","floor":10}],"player_experience":1060488,"relics_obtained":[{"floor":7,"key":"Question Card"},{"floor":9,"key":"Toy Ornithopter"}],"event_choices":[{"cards_removed":["Strike_B"],"damage_healed":0,"gold_gain":0,"player_choice":"Forget","damage_taken":0,"max_hp_gain":0,"max_hp_loss":0,"event_name":"Living Wall","floor":3,"gold_loss":0},{"damage_healed":0,"gold_gain":0,"player_choice":"Bought 1 Potion","damage_taken":0,"max_hp_gain":0,"max_hp_loss":0,"event_name":"The Woman in Blue","floor":8,"gold_loss":0}],"is_beta":false,"boss_relics":[],"items_purged_floors":[],"is_endless":false,"potions_floor_spawned":[2,7,10],"killed_by":"3 Sentries","ascension_level":19}}