{"host":"gf95gjygaqy6b70i","time":1610487886,"event":{"mods":["BaseMod","Colored Map","Colored Powertips","Minty Spire (QoL Compilation)"],"gold_per_floor":[117,134,153,169,181,181,181,192,192,225,241,3,3,78,78,179,179,199,199,199,199,51,51,84,15,15,34,34,34],"floor_reached":28,"language":"ENG","playtime":981,"items_purged":[],"score":305,"play_id":"b04be3ae-4fa6-4bbe-b209-e905dcbf1115","local_time":"20210112224446","is_ascension_mode":true,"campfire_choices":[{"data":"Uppercut","floor":6.0,"key":"SMITH"},{"floor":15,"key":"REST"},{"floor":23,"key":"REST"}],"circlet_count":0,"master_deck":["Strike_R","Strike_R","Strike_R","Strike_R","Defend_R","Defend_R","Defend_R","Defend_R","Bash","Twin Strike","Perfected Strike","Shrug It Off","Uppercut+1","Inflame","True Grit","Clothesline","Cleave","Iron Wave","Barricade","Heavy Blade","Fire Breathing","Seeing Red","Berserk","Fire Breathing","Armaments+1"],"relics":["Mark of Pain","Gambling Chip","Omamori","HornCleat","Gremlin Horn","Calling Bell","Bag of Marbles","Pear","Magic Flower","Enchiridion","Eternal Feather","Singing Bowl"],"acts_visited":["Exordium","TheCity"],"potions_floor_usage":[16,16,19],"damage_taken":[{"damage":8.0,"enemies":"Small Slimes","floor":1.0,"turns":2.0},{"damage":1.0,"enemies":"Cultist","floor":2.0,"turns":3.0},{"damage":1.0,"enemies":"Jaw Worm","floor":3.0,"turns":2.0},{"damage":7.0,"enemies":"Looter","floor":4.0,"turns":3.0},{"damage":7.0,"enemies":"Blue Slaver","floor":5.0,"turns":2.0},{"damage":15.0,"enemies":"Gremlin Gang","floor":8.0,"turns":5.0},{"damage":13,"enemies":"Lagavulin","floor":10,"turns":3},{"damage":22,"enemies":"Exordium Wildlife","floor":11,"turns":5},{"damage":0,"enemies":"Slime Boss","floor":16,"turns":6},{"damage":7,"enemies":"Shell Parasite","floor":18,"turns":4},{"damage":0,"enemies":"2 Thieves","floor":19,"turns":1},{"damage":39,"enemies":"Book of Stabbing","floor":24,"turns":7},{"damage":22,"enemies":"Shelled Parasite and Fungi","floor":27,"turns":5},{"damage":34,"enemies":"Sentry and Sphere","floor":28,"turns":5}],"seed_played":"-3679664417545822309","potions_obtained":[{"floor":2.0,"key":"EssenceOfSteel"},{"floor":5.0,"key":"SmokeBomb"},{"floor":10,"key":"Strength Potion"},{"floor":18,"key":"SpeedPotion"}],"is_trial":false,"path_per_floor":["M","M","M","M","M","R","?","M","T","E","M","$","?","T","R","B",null,"M","M","?","?","$","R","E","$","T","M","M"],"character_chosen":"IRONCLAD","items_purchased":["HornCleat","Fire Breathing","Seeing Red","Fire Breathing"],"campfire_rested":2,"item_purchase_floors":[12,22,22,25],"current_hp_per_floor":[72,71,70,63,56,56,56,41,41,28,6,6,32,32,56,56,90,83,83,83,67,67,90,51,51,51,29,0,0],"gold":34,"neow_bonus":"BOSS_RELIC","is_daily":false,"chose_seed":false,"campfire_upgraded":1,"win_rate":0.0,"timestamp":1610487886,"path_taken":["M","M","M","M","M","R","?","?","T","E","M","$","?","?","R","BOSS","M","M","?","?","$","R","E","?","T","M","?"],"items_purchased_type":["Relic","Card","Card","Card"],"build_version":"2020-12-22","purchased_purges":0,"victory":false,"max_hp_per_floor":[80,80,80,80,80,80,80,80,80,80,80,80,80,80,80,80,90,90,90,90,90,90,90,90,90,90,90,90,90],"card_choices":[{"not_picked":["Headbutt","Anger"],"picked":"Twin Strike","floor":1.0},{"not_picked":["Dropkick","Flex"],"picked":"Perfected Strike","floor":2.0},{"not_picked":["Iron Wave","Hemokinesis"],"picked":"Shrug It Off","floor":3.0},{"not_picked":["Combust","Heavy Blade"],"picked":"Uppercut","floor":4.0},{"not_picked":["Twin Strike","True Grit"],"picked":"Inflame","floor":5.0},{"not_picked":["Perfected Strike","True Grit"],"picked":"Clothesline","floor":8.0},{"not_picked":["True Grit","Entrench"],"picked":"Cleave","floor":10},{"not_picked":["Cleave","Warcry"],"picked":"Iron Wave","floor":11},{"not_picked":["Bludgeon","Exhume"],"picked":"Barricade","floor":16},{"not_picked":["Warcry","Headbutt"],"picked":"Heavy Blade","floor":18},{"not_picked":["Pummel","Whirlwind+1"],"picked":"Berserk","floor":24},{"not_picked":["Clash","Havoc+1"],"picked":"Armaments+1","floor":27}],"player_experience":62633,"relics_obtained":[{"floor":9.0,"key":"Gambling Chip"},{"floor":10,"key":"Omamori"},{"floor":14,"key":"Gremlin Horn"},{"floor":17,"key":"Bag of Marbles"},{"floor":17,"key":"Pear"},{"floor":17,"key":"Magic Flower"},{"floor":21,"key":"Enchiridion"},{"floor":24,"key":"Eternal Feather"},{"floor":26,"key":"Singing Bowl"}],"event_choices":[{"damage_healed":0.0,"max_hp_gain":0.0,"max_hp_loss":0.0,"gold_gain":0.0,"cards_transformed":["Strike_R"],"event_name":"Transmorgrifier","player_choice":"Transformed","floor":7.0,"gold_loss":0.0,"damage_taken":0.0,"cards_obtained":["True Grit"]},{"damage_healed":26,"gold_gain":0,"player_choice":"Banana","damage_taken":0,"max_hp_gain":0,"max_hp_loss":0,"event_name":"Big Fish","floor":13,"gold_loss":0},{"damage_healed":0,"gold_gain":0,"player_choice":"Ignored","damage_taken":0,"max_hp_gain":0,"max_hp_loss":0,"event_name":"Beggar","floor":20,"gold_loss":0},{"damage_healed":0,"gold_gain":0,"player_choice":"Obtained Book","damage_taken":16,"max_hp_gain":0,"max_hp_loss":0,"event_name":"Cursed Tome","floor":21,"gold_loss":0}],"is_beta":false,"boss_relics":[{"not_picked":["Empty Cage","Sozu"],"picked":"Calling Bell"}],"items_purged_floors":[],"is_endless":false,"potions_floor_spawned":[2,5,10,18,19],"killed_by":"Sentry and Sphere","ascension_level":1}}