{"host":"qm4rv4rkpk76sbxu","time":1610466845,"event":{"mods":["BaseMod","Bestiary","Block Reminder","DeckTracker","Filter the Spire","Keyboard Shortcuts","Minty Spire (QoL Compilation)","MonsterHotkey","Potion Indicator Mod","Quick Restart","Relic Stats","Slay-I","StSLib","ojb\u0027s Better Paths Mod"],"gold_per_floor":[110,120,120,195,160,189,16,32,56,86,86,113,129,179,179,255,255,273,292,292,10,36,36,36,47,47,72,72,106,31,60,60,133,133,149,161,161,179,7,7,38,38,119,130,158,207,207,232,232,232,232],"floor_reached":52,"playtime":3359,"items_purged":["Strike_G"],"score":2189,"play_id":"d8c3e35c-36d6-4cc6-addd-8e9df4453ec4","local_time":"20210112165405","is_ascension_mode":true,"campfire_choices":[{"data":"Noxious Fumes","floor":15.0,"key":"SMITH"},{"data":"Wraith Form v2","floor":23.0,"key":"SMITH"},{"data":"Catalyst","floor":28.0,"key":"SMITH"},{"data":"Wraith Form v2","floor":32.0,"key":"SMITH"},{"data":"Leg Sweep","floor":40.0,"key":"SMITH"},{"data":"Neutralize","floor":42.0,"key":"SMITH"},{"data":"Deadly Poison","floor":47.0,"key":"SMITH"},{"floor":49.0,"key":"RECALL"}],"circlet_count":0,"master_deck":["AscendersBane","Strike_G+1","Strike_G","Strike_G","Defend_G+1","Defend_G","Defend_G","Defend_G","Defend_G","Survivor","Neutralize+1","Noxious Fumes+1","Flying Knee","Venomology","Dagger Throw","Cloak And Dagger","Wraith Form v2+1","Predator","Wraith Form v2+1","Catalyst+1","Leg Sweep+1","Terror","Blur","Die Die Die","Expertise+1","PiercingWail+1","Blur+1","Deadly Poison+1","Backflip+1"],"relics":["Ring of the Snake","Oddly Smooth Stone","ClockworkSouvenir","Strawberry","Blood Vial","Snake Skull","Snecko Eye","Juzu Bracelet","Orichalcum","Tingsha","Ginger","White Beast Statue","Pen Nib","Busted Crown","TwistedFunnel","Regal Pillow","Eternal Feather","Art of War","Du-Vu Doll","Ice Cream"],"acts_visited":["Exordium","TheCity","TheBeyond"],"potions_floor_usage":[51],"damage_taken":[{"damage":1.0,"enemies":"Small Slimes","floor":1.0,"turns":4.0},{"damage":0.0,"enemies":"2 Louse","floor":2.0,"turns":3.0},{"damage":19.0,"enemies":"Gremlin Nob","floor":6.0,"turns":4.0},{"damage":5.0,"enemies":"Cultist","floor":8.0,"turns":5.0},{"damage":1.0,"enemies":"3 Sentries","floor":10.0,"turns":5.0},{"damage":8.0,"enemies":"Lagavulin","floor":12.0,"turns":6.0},{"damage":3.0,"enemies":"Exordium Thugs","floor":13.0,"turns":5.0},{"damage":20.0,"enemies":"Hexaghost","floor":16.0,"turns":8.0},{"damage":16.0,"enemies":"3 Byrds","floor":18.0,"turns":5.0},{"damage":3.0,"enemies":"Chosen","floor":19.0,"turns":4.0},{"damage":0.0,"enemies":"Snake Plant","floor":25.0,"turns":5.0},{"damage":0.0,"enemies":"Gremlin Leader","floor":27.0,"turns":5.0},{"damage":0.0,"enemies":"Book of Stabbing","floor":29.0,"turns":5.0},{"damage":0.0,"enemies":"Gremlin Leader","floor":31.0,"turns":6.0},{"damage":39.0,"enemies":"Champ","floor":33.0,"turns":14.0},{"damage":2.0,"enemies":"3 Shapes","floor":35.0,"turns":4.0},{"damage":18.0,"enemies":"3 Darklings","floor":36.0,"turns":5.0},{"damage":0.0,"enemies":"4 Shapes","floor":38.0,"turns":7.0},{"damage":0.0,"enemies":"Reptomancer","floor":41.0,"turns":6.0},{"damage":0.0,"enemies":"Maw","floor":44.0,"turns":7.0},{"damage":0.0,"enemies":"Giant Head","floor":45.0,"turns":6.0},{"damage":0.0,"enemies":"2 Orb Walkers","floor":46.0,"turns":5.0},{"damage":0.0,"enemies":"Mind Bloom Boss Battle","floor":48.0,"turns":5.0},{"damage":52.0,"enemies":"Awakened One","floor":50.0,"turns":23.0},{"damage":30,"enemies":"Donu and Deca","floor":51,"turns":11}],"seed_played":"174337935694330931","potions_obtained":[{"floor":0.0,"key":"Poison Potion"},{"floor":0.0,"key":"ColorlessPotion"},{"floor":2.0,"key":"PowerPotion"},{"floor":6.0,"key":"Regen Potion"},{"floor":16.0,"key":"FearPotion"},{"floor":19.0,"key":"Swift Potion"},{"floor":31.0,"key":"GhostInAJar"},{"floor":33.0,"key":"Strength Potion"},{"floor":41.0,"key":"SmokeBomb"},{"floor":44.0,"key":"ColorlessPotion"},{"floor":45.0,"key":"Swift Potion"},{"floor":46.0,"key":"DistilledChaos"}],"is_trial":false,"path_per_floor":["M","M","?","?","?","E","$","M","T","E","?","E","M","?","R","B",null,"M","M","?","$","T","R","?","M","T","E","R","E","$","E","R","B",null,"M","M","?","M","$","R","E","R","T","M","E","?","R","?","R","B","B",null],"character_chosen":"THE_SILENT","items_purchased":["ClockworkSouvenir","Juzu Bracelet","EntropicBrew","TwistedFunnel"],"campfire_rested":0,"item_purchase_floors":[7,21,21,39],"current_hp_per_floor":[58,58,58,47,63,44,44,54,61,60,38,32,31,24,24,6,56,42,41,41,41,41,41,73,73,73,73,73,73,73,73,73,34,63,63,47,37,39,39,39,41,41,41,43,45,62,73,73,73,36,8],"gold":232,"neow_bonus":"THREE_SMALL_POTIONS","is_daily":false,"chose_seed":false,"campfire_upgraded":7,"win_rate":0.0,"timestamp":1610466845,"path_taken":["M","M","?","?","?","E","$","M","T","E","?","E","M","?","R","BOSS","M","M","?","?","?","R","?","M","T","E","R","E","$","E","R","BOSS","M","M","?","M","$","R","E","R","T","M","E","?","R","?","R","BOSS","BOSS"],"items_purchased_type":["Relic","Relic","Potion","Relic"],"build_version":"2020-12-22","purchased_purges":1,"victory":true,"max_hp_per_floor":[66,66,66,66,66,66,66,66,73,73,73,73,73,73,73,73,73,73,73,73,73,73,73,73,73,73,73,73,73,73,73,73,73,73,73,73,73,73,73,73,73,73,73,73,73,73,73,73,73,73,73],"relic_stats":{"Regal Pillow":0,"counters":[25,163],"Tingsha":[114],"Eternal Feather":11,"Snake Skull":[166],"Pen Nib":[15],"Juzu Bracelet":2,"Ginger":[14],"Orichalcum":[168],"Blood Vial":26,"Busted Crown":22,"Snecko Eye":[244,231,270,240],"Art of War":[7],"obtain_stats":[{"TwistedFunnel":39,"Ice Cream":48,"Regal Pillow":41,"Oddly Smooth Stone":6,"Tingsha":26,"Eternal Feather":43,"Snake Skull":12,"Pen Nib":31,"Juzu Bracelet":21,"Ginger":27,"Orichalcum":22,"White Beast Statue":29,"ClockworkSouvenir":7,"Blood Vial":10,"Du-Vu Doll":46,"Busted Crown":34,"Strawberry":9,"Snecko Eye":17,"Art of War":45,"Ring of the Snake":0},{"TwistedFunnel":18,"Ice Cream":23,"Regal Pillow":19,"Oddly Smooth Stone":3,"Tingsha":11,"Eternal Feather":19,"Snake Skull":6,"Pen Nib":14,"Juzu Bracelet":10,"Ginger":12,"Orichalcum":10,"White Beast Statue":13,"ClockworkSouvenir":3,"Blood Vial":5,"Du-Vu Doll":22,"Busted Crown":15,"Strawberry":4,"Snecko Eye":8,"Art of War":21,"Ring of the Snake":0},{"TwistedFunnel":100,"Ice Cream":129,"Regal Pillow":106,"Oddly Smooth Stone":11,"Tingsha":54,"Eternal Feather":106,"Snake Skull":27,"Pen Nib":70,"Juzu Bracelet":49,"Ginger":59,"Orichalcum":49,"White Beast Statue":64,"ClockworkSouvenir":11,"Blood Vial":21,"Du-Vu Doll":124,"Busted Crown":84,"Strawberry":16,"Snecko Eye":40,"Art of War":119,"Ring of the Snake":0}],"Ring of the Snake":[50]},"card_choices":[{"not_picked":["Deadly Poison","Infinite Blades"],"picked":"Noxious Fumes","floor":1.0},{"not_picked":["Accuracy","Setup"],"picked":"All Out Attack","floor":2.0},{"not_picked":["Calculated Gamble","Outmaneuver"],"picked":"Venomology","floor":6.0},{"not_picked":["Finisher","Deflect"],"picked":"Dagger Throw","floor":8.0},{"not_picked":["Quick Slash","Flechettes","Concentrate"],"picked":"SKIP","floor":10.0},{"not_picked":["Flechettes","Acrobatics","Heel Hook"],"picked":"SKIP","floor":12.0},{"not_picked":["Blade Dance","Deflect"],"picked":"Cloak And Dagger","floor":13.0},{"not_picked":["Die Die Die","After Image"],"picked":"Wraith Form v2","floor":16.0},{"not_picked":["Riddle With Holes","Bane"],"picked":"Predator","floor":18.0},{"not_picked":["Riddle With Holes","Slice","Prepared+1"],"picked":"SKIP","floor":19.0},{"not_picked":["All Out Attack+1","Underhanded Strike+1"],"picked":"Catalyst","floor":25.0},{"not_picked":["Escape Plan","Blade Dance"],"picked":"Leg Sweep","floor":27.0},{"not_picked":["Prepared","Outmaneuver"],"picked":"Terror","floor":29.0},{"not_picked":["Acrobatics","Dagger Throw"],"picked":"Blur","floor":31.0},{"not_picked":["Glass Knife","Phantasmal Killer"],"picked":"Die Die Die","floor":33.0},{"not_picked":[],"picked":"Expertise+1","floor":35.0},{"not_picked":[],"picked":"PiercingWail+1","floor":36.0},{"not_picked":["Slice"],"picked":"SKIP","floor":38.0},{"not_picked":[],"picked":"Blur+1","floor":41.0},{"not_picked":[],"picked":"Deadly Poison","floor":44.0},{"not_picked":["Blade Dance"],"picked":"SKIP","floor":45.0},{"not_picked":[],"picked":"Backflip+1","floor":46.0}],"player_experience":1259624,"relics_obtained":[{"floor":6.0,"key":"Oddly Smooth Stone"},{"floor":9.0,"key":"Strawberry"},{"floor":10.0,"key":"Blood Vial"},{"floor":12.0,"key":"Snake Skull"},{"floor":22.0,"key":"Orichalcum"},{"floor":26.0,"key":"Tingsha"},{"floor":27.0,"key":"Ginger"},{"floor":29.0,"key":"White Beast Statue"},{"floor":31.0,"key":"Pen Nib"},{"floor":41.0,"key":"Regal Pillow"},{"floor":43.0,"key":"Eternal Feather"},{"floor":45.0,"key":"Art of War"},{"floor":46.0,"key":"Du-Vu Doll"},{"floor":48.0,"key":"Ice Cream"}],"event_choices":[{"damage_healed":0.0,"max_hp_gain":0.0,"max_hp_loss":0.0,"gold_gain":0.0,"cards_transformed":["Strike_G"],"event_name":"Living Wall","player_choice":"Change","floor":3.0,"gold_loss":0.0,"damage_taken":0.0,"cards_obtained":["Flying Knee"]},{"damage_healed":0.0,"max_hp_gain":0.0,"max_hp_loss":0.0,"gold_gain":75.0,"event_name":"World of Goop","player_choice":"Gather Gold","floor":4.0,"gold_loss":0.0,"damage_taken":11.0},{"damage_healed":16.0,"max_hp_gain":0.0,"max_hp_loss":0.0,"gold_gain":0.0,"event_name":"The Cleric","player_choice":"Healed","floor":5.0,"gold_loss":35.0,"damage_taken":0.0},{"damage_healed":0.0,"max_hp_gain":0.0,"max_hp_loss":0.0,"gold_gain":0.0,"event_name":"Shining Light","player_choice":"Entered Light","floor":11.0,"gold_loss":0.0,"damage_taken":22.0,"cards_upgraded":["Defend_G","Strike_G"]},{"damage_healed":0.0,"max_hp_gain":0.0,"max_hp_loss":0.0,"gold_gain":50.0,"event_name":"FaceTrader","player_choice":"Touch","floor":14.0,"gold_loss":0.0,"damage_taken":7.0},{"damage_healed":0.0,"max_hp_gain":0.0,"max_hp_loss":0.0,"gold_gain":0.0,"event_name":"Match and Keep!","player_choice":"1 cards matched","floor":20.0,"gold_loss":0.0,"damage_taken":0.0,"cards_obtained":["Wraith Form v2"]},{"cards_removed":["All Out Attack"],"damage_healed":32.0,"max_hp_gain":0.0,"max_hp_loss":0.0,"gold_gain":0.0,"event_name":"Bonfire Elementals","player_choice":"Offered Uncommon","floor":24.0,"gold_loss":0.0,"damage_taken":0.0},{"damage_healed":0.0,"max_hp_gain":0.0,"max_hp_loss":0.0,"gold_gain":0.0,"event_name":"SensoryStone","player_choice":"Memory 3","floor":37.0,"gold_loss":0.0,"damage_taken":10.0},{"damage_healed":0.0,"max_hp_gain":0.0,"max_hp_loss":0.0,"gold_gain":0.0,"event_name":"Mysterious Sphere","player_choice":"Fight","floor":46.0,"gold_loss":0.0,"damage_taken":0.0},{"damage_healed":0.0,"max_hp_gain":0.0,"max_hp_loss":0.0,"gold_gain":0.0,"event_name":"MindBloom","player_choice":"Fight","floor":48.0,"gold_loss":0.0,"damage_taken":0.0}],"is_beta":false,"boss_relics":[{"not_picked":["Ectoplasm","Runic Dome"],"picked":"Snecko Eye"},{"not_picked":["Pandora\u0027s Box","Ring of the Serpent"],"picked":"Busted Crown"}],"items_purged_floors":[30],"is_endless":false,"potions_floor_spawned":[2,6,10,16,19,31,33,35,36,38,41,44,45,46,48],"ascension_level":20}}