{"host":"qk06od3ap196wbz4","time":1610460921,"event":{"mods":["AchievementEnabler","Arknights The Spire","BaseMod","DeckTracker","Keyboard Shortcuts","Minty Spire (QoL Compilation)","Permanent Neow","StSLib","SuperFastMode"],"gold_per_floor":[114,39,39,56,75,109,109,109,158,158,177,205,105,55,55,153,153,164,39,39,55,55,82,117,117,141,141,141,141,141,161,161,272,272,288,288,288,230,230,230,230],"floor_reached":40,"playtime":994,"items_purged":["ats:Childhood Dance","ats:Support Order","ats:Red Shift"],"score":451,"play_id":"bfcdaae2-e5a4-4276-9fea-d3b65e88cf87","local_time":"20210112231521","daily_mods":["Draft","Heirloom","Time Dilation","Flight"],"is_ascension_mode":false,"campfire_choices":[{"floor":7,"key":"REST"},{"data":"ats:Flexible Camouflage","floor":10,"key":"SMITH"},{"floor":15,"key":"REST"},{"floor":25,"key":"REST"},{"data":"ats:Neurotoxin","floor":28,"key":"SMITH"},{"floor":32,"key":"REST"}],"circlet_count":0,"master_deck":["ats:Overload","ats:Poison Spread","ats:Consecutive Shot Auto","ats:Mental Burst","ats:Assault Order","ats:Leaping Hammer","ats:Part Time Job","ats:Explosion Area Strengthen","ats:Neurotoxin+1","ats:Leaping Hammer","ats:Poison Spread","ats:Flexible Camouflage+1","ats:Shell Defense","ats:Consecutive Shot Auto","ats:Echo Reverb","ats:Closed Bolt Burst Fire"],"relics":["ats:Sanity","Incense Burner","Potion Belt","ats:Originium","ats:Industrial Water Cannon","Oddly Smooth Stone","Tiny Chest","Sozu","ats:Military Tradition","Happy Flower","ats:Hidden Killer","CeramicFish","Runic Dome","Matryoshka"],"acts_visited":["Exordium","TheCity","TheBeyond"],"potions_floor_usage":[6,23,24,33],"damage_taken":[{"damage":6,"enemies":"Cultist","floor":1,"turns":3},{"damage":10,"enemies":"Small Slimes","floor":4,"turns":2},{"damage":1,"enemies":"Jaw Worm","floor":5,"turns":2},{"damage":20,"enemies":"3 Sentries","floor":6,"turns":3},{"damage":0,"enemies":"3 Louse","floor":11,"turns":2},{"damage":14,"enemies":"Gremlin Nob","floor":12,"turns":3},{"damage":1,"enemies":"Slime Boss","floor":16,"turns":5},{"damage":30,"enemies":"2 Thieves","floor":18,"turns":3},{"damage":2,"enemies":"Spheric Guardian","floor":21,"turns":3},{"damage":0,"enemies":"Gremlin Leader","floor":23,"turns":2},{"damage":40,"enemies":"Slavers","floor":24,"turns":4},{"damage":15,"enemies":"Snecko","floor":31,"turns":3},{"damage":26,"enemies":"Automaton","floor":33,"turns":6},{"damage":12,"enemies":"3 Shapes","floor":35,"turns":3},{"damage":71,"enemies":"Nemesis","floor":40,"turns":5}],"seed_played":"177081930595463846","potions_obtained":[{"floor":4,"key":"LiquidMemories"},{"floor":5,"key":"SteroidPotion"},{"floor":6,"key":"Weak Potion"},{"floor":16,"key":"Explosive Potion"}],"is_trial":true,"path_per_floor":["M","$","?","M","M","E","R","?","T","R","M","E","$","?","R","B",null,"M","$","?","M","T","E","E","R","T","?","R","$","?","M","R","B",null,"M","T","?","$","?","E"],"character_chosen":"DOCTOR_CLASS","items_purchased":["ats:Closed Bolt Burst Fire"],"campfire_rested":4,"item_purchase_floors":[38],"current_hp_per_floor":[66,66,48,38,40,20,41,41,41,41,41,27,27,27,48,47,72,44,44,44,42,42,42,2,23,23,23,23,23,28,18,39,19,72,60,60,60,60,60,0,0],"gold":230,"neow_bonus":"","is_daily":false,"chose_seed":false,"campfire_upgraded":2,"win_rate":0.0,"timestamp":1610460921,"path_taken":["M","$","?","M","M","E","R","?","T","R","?","E","$","?","R","BOSS","M","$","?","?","?","E","E","R","T","?","R","?","?","M","R","BOSS","M","?","?","?","?","E"],"items_purchased_type":["Card"],"build_version":"2020-12-22","purchased_purges":3,"victory":false,"max_hp_per_floor":[72,72,72,72,72,72,72,72,72,72,72,72,72,72,72,72,72,72,72,72,72,72,72,72,72,72,72,72,72,72,72,72,72,72,72,72,72,72,72,72,72],"card_choices":[{"not_picked":["ats:Apocalypse","ats:Powerful Strike"],"picked":"ats:Shell Defense","floor":0},{"not_picked":["ats:Collapsing Strike","ats:Revitalization"],"picked":"ats:Overload","floor":0},{"not_picked":["ats:Cat Scratch","ats:Counter Healing Mode"],"picked":"ats:Song Of Battle","floor":0},{"not_picked":["ats:Encircling Forest","ats:Cat Scratch"],"picked":"ats:Poison Spread","floor":0},{"not_picked":["ats:Song Of Battle","ats:Flexible Camouflage"],"picked":"ats:Consecutive Shot Auto","floor":0},{"not_picked":["ats:Encircling Forest","ats:Healing Drone"],"picked":"ats:Mental Burst","floor":0},{"not_picked":["ats:Curse Doll","ats:Childhood Dance"],"picked":"ats:Red Shift","floor":0},{"not_picked":["ats:Shell Defense","ats:Automatic Cover"],"picked":"ats:Assault Order","floor":0},{"not_picked":["ats:Poison Spread","ats:Mental Burst"],"picked":"ats:Leaping Hammer","floor":0},{"not_picked":["ats:Cat Scratch","ats:Encircling Forest"],"picked":"ats:Support Order","floor":0},{"not_picked":["ats:Apocalypse","ats:Childhood Dance"],"picked":"ats:Part Time Job","floor":0},{"not_picked":["ats:Cat Scratch","ats:Consecutive Shot Auto"],"picked":"ats:Explosion Area Strengthen","floor":0},{"not_picked":["ats:Encircling Forest","ats:Explosion Area Strengthen"],"picked":"ats:Neurotoxin","floor":0},{"not_picked":["ats:Apocalypse","ats:Powerful Strike"],"picked":"ats:Leaping Hammer","floor":0},{"not_picked":["ats:Counter Healing Mode","ats:Flame Of Heaven"],"picked":"ats:Childhood Dance","floor":0},{"not_picked":["ats:Cat Scratch","ats:Curse Doll"],"picked":"ats:Poison Spread","floor":1},{"not_picked":["ats:Revitalization","ats:Hook Shot"],"picked":"ats:Flexible Camouflage","floor":4},{"not_picked":["ats:LN2 Cannon","ats:Demon Strength","ats:Revitalization"],"picked":"SKIP","floor":5},{"not_picked":["ats:Childhood Dance","ats:Magnetic Hammer","ats:Apocalypse"],"picked":"SKIP","floor":6},{"not_picked":["ats:Powerful Strike","ats:Revitalization","ats:Disruption Kick"],"picked":"SKIP","floor":11},{"not_picked":["ats:Powerful Strike","ats:Childhood Dance"],"picked":"ats:Explosion Area Strengthen","floor":12},{"not_picked":["ats:Thorns","ats:Assault Order+1"],"picked":"ats:Poison Spread","floor":18},{"not_picked":["ats:Leaping Hammer","ats:Magnetic Hammer"],"picked":"ats:Shell Defense","floor":21},{"not_picked":["ats:Flexible Camouflage","ats:Shell Defense"],"picked":"ats:Consecutive Shot Auto","floor":23},{"not_picked":["ats:Sunburst","ats:Explosion Area Strengthen+1","ats:Red Shift"],"picked":"SKIP","floor":24},{"not_picked":["ats:Explosion Area Strengthen","ats:Curse Doll","ats:Durian"],"picked":"SKIP","floor":31},{"not_picked":["ats:Fractured Body","ats:Soul Rend"],"picked":"ats:Echo Reverb","floor":33},{"not_picked":["ats:Chain Hook+1","ats:Consecutive Shot Auto","ats:Demon Strength+1"],"picked":"SKIP","floor":35}],"player_experience":160118,"relics_obtained":[{"floor":6,"key":"ats:Originium"},{"floor":6,"key":"ats:Industrial Water Cannon"},{"floor":9,"key":"Oddly Smooth Stone"},{"floor":12,"key":"ats:Originium"},{"floor":12,"key":"Tiny Chest"},{"floor":22,"key":"ats:Military Tradition"},{"floor":23,"key":"ats:Originium"},{"floor":23,"key":"Happy Flower"},{"floor":24,"key":"ats:Hidden Killer"},{"floor":26,"key":"CeramicFish"},{"floor":36,"key":"Matryoshka"}],"event_choices":[{"damage_healed":0,"gold_gain":0,"player_choice":"Success","damage_taken":18,"relics_obtained":["Potion Belt"],"max_hp_gain":0,"max_hp_loss":0,"event_name":"Scrap Ooze","floor":3,"gold_loss":0},{"damage_healed":0,"gold_gain":0,"player_choice":"Ignored","damage_taken":0,"max_hp_gain":0,"max_hp_loss":0,"event_name":"NoteForYourself","floor":8,"gold_loss":0},{"cards_removed":["ats:Song Of Battle"],"damage_healed":0,"gold_gain":0,"player_choice":"Card Removal","damage_taken":0,"max_hp_gain":0,"max_hp_loss":0,"event_name":"The Cleric","floor":14,"gold_loss":50},{"cards_removed":["ats:Explosion Area Strengthen"],"damage_healed":0,"gold_gain":0,"player_choice":"Purged","damage_taken":0,"max_hp_gain":0,"max_hp_loss":0,"event_name":"Purifier","floor":20,"gold_loss":0},{"damage_healed":0,"gold_gain":0,"player_choice":"Ignored","damage_taken":0,"max_hp_gain":0,"max_hp_loss":0,"event_name":"Beggar","floor":27,"gold_loss":0},{"cards_removed":["ats:Poison Spread"],"damage_healed":5,"gold_gain":0,"player_choice":"Offered Common","damage_taken":0,"max_hp_gain":0,"max_hp_loss":0,"event_name":"Bonfire Elementals","floor":30,"gold_loss":0},{"cards_removed":["ats:Poison Spread"],"damage_healed":5,"gold_gain":0,"player_choice":"Offered Special","damage_taken":0,"max_hp_gain":0,"max_hp_loss":0,"event_name":"Bonfire Elementals","floor":30,"gold_loss":0},{"cards_removed":["ats:Shell Defense"],"damage_healed":0,"gold_gain":0,"player_choice":"Removed Skill","damage_taken":0,"max_hp_gain":0,"max_hp_loss":0,"event_name":"Falling","floor":37,"gold_loss":0},{"damage_healed":0,"gold_gain":0,"player_choice":"Ignored","damage_taken":0,"max_hp_gain":0,"max_hp_loss":0,"event_name":"Tomb of Lord Red Mask","floor":39,"gold_loss":0}],"is_beta":false,"boss_relics":[{"not_picked":["SlaversCollar","Calling Bell"],"picked":"Sozu"},{"not_picked":["Tiny House","SacredBark"],"picked":"Runic Dome"}],"items_purged_floors":[2,13,19],"is_endless":false,"potions_floor_spawned":[4,5,6,16,18,24,33,35],"killed_by":"Nemesis","ascension_level":0}}