{"host":"jkrqlov8aogccnw1","time":1610446589,"event":{"mods":["BaseMod","Colored Map","Colored Powertips","Downfall","GifTheSpireLib","Minty Spire (QoL Compilation)","Permanent Neow","Rare Cards Sparkle","Relic Filter","StSLib"],"gold_per_floor":[99,115,129,141,159,159,159,144,162,179,204,204,204,204],"floor_reached":13,"playtime":627,"items_purged":[],"score":87,"play_id":"9ff1fb63-609e-4b04-abd3-63af9c96f09e","local_time":"20210112051629","is_ascension_mode":false,"campfire_choices":[{"data":"sneckomod:SoulExchange","floor":1.0,"key":"SMITH"}],"circlet_count":0,"master_deck":["sneckomod:Strike+1","sneckomod:Strike+1","sneckomod:Strike","sneckomod:Defend","sneckomod:Defend","sneckomod:Defend","sneckomod:TailWhip","sneckomod:SnekBite+1","sneckomod:Unknown","sneckomod:Unknown","sneckomod:SoulExchange+1","sneckomod:UnknownUncommonAttack","sneckomod:RainOfDice","sneckomod:SoulDraw","sneckomod:QuickBite","sneckomod:UnknownClassPURPLE","sneckomod:UnknownDraw","sneckomod:UnknownX","sneckomod:IronFang","downfall:Malfunctioning"],"relics":["sneckomod:SneckoSoul","Happy Flower","Strawberry"],"acts_visited":["Exordium"],"potions_floor_usage":[13,13,13],"damage_taken":[{"damage":2.0,"enemies":"Small Slimes","floor":2.0,"turns":3.0},{"damage":0.0,"enemies":"Cultist","floor":3.0,"turns":2.0},{"damage":8.0,"enemies":"Jaw Worm","floor":4.0,"turns":2.0},{"damage":22.0,"enemies":"3 Louse","floor":5.0,"turns":3.0},{"damage":10,"enemies":"downfall:FleeingMerchant","floor":8,"turns":4},{"damage":13,"enemies":"Large Slime","floor":9,"turns":4},{"damage":6,"enemies":"Red Slaver","floor":10,"turns":3},{"damage":24,"enemies":"Lagavulin","floor":11,"turns":6},{"damage":21,"enemies":"Gremlin Nob","floor":13,"turns":3}],"seed_played":"-4126015859194684930","potions_obtained":[{"floor":2.0,"key":"FearPotion"},{"floor":3.0,"key":"bronze:BurnAndBuffPotion"},{"floor":4.0,"key":"champ:CounterPotion"}],"is_trial":false,"path_per_floor":["R","M","M","M","M","?","T","$","M","M","E","?","E"],"character_chosen":"THE_SNECKO","items_purchased":[],"campfire_rested":0,"item_purchase_floors":[],"current_hp_per_floor":[90,88,88,80,58,58,58,48,35,29,12,12,0,0],"gold":204,"neow_bonus":"ONE_RANDOM_RARE_CARD","is_daily":false,"chose_seed":false,"campfire_upgraded":1,"win_rate":0.0,"timestamp":1610446589,"path_taken":["R","M","M","M","M","?","T","$","M","?","E","?","E"],"items_purchased_type":[],"build_version":"2020-12-22","purchased_purges":0,"victory":false,"max_hp_per_floor":[90,90,90,90,90,90,90,90,90,90,97,97,97,97],"card_choices":[{"not_picked":["sneckomod:ImprovisedAttack","sneckomod:Nope"],"picked":"sneckomod:UnknownUncommonAttack","floor":2.0},{"not_picked":["sneckomod:SoulCleanse","sneckomod:Nope"],"picked":"sneckomod:RainOfDice","floor":3.0},{"not_picked":["sneckomod:Nope","sneckomod:RainOfDice"],"picked":"sneckomod:SoulDraw","floor":4.0},{"not_picked":["sneckomod:QuickMove","sneckomod:RainOfDice"],"picked":"sneckomod:QuickBite","floor":5.0},{"not_picked":["sneckomod:UnknownDraw","sneckomod:UnknownBlock"],"picked":"sneckomod:UnknownClassPURPLE","floor":8},{"not_picked":["sneckomod:DiceBoulder","sneckomod:DiceCrush"],"picked":"sneckomod:UnknownDraw","floor":9},{"not_picked":["sneckomod:SoulRoll","sneckomod:UnknownStrike"],"picked":"sneckomod:UnknownX","floor":10},{"not_picked":["sneckomod:UnknownBlock","sneckomod:TrashToTreasure"],"picked":"sneckomod:IronFang","floor":11}],"player_experience":299126,"relics_obtained":[{"floor":7.0,"key":"Happy Flower"},{"floor":11,"key":"Strawberry"}],"event_choices":[{"damage_healed":0.0,"max_hp_gain":0.0,"max_hp_loss":0.0,"gold_gain":0.0,"event_name":"Lab","player_choice":"Got Potions","floor":6.0,"gold_loss":0.0,"damage_taken":0.0}],"is_beta":false,"boss_relics":[],"items_purged_floors":[],"is_endless":false,"potions_floor_spawned":[2,3,4,9],"killed_by":"Gremlin Nob","ascension_level":0}}