{"host":"ctgqpqglqpm61kk7","time":1610473293,"event":{"mods":["BaseMod","Hubris","Infinite Spire","Marisa????????","Minty Spire (QoL Compilation)","Permanent Neow","Quick Restart","Replay The Spire","StSLib","The Animator","The Cursed","The Hierophant"],"gold_per_floor":[117,117,117,39,39,86,86,113,113,139,171,171,13,13,13,130,130,156,80,179,179,207,258,258,279,306,324,324,368,368,394,394,520,520,585,485,174,217,267,267,267,277,277],"floor_reached":42,"playtime":4961,"items_purged":["animator:Strike","animator:Strike","animator:Strike"],"score":500,"play_id":"2bdad383-4810-4cf4-9381-a49b06f8f783","local_time":"20210112194133","is_ascension_mode":false,"campfire_choices":[{"data":"animator:DolaSchwi","floor":7,"key":"SMITH"},{"data":"animator:Shichika","floor":12,"key":"SMITH"},{"floor":15,"key":"DIG"},{"data":"animator:Kagari","floor":24,"key":"SMITH"},{"floor":28,"key":"RECALL"},{"floor":32,"key":"REST"},{"data":"animator:Wiz","floor":40,"key":"SMITH"}],"circlet_count":0,"master_deck":["animator:Strike_Konosuba","animator:Defend_Konosuba","animator:Defend","animator:Defend","animator:Defend","animator:Kazuma","animator:Aqua","animator:DolaSchwi+1","animator:Caster","animator:Darkness","animator:Nanami","animator:YunYun","animator:Shichika+1","animator:Kagari+1","animator:Megumin+9","animator:Ainz","animator:Azekura","animator:Archer","infinitespire:Execution","animator:DolaStephanie","animator:Mitsurugi","animator:SilverFang","animator:Lancer+1","animator:Saber","animator:Chris","animator:Wiz+1","animator:ChlammyZell","infinitespire:Collect","infinitespire:SealOfDarkness+"],"relics":["infinitespire:DarkRift","animator:TheMissingPiece","infinitespire:EmpoweringShard","infinitespire:Cubic Diamond","Mirror","Bird Faced Urn","hubris:OldNail","Replay:Bandana","Ancient Tea Set","Sozu","Blood Vial","Replay:Wax Seal","infinitespire:PuzzleCube","infinitespire:EvilPickle","infinitespire:Cupcake","Medical Kit"],"acts_visited":["Exordium","TheCity","TheBeyond"],"potions_floor_usage":[8],"damage_taken":[{"damage":0,"enemies":"Jaw Worm","floor":1,"turns":5},{"damage":19,"enemies":"Lagavulin","floor":6,"turns":8},{"damage":8,"enemies":"Gremlin Nob","floor":8,"turns":3},{"damage":3,"enemies":"2 Louse","floor":10,"turns":3},{"damage":4,"enemies":"3 Sentries","floor":11,"turns":3},{"damage":36,"enemies":"Hexaghost","floor":16,"turns":9},{"damage":6,"enemies":"Spheric Guardian","floor":18,"turns":4},{"damage":0,"enemies":"Chosen","floor":22,"turns":4},{"damage":11,"enemies":"Replay:Snechameleon","floor":23,"turns":5},{"damage":21,"enemies":"Shelled Parasite and Fungi","floor":25,"turns":4},{"damage":15,"enemies":"Centurion and Healer","floor":27,"turns":5},{"damage":29,"enemies":"Nightmare","floor":29,"turns":6},{"damage":0,"enemies":"3 Cultists","floor":31,"turns":1},{"damage":14,"enemies":"Pondfish","floor":33,"turns":5},{"damage":14,"enemies":"3 Shapes","floor":35,"turns":4},{"damage":28,"enemies":"3 Darklings","floor":38,"turns":3},{"damage":10,"enemies":"Maw","floor":39,"turns":6},{"damage":70,"enemies":"Writhing Mass","floor":42,"turns":5}],"seed_played":"-8917484630340058911","potions_obtained":[{"floor":1,"key":"SkillPotion"}],"is_trial":false,"path_per_floor":["M","?","?","$","?","E","R","E","T","M","E","R","$","T","R","B",null,"M","$","?","?","M","E","R","M","T","M","R","NM","AVR","M","R","B",null,"M","NS","$","M","M","R","AVR","M"],"character_chosen":"THE_ANIMATOR","items_purchased":["animator:Darkness","animator:Kagari","animator:Megumin","animator:Archer","Medical Kit","animator:ChlammyZell"],"campfire_rested":1,"item_purchase_floors":[4,13,13,19,37,37],"current_hp_per_floor":[66,66,66,66,71,54,54,48,48,51,49,49,49,49,49,20,74,70,70,70,51,67,63,63,52,52,47,47,30,30,32,55,52,80,74,74,74,56,56,56,56,0,0],"gold":277,"neow_bonus":"THREE_CARDS","is_daily":false,"chose_seed":false,"campfire_upgraded":4,"win_rate":0.0,"timestamp":1610473293,"path_taken":["M","?","?","$","?","E","R","E","T","M","E","R","$","?","R","BOSS","M","?","?","?","M","E","R","M","T","M","R","NM","AVR","M","R","BOSS","M","NS","$","M","M","R","AVR","M"],"items_purchased_type":["Card","Card","Card","Card","Relic","Card"],"build_version":"2020-12-22","purchased_purges":3,"victory":false,"max_hp_per_floor":[66,66,66,66,71,71,71,71,71,73,73,73,73,73,73,74,74,76,76,76,76,76,77,77,77,77,77,77,79,79,79,79,80,80,82,82,82,82,82,82,82,82,82],"card_choices":[{"not_picked":["animator:Azekura","animator:Alexander"],"picked":"animator:DolaSchwi","floor":0},{"not_picked":["animator:DolaStephanie","animator:MumenRider"],"picked":"animator:Caster","floor":1},{"not_picked":["animator:ZankiKiguchi","animator:OrikoMikuni"],"picked":"animator:Entoma","floor":6},{"not_picked":["animator:Entoma","animator:Tet"],"picked":"animator:Nanami","floor":8},{"not_picked":["animator:Mitsurugi","animator:Vanir"],"picked":"animator:YunYun","floor":10},{"not_picked":["animator:Emonzaemon","animator:Aqua"],"picked":"animator:Shichika","floor":11},{"not_picked":["animator:Sora","animator:Biyorigo"],"picked":"animator:Ainz","floor":16},{"not_picked":["animator:YuiTsuruno","animator:Megumin+1"],"picked":"animator:Azekura","floor":18},{"not_picked":["infinitespire:SealOfDarkness+","infinitespire:Fortify"],"picked":"infinitespire:Execution","floor":21},{"not_picked":["animator:Tatsumaki","animator:Assassin"],"picked":"animator:DolaStephanie","floor":22},{"not_picked":["animator:Megumin","animator:Kazuma"],"picked":"animator:Mitsurugi","floor":23},{"not_picked":["animator:Tet","animator:DolaRiku+1"],"picked":"animator:SilverFang","floor":25},{"not_picked":["animator:Assassin","animator:YuiTsuruno"],"picked":"animator:Lancer+1","floor":27},{"not_picked":["animator:Sebas","animator:Geryuganshoop"],"picked":"animator:Saber","floor":29},{"not_picked":["animator:Vanir","animator:Mitsurugi"],"picked":"animator:Chris","floor":31},{"not_picked":["animator:Kyubey","animator:HigakiRinne"],"picked":"animator:Wiz","floor":33},{"not_picked":["animator:DolaSchwi","animator:Berserker+1"],"picked":"animator:DolaCouronne+1","floor":35},{"not_picked":["animator:Rider","animator:Kyubey","animator:Konayuki+1"],"picked":"SKIP","floor":38},{"not_picked":["animator:MumenRider","animator:Emonzaemon","animator:Cocytus+1"],"picked":"SKIP","floor":39}],"player_experience":24053,"relics_obtained":[{"floor":2,"key":"infinitespire:EmpoweringShard"},{"floor":6,"key":"Mirror"},{"floor":8,"key":"Bird Faced Urn"},{"floor":9,"key":"hubris:OldNail"},{"floor":11,"key":"Replay:Bandana"},{"floor":15,"key":"Ancient Tea Set"},{"floor":23,"key":"Blood Vial"},{"floor":26,"key":"Replay:Wax Seal"},{"floor":29,"key":"infinitespire:PuzzleCube"}],"event_choices":[{"damage_healed":0,"gold_gain":0,"player_choice":"Donut","damage_taken":0,"max_hp_gain":5,"max_hp_loss":0,"event_name":"Big Fish","floor":5,"gold_loss":0},{"damage_healed":0,"gold_gain":99,"player_choice":"Stole From Cult","damage_taken":0,"max_hp_gain":0,"max_hp_loss":0,"event_name":"Nest","floor":20,"gold_loss":0}],"is_beta":false,"boss_relics":[{"not_picked":["ChewingGum","hubris:Stopwatch"],"picked":"Sozu"},{"not_picked":["hubris:TerracottaHorce","hubris:BlackHole"],"picked":"infinitespire:Cupcake"}],"items_purged_floors":[30,37,41],"is_endless":true,"potions_floor_spawned":[1,22,23,25,35],"killed_by":"Writhing Mass","ascension_level":0}}