{"host":"t1puqh5lxz8sp6fn","time":1610491298,"event":{"mods":["AchievementEnabler","BaseMod","Colored Powertips","Minty Spire (QoL Compilation)","Rare Cards Sparkle","StSLib"],"gold_per_floor":[112,112,124,137,137,137,165,165,165,190,203,216,216,65,65,161,161,177,377,391,407,425,425,452,305,332,358,383,395,407,419,431,545,557,586,598,610,632,692,704,731,743,779,791,556,30,42,59,59,59,59],"floor_reached":50,"playtime":22840,"items_purged":["Defend_B","Doubt"],"score":733,"play_id":"4677a99a-dfde-4044-a024-9f533cc51f0d","local_time":"20210112194138","is_ascension_mode":true,"campfire_choices":[{"data":"Go for the Eyes","floor":6.0,"key":"SMITH"},{"floor":8.0,"key":"REST"},{"floor":13.0,"key":"REST"},{"data":"Darkness","floor":15.0,"key":"SMITH"},{"floor":23.0,"key":"REST"},{"floor":29.0,"key":"REST"},{"floor":32.0,"key":"REST"},{"data":"Fission","floor":40.0,"key":"SMITH"},{"floor":44.0,"key":"RECALL"},{"data":"Buffer","floor":49,"key":"SMITH"}],"circlet_count":0,"master_deck":["AscendersBane","Strike_B","Defend_B","Defend_B","Defend_B","Zap","Dualcast","Go for the Eyes+1","Sweeping Beam","Darkness+1","Seek","Echo Form","Hologram","Sweeping Beam","Conserve Battery","Buffer+1","Compile Driver+1","Undo","Aggregate+1","Redo+1","Skim+1","Static Discharge+1","Fission+1","Defragment","White Noise","Panache","Creative AI"],"relics":["Cracked Core","NeowsBlessing","Symbiotic Virus","White Beast Statue","Dream Catcher","Medical Kit","Nuclear Battery","Torii","MawBank","Empty Cage","Peace Pipe","Bag of Marbles","ClockworkSouvenir","HornCleat"],"acts_visited":["Exordium","TheCity","TheBeyond"],"potions_floor_usage":[47,50],"damage_taken":[{"damage":0.0,"enemies":"Jaw Worm","floor":1.0,"turns":1.0},{"damage":0.0,"enemies":"Small Slimes","floor":3.0,"turns":1.0},{"damage":0.0,"enemies":"Cultist","floor":4.0,"turns":1.0},{"damage":45.0,"enemies":"Gremlin Nob","floor":7.0,"turns":5.0},{"damage":20.0,"enemies":"Lagavulin","floor":10.0,"turns":6.0},{"damage":0.0,"enemies":"2 Fungi Beasts","floor":11.0,"turns":2.0},{"damage":5.0,"enemies":"Exordium Wildlife","floor":12.0,"turns":4.0},{"damage":13.0,"enemies":"Hexaghost","floor":16.0,"turns":8.0},{"damage":17.0,"enemies":"3 Byrds","floor":18.0,"turns":4.0},{"damage":0.0,"enemies":"Chosen","floor":20.0,"turns":4.0},{"damage":22.0,"enemies":"Centurion and Healer","floor":21.0,"turns":5.0},{"damage":14.0,"enemies":"Cultist and Chosen","floor":22.0,"turns":5.0},{"damage":27.0,"enemies":"Slavers","floor":24.0,"turns":4.0},{"damage":6.0,"enemies":"Snecko","floor":27.0,"turns":5.0},{"damage":6.0,"enemies":"Snake Plant","floor":28.0,"turns":4.0},{"damage":38.0,"enemies":"Automaton","floor":33.0,"turns":9.0},{"damage":1.0,"enemies":"Orb Walker","floor":35.0,"turns":3.0},{"damage":15.0,"enemies":"3 Shapes","floor":38.0,"turns":3.0},{"damage":10.0,"enemies":"2 Orb Walkers","floor":39.0,"turns":7.0},{"damage":16.0,"enemies":"Maw","floor":41.0,"turns":8.0},{"damage":0,"enemies":"3 Darklings","floor":47,"turns":5},{"damage":0,"enemies":"Spire Growth","floor":48,"turns":4},{"damage":93,"enemies":"Awakened One","floor":50,"turns":4}],"seed_played":"354950184626165197","potions_obtained":[{"floor":4.0,"key":"FearPotion"},{"floor":10.0,"key":"LiquidMemories"},{"floor":11.0,"key":"Energy Potion"},{"floor":12.0,"key":"SteroidPotion"},{"floor":16.0,"key":"FocusPotion"},{"floor":21.0,"key":"Block Potion"},{"floor":22.0,"key":"SkillPotion"},{"floor":24.0,"key":"FocusPotion"},{"floor":27.0,"key":"Swift Potion"},{"floor":28.0,"key":"DuplicationPotion"},{"floor":33.0,"key":"SkillPotion"},{"floor":35.0,"key":"Weak Potion"},{"floor":38.0,"key":"PowerPotion"},{"floor":39.0,"key":"Strength Potion"},{"floor":41.0,"key":"Fire Potion"},{"floor":47,"key":"DistilledChaos"}],"is_trial":false,"path_per_floor":["M","?","M","M","?","R","E","R","T","E","M","M","R","$","R","B",null,"M","?","M","M","M","R","E","$","T","M","M","R","?","T","R","B",null,"M","?","$","M","?","R","M","?","T","R","$","$","M","M","R","B"],"character_chosen":"DEFECT","items_purchased":["Medical Kit","DuplicationPotion","ClockworkSouvenir","Panache","HornCleat","LiquidBronze"],"campfire_rested":5,"item_purchase_floors":[14,25,45,46,46,46],"current_hp_per_floor":[68,73,73,73,73,73,28,52,52,32,32,27,51,51,51,38,70,53,53,53,31,17,41,14,14,14,8,2,26,26,26,50,12,63,62,62,62,47,37,37,21,76,76,76,76,76,76,76,76,0,0],"gold":59,"neow_bonus":"THREE_ENEMY_KILL","is_daily":false,"chose_seed":false,"campfire_upgraded":4,"win_rate":0.0,"timestamp":1610491298,"path_taken":["M","?","M","M","?","R","E","R","T","E","M","M","R","$","R","BOSS","M","?","M","M","M","R","E","$","T","?","M","R","?","?","R","BOSS","M","?","$","M","?","R","M","?","T","R","?","$","?","M","R","BOSS"],"items_purchased_type":["Relic","Potion","Relic","Card","Relic","Potion"],"build_version":"2020-12-13","purchased_purges":2,"victory":false,"max_hp_per_floor":[75,80,80,80,80,80,80,80,80,80,80,80,80,80,80,80,80,80,80,80,80,80,80,80,80,80,80,80,80,80,80,80,80,80,80,76,76,76,76,76,76,76,76,76,76,76,76,76,76,76,76],"card_choices":[{"not_picked":["Steam","FTL"],"picked":"Go for the Eyes","floor":1.0},{"not_picked":["Stack","Compile Driver"],"picked":"Sweeping Beam","floor":3.0},{"not_picked":["Turbo","Go for the Eyes"],"picked":"Darkness","floor":4.0},{"not_picked":["Steam","Coolheaded","Tempest"],"picked":"SKIP","floor":7.0},{"not_picked":["Cold Snap","Fusion"],"picked":"Echo Form","floor":10.0},{"not_picked":["Steam","Redo"],"picked":"Hologram","floor":11.0},{"not_picked":["Leap","Turbo"],"picked":"Sweeping Beam","floor":12.0},{"not_picked":["Redo","Meteor Strike"],"picked":"Conserve Battery","floor":13.0},{"not_picked":["Reboot","Multi-Cast"],"picked":"Buffer","floor":16.0},{"not_picked":["Aggregate","Ball Lightning+1"],"picked":"Compile Driver+1","floor":18.0},{"not_picked":["Cold Snap+1","Redo","Compile Driver"],"picked":"SKIP","floor":20.0},{"not_picked":["Conserve Battery","Streamline","Beam Cell"],"picked":"SKIP","floor":21.0},{"not_picked":["Defragment","Stack"],"picked":"Undo","floor":22.0},{"not_picked":["Sweeping Beam","Stack"],"picked":"Aggregate+1","floor":23.0},{"not_picked":["Aggregate","Core Surge"],"picked":"Redo+1","floor":24.0},{"not_picked":["Rip and Tear","Redo+1","Storm"],"picked":"SKIP","floor":27.0},{"not_picked":["Sweeping Beam","BootSequence"],"picked":"Skim+1","floor":28.0},{"not_picked":["Cold Snap","Heatsinks+1"],"picked":"Static Discharge+1","floor":32.0},{"not_picked":["Machine Learning","Reboot"],"picked":"Fission","floor":33.0},{"not_picked":["Coolheaded","Go for the Eyes+1"],"picked":"Defragment","floor":35.0},{"not_picked":["Sweeping Beam","Static Discharge","Streamline"],"picked":"SKIP","floor":38.0},{"not_picked":["Consume+1","Blizzard+1"],"picked":"White Noise","floor":39.0},{"not_picked":["Stack","Turbo+1","Sweeping Beam+1"],"picked":"SKIP","floor":41.0},{"not_picked":["Undo","Double Energy+1"],"picked":"Creative AI","floor":47},{"not_picked":["Redo+1","Beam Cell","Barrage+1"],"picked":"SKIP","floor":48}],"player_experience":405331,"relics_obtained":[{"floor":7.0,"key":"Symbiotic Virus"},{"floor":9.0,"key":"White Beast Statue"},{"floor":10.0,"key":"Dream Catcher"},{"floor":24.0,"key":"Torii"},{"floor":26.0,"key":"MawBank"},{"floor":39.0,"key":"Peace Pipe"},{"floor":43.0,"key":"Bag of Marbles"}],"event_choices":[{"damage_healed":0.0,"max_hp_gain":5.0,"max_hp_loss":0.0,"gold_gain":0.0,"event_name":"Big Fish","player_choice":"Donut","floor":2.0,"gold_loss":0.0,"damage_taken":0.0},{"damage_healed":0.0,"max_hp_gain":0.0,"max_hp_loss":0.0,"gold_gain":0.0,"cards_transformed":["Strike_B"],"event_name":"Living Wall","player_choice":"Change","floor":5.0,"gold_loss":0.0,"damage_taken":0.0,"cards_obtained":["Seek"]},{"damage_healed":0.0,"max_hp_gain":0.0,"max_hp_loss":0.0,"gold_gain":250.0,"event_name":"The Joust","player_choice":"Bet on Owner","floor":19.0,"gold_loss":50.0,"damage_taken":0.0},{"damage_healed":0.0,"max_hp_gain":0.0,"max_hp_loss":0.0,"gold_gain":0.0,"event_name":"Ghosts","player_choice":"Ignored","floor":30.0,"gold_loss":0.0,"damage_taken":0.0},{"damage_healed":0.0,"max_hp_gain":0.0,"max_hp_loss":4.0,"gold_gain":0.0,"event_name":"Winding Halls","player_choice":"Max HP","floor":36.0,"gold_loss":0.0,"damage_taken":0.0},{"damage_healed":0.0,"max_hp_gain":0.0,"max_hp_loss":0.0,"gold_gain":0.0,"event_name":"Mysterious Sphere","player_choice":"Fight","floor":39.0,"gold_loss":0.0,"damage_taken":0.0},{"damage_healed":55.0,"max_hp_gain":0.0,"max_hp_loss":0.0,"gold_gain":0.0,"event_name":"MindBloom","player_choice":"Heal","floor":42.0,"gold_loss":0.0,"damage_taken":0.0,"cards_obtained":["Doubt"]}],"is_beta":false,"boss_relics":[{"not_picked":["SlaversCollar","Ectoplasm"],"picked":"Nuclear Battery"},{"not_picked":["Fusion Hammer","Velvet Choker"],"picked":"Empty Cage"}],"items_purged_floors":[25,45],"is_endless":false,"potions_floor_spawned":[4,10,11,12,16,18,20,21,22,24,27,28,33,35,38,39,41,47,48],"killed_by":"Awakened One","ascension_level":10}}