{"host":"qswkx8hggytna0kc","time":1610431388,"event":{"mods":["Aspiration","BaseMod","BetterRewards","Colored Map","Colored Powertips","Highlight Path","Hubris","Mimic Mod","Minty Spire (QoL Compilation)","MostiFishMod","Quick Restart","Replay The Spire","StSLib","SuperFastMode"],"gold_per_floor":[117,130,130,140,155,187,206,236,236,270,270,280,292,312,312,389,389,408,427,438,358,0,29,29,56,127,139,159,159,191,206,206,879,879,893,912,923,923,941,974,974,999,1039,1064,1084,1096,1112,1112,1112,1112,1112,1112,283,314,314],"floor_reached":56,"playtime":1834,"items_purged":["Strike_B+1","Defend_B+1"],"score":2470,"play_id":"fb0dfdd5-684e-4390-865c-3ec84e8d809e","local_time":"20210112140308","is_ascension_mode":true,"campfire_choices":[{"floor":11.0,"key":"REST"},{"data":"MostiFishMod:Hijack","floor":15.0,"key":"SMITH"},{"floor":24.0,"key":"REST"},{"floor":29.0,"key":"REST"},{"floor":32.0,"key":"REST"},{"floor":41,"key":"REST"},{"floor":49,"key":"RECALL"},{"floor":52,"key":"REST"}],"circlet_count":0,"master_deck":["AscendersBane","Defend_B+1","Defend_B+1","Defend_B+1","Zap+1","Dualcast+1","Gash+1","Panic Button+1","Gash+1","Go for the Eyes+1","ReplayTheSpireMod:Reroute Power+1","Panic Button+1","MostiFishMod:Hijack+1","Beam Cell+1","Steam Power+1","Gash+1","Core Surge+1","Scrape+1","Beam Cell+1","Aggregate+1","Double Energy+1","Fission+1","Go for the Eyes+1","Compile Driver+1","ReplaySort+1","ReplaySort+1","Meteor Strike+1","FTL+1","ReplayGash+1","Go for the Eyes+1","Steam Power+1","Gash+1","Go for the Eyes+1","Panic Button+1","Redo+1","Beam Cell+1","Gash+1","Redo+1","MostiFishMod:Overload+1","Echo Form+1","Scrape+1","Mayhem","Skim+1"],"relics":["Cracked Core","DaveBox","NeowsBlessing","DSteel32","SynthV:TestCard","hubris:Metronome","Replay:Antivirus Software","Orichalcum","Lantern","RhineCircuit","Bottled Flame","Gremlin Food","Tiny Chest","Replay:Accelerometer","aspiration:StickyExplosives_weak","Honey Jar","hubris:Towel","aspiration:HummingbirdHeart","Ornamental Fan","Unceasing Top","Replay:PocketPolymizer","Du-Vu Doll","MostiFishMod:AdaptiveDefenses","Carrot","Replay:Kaleidoscope"],"acts_visited":["Exordium","TheCity","TheBeyond","TheEnding"],"potions_floor_usage":[55,55,55],"damage_taken":[{"damage":0.0,"enemies":"2 Louse","floor":1.0,"turns":1.0},{"damage":0.0,"enemies":"Cultist","floor":2.0,"turns":1.0},{"damage":0.0,"enemies":"Jaw Worm","floor":4.0,"turns":1.0},{"damage":5.0,"enemies":"Looter","floor":5.0,"turns":4.0},{"damage":16.0,"enemies":"Gremlin Nob","floor":6.0,"turns":4.0},{"damage":3.0,"enemies":"3 Louse","floor":7.0,"turns":4.0},{"damage":2.0,"enemies":"Lagavulin","floor":8.0,"turns":5.0},{"damage":10.0,"enemies":"Gremlin Nob","floor":10.0,"turns":3.0},{"damage":0.0,"enemies":"2 Fungi Beasts","floor":12.0,"turns":3.0},{"damage":2.0,"enemies":"Lots of Slimes","floor":13.0,"turns":2.0},{"damage":0.0,"enemies":"3 Louse","floor":14.0,"turns":2.0},{"damage":16.0,"enemies":"Hexaghost","floor":16.0,"turns":4.0},{"damage":0.0,"enemies":"3 Byrds","floor":18.0,"turns":4.0},{"damage":6.0,"enemies":"2 Thieves","floor":19.0,"turns":3.0},{"damage":6.0,"enemies":"Snake Plant","floor":20.0,"turns":4.0},{"damage":12.0,"enemies":"Slavers","floor":23.0,"turns":2.0},{"damage":0.0,"enemies":"Gremlin Leader","floor":25.0,"turns":3.0},{"damage":25.0,"enemies":"Cultist and Chosen","floor":27.0,"turns":6.0},{"damage":0.0,"enemies":"Centurion and Healer","floor":28.0,"turns":3.0},{"damage":7.0,"enemies":"Book of Stabbing","floor":30.0,"turns":3.0},{"damage":0.0,"enemies":"Shelled Parasite and Fungi","floor":31.0,"turns":1.0},{"damage":12.0,"enemies":"hubris:MusketHawk","floor":33.0,"turns":5.0},{"damage":18.0,"enemies":"3 Shapes","floor":35.0,"turns":3.0},{"damage":0.0,"enemies":"3 Darklings","floor":36.0,"turns":3.0},{"damage":0.0,"enemies":"Spire Growth","floor":37.0,"turns":1.0},{"damage":0.0,"enemies":"Maw","floor":39.0,"turns":2.0},{"damage":13,"enemies":"Nemesis","floor":40,"turns":3},{"damage":5,"enemies":"Giant Head","floor":42,"turns":4},{"damage":0,"enemies":"Writhing Mass","floor":43,"turns":4},{"damage":0,"enemies":"Mind Bloom Boss Battle","floor":44,"turns":2},{"damage":0,"enemies":"Writhing Mass","floor":45,"turns":2},{"damage":0,"enemies":"Sphere and 2 Shapes","floor":46,"turns":1},{"damage":0,"enemies":"3 Darklings","floor":47,"turns":1},{"damage":12,"enemies":"hubris:GrandSnecko","floor":50,"turns":4},{"damage":0,"enemies":"Shield and Spear","floor":54,"turns":3},{"damage":39,"enemies":"The Heart","floor":55,"turns":4}],"seed_played":"-7315397797674894857","potions_obtained":[{"floor":7.0,"key":"Strength Potion"},{"floor":8.0,"key":"Elixir"},{"floor":10.0,"key":"Swift Potion"},{"floor":16.0,"key":"BlessingOfTheForge"},{"floor":28.0,"key":"Block Potion"},{"floor":30.0,"key":"Weak Potion"},{"floor":35.0,"key":"DistilledChaos"},{"floor":40,"key":"Milkshake"},{"floor":45,"key":"Toxic Potion"},{"floor":46,"key":"BlessingOfTheForge"},{"floor":47,"key":"AttackPotion"},{"floor":54,"key":"Energy Potion"}],"is_trial":false,"path_per_floor":["M","M","?","M","M","E","M","E","T","E","R","M","M","M","R","B",null,"M","M","M","?","$","E","R","E","T","M","M","R","E","M","R","B",null,"M","M","M","?","M","E","R","E","MIM","?","M","M","M","?","R","B",null,"R","$","E","B",null],"character_chosen":"DEFECT","items_purchased":["Bottled Flame","MostiFishMod:AdaptiveDefenses","Carrot","Scrape","Mayhem"],"campfire_rested":6,"item_purchase_floors":[22,53,53,53,53],"current_hp_per_floor":[64,64,64,64,59,43,40,38,38,28,49,49,47,47,47,31,61,61,55,49,49,49,37,58,58,58,33,33,54,47,47,68,56,67,49,49,49,49,49,36,57,52,53,53,53,53,53,57,57,45,65,71,71,71,38],"gold":314,"neow_bonus":"THREE_ENEMY_KILL","is_daily":false,"chose_seed":false,"campfire_upgraded":1,"win_rate":0.0,"timestamp":1610431388,"path_taken":["M","M","?","M","M","E","M","E","T","E","R","M","?","M","R","BOSS","M","?","M","?","$","E","R","E","T","M","M","R","E","M","R","BOSS","M","M","M","?","M","E","R","E","MIM","?","M","M","M","?","R","BOSS","R","$","E","BOSS"],"items_purchased_type":["Relic","Relic","Relic","Card","Card"],"build_version":"2020-12-22","purchased_purges":2,"victory":true,"max_hp_per_floor":[71,71,71,71,71,71,71,71,71,71,71,71,71,71,71,71,71,71,71,71,71,71,71,71,71,71,71,71,71,71,71,71,71,71,71,71,71,71,71,71,71,71,71,71,71,71,71,71,71,71,71,71,71,71,71],"card_choices":[{"not_picked":["Go for the Eyes","Stack"],"picked":"Gash","floor":1.0},{"not_picked":["Coolheaded","Undo","hubris:Ukulele","Ball Lightning"],"picked":"Panic Button","floor":2.0},{"not_picked":["Auto Shields","MostiFishMod:TalkingToTheRain","Steam","Compile Driver"],"picked":"Gash","floor":4.0},{"not_picked":["Skim","Compile Driver","ReplaySolidLightProjector","Redo"],"picked":"Go for the Eyes","floor":5.0},{"not_picked":["Chaos","Cold Snap","Barrage","BasicCrystalCard"],"picked":"ReplayTheSpireMod:Reroute Power","floor":6.0},{"not_picked":["Leap","Steam","Compile Driver","Sweeping Beam"],"picked":"Panic Button","floor":7.0},{"not_picked":["Cold Snap","Barrage","Ball Lightning","Panic Button"],"picked":"MostiFishMod:Hijack","floor":8.0},{"not_picked":["ReplayTheSpireMod:Calculation Training","MostiFishMod:Tomorrow","Defragment","Static Discharge","Compile Driver"],"picked":"SKIP","floor":10.0},{"not_picked":["Rebound","Heatsinks","hubris:Ukulele","Cold Snap"],"picked":"Beam Cell","floor":12.0},{"not_picked":["Barrage","Hologram","Aggregate","Thunder Strike"],"picked":"Steam Power","floor":13.0},{"not_picked":["Heatsinks","Sweeping Beam","MostiFishMod:PushDownKick","Streamline"],"picked":"Gash","floor":14.0},{"not_picked":["MostiFishMod:SeaWaves","hubris:Prefetch","Meteor Strike","MostiFishMod:Nova"],"picked":"Core Surge","floor":16.0},{"not_picked":["Leap","Gash","Stack","Steam Power"],"picked":"Scrape","floor":18.0},{"not_picked":["Hologram","Sweeping Beam","Darkness","Crystallizer"],"picked":"Beam Cell","floor":19.0},{"not_picked":["Sweeping Beam+1","Panic Button","ReplayTheSpireMod:GoodbyeWorld","Reprogram"],"picked":"Aggregate","floor":20.0},{"not_picked":["Sweeping Beam","Cold Snap","Redo","Streamline"],"picked":"Double Energy","floor":23.0},{"not_picked":["MostiFishMod:PushDownKick","Leap","Coolheaded","Crystallizer"],"picked":"Fission","floor":25.0},{"not_picked":["Hologram","Glacier","Cold Snap","Darkness"],"picked":"Go for the Eyes","floor":27.0},{"not_picked":["BasicCrystalCard","Coolheaded","Streamline","Glacier"],"picked":"Compile Driver","floor":28.0},{"not_picked":["Recycle","Hologram","Multi-Cast","Ball Lightning"],"picked":"ReplaySort","floor":30.0},{"not_picked":["Hologram","Compile Driver","Double Energy","Sweeping Beam"],"picked":"ReplaySort","floor":31.0},{"not_picked":["MostiFishMod:DawningShadow","MostiFishMod:IceShield","MostiFishMod:TalkingToTheRain","Buffer"],"picked":"Meteor Strike","floor":33.0},{"not_picked":["Coolheaded","Rebound","Beam Cell","Streamline","Crystallizer"],"picked":"FTL+1","floor":35.0},{"not_picked":["Storm","Heatsinks+1","Turbo","Consume","MostiFishMod:PushDownKick"],"picked":"ReplayGash","floor":36.0},{"not_picked":["Consume","hubris:PowerSurge","Tempest","MostiFishMod:PushDownKick","Streamline"],"picked":"Go for the Eyes+1","floor":37.0},{"not_picked":["aspiration:Polymerization","MostiFishMod:Hijack","Barrage","Beam Cell","Stack"],"picked":"Steam Power+1","floor":39.0},{"not_picked":["Beam Cell","Fusion","hubris:PowerSurge","Coolheaded","Fission"],"picked":"Gash+1","floor":40},{"not_picked":["Ball Lightning+1","MostiFishMod:PushDownKick+1","hubris:PowerSurge","Coolheaded","Compile Driver"],"picked":"Go for the Eyes","floor":42},{"not_picked":["BasicCrystalCard+1","Compile Driver+1","hubris:SpecializedCircuitry","Cold Snap","Steam"],"picked":"Panic Button+1","floor":43},{"not_picked":["Ball Lightning","Go for the Eyes","Compile Driver+1","Sunder","BasicCrystalCard"],"picked":"Redo+1","floor":44},{"not_picked":["Go for the Eyes","Doom and Gloom","Panic Button","Double Energy","Cold Snap+1"],"picked":"Beam Cell","floor":45},{"not_picked":["Cold Snap+1","MostiFishMod:GatherIntelligence","FIFO Queue","Go for the Eyes+1","Coolheaded"],"picked":"Gash","floor":46},{"not_picked":["Consume","Force Field","Streamline","Reprogram","Go for the Eyes+1"],"picked":"Redo+1","floor":47},{"not_picked":["Rebound+1","Heatsinks","Panic Button+1","Crystallizer","hubris:Ukulele"],"picked":"Skim","floor":54}],"player_experience":277250,"relics_obtained":[{"floor":1.0,"key":"SynthV:TestCard"},{"floor":6.0,"key":"hubris:Metronome"},{"floor":8.0,"key":"Replay:Antivirus Software"},{"floor":9.0,"key":"Orichalcum"},{"floor":10.0,"key":"Lantern"},{"floor":23.0,"key":"Gremlin Food"},{"floor":25.0,"key":"Tiny Chest"},{"floor":26.0,"key":"Replay:Accelerometer"},{"floor":30.0,"key":"aspiration:StickyExplosives_weak"},{"floor":40,"key":"aspiration:HummingbirdHeart"},{"floor":42,"key":"Ornamental Fan"},{"floor":43,"key":"Unceasing Top"},{"floor":43,"key":"Replay:PocketPolymizer"},{"floor":44,"key":"Du-Vu Doll"},{"floor":54,"key":"Replay:Kaleidoscope"}],"event_choices":[{"cards_removed":["Strike_B"],"damage_healed":0.0,"max_hp_gain":0.0,"max_hp_loss":0.0,"gold_gain":0.0,"event_name":"Bonfire Elementals","player_choice":"Offered Basic","floor":3.0,"gold_loss":0.0,"damage_taken":0.0},{"damage_healed":0,"gold_gain":0,"player_choice":"Fight","damage_taken":0,"max_hp_gain":0,"max_hp_loss":0,"event_name":"MindBloom","floor":44,"gold_loss":0}],"is_beta":false,"boss_relics":[{"not_picked":["Replay:Wanted Poster","Fusion Hammer"],"picked":"RhineCircuit"},{"not_picked":["aspiration:SilentSkillbook","hubris:RunicObelisk"],"picked":"Honey Jar"}],"items_purged_floors":[22,53],"is_endless":false,"potions_floor_spawned":[7,8,10,14,16,25,28,30,31,33,35,40,45,46,47,54],"ascension_level":16}}