{"host":"ELF","time":1610447077,"event":{"mods":["BaseMod","Minty Spire (QoL Compilation)"],"gold_per_floor":[118,168,183,196,207,207,207,207,232,232,259,23,40,50,50,125,125,144,157,157,157,157],"floor_reached":21,"playtime":3658,"items_purged":["Strike_G"],"score":362,"play_id":"035fe66d-8a45-402d-95f4-a877be7d4af1","local_time":"20210112042437","is_ascension_mode":true,"campfire_choices":[{"floor":6,"key":"REST"},{"floor":8,"key":"REST"},{"floor":10,"key":"RECALL"},{"floor":15,"key":"REST"}],"circlet_count":0,"master_deck":["AscendersBane","Strike_G","Strike_G","Strike_G","Strike_G","Defend_G","Defend_G","Defend_G","Defend_G","Defend_G","Survivor","Neutralize","Slice","Dodge and Roll","Predator","Dagger Spray","Crippling Poison","Phantasmal Killer","Dagger Throw","Quick Slash","Well Laid Plans","Venomology","Eviscerate","Deadly Poison"],"relics":["Fusion Hammer","Anchor","Potion Belt","Regal Pillow","Runic Pyramid","Pantograph"],"acts_visited":["Exordium","TheCity"],"potions_floor_usage":[5,16,18,19],"damage_taken":[{"damage":2.0,"enemies":"Jaw Worm","floor":1.0,"turns":5.0},{"damage":4,"enemies":"Cultist","floor":3,"turns":4},{"damage":0,"enemies":"2 Louse","floor":4,"turns":5},{"damage":25,"enemies":"Exordium Thugs","floor":5,"turns":6},{"damage":22,"enemies":"3 Sentries","floor":11,"turns":8},{"damage":1,"enemies":"3 Louse","floor":13,"turns":2},{"damage":0,"enemies":"Exordium Wildlife","floor":14,"turns":4},{"damage":38,"enemies":"Hexaghost","floor":16,"turns":9},{"damage":13,"enemies":"Chosen","floor":18,"turns":6},{"damage":27,"enemies":"Shell Parasite","floor":19,"turns":7},{"damage":26,"enemies":"Sentry and Sphere","floor":21,"turns":4}],"seed_played":"1826483689964507809","potions_obtained":[{"floor":1.0,"key":"PowerPotion"},{"floor":4,"key":"SkillPotion"},{"floor":16,"key":"Weak Potion"},{"floor":18,"key":"LiquidMemories"}],"is_trial":false,"path_per_floor":["M","?","M","M","M","R","?","R","T","R","E","$","M","M","R","B",null,"M","M","T","M"],"character_chosen":"THE_SILENT","items_purchased":["Regal Pillow"],"campfire_rested":3,"item_purchase_floors":[12],"current_hp_per_floor":[57,51,47,47,22,41,41,60,60,60,38,38,37,37,66,28,57,44,17,17,0,0],"gold":157,"neow_bonus":"BOSS_RELIC","is_daily":false,"chose_seed":false,"campfire_upgraded":0,"win_rate":0.0,"timestamp":1610447077,"path_taken":["M","?","M","?","M","R","?","R","T","R","E","$","M","?","R","BOSS","M","M","?","?"],"items_purchased_type":["Relic"],"build_version":"2020-12-18","purchased_purges":1,"victory":false,"max_hp_per_floor":[66,66,66,66,66,66,66,66,66,66,66,66,66,66,66,66,66,66,66,66,66,66],"card_choices":[{"not_picked":["Choke","Backflip"],"picked":"Slice","floor":1.0},{"not_picked":["Bane","Deflect"],"picked":"Dodge and Roll","floor":3},{"not_picked":["Escape Plan","Flying Knee"],"picked":"Predator","floor":4},{"not_picked":["Heel Hook","Deflect"],"picked":"Dagger Spray","floor":5},{"not_picked":["Bane","Accuracy"],"picked":"Dagger Throw","floor":11},{"not_picked":["Cloak And Dagger","Dagger Spray"],"picked":"Quick Slash","floor":13},{"not_picked":["Dagger Throw","Outmaneuver"],"picked":"Well Laid Plans","floor":14},{"not_picked":["Phantasmal Killer","Grand Finale"],"picked":"Venomology","floor":16},{"not_picked":["Outmaneuver","Catalyst"],"picked":"Eviscerate","floor":18},{"not_picked":["Backflip","Poisoned Stab+1"],"picked":"Deadly Poison","floor":19}],"player_experience":3191769,"relics_obtained":[{"floor":9,"key":"Anchor"},{"floor":11,"key":"Potion Belt"},{"floor":20,"key":"Pantograph"}],"event_choices":[{"damage_healed":0,"gold_gain":50,"player_choice":"Touch","damage_taken":6,"max_hp_gain":0,"max_hp_loss":0,"event_name":"FaceTrader","floor":2,"gold_loss":0},{"damage_healed":0,"gold_gain":0,"player_choice":"2 cards matched","damage_taken":0,"max_hp_gain":0,"max_hp_loss":0,"event_name":"Match and Keep!","floor":7,"gold_loss":0,"cards_obtained":["Crippling Poison","Phantasmal Killer"]}],"is_beta":true,"boss_relics":[{"not_picked":["Black Star","Philosopher\u0027s Stone"],"picked":"Runic Pyramid"}],"items_purged_floors":[12],"is_endless":false,"potions_floor_spawned":[1,4,16,18],"killed_by":"Sentry and Sphere","ascension_level":20}}