{"host":"0ttaavwaei2fh9kw","time":1610474273,"event":{"mods":["Act Like it!","Aspiration","BaseMod","Chen","Colored Map","Decade(王小明)","Downfall","Gensokyo","Hallownest","Hubris","Infinite Spire","KinomotoSakuraMod(木之本樱)","KomeijiMod","Lobotomy","LobotomyExtend","Marisa（F雨　魔理沙）","Minty Spire (QoL Compilation)","Prisma Mod","Reimu（博丽灵梦）","Replay The Spire","Spicy Shops","StSLib","The Servant 0.9.4","WarShipGirlsR/战舰少女R mod","Youmu（魂魄妖梦）"],"gold_per_floor":[179,4,4,24,24,24,52,52,52,63,75,107,118,48,48,149,149,159,159,170,170,170,185,10,43,118,108,124,140,474,491,491,587,587,605,605,605,605,621,646,658,670,682,694,737,14,27,27,27,27],"floor_reached":50,"playtime":2556,"items_purged":["Strike_Remiria","Defend_Remirira","hubris:Lust"],"score":648,"play_id":"5cfc88ce-3684-4975-a113-dcacdf7b1e05","local_time":"20210113015753","is_ascension_mode":false,"campfire_choices":[{"data":"Absorbed","floor":6,"key":"SMITH"},{"data":"MillenniumVampire","floor":8,"key":"SMITH"},{"data":"DemonsDinnerFork_Remiria","floor":15,"key":"SMITH"},{"data":"Culling","floor":32,"key":"SMITH"},{"data":"HeartBreak_Remiria","floor":45,"key":"SMITH"},{"data":"ScarletDestiny","floor":49,"key":"SMITH"}],"circlet_count":0,"master_deck":["Strike_Remiria","Strike_Remiria","Defend_Remirira","Defend_Remirira","Defend_Remirira","Absorbed+1","Scratch","Tearing","MillenniumVampire+1","StigmaNizer","DemonsDinnerFork_Remiria+1","Reaper_Remiria","infinitespire:TheBestDefense","VampireKiss_Remiria","Culling+1","HeartBreak_Remiria+1","CurseOfTheBell","RemiliaStalker","MiserableFate_Remiria","hubris:DuctTapeCard","ScarletDestiny+1"],"relics":["Mango","Replay:Purple Gloves","hubris:Teleporter","Salt:ReiMu","FrozenCore","CrazyTorch:ReiMu","Decadriver","Simple Rune","infinitespire:Broken Mirror","infinitespire:Chaos","Ice Cream","LetterFromLob","aspiration:SeaSaltIceCream","aspiration:Nostalgia","KSMOD_SealedBook","ReplayFunnel","Calling Bell","infinitespire:Lucky Rock","infinitespire:FocusingShard","Bird Faced Urn","Ring of Searing","ReplayTheSpireMod:Ring of Exchange","MawBank","Quantum Egg","Garlic","Membership Card","hubris:DuctTape","Shuriken","Pen Nib","aspiration:TomeofQuesting"],"acts_visited":["Hallownest:Greenpath","Gensokyo:Gensokyoer","Gensokyo:Gensokyoest"],"potions_floor_usage":[13,13,16,33,33,41],"damage_taken":[{"damage":2,"enemies":"Hallownest:monsterHuskGuard","floor":1,"turns":4},{"damage":2,"enemies":"Hallownest:monsterHuskWarrior","floor":4,"turns":3},{"damage":16,"enemies":"Hallownest:eliteVengeflyKing","floor":7,"turns":7},{"damage":6,"enemies":"Hallownest:2_Baldur","floor":10,"turns":3},{"damage":5,"enemies":"Hallownest:monsterAspidMother","floor":11,"turns":3},{"damage":11,"enemies":"Hallownest:eliteCrystalGuardian","floor":12,"turns":5},{"damage":38,"enemies":"Hallownest:monsterMossCharger","floor":13,"turns":2},{"damage":42,"enemies":"Hallownest:BossBrokenVessel","floor":16,"turns":7},{"damage":42,"enemies":"Gensokyo:3_Dogs","floor":18,"turns":5},{"damage":6,"enemies":"Gensokyo:2_Gloops","floor":20,"turns":3},{"damage":18,"enemies":"Gensokyo:Wraith","floor":23,"turns":4},{"damage":9,"enemies":"Gensokyo:Tenshi","floor":25,"turns":3},{"damage":3,"enemies":"Gensokyo:Slime_Group","floor":28,"turns":4},{"damage":10,"enemies":"Gensokyo:Chomper_and_Gloop","floor":29,"turns":3},{"damage":7,"enemies":"Nightmare","floor":30,"turns":4},{"damage":0,"enemies":"Gensokyo:3_Gloops","floor":31,"turns":4},{"damage":96,"enemies":"Gensokyo:Kaguya","floor":33,"turns":9},{"damage":0,"enemies":"Gensokyo:3_Bats","floor":35,"turns":3},{"damage":5,"enemies":"Gensokyo:3_Boulders","floor":39,"turns":2},{"damage":61,"enemies":"Gensokyo:Kasen","floor":40,"turns":4},{"damage":70,"enemies":"Gensokyo:Kasen","floor":41,"turns":7},{"damage":26,"enemies":"Nightmare","floor":46,"turns":5},{"damage":0,"enemies":"Gensokyo:SeedOfUnknown","floor":48,"turns":3},{"damage":84,"enemies":"Gensokyo:Scarlet_Devils","floor":50,"turns":6}],"seed_played":"1567430635466184029","potions_obtained":[{"floor":4,"key":"Fire Potion"},{"floor":7,"key":"Regen Potion"},{"floor":11,"key":"Fire Potion"},{"floor":16,"key":"SpeedPotion"},{"floor":20,"key":"EssenceOfSteel"},{"floor":23,"key":"BlessingOfTheForge"}],"is_trial":false,"path_per_floor":["M","$","?","M","?","R","E","R","T","M","M","E","M","?","R","B",null,"M","?","M","?","?","M","COS","E","T","?","M","M","NM","M","R","B",null,"M","?","?","?","M","E","?","T","AVR","R","NM","$","M","R","B"],"character_chosen":"RemiriaScarlet","items_purchased":["Membership Card","hubris:DuctTape","ScarletDestiny","Shuriken","Pen Nib","aspiration:TomeofQuesting"],"campfire_rested":0,"item_purchase_floors":[47,47,47,47,47,47],"current_hp_per_floor":[98,98,98,96,96,96,80,80,80,76,77,70,44,44,44,22,100,72,47,59,59,69,60,74,69,69,97,102,96,93,105,105,12,114,114,114,97,97,94,45,45,45,45,45,27,27,29,29,0,0],"gold":27,"neow_bonus":"","is_daily":false,"chose_seed":false,"campfire_upgraded":6,"win_rate":0.0,"timestamp":1610474273,"path_taken":["M","$","?","?","?","R","E","R","T","?","M","E","?","?","R","BOSS","M","?","M","?","?","M","COS","E","T","?","M","M","NM","M","R","BOSS","M","?","?","?","M","E","?","T","AVR","R","NM","$","M","R","BOSS"],"items_purchased_type":["Relic","Relic","Card","Relic","Relic","Relic"],"build_version":"2020-12-22","purchased_purges":3,"victory":false,"max_hp_per_floor":[100,100,100,100,100,100,100,100,100,100,100,100,100,100,100,100,100,100,100,100,100,100,100,114,114,114,114,114,114,114,114,114,114,114,114,114,114,114,114,114,114,114,114,114,114,114,114,114,114,114],"card_choices":[{"not_picked":["LongBird","Alriune"],"picked":"MHz","floor":1},{"not_picked":["FierceSweep","CurseofVladTepes","FateMeister"],"picked":"SKIP","floor":1},{"not_picked":["FierceSweep","RocketKickup","Tearing"],"picked":"SKIP","floor":4},{"not_picked":["CombatMeter","Feint"],"picked":"MillenniumVampire","floor":7},{"not_picked":["BloodPact","Warpath"],"picked":"StigmaNizer","floor":10},{"not_picked":["RocketKickup","CombatMeter","Tepes"],"picked":"SKIP","floor":11},{"not_picked":["BloodCleaner","RemiliaStretch_Remiria","PainBurst"],"picked":"SKIP","floor":12},{"not_picked":["TrickFate","Feint"],"picked":"DemonsDinnerFork_Remiria","floor":13},{"not_picked":["FateConcerto","ScarletDestiny"],"picked":"Reaper_Remiria","floor":16},{"not_picked":["BloodySuit","DoubleEdge","NaturallyHealing"],"picked":"SKIP","floor":18},{"not_picked":["infinitespire:Punishment","infinitespire:UltimateForm"],"picked":"infinitespire:TheBestDefense","floor":19},{"not_picked":["DemonsDinnerFork_Remiria+1","BloodCollect+1","RedMagic"],"picked":"SKIP","floor":20},{"not_picked":["DoubleEdge","FastHealing","TricksterDevil"],"picked":"SKIP","floor":23},{"not_picked":["Warpath+1","BloodCollect"],"picked":"ChainGang+1","floor":25},{"not_picked":["BloodCleaner","TricksterDevil","Feint"],"picked":"SKIP","floor":28},{"not_picked":["ServantFlier","BloodCollect","FastHealing"],"picked":"SKIP","floor":29},{"not_picked":["BloodCollect","StigmaNizer","BodyStrengthen"],"picked":"SKIP","floor":30},{"not_picked":["ServantFlier","DoubleEdge"],"picked":"Culling","floor":31},{"not_picked":["MillenniumVampire","MiserableFate_Remiria"],"picked":"HeartBreak_Remiria","floor":33},{"not_picked":["BodyStrengthen","BloodCollect+1","FierceSweep+1"],"picked":"SKIP","floor":35},{"not_picked":["BodyStrengthen+1","BloodySuit","StigmaNizer"],"picked":"SKIP","floor":39},{"not_picked":["SealingFear","ServantFlier+1","Rewrite"],"picked":"SKIP","floor":40},{"not_picked":["DoubleEdge+1","Tepes"],"picked":"MiserableFate_Remiria","floor":46},{"not_picked":["ServantFlier+1","FierceSweep","Warpath+1"],"picked":"SKIP","floor":48}],"player_experience":190785,"relics_obtained":[{"floor":1,"key":"LetterFromLob"},{"floor":7,"key":"Ancient Tea Set"},{"floor":9,"key":"Snack Pack"},{"floor":12,"key":"infinitespire:CheckeredPen"},{"floor":25,"key":"Ice Cream"},{"floor":25,"key":"LetterFromLob"},{"floor":26,"key":"aspiration:SeaSaltIceCream"},{"floor":30,"key":"ReplayFunnel"},{"floor":34,"key":"infinitespire:Lucky Rock"},{"floor":34,"key":"infinitespire:FocusingShard"},{"floor":34,"key":"Bird Faced Urn"},{"floor":38,"key":"Ring of Searing"},{"floor":38,"key":"ReplayTheSpireMod:Ring of Exchange"},{"floor":40,"key":"MawBank"},{"floor":43,"key":"Quantum Egg"},{"floor":46,"key":"Garlic"}],"event_choices":[],"is_beta":false,"boss_relics":[{"not_picked":["Ectoplasm","Busted Crown"],"picked":"Velvet Choker"},{"not_picked":["Replay:Ancient Bell","hubris:Stopwatch"],"picked":"Calling Bell"}],"items_purged_floors":[2,2,47],"is_endless":true,"potions_floor_spawned":[4,7,11,12,16,20,23,25,48],"killed_by":"Gensokyo:Scarlet_Devils","ascension_level":0}}