{"host":"lnnm69al9x392px5","time":1610420342,"event":{"mods":["BaseMod","Downfall","Hermit","Minty Spire (QoL Compilation)","Replay The Spire","Robot Space Explorer","StSLib","The Cursed","The Dragon Tamer","The Marked"],"gold_per_floor":[0,13,24,24,87,113,158,188,122,141,141,156,156,231,244,343,343,343,343,343,343,343,343,343,343,343,343,34,34,34,34,34,10,10,10,10,10,10,10,10,10,10],"floor_reached":40,"playtime":2229,"items_purged":[],"score":640,"play_id":"e09133ca-304e-42fa-bbc5-32db252ce5e4","local_time":"20210111185902","is_ascension_mode":true,"campfire_choices":[{"floor":1,"key":"DIG"},{"data":"expansioncontent:DashGenerateEvil","floor":11,"key":"SMITH"},{"data":"champ:Devastate","floor":13,"key":"SMITH"},{"data":"champ:MurderStrike","floor":18,"key":"SMITH"},{"floor":25,"key":"RECALL"},{"data":"champ:PerfectForm","floor":30,"key":"SMITH"},{"floor":37,"key":"DIG"}],"circlet_count":0,"master_deck":["champ:Strike","champ:Strike","champ:Strike","champ:Defend","champ:Defend","champ:Defend","champ:Defend","champ:Execute","champ:Taunt","expansioncontent:DashGenerateEvil+1","champ:ViciousMockery","champ:GladiatorsShout","Hallucinations","champ:PerfectForm+1","champ:BringItOn","champ:CrookedStrike","champ:IronFortress+1","champ:Haymaker","champ:Devastate+1","champ:RecklessLeap","champ:MurderStrike+1","champ:BerserkersShout","champ:TornadoPunch+1","champ:DefensiveStyle+1","champ:EnGarde","Pot Of Greed","Pot Of Greed","Pot Of Greed","champ:Control+1","champ:LastStand","champ:SteelEdge","champ:Haymaker+1","champ:BerserkerStyle","champ:FalseCounter","champ:TornadoPunch","champ:ShieldThrow","champ:CrownThrow","champ:RecklessLeap+1"],"relics":["champ:ChampionCrown","ReplayTheSpireMod:Lightbulb","Ring of Panic","ReplayTheSpireMod:Ring of Challenge","Omamori","Nunchaku","Oddly Smooth Stone","Odd Mushroom","downfall:Hecktoplasm","ReplayTheSpireMod:Ninjato","Grinning Jar","downfall:HeartBlessingBlue","Pantograph","Shuriken","downfall:HeartBlessingRed","champ:DefensiveTrainingManual"],"acts_visited":["Exordium","TheCity","TheBeyond"],"potions_floor_usage":[28,34],"damage_taken":[{"damage":5,"enemies":"2 Louse","floor":2,"turns":2},{"damage":2,"enemies":"Small Slimes","floor":3,"turns":3},{"damage":5,"enemies":"Jaw Worm","floor":5,"turns":2},{"damage":19,"enemies":"Lagavulin","floor":6,"turns":11},{"damage":10,"enemies":"Gremlin Nob","floor":8,"turns":5},{"damage":35,"enemies":"downfall:FleeingMerchant","floor":9,"turns":4},{"damage":2,"enemies":"Lots of Slimes","floor":10,"turns":2},{"damage":14,"enemies":"Gremlin Gang","floor":12,"turns":4},{"damage":15,"enemies":"The Mushroom Lair","floor":14,"turns":3},{"damage":9,"enemies":"Blue Slaver","floor":15,"turns":3},{"damage":37,"enemies":"downfall:Silent","floor":16,"turns":4},{"damage":18,"enemies":"Shell Parasite","floor":20,"turns":3},{"damage":8,"enemies":"3 Byrds","floor":22,"turns":3},{"damage":33,"enemies":"Book of Stabbing","floor":23,"turns":3},{"damage":34,"enemies":"Shelled Parasite and Fungi","floor":26,"turns":3},{"damage":40,"enemies":"Gremlin Leader","floor":27,"turns":3},{"damage":33,"enemies":"downfall:FleeingMerchant","floor":28,"turns":4},{"damage":23,"enemies":"Chosen and Byrds","floor":29,"turns":4},{"damage":33,"enemies":"Snake Plant","floor":34,"turns":3},{"damage":29,"enemies":"downfall:Defect","floor":35,"turns":3},{"damage":14,"enemies":"Orb Walker","floor":38,"turns":3},{"damage":22,"enemies":"3 Darklings","floor":39,"turns":5},{"damage":110,"enemies":"Transient","floor":40,"turns":4}],"seed_played":"6431035329657458287","potions_obtained":[{"floor":5,"key":"Block Potion"},{"floor":6,"key":"Strength Potion"},{"floor":10,"key":"AttackPotion"},{"floor":14,"key":"DuplicationPotion"},{"floor":29,"key":"ColorlessPotion"},{"floor":34,"key":"Languid Potion"}],"is_trial":false,"path_per_floor":["R","M","M","?","M","E","T","E","$","M","R","M","R","?","M","B",null,"R","?","M","?","M","E","T","R","M","E","$","M","R","PTL","PTL","$","M","B",null,"R","M","M","M"],"character_chosen":"THE_CHAMP","items_purchased":["champ:IronFortress+1","Shuriken","champ:BerserkerStyle","champ:TornadoPunch"],"campfire_rested":0,"item_purchase_floors":[9,28,28,33],"current_hp_per_floor":[90,85,83,83,78,77,77,77,77,75,75,61,61,51,45,45,90,90,90,90,90,90,84,84,94,78,78,71,56,56,56,56,56,41,66,100,100,95,95,0,0,0],"gold":10,"neow_bonus":"RANDOM_COLORLESS_2","is_daily":false,"chose_seed":false,"campfire_upgraded":4,"win_rate":0.0,"timestamp":1610420342,"path_taken":["R","M","M","?","M","E","T","E","$","M","R","M","R","?","M","BOSS","R","?","M","?","M","E","T","R","?","E","$","M","R","PTL","PTL","$","M","BOSS","R","M","M","?"],"items_purchased_type":["Card","Relic","Card","Card"],"build_version":"2020-12-22","purchased_purges":0,"victory":false,"max_hp_per_floor":[90,90,90,90,90,90,90,90,90,90,90,90,90,90,90,90,90,90,90,90,90,90,90,90,100,100,100,100,100,100,100,100,100,100,100,100,100,100,100,100,100,100],"card_choices":[{"not_picked":["Metamorphosis","Magnetism"],"picked":"expansioncontent:DashGenerateEvil","floor":0},{"not_picked":["champ:PerfectedStrike","champ:EnragedBash"],"picked":"champ:ViciousMockery","floor":2},{"not_picked":["champ:StanceDance","champ:FanOfKnives"],"picked":"champ:GladiatorsShout","floor":3},{"not_picked":["champ:RapidStrikes","champ:Haymaker"],"picked":"champ:PerfectForm","floor":5},{"not_picked":["champ:GladiatorsShout","champ:Haymaker"],"picked":"champ:BringItOn","floor":6},{"not_picked":["champ:Circumvent","champ:BringItOn"],"picked":"champ:CrookedStrike","floor":8},{"not_picked":["champ:FaceSlap","champ:BladeFlurry","champ:FlashCut"],"picked":"SKIP","floor":9},{"not_picked":["champ:FlashCut","champ:BringItOn"],"picked":"champ:Haymaker","floor":10},{"not_picked":["champ:TornadoPunch","champ:Backstep"],"picked":"champ:Devastate","floor":12},{"not_picked":["champ:BringItOn","champ:FanOfKnives"],"picked":"champ:RecklessLeap","floor":14},{"not_picked":["champ:BerserkersShout","champ:FocusedBerserking","champ:GutPunch"],"picked":"SKIP","floor":15},{"not_picked":["champ:CheapShot","champ:DancingMaster"],"picked":"champ:MurderStrike","floor":16},{"not_picked":["champ:AdrenalArmor","champ:CrookedStrike"],"picked":"champ:BerserkersShout","floor":20},{"not_picked":["champ:Backstep","champ:BerserkersShout"],"picked":"champ:TornadoPunch+1","floor":21},{"not_picked":["champ:AdrenalArmor+1","champ:StanceDance"],"picked":"champ:DefensiveStyle+1","floor":21},{"not_picked":["champ:PreciseThrust","champ:RapidStrikes"],"picked":"champ:EnGarde","floor":22},{"not_picked":["champ:RecklessLeap","champ:CrookedStrike+1"],"picked":"champ:Control+1","floor":23},{"not_picked":["champ:Haymaker+1","champ:ViciousMockery"],"picked":"champ:LastStand","floor":26},{"not_picked":["champ:StanceDance+1","champ:Haymaker+1"],"picked":"champ:SteelEdge","floor":27},{"not_picked":["champ:GladiatorsShout","champ:BerserkersShout"],"picked":"champ:Haymaker+1","floor":28},{"not_picked":["champ:EnGarde","champ:RapidStrikes"],"picked":"champ:FalseCounter","floor":29},{"not_picked":["champ:GladiatorsShout+1","champ:Circumvent+1"],"picked":"champ:ShieldThrow","floor":34},{"not_picked":["champ:SteelEdge","champ:LastStand"],"picked":"champ:CrownThrow","floor":35},{"not_picked":["champ:PerfectedStrike+1","champ:BladeFlurry+1","champ:FanOfKnives+1"],"picked":"SKIP","floor":38},{"not_picked":["champ:GutPunch","champ:Circumvent+1"],"picked":"champ:RecklessLeap+1","floor":39}],"player_experience":304839,"relics_obtained":[{"floor":1,"key":"ReplayTheSpireMod:Lightbulb"},{"floor":4,"key":"Ring of Panic"},{"floor":4,"key":"ReplayTheSpireMod:Ring of Challenge"},{"floor":6,"key":"Omamori"},{"floor":7,"key":"Nunchaku"},{"floor":8,"key":"Oddly Smooth Stone"},{"floor":14,"key":"Odd Mushroom"},{"floor":21,"key":"ReplayTheSpireMod:Ninjato"},{"floor":23,"key":"Grinning Jar"},{"floor":27,"key":"Pantograph"},{"floor":37,"key":"champ:DefensiveTrainingManual"}],"event_choices":[{"damage_healed":0,"gold_gain":0,"player_choice":"Fought Mushrooms","damage_taken":0,"max_hp_gain":0,"max_hp_loss":0,"event_name":"Mushrooms","floor":14,"gold_loss":0}],"is_beta":false,"boss_relics":[{"not_picked":["Coffee Dripper","Honey Jar"],"picked":"downfall:Hecktoplasm"},{"not_picked":["Velvet Choker","Kintsugi","Calling Bell"]}],"items_purged_floors":[],"is_endless":false,"potions_floor_spawned":[5,6,10,12,14,16,27,29,34,35],"killed_by":"Transient","ascension_level":1}}