{"host":"bhhjkloc4kd9nqc5","time":1610428626,"event":{"mods":["Act Like it!","BaseMod","Chen","Gensokyo","Infinite Spire","Koishi","Lobotomy","LobotomyExtend","Marisa????????","Minty Spire (QoL Compilation)","Onozuka Komachi Mod","Remilia??????","Replay The Spire","RumiaBox-????????","StSLib","The Administrix","The Cursed","Youmu??????","slay the spire mod where everything is the same but ironclad has a cowboy hat"],"gold_per_floor":[20,20,39,49,60,88,53,53,53,53,53,64,64,78,78,173,173,186,186,198,211,136,169,169,169],"floor_reached":24,"playtime":1603,"items_purged":["Pain"],"score":243,"play_id":"fa7bbae8-81c8-45c6-ab23-d27796fbbde0","local_time":"20210112141706","is_ascension_mode":false,"campfire_choices":[{"data":"TheCursedMod:ManaBullet","floor":8,"key":"SMITH"},{"data":"TheCursedMod:CursedWand","floor":10,"key":"SMITH"},{"floor":15,"key":"RECALL"}],"circlet_count":0,"master_deck":["TheCursedMod:Strike_TheCursed","TheCursedMod:Strike_TheCursed","TheCursedMod:Strike_TheCursed","TheCursedMod:Strike_TheCursed","TheCursedMod:Defend_TheCursed","TheCursedMod:Defend_TheCursed","TheCursedMod:Defend_TheCursed","TheCursedMod:Defend_TheCursed","TheCursedMod:CursedWand+1","TheCursedMod:CleanUpWorkshop+1","TheCursedMod:Dregs","TheCursedMod:HellfireBreathing+1","TheCursedMod:ManaBullet+1","TheCursedMod:Wield","TheCursedMod:ReleasedStrength","TheCursedMod:CollectTribute+1","TheCursedMod:ManaBullet","TheCursedMod:SpitefulPlan","TheCursedMod:ShockAndAwe+1","TheCursedMod:CursedSpellbook+1","TheCursedMod:FleshFromBone+1","TheCursedMod:CircleOfCorruption+1","TheCursedMod:NeowsMight+1"],"relics":["TheCursedMod:BlackMagic101","infinitespire:Lychee Nut","LetterFromLob","Golden Egg","Toxic Egg 2","GodSword1","Honey Jar","WarpedTongs","Bronze Scales"],"acts_visited":["Exordium","TheCity"],"potions_floor_usage":[6,24,24,24,24],"damage_taken":[{"damage":4,"enemies":"2 Louse","floor":1,"turns":2},{"damage":3,"enemies":"Cultist","floor":3,"turns":3},{"damage":0,"enemies":"Jaw Worm","floor":4,"turns":3},{"damage":0,"enemies":"Looter","floor":5,"turns":4},{"damage":37,"enemies":"Gremlin Nob","floor":6,"turns":6},{"damage":0,"enemies":"Large Slime","floor":12,"turns":4},{"damage":4,"enemies":"Exordium Wildlife","floor":14,"turns":3},{"damage":21,"enemies":"Slime Boss","floor":16,"turns":6},{"damage":10,"enemies":"3 Byrds","floor":18,"turns":4},{"damage":11,"enemies":"Spheric Guardian","floor":20,"turns":3},{"damage":18,"enemies":"Snecko","floor":21,"turns":3},{"damage":0,"enemies":"Gremlin Leader","floor":23,"turns":3},{"damage":100,"enemies":"Snake Plant","floor":24,"turns":2}],"seed_played":"-149409513313607543","potions_obtained":[{"floor":1,"key":"Block Potion"},{"floor":6,"key":"BlessingOfTheForge"},{"floor":12,"key":"Explosive Potion"},{"floor":14,"key":"Energy Potion"},{"floor":16,"key":"SkillPotion"},{"floor":18,"key":"Toxic Potion"}],"is_trial":false,"path_per_floor":["M","?","M","M","M","E","?","R","T","R","?","M","?","M","R","B",null,"M","?","M","M","$","E","M"],"character_chosen":"THE_CURSED","items_purchased":[],"campfire_rested":0,"item_purchase_floors":[],"current_hp_per_floor":[52,52,53,56,56,20,34,34,34,34,34,40,33,34,34,19,56,49,49,43,30,30,35,0,0],"gold":169,"neow_bonus":"ONE_RARE_RELIC","is_daily":false,"chose_seed":false,"campfire_upgraded":2,"win_rate":0.0,"timestamp":1610428626,"path_taken":["M","?","M","M","?","E","?","R","T","R","?","M","?","M","R","BOSS","M","?","M","M","?","E","M"],"items_purchased_type":[],"build_version":"2020-12-22","purchased_purges":1,"victory":false,"max_hp_per_floor":[56,56,56,56,56,56,56,56,56,56,56,56,56,56,56,56,56,56,56,56,56,56,56,56,56],"card_choices":[{"not_picked":["TheCursedMod:Torture","TheCursedMod:VitalStrike"],"picked":"TheCursedMod:HellfireBreathing","floor":1},{"not_picked":["TheCursedMod:Torture","TheCursedMod:VitalStrike"],"picked":"TheCursedMod:ManaBullet","floor":3},{"not_picked":["TheCursedMod:SmokeScreen","TheCursedMod:Obscuration"],"picked":"TheCursedMod:Wield","floor":4},{"not_picked":["TheCursedMod:VitalStrike","TheCursedMod:Obscuration"],"picked":"TheCursedMod:ReleasedStrength","floor":5},{"not_picked":["TheCursedMod:CursedBoomerang","TheCursedMod:Stretching"],"picked":"TheCursedMod:CollectTribute","floor":6},{"not_picked":["TheCursedMod:SmokeScreen+1","TheCursedMod:CircleOfAmplification+1"],"picked":"TheCursedMod:ManaBullet","floor":12},{"not_picked":["TheCursedMod:AshesToAshes+1","TheCursedMod:CircleOfFlame+1"],"picked":"TheCursedMod:SpitefulPlan","floor":14},{"not_picked":["TheCursedMod:CursedRelics","TheCursedMod:CircleOfAbyss+1"],"picked":"TheCursedMod:ShockAndAwe","floor":16},{"not_picked":["TheCursedMod:CursedMace","TheCursedMod:FleshFromBone+1","TheCursedMod:CursedAmulet+1"],"picked":"TheCursedMod:CursedSpellbook+1","floor":18},{"not_picked":["TheCursedMod:TacticalStrike","TheCursedMod:Stretching+1","TheCursedMod:CursedShiv+1"],"picked":"TheCursedMod:FleshFromBone+1","floor":20},{"not_picked":["TheCursedMod:SaltUponWound+1","TheCursedMod:Evocation+1","TheCursedMod:CursedBoomerang"],"picked":"TheCursedMod:CircleOfCorruption+1","floor":21},{"not_picked":["TheCursedMod:CursedAmulet+1","TheCursedMod:CircleOfAmplification+1","TheCursedMod:Stigma+1"],"picked":"TheCursedMod:NeowsMight+1","floor":23}],"player_experience":213600,"relics_obtained":[{"floor":1,"key":"LetterFromLob"},{"floor":6,"key":"Golden Egg"},{"floor":9,"key":"Toxic Egg 2"},{"floor":23,"key":"Bronze Scales"}],"event_choices":[{"damage_healed":0,"gold_gain":0,"player_choice":"Upgraded","damage_taken":0,"max_hp_gain":0,"max_hp_loss":0,"event_name":"Upgrade Shrine","floor":2,"gold_loss":0,"cards_upgraded":["TheCursedMod:HellfireBreathing"]},{"damage_healed":14,"gold_gain":0,"player_choice":"Healed","damage_taken":0,"max_hp_gain":0,"max_hp_loss":0,"event_name":"The Cleric","floor":7,"gold_loss":35},{"damage_healed":0,"gold_gain":0,"player_choice":"Grow","damage_taken":0,"max_hp_gain":0,"max_hp_loss":0,"event_name":"Living Wall","floor":11,"gold_loss":0,"cards_upgraded":["TheCursedMod:CleanUpWorkshop"]},{"damage_healed":0,"gold_gain":0,"player_choice":"Success","damage_taken":7,"relics_obtained":["GodSword1"],"max_hp_gain":0,"max_hp_loss":0,"event_name":"Scrap Ooze","floor":13,"gold_loss":0},{"damage_healed":0,"gold_gain":0,"player_choice":"Rummage","damage_taken":0,"relics_obtained":["WarpedTongs"],"max_hp_gain":0,"max_hp_loss":0,"event_name":"Accursed Blacksmith","floor":19,"gold_loss":0,"cards_obtained":["Pain"]}],"is_beta":false,"boss_relics":[{"not_picked":["Replay:Drink Me","Empty Cage"],"picked":"Honey Jar"}],"items_purged_floors":[22],"is_endless":false,"potions_floor_spawned":[1,6,12,14,16,18],"killed_by":"Snake Plant","ascension_level":0}}