{"host":"l60rmjjsfi0fipmi","time":1610491191,"event":{"mods":["BaseMod","Colored Map","DeckTracker","Highlight Path","Minty Spire (QoL Compilation)"],"gold_per_floor":[368,265,278,289,305,305,324,324,351,59,76,103,68,68,68,172,172,190,190,206,220,145,145,174,174,174,274,274,308,308,319,319,431,494,506,856,867,867,867,867],"floor_reached":39,"language":"ENG","playtime":2636,"items_purged":["Strike_R"],"score":507,"play_id":"f2128599-57d2-4d6a-89d0-7c7fb9e1c59b","local_time":"20210112173951","is_ascension_mode":true,"campfire_choices":[{"data":"Cleave","floor":6,"key":"SMITH"},{"data":"Rage","floor":15,"key":"SMITH"},{"data":"Infernal Blade","floor":23,"key":"SMITH"},{"data":"Anger","floor":25,"key":"SMITH"},{"data":"Anger","floor":28,"key":"SMITH"},{"floor":32,"key":"REST"}],"circlet_count":0,"master_deck":["Bash","Anger+1","Dual Wield","Reckless Charge","Infernal Blade+1","Cleave+1","Rage+1","Anger+1","Battle Trance","Evolve","Immolate","Shockwave","CurseOfTheBell","J.A.X.","Spot Weakness","Power Through","Double Tap","Second Wind","True Grit","Spot Weakness","Armaments","Burning Pact","Impervious","Carnage"],"relics":["Burning Blood","Vajra","Pantograph","Centennial Puzzle","Calling Bell","Bag of Preparation","HornCleat","Gambling Chip","Bronze Scales","CeramicFish","FossilizedHelix","White Beast Statue","Bottled Lightning","Pandora\u0027s Box","Old Coin"],"acts_visited":["Exordium","TheCity","TheBeyond"],"potions_floor_usage":[12,24,27,29,33,33,39,39],"damage_taken":[{"damage":10,"enemies":"Cultist","floor":1,"turns":4},{"damage":4,"enemies":"2 Louse","floor":3,"turns":2},{"damage":9,"enemies":"Jaw Worm","floor":4,"turns":5},{"damage":19,"enemies":"Exordium Wildlife","floor":5,"turns":4},{"damage":12,"enemies":"Large Slime","floor":7,"turns":5},{"damage":16,"enemies":"Looter","floor":11,"turns":3},{"damage":20,"enemies":"Gremlin Nob","floor":12,"turns":4},{"damage":31,"enemies":"Hexaghost","floor":16,"turns":9},{"damage":0,"enemies":"Chosen","floor":18,"turns":4},{"damage":13,"enemies":"Shell Parasite","floor":20,"turns":4},{"damage":3,"enemies":"Snake Plant","floor":21,"turns":3},{"damage":32,"enemies":"Book of Stabbing","floor":24,"turns":4},{"damage":10,"enemies":"Colosseum Slavers","floor":27,"turns":3},{"damage":8,"enemies":"Colosseum Nobs","floor":27,"turns":3},{"damage":32,"enemies":"Slavers","floor":29,"turns":4},{"damage":10,"enemies":"Centurion and Healer","floor":31,"turns":4},{"damage":55,"enemies":"Champ","floor":33,"turns":9},{"damage":17,"enemies":"3 Shapes","floor":35,"turns":5},{"damage":31,"enemies":"Mind Bloom Boss Battle","floor":36,"turns":7},{"damage":6,"enemies":"3 Darklings","floor":37,"turns":5},{"damage":94,"enemies":"Transient","floor":39,"turns":5}],"seed_played":"6606133949451707112","potions_obtained":[{"floor":4,"key":"AttackPotion"},{"floor":7,"key":"SpeedPotion"},{"floor":11,"key":"SpeedPotion"},{"floor":21,"key":"Regen Potion"},{"floor":27,"key":"Weak Potion"},{"floor":29,"key":"CultistPotion"},{"floor":31,"key":"SpeedPotion"},{"floor":33,"key":"BloodPotion"},{"floor":35,"key":"BloodPotion"}],"is_trial":false,"path_per_floor":["M","$","M","M","M","R","M","?","T","$","M","E","$","?","R","B",null,"M","?","M","M","$","R","E","R","T","?","R","E","?","M","R","B",null,"M","?","M","?","M"],"character_chosen":"IRONCLAD","items_purchased":["Dual Wield","Reckless Charge","Pantograph","Battle Trance","Shockwave"],"campfire_rested":1,"item_purchase_floors":[2,2,10,10,13],"current_hp_per_floor":[76,76,78,75,62,62,56,56,56,56,46,32,32,58,58,55,80,80,80,73,76,76,76,50,50,50,49,49,23,23,19,43,19,80,69,55,55,55,0,0],"gold":867,"neow_bonus":"TWO_FIFTY_GOLD","is_daily":false,"chose_seed":false,"campfire_upgraded":5,"win_rate":0.0,"timestamp":1610491191,"path_taken":["M","$","M","M","?","R","M","?","T","$","M","E","$","?","R","BOSS","M","?","M","M","$","R","E","R","T","?","R","E","?","M","R","BOSS","M","?","M","?","M"],"items_purchased_type":["Card","Card","Relic","Card","Card"],"build_version":"2020-12-22","purchased_purges":1,"victory":false,"max_hp_per_floor":[80,80,80,80,80,80,80,80,80,80,80,80,80,80,80,80,80,80,80,80,80,80,80,80,80,80,80,80,80,80,80,80,80,80,80,80,80,80,80,80],"card_choices":[{"not_picked":["Warcry","Sever Soul"],"picked":"Anger","floor":1},{"not_picked":["Flex","Heavy Blade"],"picked":"Infernal Blade","floor":3},{"not_picked":["Havoc","Flex"],"picked":"Cleave","floor":4},{"not_picked":["Twin Strike","Headbutt"],"picked":"Rage","floor":5},{"not_picked":["Clash","Pommel Strike"],"picked":"Anger","floor":7},{"not_picked":["Flex","Perfected Strike"],"picked":"Evolve","floor":11},{"not_picked":["Carnage","Warcry"],"picked":"Immolate","floor":12},{"not_picked":["Headbutt","Sentinel","Rage"],"picked":"SKIP","floor":18},{"not_picked":["Clothesline","Warcry","Havoc"],"picked":"SKIP","floor":20},{"not_picked":["Pummel","Blood for Blood"],"picked":"Spot Weakness","floor":21},{"not_picked":["Combust","Pommel Strike","Thunderclap"],"picked":"SKIP","floor":24},{"not_picked":["Cleave","Spot Weakness"],"picked":"Power Through","floor":29},{"not_picked":["Perfected Strike","Combust","Pummel"],"picked":"SKIP","floor":31},{"not_picked":["Brutality","Barricade"],"picked":"Double Tap","floor":33},{"not_picked":["True Grit+1","Shrug It Off","Blood for Blood+1"],"picked":"SKIP","floor":35},{"not_picked":["Twin Strike+1","Warcry+1","Seeing Red"],"picked":"SKIP","floor":37}],"player_experience":355893,"relics_obtained":[{"floor":9,"key":"Vajra"},{"floor":12,"key":"Centennial Puzzle"},{"floor":17,"key":"Bag of Preparation"},{"floor":17,"key":"HornCleat"},{"floor":17,"key":"Gambling Chip"},{"floor":24,"key":"Bronze Scales"},{"floor":26,"key":"CeramicFish"},{"floor":27,"key":"FossilizedHelix"},{"floor":27,"key":"White Beast Statue"},{"floor":29,"key":"Bottled Lightning"},{"floor":36,"key":"Old Coin"}],"event_choices":[{"damage_healed":0,"gold_gain":0,"player_choice":"Ignored","damage_taken":0,"max_hp_gain":0,"max_hp_loss":0,"event_name":"Liars Game","floor":8,"gold_loss":0},{"damage_healed":26,"gold_gain":0,"player_choice":"Banana","damage_taken":0,"max_hp_gain":0,"max_hp_loss":0,"event_name":"Big Fish","floor":14,"gold_loss":0},{"damage_healed":0,"gold_gain":0,"player_choice":"Obtain J.A.X.","damage_taken":0,"max_hp_gain":0,"max_hp_loss":0,"event_name":"Drug Dealer","floor":19,"gold_loss":0,"cards_obtained":["J.A.X."]},{"damage_healed":0,"gold_gain":0,"player_choice":"Fight","damage_taken":0,"max_hp_gain":0,"max_hp_loss":0,"event_name":"Colosseum","floor":27,"gold_loss":0},{"damage_healed":0,"gold_gain":0,"player_choice":"Fought Nobs","damage_taken":0,"max_hp_gain":0,"max_hp_loss":0,"event_name":"Colosseum","floor":27,"gold_loss":0},{"cards_removed":["Strike_R"],"damage_healed":0,"gold_gain":0,"player_choice":"Elegance","damage_taken":0,"max_hp_gain":0,"max_hp_loss":0,"event_name":"Back to Basics","floor":30,"gold_loss":0},{"damage_healed":0,"gold_gain":0,"player_choice":"Fight","damage_taken":0,"max_hp_gain":0,"max_hp_loss":0,"event_name":"MindBloom","floor":36,"gold_loss":0},{"cards_removed":["Shame"],"damage_healed":0,"gold_gain":0,"player_choice":"Purged","damage_taken":0,"max_hp_gain":0,"max_hp_loss":0,"event_name":"Purifier","floor":38,"gold_loss":0}],"is_beta":false,"boss_relics":[{"not_picked":["Philosopher\u0027s Stone","Sozu"],"picked":"Calling Bell"},{"not_picked":["Black Star","Coffee Dripper"],"picked":"Pandora\u0027s Box"}],"items_purged_floors":[22],"is_endless":false,"potions_floor_spawned":[4,7,11,21,27,27,29,31,33,35,36,37],"killed_by":"Transient","ascension_level":3}}