{"host":"56ghxnzsglgdq727","time":1610495392,"event":{"mods":["AchievementEnabler","BaseMod","Downfall","Duelist Mod","Minty Spire (QoL Compilation)","Rare Cards Sparkle","StSLib","The Bug Knight","The Exalted","The Senshi","The Wild Card"],"gold_per_floor":[140,140,152,152,169,169,201,201,201,201,218,218,231,241,241,342,342,361,377,377,452,472,472],"floor_reached":22,"language":"ENG","playtime":1360,"items_purged":[],"score":271,"play_id":"47bdf1ec-fff1-4694-ac6c-5eb35e2fce7e","local_time":"20210112184951","is_ascension_mode":true,"campfire_choices":[{"data":"theDuelist:ElectromagneticShield","floor":6.0,"key":"SMITH"},{"data":"theDuelist:DarkEnergy","floor":10.0,"key":"SMITH"},{"data":"theDuelist:SmashingGround","floor":12.0,"key":"SMITH"},{"floor":15.0,"key":"REST"}],"circlet_count":0,"master_deck":["theDuelist:ArchfiendSoldier","theDuelist:ArchfiendSoldier","theDuelist:CastleWalls+1","theDuelist:FiendMegacyber","theDuelist:Sparks","theDuelist:Sparks","theDuelist:SummonedSkull","theDuelist:ElectromagneticShield+1","theDuelist:GiantOrc","theDuelist:DarkCubicLord","theDuelist:DarkEnergy+1","theDuelist:FiendishChain+1","theDuelist:SmashingGround+1","theDuelist:FeatherShot","theDuelist:Raigeki","theDuelist:Nameless:Greed:MagnumShield"],"relics":["theDuelist:MillenniumPuzzle","theDuelist:CardPoolRelic","theDuelist:CardPoolBasicRelic","theDuelist:BoosterPackPoolRelic","theDuelist:CardPoolAddRelic","theDuelist:CardPoolMinusRelic","theDuelist:CardPoolSaveRelic","theDuelist:CardPoolOptionsRelic","theDuelist:DuelistOrichalcum","Pear","War Paint","theDuelist:GiftAnubis","Empty Cage","Frozen Eye","Kunai"],"acts_visited":["Exordium","TheCity"],"potions_floor_usage":[22],"damage_taken":[{"damage":0.0,"enemies":"2 Louse","floor":1.0,"turns":2.0},{"damage":2.0,"enemies":"Cultist","floor":3.0,"turns":4.0},{"damage":1.0,"enemies":"Small Slimes","floor":5.0,"turns":3.0},{"damage":33.0,"enemies":"HollowMod:MossKnight","floor":7.0,"turns":10.0},{"damage":11.0,"enemies":"2 Fungi Beasts","floor":11.0,"turns":3.0},{"damage":15.0,"enemies":"3 Louse","floor":13.0,"turns":4.0},{"damage":6.0,"enemies":"Red Slaver","floor":14.0,"turns":2.0},{"damage":0.0,"enemies":"Slime Boss","floor":16.0,"turns":7.0},{"damage":25.0,"enemies":"Shell Parasite","floor":18.0,"turns":5.0},{"damage":9.0,"enemies":"Spheric Guardian","floor":19.0,"turns":4.0},{"damage":37,"enemies":"Centurion and Healer","floor":22,"turns":4}],"seed_played":"-6261392043757744815","potions_obtained":[{"floor":11.0,"key":"sneckomod:MuddlingPotion"},{"floor":13.0,"key":"Energy Potion"},{"floor":14.0,"key":"theDuelist:WhiteBottle"},{"floor":16.0,"key":"theDuelist:SealedPack"},{"floor":18.0,"key":"theDuelist:DestructPotionPotB"}],"is_trial":false,"path_per_floor":["M","?","M","?","M","R","E","?","T","R","M","R","M","M","R","B",null,"M","M","?","?","M"],"character_chosen":"THE_DUELIST","items_purchased":[],"campfire_rested":1,"item_purchase_floors":[],"current_hp_per_floor":[80,74,72,72,71,71,48,48,48,48,37,37,22,16,43,43,90,65,56,56,47,10,10],"gold":472,"neow_bonus":"RANDOM_COLORLESS","is_daily":false,"chose_seed":false,"campfire_upgraded":3,"win_rate":0.0,"timestamp":1610495391,"path_taken":["M","?","?","?","M","R","E","?","T","R","M","R","M","?","R","BOSS","M","M","?","?","?"],"items_purchased_type":[],"build_version":"2020-12-22","purchased_purges":0,"victory":false,"max_hp_per_floor":[80,80,80,80,80,80,90,90,90,90,90,90,90,90,90,90,90,90,90,90,90,90,90],"card_choices":[{"not_picked":["theDuelist:Sangan","theDuelist:WormBarses"],"picked":"theDuelist:ElectromagneticShield","floor":0.0},{"not_picked":["theDuelist:FlyingSaucer","theDuelist:PortraitSecret","theDuelist:CheerfulCoffin","theDuelist:TerraTerrible"],"picked":"theDuelist:GiantOrc","floor":1.0},{"not_picked":["theDuelist:ArchfiendCommander","theDuelist:Pumprincess","theDuelist:AlienTelepath","theDuelist:TributeDoomed"],"picked":"theDuelist:DarkCubicLord","floor":3.0},{"not_picked":["theDuelist:BerserkerCrush","theDuelist:CheerfulCoffin","theDuelist:JamBreeding","theDuelist:ReleaseFromStone"],"picked":"theDuelist:DarkEnergy","floor":5.0},{"not_picked":["theDuelist:TerraTerrible","theDuelist:UmbralHorrorGhoul","theDuelist:PotDuality","theDuelist:Pumprincess"],"picked":"theDuelist:FiendishChain","floor":7.0},{"not_picked":["theDuelist:MillenniumGolem","theDuelist:ScrapFactory","theDuelist:ForbiddenLance","theDuelist:YamiForm"],"picked":"theDuelist:SmashingGround","floor":11.0},{"not_picked":["theDuelist:UmbralHorrorGhost","theDuelist:FlyingSaucer","theDuelist:SummonedSkull","theDuelist:PortraitSecret","theDuelist:DoomcaliberKnight"],"picked":"SKIP","floor":13.0},{"not_picked":["theDuelist:UmbralHorrorGhost","theDuelist:FlyingSaucer","theDuelist:SummonedSkull","theDuelist:PortraitSecret","theDuelist:DoomcaliberKnight"],"picked":"SKIP","floor":13.0},{"not_picked":["theDuelist:BattleguardKing","theDuelist:EarthquakeGiant","theDuelist:MudGolem","theDuelist:WormWarlord","theDuelist:SmashingGround"],"picked":"SKIP","floor":14.0},{"not_picked":["theDuelist:DarkCubicLord","theDuelist:ArchfiendGeneral","theDuelist:ArchfiendCommander","theDuelist:FabledGallabas"],"picked":"theDuelist:FeatherShot","floor":16.0},{"not_picked":["theDuelist:Hinotama","theDuelist:PowerGiant","theDuelist:HeavyStorm+1","theDuelist:DianKeto","theDuelist:MillenniumScorpion+1"],"picked":"SKIP","floor":18.0},{"not_picked":["theDuelist:Blockman","theDuelist:GauntletWarrior","theDuelist:LightningVortex+1","theDuelist:SolemnStrike+1"],"picked":"theDuelist:Raigeki","floor":19.0}],"player_experience":239600,"relics_obtained":[{"floor":7.0,"key":"Pear"},{"floor":9.0,"key":"theDuelist:GiftAnubis"}],"event_choices":[{"damage_healed":0.0,"max_hp_gain":0.0,"max_hp_loss":0.0,"gold_gain":0.0,"event_name":"Aknamkanon\u0027s Tomb","player_choice":"Dig - random Duelist relic","duelist":true,"floor":2.0,"gold_loss":0.0,"damage_taken":0.0},{"damage_healed":0.0,"max_hp_gain":0.0,"max_hp_loss":0.0,"gold_gain":0.0,"event_name":"Relic Duplicator","player_choice":"Leave","duelist":true,"floor":4.0,"gold_loss":0.0,"damage_taken":0.0},{"cards_removed":["theDuelist:ArchfiendSoldier"],"damage_healed":0.0,"max_hp_gain":0.0,"max_hp_loss":0.0,"gold_gain":0.0,"event_name":"WeMeetAgain","player_choice":"Gave Card","floor":8.0,"gold_loss":0.0,"damage_taken":0.0,"relics_obtained":["War Paint"]},{"total_magic_score":64.0,"gold_gain":0.0,"greed_reward":4.0,"duelist":true,"damage_taken":0.0,"relics_obtained":[],"points":6.0,"max_hp_gain":0.0,"max_hp_loss":0.0,"spent_points":{"magic":0.0,"greed":4.0,"war":0.0,"power":0.0,"hunger":0.0},"event_name":"Nameless Tomb","floor":20.0,"gold_loss":0.0,"cards_obtained":["theDuelist:Nameless:Greed:MagnumShield"]},{"damage_healed":0.0,"max_hp_gain":0.0,"max_hp_loss":0.0,"gold_gain":75.0,"event_name":"FaceTrader","player_choice":"Touch","floor":21.0,"gold_loss":0.0,"damage_taken":9.0}],"is_beta":false,"boss_relics":[{"not_picked":["Runic Pyramid","Velvet Choker"],"picked":"Empty Cage"}],"items_purged_floors":[],"is_endless":false,"potions_floor_spawned":[11,13,14,16,18],"killed_by":"Centurion and Healer","ascension_level":3}}