{"host":"l60rmjjsfi0fipmi","time":1610488537,"event":{"mods":["BaseMod","Colored Map","DeckTracker","Highlight Path","Minty Spire (QoL Compilation)"],"gold_per_floor":[114,114,14,34,50,50,76,76,76,92,92,108,139,190,190,291,291,303,147,147,161,161,161,38,38,113,113,124,140,167,40,40,40,40],"floor_reached":33,"language":"ENG","playtime":1426,"items_purged":["Strike_G","Strike_G","Strike_G"],"score":339,"play_id":"f8444cac-6f53-4065-aade-44fe58e0155a","local_time":"20210112165537","is_ascension_mode":true,"campfire_choices":[{"floor":6,"key":"REST"},{"floor":8,"key":"REST"},{"floor":15,"key":"REST"},{"data":"Noxious Fumes","floor":23,"key":"SMITH"},{"data":"Footwork","floor":25,"key":"SMITH"},{"floor":32,"key":"REST"}],"circlet_count":0,"master_deck":["Strike_G+1","Strike_G","Defend_G+1","Defend_G","Defend_G","Defend_G","Defend_G","Survivor+1","Neutralize+1","Deadly Poison+1","Infinite Blades","Slice","Sucker Punch+1","Poisoned Stab","Blade Dance","Cloak And Dagger+1","Bouncing Flask","Noxious Fumes+1","Corpse Explosion","Terror+1","Caltrops","Writhe","Footwork+1","Well Laid Plans","Bouncing Flask","Accuracy"],"relics":["Ring of the Snake","TungstenRod","Matryoshka","Bronze Scales","Mango","StoneCalendar","Happy Flower","Whetstone","Black Star","Smiling Mask","Paper Crane","War Paint","StrikeDummy"],"acts_visited":["Exordium","TheCity"],"potions_floor_usage":[7,16,30,30,33],"damage_taken":[{"damage":0,"enemies":"Small Slimes","floor":1,"turns":5},{"damage":5,"enemies":"2 Louse","floor":4,"turns":3},{"damage":0,"enemies":"Jaw Worm","floor":5,"turns":3},{"damage":18,"enemies":"3 Sentries","floor":7,"turns":5},{"damage":0,"enemies":"Red Slaver","floor":10,"turns":3},{"damage":0,"enemies":"Blue Slaver","floor":12,"turns":3},{"damage":17,"enemies":"Lagavulin","floor":13,"turns":4},{"damage":14,"enemies":"Hexaghost","floor":16,"turns":7},{"damage":10,"enemies":"Chosen","floor":18,"turns":5},{"damage":7,"enemies":"Shell Parasite","floor":21,"turns":3},{"damage":10,"enemies":"Chosen and Byrds","floor":28,"turns":5},{"damage":4,"enemies":"Centurion and Healer","floor":29,"turns":5},{"damage":13,"enemies":"Slavers","floor":30,"turns":3},{"damage":52,"enemies":"Collector","floor":33,"turns":6}],"seed_played":"1969060304255772857","potions_obtained":[{"floor":1,"key":"AttackPotion"},{"floor":5,"key":"Weak Potion"},{"floor":16,"key":"SteroidPotion"},{"floor":18,"key":"SneckoOil"},{"floor":21,"key":"Poison Potion"},{"floor":28,"key":"BlessingOfTheForge"}],"is_trial":false,"path_per_floor":["M","?","$","M","M","R","E","R","T","M","?","M","E","T","R","B",null,"M","$","?","M","?","R","$","R","T","?","M","M","E","$","R","B"],"character_chosen":"THE_SILENT","items_purchased":["Infinite Blades","Slice","Caltrops","Footwork","Accuracy"],"campfire_rested":4,"item_purchase_floors":[3,3,19,24,31],"current_hp_per_floor":[70,37,37,32,32,53,35,56,70,70,54,54,37,37,62,48,84,74,74,74,67,67,67,67,67,67,52,42,38,25,25,51,0,0],"gold":40,"neow_bonus":"UPGRADE_CARD","is_daily":false,"chose_seed":false,"campfire_upgraded":2,"win_rate":0.0,"timestamp":1610488537,"path_taken":["M","?","$","M","M","R","E","R","T","M","?","M","E","?","R","BOSS","M","$","?","M","?","R","$","R","T","?","M","?","E","?","R","BOSS"],"items_purchased_type":["Card","Card","Card","Card","Card"],"build_version":"2020-12-22","purchased_purges":3,"victory":false,"max_hp_per_floor":[70,70,70,70,70,70,70,70,84,84,84,84,84,84,84,84,84,84,84,84,84,84,84,84,84,84,89,89,89,89,89,89,89,89],"card_choices":[{"not_picked":["Predator","Bane"],"picked":"Deadly Poison","floor":1},{"not_picked":["Acrobatics","Prepared"],"picked":"Sucker Punch","floor":4},{"not_picked":["Blur","Backflip"],"picked":"Poisoned Stab","floor":5},{"not_picked":["Finisher","PiercingWail"],"picked":"Blade Dance","floor":7},{"not_picked":["Outmaneuver","Deflect"],"picked":"Cloak And Dagger","floor":10},{"not_picked":["Prepared","Catalyst"],"picked":"Bouncing Flask","floor":12},{"not_picked":["Setup","Cloak And Dagger"],"picked":"Noxious Fumes","floor":13},{"not_picked":["Burst","Storm of Steel"],"picked":"Corpse Explosion","floor":16},{"not_picked":["Slice","Cloak And Dagger"],"picked":"Terror+1","floor":18},{"not_picked":["Deflect+1","Bane","Distraction"],"picked":"SKIP","floor":21},{"not_picked":["Bane","Blade Dance+1"],"picked":"Well Laid Plans","floor":28},{"not_picked":["Die Die Die","Bane"],"picked":"Bouncing Flask","floor":29},{"not_picked":["Flying Knee","Acrobatics","Blade Dance"],"picked":"SKIP","floor":30}],"player_experience":354467,"relics_obtained":[{"floor":7,"key":"Matryoshka"},{"floor":9,"key":"Bronze Scales"},{"floor":9,"key":"Mango"},{"floor":13,"key":"StoneCalendar"},{"floor":14,"key":"Happy Flower"},{"floor":14,"key":"Whetstone"},{"floor":26,"key":"Paper Crane"},{"floor":30,"key":"War Paint"},{"floor":30,"key":"StrikeDummy"}],"event_choices":[{"damage_healed":0,"gold_gain":0,"player_choice":"Success","damage_taken":33,"relics_obtained":["TungstenRod"],"max_hp_gain":0,"max_hp_loss":0,"event_name":"Scrap Ooze","floor":2,"gold_loss":0},{"damage_healed":0,"gold_gain":0,"player_choice":"Entered Light","damage_taken":17,"max_hp_gain":0,"max_hp_loss":0,"event_name":"Shining Light","floor":11,"gold_loss":0,"cards_upgraded":["Defend_G","Survivor"]},{"damage_healed":0,"gold_gain":0,"player_choice":"Opened","damage_taken":0,"relics_obtained":["Smiling Mask"],"max_hp_gain":0,"max_hp_loss":0,"event_name":"The Mausoleum","floor":20,"gold_loss":0,"cards_obtained":["Writhe"]},{"damage_healed":0,"gold_gain":0,"player_choice":"Ignored","damage_taken":0,"max_hp_gain":0,"max_hp_loss":0,"event_name":"Ghosts","floor":22,"gold_loss":0},{"damage_healed":0,"gold_gain":0,"player_choice":"Shed Blood","damage_taken":21,"max_hp_gain":5,"max_hp_loss":0,"event_name":"Forgotten Altar","floor":27,"gold_loss":0}],"is_beta":false,"boss_relics":[{"not_picked":["Philosopher\u0027s Stone","Coffee Dripper"],"picked":"Black Star"}],"items_purged_floors":[19,24,31],"is_endless":false,"potions_floor_spawned":[1,5,16,18,21,28],"killed_by":"Collector","ascension_level":3}}