{"host":"6h0diz2ap0m56grs","time":1610410113,"event":{"mods":["2.2 Compatiblity","BaseMod","Colored Map","Marisa????????","Minty Spire (QoL Compilation)","Quick Restart","Replay The Spire","Shop Mod","StSLib","The Servant 0.9.4"],"gold_per_floor":[110,121,138,138,238,270,296,296,320,320,347,366,393,422,422,527,527,542,492,508,524,216,241,270,270,296,296,321,339,371,385,385,490,490,503,503,359,408,264,298,331,331,331],"floor_reached":42,"playtime":1360,"items_purged":[],"score":911,"play_id":"342fef7f-bb46-4f74-bcf5-64533ff63347","local_time":"20210111180833","daily_mods":["SealedDeck","Heirloom","Time Dilation","Flight"],"is_ascension_mode":true,"campfire_choices":[{"data":"BlazingStar","floor":8,"key":"SMITH"},{"data":"DragonMeteor","floor":10,"key":"SMITH"},{"data":"ShootingEcho","floor":15,"key":"SMITH"},{"floor":27,"key":"REST"},{"floor":32,"key":"DIG"}],"circlet_count":0,"master_deck":["GalacticHalo","ShootingEcho+1","GalacticHalo","AsteroidBelt","WitchLeyline","AsteroidBelt","DragonMeteor+1","SuperPerseids","WitchLeyline","MeteoricShower","WitchLeyline","WitchLeyline","BlazingStar+1","MeteoricShower","Parasite","Parasite","WitchLeyline","EscapeVelocity","Apotheosis","SprinkleStarSeal","DarkMatter","OneTimeOff+1"],"relics":["MiniHakkero","replay:Trail_Library","Durian","PreservedInsect","Vajra","ShroomBag","InkBottle","Fusion Hammer","MerchantsRug","Ancient Tea Set","Blue Doll","Regal Pillow","Replay:Wax Seal","Bottled Lightning","Orichalcum","Shovel","Sozu","OrangePellets","CatCart","Art of War","Lizard Tail","Strawberry"],"acts_visited":["Exordium","TheCity","TheBeyond"],"potions_floor_usage":[16],"damage_taken":[{"damage":0,"enemies":"Cultist","floor":1,"turns":1},{"damage":0,"enemies":"2 Louse","floor":2,"turns":2},{"damage":0,"enemies":"Jaw Worm","floor":3,"turns":2},{"damage":0,"enemies":"Lagavulin","floor":6,"turns":2},{"damage":0,"enemies":"Gremlin Nob","floor":7,"turns":1},{"damage":1,"enemies":"3 Sentries","floor":11,"turns":3},{"damage":0,"enemies":"Red Slaver","floor":12,"turns":1},{"damage":1,"enemies":"Replay:BlueRogue","floor":13,"turns":2},{"damage":0,"enemies":"Gremlin Nob","floor":14,"turns":1},{"damage":0,"enemies":"The Guardian","floor":16,"turns":4},{"damage":4,"enemies":"2 Thieves","floor":18,"turns":3},{"damage":2,"enemies":"3 Byrds","floor":20,"turns":3},{"damage":0,"enemies":"Shelled Parasite and Fungi","floor":21,"turns":1},{"damage":1,"enemies":"Replay:Snechameleon","floor":23,"turns":2},{"damage":4,"enemies":"Book of Stabbing","floor":24,"turns":3},{"damage":9,"enemies":"Slavers","floor":28,"turns":3},{"damage":1,"enemies":"Snake Plant","floor":29,"turns":3},{"damage":0,"enemies":"Replay:Snechameleon","floor":30,"turns":1},{"damage":0,"enemies":"Centurion and Healer","floor":31,"turns":2},{"damage":0,"enemies":"Collector","floor":33,"turns":3},{"damage":3,"enemies":"3 Shapes","floor":35,"turns":3},{"damage":0,"enemies":"Orin","floor":38,"turns":5},{"damage":22,"enemies":"Nemesis","floor":40,"turns":3},{"damage":0,"enemies":"Giant Head","floor":41,"turns":2},{"damage":0,"enemies":"R_Hoarder","floor":42,"turns":2}],"seed_played":"-1876727481395865771","potions_obtained":[{"floor":2,"key":"Venom Potion"},{"floor":11,"key":"BlessingOfTheForge"},{"floor":12,"key":"DuplicationPotion"},{"floor":13,"key":"LifebloodPotion"},{"floor":16,"key":"BlessingOfTheForge"},{"floor":20,"key":"Strength Potion"},{"floor":31,"key":"Weak Potion"}],"is_trial":true,"path_per_floor":["M","M","M","$","?","E","E","R","T","R","E","M","E","E","R","B",null,"M","$","M","M","$","E","E","?","T","R","E","M","E","M","R_BF","B",null,"M","?","$","?","$","E","E","E"],"character_chosen":"MARISA","items_purchased":["MerchantsRug","Apotheosis","Ancient Tea Set","OrangePellets","Art of War"],"campfire_rested":1,"item_purchase_floors":[19,22,22,37,39],"current_hp_per_floor":[80,80,80,80,80,80,80,80,80,80,79,80,80,80,80,80,80,76,76,78,78,78,79,75,80,80,80,73,74,74,78,78,80,80,79,79,79,80,80,58,67,69,69],"gold":331,"neow_bonus":"","is_daily":false,"chose_seed":false,"campfire_upgraded":3,"win_rate":0.0,"timestamp":1610410113,"path_taken":["M","M","?","$","?","E","E","R","T","R","E","?","E","E","R","BOSS","M","$","?","M","$","E","E","?","T","R","E","?","E","M","R_BF","BOSS","M","?","$","?","?","E","E","E"],"items_purchased_type":["Relic","Card","Relic","Relic","Relic"],"build_version":"2020-12-22","purchased_purges":0,"victory":false,"max_hp_per_floor":[80,80,80,80,80,80,80,80,80,80,80,80,80,80,80,80,80,80,80,80,80,80,80,80,80,80,80,80,80,80,80,80,80,80,80,80,80,80,80,80,87,87,87],"card_choices":[{"not_picked":["UnstableBomb","SuperPerseids"],"picked":"WitchLeyline","floor":1},{"not_picked":["ShootingEcho","LuminesStrike","SuperPerseids"],"picked":"SKIP","floor":2},{"not_picked":["DoubleSpark","LuminesStrike"],"picked":"WitchLeyline","floor":3},{"not_picked":["MillisecondPulsars","ShootTheMoon"],"picked":"BlazingStar","floor":6},{"not_picked":["AbsoluteMagnitude","NonDirectionalLaser","BigCrunch"],"picked":"SKIP","floor":7},{"not_picked":["SporeBomb","EnergyFlow","ChargingUp"],"picked":"SKIP","floor":11},{"not_picked":["MachineGunSpark","DeepEcoloBomb","MagicChant"],"picked":"SKIP","floor":12},{"not_picked":["GravityBeat","WitchOfGreed","MilkyWay"],"picked":"SKIP","floor":13},{"not_picked":["BlazeAway","GalacticHalo"],"picked":"WitchLeyline","floor":14},{"not_picked":["CollectingQuirk","SatelliteIllusion"],"picked":"EscapeVelocity","floor":16},{"not_picked":["6A","EarthLightRay","GrandCross"],"picked":"SKIP","floor":18},{"not_picked":["Acceleration","GravityBeat","EnergyRecoil"],"picked":"SKIP","floor":20},{"not_picked":["MagicChant+1","PowerUp","GrandCross+1"],"picked":"SKIP","floor":21},{"not_picked":["GrandCross+1","NonDirectionalLaser"],"picked":"SprinkleStarSeal","floor":23},{"not_picked":["AsteroidBelt","MeteoricShower+1","PowerUp+1"],"picked":"SKIP","floor":24},{"not_picked":["SuperPerseids","MysteriousBeam","WitchLeyline+1"],"picked":"SKIP","floor":28},{"not_picked":["Singularity","DeepEcoloBomb+1","ShootingEcho+1"],"picked":"SKIP","floor":29},{"not_picked":["GrandCross+1","WitchLeyline","CasketOfStar"],"picked":"SKIP","floor":30},{"not_picked":["StarBarrage","MysteriousBeam+1","PulseMagic+1"],"picked":"SKIP","floor":31},{"not_picked":["GrandCross+1","ManaConvection","EarthLightRay+1"],"picked":"SKIP","floor":35},{"not_picked":["OneTimeOff+1","ShootTheMoon","GravityBeat"],"picked":"SKIP","floor":40},{"not_picked":["ShootTheMoon","GravityBeat"],"picked":"OneTimeOff+1","floor":40},{"not_picked":["BinaryStars","DoubleSpark+1","MilkyWay+1"],"picked":"SKIP","floor":41}],"player_experience":174679,"relics_obtained":[{"floor":6,"key":"Boot"},{"floor":7,"key":"PreservedInsect"},{"floor":9,"key":"Vajra"},{"floor":11,"key":"ShroomBag"},{"floor":13,"key":"Meat on the Bone"},{"floor":14,"key":"InkBottle"},{"floor":23,"key":"Blue Doll"},{"floor":24,"key":"Regal Pillow"},{"floor":26,"key":"Replay:Wax Seal"},{"floor":28,"key":"Bottled Lightning"},{"floor":30,"key":"Orichalcum"},{"floor":32,"key":"Shovel"},{"floor":38,"key":"CatCart"},{"floor":40,"key":"Lizard Tail"},{"floor":41,"key":"Strawberry"}],"event_choices":[{"damage_healed":0,"gold_gain":100,"player_choice":"Pray","damage_taken":0,"max_hp_gain":0,"max_hp_loss":0,"event_name":"Golden Shrine","floor":5,"gold_loss":0},{"damage_healed":5,"gold_gain":0,"player_choice":"Full Heal","damage_taken":0,"max_hp_gain":0,"max_hp_loss":0,"event_name":"Wheel of Change","floor":25,"gold_loss":0},{"damage_healed":0,"gold_gain":0,"player_choice":"Ignored","damage_taken":0,"max_hp_gain":0,"max_hp_loss":0,"event_name":"Tomb of Lord Red Mask","floor":36,"gold_loss":0},{"damage_healed":0,"gold_gain":0,"player_choice":"Fight","damage_taken":0,"max_hp_gain":0,"max_hp_loss":0,"event_name":"OrinTheCat","floor":38,"gold_loss":0}],"is_beta":false,"boss_relics":[{"not_picked":["Tiny House","Astrolabe"],"picked":"Fusion Hammer"},{"not_picked":["Honey Jar","Replay:Bronze Core"],"picked":"Sozu"}],"items_purged_floors":[],"is_endless":false,"potions_floor_spawned":[2,11,12,13,14,16,18,20,31,33,38,41],"killed_by":"R_Hoarder","ascension_level":1}}