{"host":"t9zjxed0utvsfjwc","time":1610456967,"event":{"mods":["2.2 Compatiblity","Aspiration","BaseMod","Block Reminder","Colored Map","Colored Powertips","Highlight Path","Hubris","Infinite Spire","Minty Spire (QoL Compilation)","Quick Restart","Replay The Spire","StSLib","The Marked","Unceasing Turn Reminder","everything is the same but u backflip on backflip"],"gold_per_floor":[111,124,48,60,10,10,10,10,10,10,30,65,81,106,106,208,208,208],"floor_reached":17,"playtime":817,"items_purged":[],"score":165,"play_id":"9d896942-f1b9-45ad-90c0-ed76a4f0e963","local_time":"20210112130927","is_ascension_mode":false,"campfire_choices":[{"data":"theMarked:Opportunist","floor":6,"key":"SMITH"},{"data":"theMarked:MysticalArsenal","floor":8,"key":"SMITH"},{"data":"theMarked:SoldierOfQuellstein","floor":10,"key":"SMITH"},{"floor":15,"key":"REST"}],"circlet_count":0,"master_deck":["theMarked:Strike","theMarked:Strike","theMarked:Strike","theMarked:Defend","theMarked:Defend","theMarked:Defend","theMarked:Defend","theMarked:SoldierOfQuellstein+1","theMarked:ElectricStrings","theMarked:ComboAttacks","theMarked:MysticalArsenal+1","theMarked:Opportunist+1","theMarked:ElectricStrings","theMarked:ElementalBlade"],"relics":["theMarked:ArtifactOfAir","Sundial","Replay:WaspNest","Ring of Chaos"],"acts_visited":["Exordium","TheCity"],"potions_floor_usage":[11,12,14,14,16],"damage_taken":[{"damage":6,"enemies":"2 Louse","floor":1,"turns":3},{"damage":7,"enemies":"Small Slimes","floor":2,"turns":3},{"damage":11,"enemies":"Jaw Worm","floor":4,"turns":4},{"damage":7,"enemies":"Exordium Thugs","floor":11,"turns":4},{"damage":12,"enemies":"Gremlin Nob","floor":12,"turns":5},{"damage":1,"enemies":"2 Fungi Beasts","floor":13,"turns":4},{"damage":21,"enemies":"Lagavulin","floor":14,"turns":5},{"damage":21,"enemies":"The Guardian","floor":16,"turns":7}],"seed_played":"9157588760541815692","potions_obtained":[{"floor":2,"key":"Regen Potion"},{"floor":4,"key":"Energy Potion"},{"floor":11,"key":"Block Potion"},{"floor":12,"key":"Strength Potion"},{"floor":14,"key":"EssenceOfSteel"},{"floor":16,"key":"Swift Potion"}],"is_trial":false,"path_per_floor":["M","M","$","M","$","R","$","R","T","R","M","E","M","E","R","B",null],"character_chosen":"THE_DEFAULT","items_purchased":["theMarked:MysticalArsenal","theMarked:ElectricStrings"],"campfire_rested":1,"item_purchase_floors":[3,5],"current_hp_per_floor":[57,50,50,39,39,39,39,39,39,39,41,29,28,7,25,4,63,63],"gold":208,"neow_bonus":"REMOVE_TWO","is_daily":false,"chose_seed":false,"campfire_upgraded":3,"win_rate":0.0,"timestamp":1610456967,"path_taken":["M","M","$","M","$","R","$","R","T","R","M","E","M","E","R","BOSS"],"items_purchased_type":["Card","Card"],"build_version":"2020-12-22","purchased_purges":0,"victory":false,"max_hp_per_floor":[63,63,63,63,63,63,63,63,63,63,63,63,63,63,63,63,63,63],"card_choices":[{"not_picked":["theMarked:Frustration","theMarked:RepellingDischarge"],"picked":"theMarked:ElectricStrings","floor":1},{"not_picked":["theMarked:BanishingStrike","theMarked:BanishingWave"],"picked":"theMarked:ComboAttacks","floor":2},{"not_picked":["theMarked:RepellingDischarge","theMarked:HeightenedSenses"],"picked":"theMarked:Opportunist","floor":4},{"not_picked":["theMarked:Abjuration","theMarked:RepellingDischarge","theMarked:GodGivenPower"],"picked":"SKIP","floor":11},{"not_picked":["theMarked:DeterminationOfTheMarked","theMarked:ChainLightning","theMarked:DispelDoubt"],"picked":"SKIP","floor":12},{"not_picked":["theMarked:RepellingDischarge","theMarked:TakeCover"],"picked":"theMarked:ElementalBlade","floor":13},{"not_picked":["theMarked:SuspiciousRaven","theMarked:Static","theMarked:ChainLightning"],"picked":"SKIP","floor":14}],"player_experience":266607,"relics_obtained":[{"floor":12,"key":"Sundial"},{"floor":14,"key":"Replay:WaspNest"}],"event_choices":[],"is_beta":false,"boss_relics":[{"not_picked":["Black Star","aspiration:RitualDagger"],"picked":"Ring of Chaos"}],"items_purged_floors":[],"is_endless":false,"potions_floor_spawned":[2,4,11,12,14,16],"ascension_level":0}}