{"host":"dhr6iszse2qz12e2","time":1610468787,"event":{"mods":["100% Spire Juice","2.2 Compatiblity","A Magickal Journey","Act Like it!","BaseMod","Bestiary","Better Note","BetterRewards","Colored Map","Downfall","Gensokyo","Hermit","Hubris","Infinite Spire","Marisa????????","Minty Spire (QoL Compilation)","Permanent Neow","Quick Restart","Reimu??????","Replay The Spire","Shop Mod","StSLib","Td1madao Mod","The Administrix","The Animator","The Bug Knight","The Cursed","The Gatherer","The Hierophant","The IronCluck","The Jungle","The Servant 0.9.4","everything is the same but u backflip on backflip","slay the spire mod where everything is the same but ironclad has a cowboy hat","??????REMEMod"],"gold_per_floor":[412,431,445,445,445,445,462,518,518,518,518,518,518,531,531,632,632,644,644,644,312,140,140,158,219,219,254,281,281,299,374,374,476,576,591,604,604,622,622,622,632,507,507,517,542,542,542,542,542,639,639,639],"floor_reached":51,"playtime":3260,"items_purged":["Defend_C","Defend_C","Strike_C","Defend_C"],"score":801,"play_id":"2754616c-758b-4973-b14a-13d1604980a0","local_time":"20210112182627","is_ascension_mode":false,"campfire_choices":[{"data":"Here Defend Chip+1","floor":6,"key":"SMITH"},{"data":"Furious","floor":10,"key":"SMITH"},{"data":"Here Defend Chip+2","floor":13,"key":"SMITH"},{"data":"Here Defend Chip+3","floor":15,"key":"SMITH"},{"data":"Here Defend Chip+4","floor":23,"key":"SMITH"},{"data":"Strike_C","floor":32,"key":"PURGE"},{"data":"infinitespire:Collect","floor":40,"key":"SMITH"},{"data":"Here Defend Chip+5","floor":47,"key":"SMITH"},{"data":"Knight Kick","floor":49,"key":"PURGE"}],"circlet_count":0,"master_deck":["Strike_C+1","Chip+1","Fixing+1","Here Defend Chip+6","Furious+1","White Contract+1","Pod Laser+1","Pod Fire+1","Fixing+1","Reflection Mechanism+1","Optimization","infinitespire:Collect+1","Lunge+1","Im Angry"],"relics":["m_GuardianBlood","REME_ComplimentaryCards","Old Coin","Molten Egg 2","infinitespire:Cubic Diamond","Empty Cage","Bottled Tornado","War Paint","hubris:GlazedTorus","Bottled Flame","Red Mask","CaptainsWheel","InkBottle","Replay:Wanted Poster","hubris:Towel","Simple Rune","Pear","Replay:Mystery Machine","hubris:TerracottaHorce"],"acts_visited":["Exordium","TheCity","TheBeyond","Exordium"],"potions_floor_usage":[7,25,25,25,25,50,50,50],"damage_taken":[{"damage":3,"enemies":"Cultist","floor":1,"turns":4},{"damage":0,"enemies":"Small Slimes","floor":2,"turns":3},{"damage":8,"enemies":"Jaw Worm","floor":3,"turns":5},{"damage":1,"enemies":"Looter","floor":7,"turns":4},{"damage":16,"enemies":"Large Slime","floor":14,"turns":7},{"damage":23,"enemies":"Fading Forest","floor":16,"turns":11},{"damage":11,"enemies":"Shell Parasite","floor":18,"turns":4},{"damage":1,"enemies":"Spheric Guardian","floor":24,"turns":4},{"damage":19,"enemies":"Slavers","floor":25,"turns":4},{"damage":14,"enemies":"Nightmare","floor":27,"turns":7},{"damage":5,"enemies":"Masked Bandits","floor":28,"turns":4},{"damage":0,"enemies":"Snecko","floor":30,"turns":4},{"damage":0,"enemies":"Champ","floor":33,"turns":4},{"damage":9,"enemies":"3 Darklings","floor":35,"turns":4},{"damage":0,"enemies":"3 Shapes","floor":36,"turns":3},{"damage":0,"enemies":"Writhing Mass","floor":38,"turns":4},{"damage":0,"enemies":"Transient","floor":41,"turns":5},{"damage":18,"enemies":"4 Shapes","floor":44,"turns":3},{"damage":8,"enemies":"Nightmare","floor":45,"turns":6},{"damage":0,"enemies":"hubris:GrandSnecko","floor":50,"turns":4}],"seed_played":"-5654238726375006973","potions_obtained":[{"floor":2,"key":"Swift Potion"},{"floor":16,"key":"EntropicBrew"},{"floor":18,"key":"FearPotion"},{"floor":25,"key":"BlessingOfTheForge"},{"floor":33,"key":"Energy Potion"},{"floor":36,"key":"ColorlessPotion"},{"floor":38,"key":"EssenceOfSteel"},{"floor":50,"key":"FairyPotion"}],"is_trial":false,"path_per_floor":["M","M","M","?","$","R","M","?","T","R","?","?","R","M","R","B",null,"M","AVR","?","$","$","R","M","E","T","NM","?","T","M","T","R_BF","B",null,"M","M","AVR","M","?","R","M","$","T","M","NM","?","R","T","R_BF","B",null],"character_chosen":"TD1MADAO_CLASS","items_purchased":["Bottled Tornado","Pod Fire+1"],"campfire_rested":0,"item_purchase_floors":[21,22],"current_hp_per_floor":[60,60,52,52,52,52,51,36,36,36,36,41,41,31,31,24,68,63,63,63,63,63,63,68,55,55,47,48,48,54,54,54,60,68,65,68,68,68,68,68,68,68,68,56,64,64,64,64,64,70,76,76],"gold":639,"neow_bonus":"ONE_RARE_RELIC","is_daily":false,"chose_seed":false,"campfire_upgraded":7,"win_rate":0.0,"timestamp":1610468787,"path_taken":["M","?","M","?","$","R","M","?","T","R","?","?","R","M","R","BOSS","M","AVR","?","?","$","R","?","E","T","NM","?","?","?","?","R_BF","BOSS","M","M","AVR","M","?","R","M","$","T","M","NM","?","R","?","R_BF","BOSS"],"items_purchased_type":["Relic","Card"],"build_version":"2020-12-22","purchased_purges":4,"victory":false,"max_hp_per_floor":[63,63,63,63,63,63,63,63,63,63,63,68,68,68,68,68,68,68,68,68,68,68,68,68,68,68,68,68,68,68,68,68,68,68,68,68,68,68,68,68,68,68,68,68,78,78,78,78,78,78,78,78],"card_choices":[{"not_picked":["Cursed Blade","Machining"],"picked":"Fixing","floor":1},{"not_picked":["Fire Up","Fire Blade"],"picked":"Here Defend Chip","floor":2},{"not_picked":["Lunge","Fixing","Reflection Mechanism"],"picked":"SKIP","floor":3},{"not_picked":["Light Attack","White Contract"],"picked":"Furious","floor":7},{"not_picked":["Black Execution+1","New Defend Magic"],"picked":"White Contract+1","floor":8},{"not_picked":["Resistance+1","Cursed Blade+1"],"picked":"Rupture+1","floor":14},{"not_picked":["Moon Tear","Format All Data"],"picked":"Pod Laser+1","floor":16},{"not_picked":["Fire Up","Afterwards","Sudden Beat+1"],"picked":"SKIP","floor":18},{"not_picked":["Money Cant Rescue","Revenge+1"],"picked":"Fixing+1","floor":24},{"not_picked":["Recovery Mechanism","Sudden Beat+1","Backup"],"picked":"SKIP","floor":25},{"not_picked":["Rupture+1","Cursed Blade+1","Gravity Defend+1"],"picked":"SKIP","floor":27},{"not_picked":["Light Attack+1","Here Defend Chip"],"picked":"Reflection Mechanism+1","floor":30},{"not_picked":["Black Contract+1","Overclocking"],"picked":"Optimization","floor":33},{"not_picked":["Revenge+1","Light Attack+1","Black Shadow+1"],"picked":"SKIP","floor":35},{"not_picked":["New Defend Magic+1","Twin Teeth+1","Machining"],"picked":"SKIP","floor":36},{"not_picked":["Afterwards","Rupture+1"],"picked":"Lunge+1","floor":38},{"not_picked":["Revenge+1","Light Attack+1","Afterwards+1"],"picked":"SKIP","floor":41},{"not_picked":["Cursed Blade+1","Light Attack+1","Rupture+1"],"picked":"SKIP","floor":44},{"not_picked":["Resistance+1","Fire Up+1","Overclocking"],"picked":"SKIP","floor":45},{"not_picked":["Overclocking","Bursts"],"picked":"Im Angry","floor":50}],"player_experience":461789,"relics_obtained":[{"floor":8,"key":"Molten Egg 2"},{"floor":25,"key":"War Paint"},{"floor":26,"key":"hubris:GlazedTorus"},{"floor":27,"key":"Bottled Flame"},{"floor":28,"key":"Red Mask"},{"floor":29,"key":"CaptainsWheel"},{"floor":31,"key":"InkBottle"},{"floor":43,"key":"Simple Rune"},{"floor":45,"key":"Pear"},{"floor":48,"key":"Replay:Mystery Machine"}],"event_choices":[{"damage_healed":0,"gold_gain":0,"player_choice":"Grow","damage_taken":0,"max_hp_gain":0,"max_hp_loss":0,"event_name":"Living Wall","floor":4,"gold_loss":0,"cards_upgraded":["Here Defend Chip"]},{"damage_healed":0,"gold_gain":0,"player_choice":"Donut","damage_taken":0,"max_hp_gain":5,"max_hp_loss":0,"event_name":"Big Fish","floor":12,"gold_loss":0},{"cards_removed":["Here Defend Chip"],"damage_healed":0,"gold_gain":0,"player_choice":"Give","damage_taken":0,"max_hp_gain":0,"max_hp_loss":0,"event_name":"betterNote:BetterNote","floor":20,"gold_loss":0,"cards_obtained":["AdministrixMod:LifeforceNet"]},{"damage_healed":0,"gold_gain":0,"player_choice":"Fought Bandits","damage_taken":0,"max_hp_gain":0,"max_hp_loss":0,"event_name":"Masked Bandits","floor":28,"gold_loss":0},{"cards_removed":["Rupture"],"damage_healed":0,"gold_gain":0,"player_choice":"Removed Attack","damage_taken":0,"max_hp_gain":0,"max_hp_loss":0,"event_name":"Falling","floor":46,"gold_loss":0}],"is_beta":false,"boss_relics":[{"not_picked":["Honey Jar","Painkiller Herb"],"picked":"Empty Cage"},{"not_picked":["Replay:Fungal Core","Velvet Choker"],"picked":"Replay:Wanted Poster"},{"not_picked":["ChewingGum","Replay:Grab Bag"],"picked":"hubris:TerracottaHorce"}],"items_purged_floors":[19,21,22,42],"is_endless":true,"potions_floor_spawned":[2,16,18,25,33,36,38,50],"ascension_level":0}}