{"host":"kqe6w2igxc79vo14","time":1610454563,"event":{"mods":["AchievementEnabler","BaseMod","Downfall","Minty Spire (QoL Compilation)","Quick Restart","StSLib"],"gold_per_floor":[116,116,30,46,60,60,74,149,173,173,98,113,141,155,155,254,254,264,264,283,48,48,74,74,74,129,142,142,142],"floor_reached":28,"playtime":955,"items_purged":["hexamod:Haunted"],"score":357,"play_id":"b7a6bad3-6564-437a-a0da-1b265eb87ddc","local_time":"20210112142923","is_ascension_mode":true,"campfire_choices":[{"data":"Eruption","floor":6.0,"key":"SMITH"},{"floor":10.0,"key":"REST"},{"data":"SashWhip","floor":15.0,"key":"SMITH"},{"floor":24,"key":"REST"}],"circlet_count":0,"master_deck":["AscendersBane","Strike_P","Strike_P+1","Strike_P","Strike_P","Defend_P","Defend_P+1","Defend_P","Defend_P","Eruption+1","Vigilance","DevaForm","SashWhip+1","expansioncontent:Sear","Evaluate","WheelKick","SignatureMove","ConjureBlade","SandsOfTime+1","expansioncontent:AwakenDeath"],"relics":["PureWater","Anchor","Busted Crown","Nloth\u0027s Gift","Vajra","Question Card","Bag of Preparation","Regal Pillow"],"acts_visited":["Exordium","TheCity"],"potions_floor_usage":[16,27,28],"damage_taken":[{"damage":13.0,"enemies":"Jaw Worm","floor":1.0,"turns":7.0},{"damage":0.0,"enemies":"2 Louse","floor":4.0,"turns":2.0},{"damage":0.0,"enemies":"Cultist","floor":5.0,"turns":5.0},{"damage":6.0,"enemies":"Large Slime","floor":7.0,"turns":4.0},{"damage":1.0,"enemies":"Exordium Thugs","floor":12.0,"turns":5.0},{"damage":4.0,"enemies":"Gremlin Nob","floor":13.0,"turns":3.0},{"damage":0.0,"enemies":"Exordium Wildlife","floor":14.0,"turns":3.0},{"damage":36,"enemies":"Slime Boss","floor":16,"turns":5},{"damage":0,"enemies":"Spheric Guardian","floor":18,"turns":3},{"damage":12,"enemies":"2 Thieves","floor":20,"turns":2},{"damage":88,"enemies":"Slavers","floor":23,"turns":8},{"damage":8,"enemies":"Cultist and Chosen","floor":27,"turns":5},{"damage":43,"enemies":"Book of Stabbing","floor":28,"turns":4}],"seed_played":"-1115472152365253684","potions_obtained":[{"floor":1.0,"key":"SteroidPotion"},{"floor":5.0,"key":"GamblersBrew"},{"floor":12.0,"key":"EssenceOfSteel"},{"floor":20,"key":"FairyPotion"},{"floor":27,"key":"DistilledChaos"}],"is_trial":false,"path_per_floor":["M","?","$","M","M","R","M","?","T","R","$","M","E","M","R","B",null,"M","?","M","$","T","E","R","$","T","M","E"],"character_chosen":"WATCHER","items_purchased":["expansioncontent:Sear","expansioncontent:AwakenDeath","Vajra"],"campfire_rested":2,"item_purchase_floors":[3,21,21],"current_hp_per_floor":[52,38,38,38,38,38,32,25,25,46,46,45,41,41,41,5,55,55,55,43,43,43,4,25,25,25,17,0,0],"gold":142,"neow_bonus":"THREE_RARE_CARDS","is_daily":false,"chose_seed":false,"campfire_upgraded":2,"win_rate":0.0,"timestamp":1610454563,"path_taken":["M","?","$","M","M","R","M","?","T","R","$","?","E","M","R","BOSS","M","?","M","$","?","E","R","?","T","?","E"],"items_purchased_type":["Card","Card","Relic"],"build_version":"2020-12-22","purchased_purges":1,"victory":false,"max_hp_per_floor":[72,72,72,72,72,72,72,72,72,72,72,72,72,72,72,72,72,72,72,72,72,72,72,72,72,72,72,72,72],"card_choices":[{"not_picked":["Wish","Vault"],"picked":"DevaForm","floor":0.0},{"not_picked":["EmptyMind","WindmillStrike"],"picked":"SashWhip","floor":1.0},{"not_picked":["Meditate","FlyingSleeves"],"picked":"Evaluate","floor":4.0},{"not_picked":["FlyingSleeves","Protect"],"picked":"WheelKick","floor":5.0},{"not_picked":["Indignation","BowlingBash","Halt"],"picked":"SKIP","floor":7.0},{"not_picked":["BowlingBash","ClearTheMind","Collect"],"picked":"SKIP","floor":12.0},{"not_picked":["Wish","Conclude"],"picked":"SignatureMove","floor":13.0},{"not_picked":["PathToVictory","Nirvana","Protect"],"picked":"SKIP","floor":14.0},{"not_picked":["DeusExMachina","Establishment"],"picked":"ConjureBlade","floor":16},{"not_picked":["ClearTheMind"],"picked":"SKIP","floor":18},{"not_picked":[],"picked":"SandsOfTime+1","floor":20},{"not_picked":["LikeWater+1","EmptyFist"],"picked":"SKIP","floor":23},{"not_picked":["Study","FlurryOfBlows"],"picked":"SKIP","floor":27}],"player_experience":882530,"relics_obtained":[{"floor":9.0,"key":"Art of War"},{"floor":13.0,"key":"Anchor"},{"floor":22,"key":"Question Card"},{"floor":23,"key":"Bag of Preparation"},{"floor":26,"key":"Regal Pillow"}],"event_choices":[{"damage_healed":0.0,"max_hp_gain":0.0,"max_hp_loss":0.0,"gold_gain":0.0,"event_name":"Shining Light","player_choice":"Entered Light","floor":2.0,"gold_loss":0.0,"damage_taken":14.0,"cards_upgraded":["Strike_P","Defend_P"]},{"damage_healed":0.0,"max_hp_gain":0.0,"max_hp_loss":0.0,"gold_gain":75.0,"event_name":"FaceTrader","player_choice":"Touch","floor":8.0,"gold_loss":0.0,"damage_taken":7.0},{"damage_healed":0,"gold_gain":0,"player_choice":"Traded Relic","damage_taken":0,"relics_obtained":["Nloth\u0027s Gift"],"max_hp_gain":0,"max_hp_loss":0,"event_name":"N\u0027loth","floor":19,"relics_lost":["Art of War"],"gold_loss":0}],"is_beta":false,"boss_relics":[{"not_picked":["Astrolabe","SlaversCollar"],"picked":"Busted Crown"}],"items_purged_floors":[11],"is_endless":false,"potions_floor_spawned":[1,5,12,20,27],"killed_by":"Book of Stabbing","ascension_level":10}}