{"host":"odz7g4gpgch153rb","time":1610425827,"event":{"mods":["AchievementEnabler","BaseMod","Better Match","Better Third Choice","BetterRewards","GifTheSpireLib","Infinite Spire","Jedi Mod","Minty Spire (QoL Compilation)","Quick Restart","Replay The Spire","Spikes Relics","StSLib","Stuff the Spire","The Blue Laboratory","Trackpad"],"gold_per_floor":[119,32,32,43,43,72,72,105,129,161,161,161,161,179,179,252,252,266,278,278,292,310,342,361,361,361,361,361,379,379,396,396,470,470,486,486,499,499,516,544,554,554,554,554,389,419,151,151,151,151],"floor_reached":51,"playtime":3075,"items_purged":["Strike_G","Strike_G","Strike_G"],"score":1199,"play_id":"89b304ff-e01c-4a16-ace3-b6ce151e7531","local_time":"20210111233027","is_ascension_mode":true,"campfire_choices":[{"floor":7.0,"key":"REST"},{"floor":11.0,"key":"REST"},{"data":"Accuracy","floor":13.0,"key":"SMITH"},{"data":"Cloak And Dagger","floor":15.0,"key":"SMITH"},{"floor":25,"key":"REST"},{"floor":27,"key":"REST"},{"data":"After Image","floor":30,"key":"SMITH"},{"data":"Blade Dance","floor":32,"key":"SMITH"},{"data":"Blade Dance","floor":42,"key":"SMITH"},{"data":"Fluid Movement","floor":44,"key":"SMITH"},{"data":"infinitespire:Gouge","floor":49,"key":"SMITH"}],"circlet_count":0,"master_deck":["AscendersBane","Strike_G","Strike_G+1","Defend_G+1","Defend_G","Defend_G","Defend_G+1","Defend_G","Survivor","Neutralize","Cloak And Dagger+1","Accuracy+1","StuffTheSpire:Injection","Blade Dance+1","Blade Dance+1","After Image+1","Cloak And Dagger+1","Footwork+1","Cloak And Dagger","Finesse","infinitespire:Starlight","infinitespire:Gouge+1","Fluid Movement+1","Infinite Blades+1"],"relics":["Ring of the Snake","NeowsBlessing","Omamori","Pear","infinitespire:Satchel","Oddly Smooth Stone","infinitespire:EmpoweringShard","Philosopher\u0027s Stone","GiantMaggot","CaptainsWheel","Matryoshka","StuffTheSpire:CocoNut","ReplayTheSpireMod:SealedPack","Replay:PocketPolymizer","BlackRope","ReplayTheSpireMod:Shallot","War Paint","Simple Rune","trackpad:ChainingVapors","Ancient Tea Set"],"acts_visited":["Exordium","TheCity","TheBeyond"],"potions_floor_usage":[33,37,50],"damage_taken":[{"damage":0.0,"enemies":"Jaw Worm","floor":1.0,"turns":1.0},{"damage":0.0,"enemies":"Cultist","floor":4.0,"turns":1.0},{"damage":0.0,"enemies":"Lagavulin","floor":6.0,"turns":1.0},{"damage":20.0,"enemies":"Gremlin Nob","floor":8.0,"turns":4.0},{"damage":23.0,"enemies":"3 Sentries","floor":10.0,"turns":10.0},{"damage":0.0,"enemies":"2 Louse","floor":14.0,"turns":2.0},{"damage":23.0,"enemies":"Fading Forest","floor":16.0,"turns":11.0},{"damage":13.0,"enemies":"Shell Parasite","floor":18.0,"turns":2.0},{"damage":11.0,"enemies":"2 Thieves","floor":19.0,"turns":4.0},{"damage":9.0,"enemies":"Snake Plant","floor":21.0,"turns":4.0},{"damage":1.0,"enemies":"Snecko","floor":22.0,"turns":4.0},{"damage":18.0,"enemies":"Gremlin Leader","floor":23.0,"turns":5.0},{"damage":5,"enemies":"Chosen and Byrds","floor":24,"turns":5},{"damage":0,"enemies":"3 Cultists","floor":29,"turns":4},{"damage":0,"enemies":"Centurion and Healer","floor":31,"turns":4},{"damage":6,"enemies":"Collector","floor":33,"turns":7},{"damage":0,"enemies":"Orb Walker","floor":35,"turns":2},{"damage":6,"enemies":"3 Darklings","floor":37,"turns":3},{"damage":5,"enemies":"Sphere and 2 Shapes","floor":39,"turns":3},{"damage":0,"enemies":"R_Hoarder","floor":40,"turns":4},{"damage":26,"enemies":"Jaw Worm Horde","floor":41,"turns":4},{"damage":0,"enemies":"Nemesis","floor":46,"turns":3},{"damage":16,"enemies":"Replay:Hell Engine","floor":50,"turns":7}],"seed_played":"7355685815523978450","potions_obtained":[{"floor":1.0,"key":"blueLaboratory:BubblePotion"},{"floor":6.0,"key":"blueLaboratory:EnvenomedCoating"},{"floor":18.0,"key":"blueLaboratory:HorrorPotion"},{"floor":24,"key":"AttackPotion"},{"floor":29,"key":"Strength Potion"},{"floor":35,"key":"Explosive Potion"},{"floor":37,"key":"blueLaboratory:NinjaPotion"}],"is_trial":false,"path_per_floor":["M","$","?","M","?","E","R","E","T","E","R","?","R","M","R","B",null,"M","M","?","M","M","E","M","R","T","R","?","M","R","M","R","B",null,"M","?","M","AVR","M","E","M","R","T","R","$","E","$","?","R","B",null],"character_chosen":"THE_SILENT","items_purchased":["Accuracy","Infinite Blades","Ancient Tea Set"],"campfire_rested":4,"item_purchase_floors":[2,45,47],"current_hp_per_floor":[59,59,50,50,15,25,47,27,27,4,26,48,48,48,48,33,65,52,41,41,32,31,13,8,30,30,52,59,59,59,59,59,53,76,83,83,77,77,78,78,62,62,62,62,62,72,72,72,72,66],"gold":151,"neow_bonus":"THREE_ENEMY_KILL","is_daily":false,"chose_seed":false,"campfire_upgraded":7,"win_rate":0.0,"timestamp":1610425827,"path_taken":["M","$","?","?","?","E","R","E","T","E","R","?","R","?","R","BOSS","M","M","?","?","M","E","M","R","T","R","?","M","R","?","R","BOSS","M","?","M","AVR","?","E","M","R","T","R","$","E","$","?","R","BOSS"],"items_purchased_type":["Card","Card","Relic"],"build_version":"2020-12-22","purchased_purges":3,"victory":true,"max_hp_per_floor":[66,66,66,66,66,76,76,76,76,76,76,76,76,76,76,76,76,76,76,76,76,76,76,76,76,76,76,83,83,83,83,83,83,83,83,83,83,83,83,83,83,83,83,83,83,83,83,83,83,83],"card_choices":[{"not_picked":["Slice","Outmaneuver"],"picked":"Cloak And Dagger","floor":1.0},{"not_picked":["Flying Knee","Backflip"],"picked":"StuffTheSpire:Injection","floor":4.0},{"not_picked":["Deflect","Flying Knee","Dodge and Roll"],"picked":"SKIP","floor":6.0},{"not_picked":["StuffTheSpire:Sprint","StuffTheSpire:Fury"],"picked":"Blade Dance","floor":8.0},{"not_picked":["Hidden Blade","Underhanded Strike"],"picked":"Blade Dance","floor":10.0},{"not_picked":["Deadly Poison","Setup","Quick Slash"],"picked":"SKIP","floor":14.0},{"not_picked":["jedi:brewingpoison","jedi:rejectivetoxin"],"picked":"After Image","floor":16.0},{"not_picked":["Underhanded Strike","jedi:collectorvenom","Calculated Gamble"],"picked":"SKIP","floor":18.0},{"not_picked":["PiercingWail","Prepared","Predator"],"picked":"SKIP","floor":19.0},{"not_picked":["Poisoned Stab","StuffTheSpire:ReptileScales"],"picked":"Cloak And Dagger","floor":21.0},{"not_picked":["Bane+1","Venomology","Terror"],"picked":"SKIP","floor":22.0},{"not_picked":["StuffTheSpire:DoubleShiv","Hidden Blade+1"],"picked":"Footwork+1","floor":23.0},{"not_picked":["Slice","Quick Slash","StuffTheSpire:ClusterCrunch+1"],"picked":"SKIP","floor":24},{"not_picked":["Prepared","PiercingWail+1","StuffTheSpire:BrimstoneBlast"],"picked":"SKIP","floor":29},{"not_picked":["Endless Agony","ReplayTheSpireMod:Scrap Shanks"],"picked":"Cloak And Dagger","floor":31},{"not_picked":["Discovery","jedi:forcepush"],"picked":"Finesse","floor":34},{"not_picked":["infinitespire:Gouge","ReplayTheSpireMod:Black Plague"],"picked":"infinitespire:Starlight","floor":34},{"not_picked":["Skewer","Well Laid Plans","StuffTheSpire:MirrorStance"],"picked":"SKIP","floor":35},{"not_picked":["Grand Finale","StuffTheSpire:BumpUp+1","Prepared"],"picked":"SKIP","floor":37},{"not_picked":["PiercingWail","Dagger Throw"],"picked":"Fluid Movement","floor":39},{"not_picked":["Malaise","Underhanded Strike+1","Slice"],"picked":"SKIP","floor":40},{"not_picked":["Dagger Spray+1","Setup","Dagger Throw"],"picked":"SKIP","floor":41},{"not_picked":["StuffTheSpire:BumpUp","Catalyst","ReplayTheSpireMod:Necrosis"],"picked":"SKIP","floor":46}],"player_experience":1033222,"relics_obtained":[{"floor":6.0,"key":"Pear"},{"floor":8.0,"key":"infinitespire:Satchel"},{"floor":9.0,"key":"Oddly Smooth Stone"},{"floor":10.0,"key":"infinitespire:EmpoweringShard"},{"floor":23.0,"key":"CaptainsWheel"},{"floor":26,"key":"Matryoshka"},{"floor":36,"key":"Replay:PocketPolymizer"},{"floor":40,"key":"ReplayTheSpireMod:Shallot"},{"floor":43,"key":"War Paint"},{"floor":43,"key":"Simple Rune"},{"floor":46,"key":"trackpad:ChainingVapors"}],"event_choices":[{"damage_healed":0.0,"max_hp_gain":0.0,"max_hp_loss":0.0,"gold_gain":0.0,"event_name":"Wheel of Change","player_choice":"Damaged","floor":3.0,"gold_loss":0.0,"damage_taken":9.0},{"damage_healed":0.0,"max_hp_gain":0.0,"max_hp_loss":0.0,"gold_gain":0.0,"event_name":"betterThird:BetterScrap","player_choice":"Relic ","floor":5.0,"gold_loss":0.0,"damage_taken":35.0,"cards_obtained":["ConjureBlade"]},{"damage_healed":0,"gold_gain":0,"player_choice":"Relic","damage_taken":0,"max_hp_gain":0,"max_hp_loss":0,"event_name":"Wheel of Change","floor":36,"gold_loss":0},{"damage_healed":0,"gold_gain":0,"player_choice":"Upgraded","damage_taken":0,"max_hp_gain":0,"max_hp_loss":0,"event_name":"Upgrade Shrine","floor":48,"gold_loss":0,"cards_upgraded":["Infinite Blades"]}],"is_beta":false,"boss_relics":[{"not_picked":["jedi:hotpepper","Abe\u0027s Treasure"],"picked":"Philosopher\u0027s Stone"},{"not_picked":["Replay:Bronze Core","SlaversCollar"],"picked":"ReplayTheSpireMod:SealedPack"}],"items_purged_floors":[38,45,47],"is_endless":false,"potions_floor_spawned":[1,6,10,18,24,29,31,35,37,40],"ascension_level":18}}