{"host":"hbwa3kjetxrogfq8","time":1610410997,"event":{"mods":["AchievementEnabler","BaseMod","Block Reminder","Colored Map","Colored Powertips","Highlight Path","Minty Spire (QoL Compilation)","Rare Cards Sparkle","Relic Stats","StSLib"],"gold_per_floor":[118,134,153,166,136,136,169,169,169,169,169,181,193,209,209,311,311,321,336,336,348,49,49,49],"floor_reached":23,"playtime":1478,"items_purged":["Static Discharge"],"score":236,"play_id":"0de074ff-315b-4b8a-867e-b947ab30858d","local_time":"20210112012317","is_ascension_mode":true,"campfire_choices":[{"data":"Genetic Algorithm","floor":6,"key":"SMITH"},{"floor":8,"key":"REST"},{"data":"Zap","floor":10,"key":"SMITH"},{"data":"Dualcast","floor":15,"key":"SMITH"}],"circlet_count":0,"master_deck":["Zap+1","Dualcast+1","Steam+1","Self Repair+1","Echo Form+1","Streamline","Genetic Algorithm+1","Skim","Force Field","Melter","Chaos","Chill","Creative AI","Reinforced Body","Capacitor","Ball Lightning","Coolheaded","Darkness","Go for the Eyes","Ball Lightning"],"relics":["Astrolabe","Bag of Marbles","Singing Bowl","Pandora\u0027s Box","Membership Card","Tiny Chest"],"acts_visited":["Exordium","TheCity"],"potions_floor_usage":[7],"damage_taken":[{"damage":9,"enemies":"2 Louse","floor":1,"turns":5},{"damage":0,"enemies":"Cultist","floor":2,"turns":4},{"damage":11,"enemies":"Small Slimes","floor":3,"turns":6},{"damage":11,"enemies":"Looter","floor":4,"turns":4},{"damage":14,"enemies":"Exordium Thugs","floor":5,"turns":5},{"damage":56,"enemies":"3 Sentries","floor":7,"turns":13},{"damage":11,"enemies":"Blue Slaver","floor":12,"turns":4},{"damage":15,"enemies":"Gremlin Gang","floor":13,"turns":6},{"damage":12,"enemies":"Large Slime","floor":14,"turns":6},{"damage":38,"enemies":"Hexaghost","floor":16,"turns":11},{"damage":0,"enemies":"Spheric Guardian","floor":18,"turns":1},{"damage":22,"enemies":"Shell Parasite","floor":19,"turns":6},{"damage":29,"enemies":"Shelled Parasite and Fungi","floor":21,"turns":7},{"damage":51,"enemies":"Slavers","floor":23,"turns":4}],"seed_played":"-8319300914040062502","potions_obtained":[{"floor":2,"key":"DuplicationPotion"},{"floor":4,"key":"SteroidPotion"},{"floor":7,"key":"GamblersBrew"},{"floor":12,"key":"FearPotion"}],"is_trial":false,"path_per_floor":["M","M","M","M","M","R","E","R","T","R","?","M","M","M","R","B",null,"M","M","?","M","$","E"],"character_chosen":"DEFECT","items_purchased":["Membership Card","Go for the Eyes","Tiny Chest","Ball Lightning"],"campfire_rested":1,"item_purchase_floors":[22,22,22,22],"current_hp_per_floor":[75,75,74,73,69,69,23,45,45,45,45,46,43,41,41,13,79,81,69,69,50,50,0,0],"gold":49,"neow_bonus":"BOSS_RELIC","is_daily":false,"chose_seed":false,"campfire_upgraded":3,"win_rate":0.0,"timestamp":1610410997,"path_taken":["M","M","M","M","M","R","E","R","T","R","?","M","?","M","R","BOSS","M","?","?","M","$","E"],"items_purchased_type":["Relic","Card","Relic","Card"],"build_version":"2020-12-22","purchased_purges":1,"victory":false,"max_hp_per_floor":[75,75,75,75,75,75,75,75,75,75,75,77,79,79,79,79,79,81,81,81,81,81,81,81],"relic_stats":{"Singing Bowl":6,"counters":[14,82],"Astrolabe":["Steam","Self Repair","Echo Form"],"Pandora\u0027s Box":["Reinforced Body","Capacitor","Static Discharge","Ball Lightning"],"Tiny Chest":0,"obtain_stats":[{"Singing Bowl":9,"Astrolabe":0,"Pandora\u0027s Box":17,"Tiny Chest":22,"Bag of Marbles":7,"Membership Card":22,"Cracked Core":0},{"Singing Bowl":6,"Astrolabe":0,"Pandora\u0027s Box":10,"Tiny Chest":13,"Bag of Marbles":6,"Membership Card":13,"Cracked Core":0},{"Singing Bowl":37,"Astrolabe":0,"Pandora\u0027s Box":64,"Tiny Chest":78,"Bag of Marbles":37,"Membership Card":78,"Cracked Core":0}]},"card_choices":[{"not_picked":["Turbo","Gash"],"picked":"Streamline","floor":1},{"not_picked":["Redo","Rebound"],"picked":"Genetic Algorithm","floor":2},{"not_picked":["Steam","Capacitor"],"picked":"Skim","floor":3},{"not_picked":["Doom and Gloom","Streamline"],"picked":"Force Field","floor":4},{"not_picked":["Compile Driver","Rebound"],"picked":"Melter","floor":5},{"not_picked":["Turbo","Reinforced Body","Stack"],"picked":"SKIP","floor":7},{"not_picked":["Streamline","Storm","Cold Snap"],"picked":"Singing Bowl","floor":12},{"not_picked":["Stack","FTL","Barrage"],"picked":"Singing Bowl","floor":13},{"not_picked":["Leap","Steam"],"picked":"Chill","floor":14},{"not_picked":["Seek","Rainbow"],"picked":"Creative AI","floor":16},{"not_picked":["Steam Power+1","Cold Snap","Barrage"],"picked":"Singing Bowl","floor":18},{"not_picked":["Chill","Barrage"],"picked":"Coolheaded","floor":19},{"not_picked":["FTL","Fusion"],"picked":"Darkness","floor":21}],"player_experience":628387,"relics_obtained":[{"floor":7,"key":"Bag of Marbles"},{"floor":9,"key":"Singing Bowl"}],"event_choices":[{"damage_healed":0,"gold_gain":0,"cards_transformed":["Defend_B"],"player_choice":"Transformed","damage_taken":0,"max_hp_gain":0,"max_hp_loss":0,"event_name":"Transmorgrifier","floor":11,"gold_loss":0,"cards_obtained":["Chaos"]},{"damage_healed":0,"gold_gain":0,"player_choice":"Ignored","damage_taken":0,"max_hp_gain":0,"max_hp_loss":0,"event_name":"Beggar","floor":20,"gold_loss":0}],"is_beta":false,"boss_relics":[{"not_picked":["Runic Dome","Empty Cage"],"picked":"Pandora\u0027s Box"}],"items_purged_floors":[22],"is_endless":false,"potions_floor_spawned":[2,4,7,12,14,16],"killed_by":"Slavers","ascension_level":4}}