{"host":"t57cmx9i4dws44v8","time":1610459166,"event":{"mods":["BaseMod","Hermit","Minty Spire (QoL Compilation)","StSLib","The Servant 0.9.4"],"gold_per_floor":[115,70,70,5,21,53,72,72,95,95,108,141,160,4,4,4,4],"floor_reached":16,"playtime":1771,"items_purged":[],"score":135,"play_id":"f32f3cad-db31-49be-aa3e-dbb3c2109b99","local_time":"20210112214606","is_ascension_mode":false,"campfire_choices":[{"data":"hermit:Snipe","floor":8,"key":"SMITH"},{"data":"hermit:FatalDesire","floor":10,"key":"SMITH"},{"floor":15,"key":"REST"}],"circlet_count":0,"master_deck":["hermit:Strike_Hermit","hermit:Strike_Hermit","hermit:Strike_Hermit","hermit:Strike_Hermit","hermit:Defend_Hermit","hermit:Defend_Hermit","hermit:Defend_Hermit","hermit:Snapshot","hermit:Covet","hermit:ItchyTrigger","hermit:Vantage","hermit:FatalDesire+1","hermit:Snipe+1","hermit:Combo","hermit:TakeAim","hermit:Roulette"],"relics":["hermit:Momento","hermit:RyeStalk","Pear","Potion Belt","Happy Flower","Toy Ornithopter"],"acts_visited":["Exordium"],"potions_floor_usage":[12,12,13,16,16,16],"damage_taken":[{"damage":1,"enemies":"Cultist","floor":1,"turns":3},{"damage":3,"enemies":"Small Slimes","floor":5,"turns":2},{"damage":25,"enemies":"3 Sentries","floor":6,"turns":10},{"damage":6,"enemies":"2 Louse","floor":7,"turns":2},{"damage":14,"enemies":"Lots of Slimes","floor":11,"turns":5},{"damage":11,"enemies":"Gremlin Nob","floor":12,"turns":3},{"damage":13,"enemies":"Exordium Wildlife","floor":13,"turns":5},{"damage":49,"enemies":"The Guardian","floor":16,"turns":9}],"seed_played":"8389965490282460419","potions_obtained":[{"floor":1,"key":"AttackPotion"},{"floor":6,"key":"GamblersBrew"},{"floor":7,"key":"Energy Potion"},{"floor":11,"key":"EntropicBrew"},{"floor":12,"key":"LiquidMemories"}],"is_trial":false,"path_per_floor":["M","$","?","?","M","E","M","R","T","R","M","E","M","$","R","B"],"character_chosen":"HERMIT","items_purchased":["hermit:Vantage","Toy Ornithopter"],"campfire_rested":1,"item_purchase_floors":[2,14],"current_hp_per_floor":[81,81,74,74,71,56,50,50,50,50,36,25,12,12,39,5,5],"gold":4,"neow_bonus":"TEN_PERCENT_HP_BONUS","is_daily":false,"chose_seed":false,"campfire_upgraded":2,"win_rate":0.0,"timestamp":1610459166,"path_taken":["M","?","?","?","M","E","M","R","T","R","M","E","M","$","R","BOSS"],"items_purchased_type":["Card","Relic"],"build_version":"2020-12-22","purchased_purges":0,"victory":false,"max_hp_per_floor":[82,82,82,82,82,92,92,92,92,92,92,92,92,92,92,92,92],"card_choices":[{"not_picked":["hermit:DeadMansHand","hermit:Coalescence"],"picked":"hermit:ItchyTrigger","floor":1},{"not_picked":["hermit:Headshot","hermit:TakeCover","hermit:Feint"],"picked":"SKIP","floor":5},{"not_picked":["hermit:BigShot","hermit:Dissolve"],"picked":"hermit:FatalDesire","floor":6},{"not_picked":["hermit:Cheat","hermit:HighCaliber"],"picked":"hermit:Snipe","floor":7},{"not_picked":["hermit:NoHoldsBarred","hermit:Dive"],"picked":"hermit:Combo","floor":11},{"not_picked":["hermit:SprayPray","hermit:Gestalt"],"picked":"hermit:TakeAim","floor":12},{"not_picked":["hermit:Misfire","hermit:WideOpen"],"picked":"hermit:Roulette","floor":13}],"player_experience":1015118,"relics_obtained":[{"floor":6,"key":"Pear"},{"floor":9,"key":"Potion Belt"},{"floor":12,"key":"Happy Flower"}],"event_choices":[{"cards_removed":["hermit:Defend_Hermit"],"damage_healed":0,"gold_gain":0,"player_choice":"Card Removal","damage_taken":7,"max_hp_gain":0,"max_hp_loss":0,"event_name":"Golden Wing","floor":3,"gold_loss":0},{"damage_healed":0,"gold_gain":0,"player_choice":"Paid Gold","damage_taken":0,"relics_obtained":["hermit:RyeStalk"],"max_hp_gain":0,"max_hp_loss":0,"event_name":"WeMeetAgain","floor":4,"gold_loss":65}],"is_beta":false,"boss_relics":[],"items_purged_floors":[],"is_endless":false,"potions_floor_spawned":[1,6,7,11,12],"killed_by":"The Guardian","ascension_level":0}}