{"host":"qvm8mnkwg7phaqzl","time":1610449908,"event":{"mods":["2.2 Compatiblity","Act Like it!","Aspiration","Astrologer","Bard","BaseMod","Beaked The Cultist","Better Altar","Better Match","Better Note","Better Sensory Stone","Better Skull","Better Third Choice","CCEM","CapriCore","CatGirl Mod","Chen","Colored Map","Colored Powertips","Conspire","DeckTracker","Downfall","Elementarium","Friendly Minions","Gensokyo","GifTheSpireLib","Gremlin Mod","Halation","Hermit","Hubris","Koishi","Marisa（霧雨　魔理沙）","Marked Mod","Mathematician","Minty Spire (QoL Compilation)","Onozuka Komachi Mod","Potionbrewer","Random Character Button","Rare Cards Sparkle","Reimu（博??梦）","Replay The Spire","Shade Mod","Somnambulant","StSLib","The Accelerator","The Administrix","The Alterego","The Blackbeard","The Bladedancer","The Bug Knight","The Caster","The Construct","The Cursed","The Disciple","The Dragon Tamer","The Druid","The Elementalist","The Factory","The Florist","The Forsaken","The Gatherer","The Hierophant","The Immortal","The Judge","The Juggle","The Jungle","The Marked","The Mystic","The Necromancer","The Poker Player","The Problem Sleuth","The Runesmith","The Sage","The Servant 0.9.4","The Spell Scribe","The Valiant","The Witch","TheArtist","TheBandit","TheFirefly","Wandering Minibosses","Yakumo Yukari mod","Yuyuko","vexMod","yUi"],"gold_per_floor":[112,72,24,24,1,1,20,54,54,126,138,169,169,183,183,280,280,292,303,303,12,26,55,55,90,90,90,90,90,104,117,117,214,214,231,231,86,101,128,140,152,177,237,249,273,297,309,144,144,144,144,144,318,345,345,345,345],"floor_reached":55,"playtime":6238,"items_purged":["MokouMod:Strike","MokouMod:Strike"],"score":788,"play_id":"1a4b26b0-1658-421c-9ff9-cc7fd282aef5","local_time":"20210112051148","is_ascension_mode":false,"campfire_choices":[{"data":"MokouMod:FujiyamaVolcano","floor":6,"key":"SMITH"},{"data":"hubris:DuctTapeCard","floor":15,"key":"SMITH"},{"data":"MokouMod:PhoenixForm","floor":24,"key":"SMITH"},{"data":"MokouMod:ResonanceReactor","floor":29,"key":"SMITH"},{"floor":32,"key":"RECALL"},{"data":"MokouMod:Overheat","floor":41,"key":"SMITH"},{"data":"MokouMod:HeartofFire","floor":44,"key":"SMITH"},{"data":"MokouMod:Firecracker","floor":49,"key":"SMITH"},{"data":"MokouMod:HeatCyclone","floor":52,"key":"SMITH"}],"circlet_count":0,"master_deck":["MokouMod:Strike","MokouMod:Strike","MokouMod:Defend","MokouMod:Defend","MokouMod:Defend","MokouMod:HeatSpark","MokouMod:Overheat+1","MokouMod:ResonanceReactor+1","hubris:DuctTapeCard+2","MokouMod:PhoenixForm","MokouMod:SubterraneanCore+1","MokouMod:HouraiForge+1","MokouMod:ScorchedEarth","MokouMod:HeartofFire+1","MokouMod:TemporalFireSeal+1","MokouMod:PhoenixForm+1","MokouMod:HeatCyclone+1","MokouMod:PhoenixFeathers","MokouMod:HeatFactory+1","MokouMod:Firecracker+1"],"relics":["MokouMod:PhoenixFeather","NeowsBlessing","PaintedHorse:ReiMu","Strawberry","vexMod:InvisibilityCloak","hubris:DuctTape","PureWhite:ReiMu","beaked:SacredNecklace","ClockworkSouvenir","conspire:TopHat","halation:OrihimeAndHikoboshiSamaAndTears","aspiration:StickyExplosives_weak","TheAbacus","MawBank","hubris:NiceRug","InkBottle","halation:TwoAmDonut","Medical Kit","CCEMRelics:GrindingGear"],"acts_visited":["Exordium","theJungle:Jungle","theJungle:Jungle","TheEnding"],"potions_floor_usage":[12,23,31,33,39,39,45,50,50,54,55],"damage_taken":[{"damage":0.0,"enemies":"Jaw Worm","floor":1.0,"turns":1.0},{"damage":0,"enemies":"Small Slimes","floor":7,"turns":1},{"damage":0,"enemies":"HollowMod:MossKnight","floor":8,"turns":1},{"damage":0,"enemies":"2 Louse","floor":11,"turns":2},{"damage":6,"enemies":"Lagavulin","floor":12,"turns":9},{"damage":0,"enemies":"Large Slime","floor":14,"turns":4},{"damage":17,"enemies":"The Guardian","floor":16,"turns":10},{"damage":0,"enemies":"theJungle:5_Spyders","floor":18,"turns":5},{"damage":0,"enemies":"theJungle:GiantWrat","floor":19,"turns":4},{"damage":6,"enemies":"theJungle:SlimyTreeVines","floor":22,"turns":5},{"damage":4,"enemies":"theJungle:Cassacara","floor":23,"turns":4},{"damage":0,"enemies":"theJungle:2_Phrogs","floor":25,"turns":4},{"damage":0,"enemies":"theJungle:2_Snecko_Cultists","floor":30,"turns":2},{"damage":0,"enemies":"theJungle:Lyon","floor":31,"turns":4},{"damage":0,"enemies":"theJungle:QueenSpyder","floor":33,"turns":3},{"damage":0,"enemies":"theFactory:BigBot","floor":35,"turns":3},{"damage":19,"enemies":"theFactory:4_Mini-Bots","floor":38,"turns":2},{"damage":0,"enemies":"conspire:MimicChest","floor":39,"turns":3},{"damage":3,"enemies":"theFactory:Sentry and Guards","floor":42,"turns":5},{"damage":15,"enemies":"theFactory:Big_Bot_Bundle","floor":45,"turns":4},{"damage":9,"enemies":"theFactory:6_Mini-Bots","floor":46,"turns":3},{"damage":13,"enemies":"theFactory:SPIDER","floor":50,"turns":10},{"damage":5,"enemies":"hubris:Merchant","floor":53,"turns":6},{"damage":47,"enemies":"Shield and Spear","floor":54,"turns":5},{"damage":45,"enemies":"The Heart","floor":55,"turns":5}],"seed_played":"-8085770179419798001","potions_obtained":[{"floor":1.0,"key":"LiquidBronze"},{"floor":11,"key":"BlessingOfTheForge"},{"floor":12,"key":"ZuzhouPotion:ReiMu"},{"floor":19,"key":"Languid Potion"},{"floor":22,"key":"FearPotion"},{"floor":25,"key":"potionbrewer:InfectionPotion"},{"floor":31,"key":"potionbrewer:HastePotion"},{"floor":38,"key":"ZuzhouPotion:ReiMu"},{"floor":42,"key":"AttackPotion"},{"floor":46,"key":"Energy Potion"}],"is_trial":false,"path_per_floor":["M","?","$","?","$","R","M","E","T","T","M","E","?","M","R","B",null,"M","M","?","$","M","E","R","E","T","$","?","R","M","M","R","B",null,"M","?","$","M","?","?","R","M","T","R","M","M","HB","$","R","B",null,"R","$","E","B"],"character_chosen":"MKU","items_purchased":["MokouMod:FujiyamaVolcano","MokouMod:Overheat","MokouMod:HeartofFire","ClockworkSouvenir","TheAbacus","DuplicationPotion","DuplicationPotion","potionbrewer:CleansingPotion"],"campfire_rested":0,"item_purchase_floors":[3,5,21,21,37,48,53,53],"current_hp_per_floor":[75,75,75,75,75,75,75,82,82,82,82,76,76,76,76,59,82,82,82,82,82,77,73,73,73,73,73,73,73,73,73,73,73,82,82,82,82,63,63,71,71,68,68,68,53,44,41,41,41,28,41,41,36,5,0,0,0],"gold":345,"neow_bonus":"THREE_ENEMY_KILL","is_daily":false,"chose_seed":false,"campfire_upgraded":8,"win_rate":0.0,"timestamp":1610449908,"path_taken":["M","?","$","?","$","R","M","E","T","?","M","E","?","M","R","BOSS","M","M","?","$","M","E","R","E","T","$","?","R","?","M","R","BOSS","M","?","$","M","?","?","R","M","T","R","M","M","HB","?","R","BOSS","R","$","E","BOSS"],"items_purchased_type":["Card","Card","Card","Relic","Relic","Potion","Potion","Potion"],"build_version":"2020-12-22","purchased_purges":2,"victory":false,"max_hp_per_floor":[75,75,75,75,75,75,75,82,82,82,82,82,82,82,82,82,82,82,82,82,82,82,82,82,82,82,82,82,82,82,82,82,82,82,82,82,82,82,82,82,82,82,82,82,82,82,41,41,41,41,41,41,41,41,41,41,41],"card_choices":[{"not_picked":["MokouMod:Sear","MokouMod:Ember"],"picked":"MokouMod:IgnitionBarrier","floor":1.0},{"not_picked":["MokouMod:IcarusDive","MokouMod:IgnitionBarrier","MokouMod:FusionFlare"],"picked":"SKIP","floor":7},{"not_picked":["MokouMod:Firecracker","MokouMod:GuidingSmoke"],"picked":"MokouMod:ResonanceReactor","floor":8},{"not_picked":["MokouMod:ThermalPressure","MokouMod:ResoluteFlare","MokouMod:TemporalFireSeal"],"picked":"SKIP","floor":11},{"not_picked":["MokouMod:EternalBurstReactor","MokouMod:ResonanceReactor"],"picked":"MokouMod:PhoenixForm","floor":12},{"not_picked":["MokouMod:HeatTransfer","MokouMod:Singe","MokouMod:AdaptivePyromancy"],"picked":"SKIP","floor":14},{"not_picked":["MokouMod:Geothermal","MokouMod:ResonatingAura"],"picked":"MokouMod:HouraiForge","floor":16},{"not_picked":["MokouMod:WarmUp","MokouMod:ResoluteFlare"],"picked":"MokouMod:ScorchedEarth","floor":18},{"not_picked":["MokouMod:IgnitionBarrier","MokouMod:HeatTransfer","MokouMod:RoaringFlare+1"],"picked":"SKIP","floor":19},{"not_picked":["MokouMod:SearingShot","MokouMod:EternalBurstReactor"],"picked":"MokouMod:TemporalFireSeal+1","floor":22},{"not_picked":["MokouMod:Refresh","MokouMod:CrimsonArmoury"],"picked":"MokouMod:PhoenixForm","floor":23},{"not_picked":["MokouMod:EternalBurstReactor","MokouMod:SearingShot+1","MokouMod:EnchantingBambooForest"],"picked":"SKIP","floor":25},{"not_picked":["MokouMod:Sear","MokouMod:Burn","MokouMod:IgneousBlow"],"picked":"SKIP","floor":30},{"not_picked":["MokouMod:Firecracker","MokouMod:GuidingSmoke","MokouMod:SearingShot"],"picked":"SKIP","floor":31},{"not_picked":["MokouMod:Ember","MokouMod:ScorchingColumn+1","MokouMod:FujiyamaVolcano"],"picked":"SKIP","floor":35},{"not_picked":["MokouMod:IgneousBlow+1","MokouMod:InfernalWave","MokouMod:FlickeringFlame+1"],"picked":"SKIP","floor":38},{"not_picked":["MokouMod:Scorch+1","MokouMod:ResoluteFlare+1"],"picked":"MokouMod:HeatFactory+1","floor":42},{"not_picked":["MokouMod:EternalBurstReactor+1","MokouMod:FlickeringFlame+1"],"picked":"MokouMod:Firecracker","floor":45},{"not_picked":["MokouMod:ResoluteFlare","MokouMod:EternalBurstReactor+1","MokouMod:Trailblazer+1"],"picked":"SKIP","floor":46},{"not_picked":["MokouMod:AdaptivePyromancy"],"picked":"SKIP","floor":53},{"not_picked":["MokouMod:Scorch"],"picked":"SKIP","floor":53},{"not_picked":["MokouMod:Wildfire"],"picked":"SKIP","floor":53},{"not_picked":["MokouMod:Rekindle"],"picked":"SKIP","floor":53},{"not_picked":["MokouMod:RisingSunBarrier"],"picked":"SKIP","floor":53},{"not_picked":["Replay:Bootleg Shield Generator"],"picked":"SKIP","floor":53},{"not_picked":["ReplayTheSpireMod:Necrogeddon"],"picked":"SKIP","floor":53},{"not_picked":["MokouMod:TemporalFireSeal","MokouMod:ResonanceReactor","MokouMod:SpontaneousHumanCombustion"],"picked":"SKIP","floor":54}],"player_experience":710959,"relics_obtained":[{"floor":8,"key":"Strawberry"},{"floor":9,"key":"vexMod:InvisibilityCloak"},{"floor":10,"key":"hubris:DuctTape"},{"floor":12,"key":"PureWhite:ReiMu"},{"floor":23,"key":"conspire:TopHat"},{"floor":25,"key":"halation:OrihimeAndHikoboshiSamaAndTears"},{"floor":26,"key":"aspiration:StickyExplosives_weak"},{"floor":39,"key":"MawBank"},{"floor":53,"key":"InkBottle"},{"floor":53,"key":"halation:TwoAmDonut"},{"floor":53,"key":"Medical Kit"},{"floor":54,"key":"CCEMRelics:GrindingGear"}],"event_choices":[{"damage_healed":0.0,"max_hp_gain":0.0,"max_hp_loss":0.0,"gold_gain":0.0,"event_name":"yidonshenshe","player_choice":"Donate","floor":2.0,"gold_loss":40.0,"damage_taken":0.0,"relics_obtained":["PaintedHorse:ReiMu"]},{"damage_healed":0,"gold_gain":0,"player_choice":"Disagree","damage_taken":0,"max_hp_gain":0,"max_hp_loss":0,"event_name":"conspire:LoneGhost","floor":4,"gold_loss":0},{"damage_healed":0,"gold_gain":0,"player_choice":"Upgraded","damage_taken":0,"max_hp_gain":0,"max_hp_loss":0,"event_name":"Upgrade Shrine","floor":20,"gold_loss":0,"cards_upgraded":["MokouMod:HouraiForge"]},{"damage_healed":0,"gold_gain":0,"cards_transformed":["MokouMod:Defend"],"player_choice":"Transformed","damage_taken":0,"max_hp_gain":0,"max_hp_loss":0,"event_name":"Transmorgrifier","floor":28,"gold_loss":0,"cards_obtained":["MokouMod:HeatCyclone"]}],"is_beta":false,"boss_relics":[{"not_picked":["Velvet Choker","vexMod:CursedCompass"],"picked":"beaked:SacredNecklace"},{"not_picked":["ReplayTheSpireMod:DimensionalGlitch","halation:PlatinumPhoenix","halation:PinkAlligatorPlush"]}],"items_purged_floors":[21,48],"is_endless":false,"potions_floor_spawned":[1,11,12,19,22,25,31,38,42,46,50],"killed_by":"The Heart","ascension_level":0}}