{"host":"ixenv8b8actib82w","time":1610489863,"event":{"mods":["100% Spire Juice","Act Like it!","BaseMod","Conspire","Downfall","Energized Spire","Gremlin Mod","Hermit","Minty Spire (QoL Compilation)","Replay The Spire","Spicy Shops","StSLib","The Blackbeard","The Gatherer","The Marked","vexMod"],"gold_per_floor":[109,64,64,64,82,94,111,127,127,52,32,32,42,74,74,178,178,75,75,92,106,16,16,16,16,16,16,35,51,51,51,51,149,29,48,48,48,64,64,64,78,146,173,53,68,68,118,130,10,10],"floor_reached":51,"language":"ZHS","playtime":2414,"items_purged":["Pain","Looming Evil"],"score":727,"play_id":"bcd0aff4-e5ba-4520-82a1-6fc197a2c57f","local_time":"20210113061743","is_ascension_mode":false,"campfire_choices":[{"floor":12,"key":"REST"},{"floor":15,"key":"REST"},{"data":"Moonworks:DeployBits","floor":23,"key":"SMITH"},{"data":"Moonworks:EvilSpyWorkPreparation","floor":25,"key":"SMITH"},{"data":"Moonworks:TacticalRetreat","floor":27,"key":"SMITH"},{"floor":32,"key":"REST"},{"floor":49,"key":"REST"}],"circlet_count":0,"master_deck":["Moonworks:Strike","Moonworks:Strike+1","Moonworks:Strike","Moonworks:Defend","Moonworks:Defend","Moonworks:Defend","Moonworks:Ambush","Moonworks:LongDistanceShot","Moonworks:UnpaidWork","Moonworks:JonathanRush","Moonworks:RedAndBlue","Moonworks:EvilSpyWorkPreparation+1","Moonworks:WeAreWaruda","Moonworks:Heat300Percent","Moonworks:TacticalRetreat+1","Moonworks:PlushieMaster","Moonworks:DeployBits+1","Moonworks:AngelHand","Moonworks:RagingMadness","Moonworks:IndiscriminateFireSupport+1","Hallucinations","Moonworks:Accelerator","Moonworks:EvilSpyWorkPreparation","Violence","Moonworks:ImOnFire+1","Moonworks:JonathanRush","Moonworks:JonathanRush+1","Moonworks:LuckyCharm+1","Moonworks:Gamble"],"relics":["Moonworks:BrokenBomb","Moonworks:Homemark","NeowsBlessing","WarpedTongs","Durian","Du-Vu Doll","conspire:SpecialSausage","Bird Faced Urn","Ring of Misfortune","conspire:SlowCooker","Bronze Scales","ReplayTheSpireMod:TigerMarble","ReplayTheSpireMod:CursedCoin"],"acts_visited":["Exordium","TheCity","TheBeyond"],"potions_floor_usage":[13,16,16,29,29,35,40,41,48],"damage_taken":[{"damage":0,"enemies":"Jaw Worm","floor":1,"turns":1},{"damage":2,"enemies":"conspire:RoseBush","floor":5,"turns":1},{"damage":2,"enemies":"2 Louse","floor":6,"turns":1},{"damage":14,"enemies":"Gremlin Gang","floor":7,"turns":6},{"damage":18,"enemies":"conspire:2 RoseBushes","floor":8,"turns":4},{"damage":12,"enemies":"Lots of Slimes","floor":13,"turns":3},{"damage":12,"enemies":"3 Sentries","floor":14,"turns":7},{"damage":6,"enemies":"Slime Boss","floor":16,"turns":9},{"damage":0,"enemies":"Chosen","floor":18,"turns":6},{"damage":0,"enemies":"conspire:FuzzyDice","floor":20,"turns":4},{"damage":16,"enemies":"Snake Plant","floor":21,"turns":4},{"damage":7,"enemies":"Cultist and Chosen","floor":28,"turns":7},{"damage":16,"enemies":"Shelled Parasite and Fungi","floor":29,"turns":4},{"damage":12,"enemies":"Collector","floor":33,"turns":8},{"damage":0,"enemies":"Orb Walker","floor":35,"turns":3},{"damage":45,"enemies":"3 Shapes","floor":38,"turns":3},{"damage":0,"enemies":"Reptomancer","floor":40,"turns":1},{"damage":7,"enemies":"Writhing Mass","floor":41,"turns":5},{"damage":0,"enemies":"Transient","floor":45,"turns":5},{"damage":9,"enemies":"Sphere and 2 Shapes","floor":48,"turns":1},{"damage":26,"enemies":"Donu and Deca","floor":50,"turns":3}],"seed_played":"6362601265437529410","potions_obtained":[{"floor":1,"key":"Block Potion"},{"floor":11,"key":"Reflective Coating"},{"floor":13,"key":"Reflective Coating"},{"floor":14,"key":"EssenceOfSteel"},{"floor":21,"key":"Strength Potion"},{"floor":28,"key":"Strength Potion"},{"floor":29,"key":"Energy Potion"},{"floor":31,"key":"FairyPotion"},{"floor":31,"key":"ColorlessPotion"},{"floor":35,"key":"SmokeBomb"},{"floor":42,"key":"SkillPotion"},{"floor":45,"key":"Flashbang"},{"floor":48,"key":"Energy Potion"}],"is_trial":false,"path_per_floor":["M","?","?","?","M","M","M","M","T","$","?","R","M","E","R","B",null,"M","?","M","M","?","R","$","R","T","R","M","M","?","?","R","B",null,"M","$","?","M","$","E","M","?","T","?","M","?","$","M","R","B",null],"character_chosen":"THE_STARBREAKER","items_purchased":["ReplayTheSpireMod:CursedCoin"],"campfire_rested":4,"item_purchase_floors":[47],"current_hp_per_floor":[60,49,49,49,47,45,31,13,18,18,18,37,25,13,32,26,65,65,65,65,49,49,49,49,49,49,49,42,26,26,26,45,35,65,65,65,65,20,20,20,23,7,7,7,9,9,9,19,38,12],"gold":10,"neow_bonus":"THREE_ENEMY_KILL","is_daily":false,"chose_seed":false,"campfire_upgraded":3,"win_rate":0.0,"timestamp":1610489863,"path_taken":["M","?","?","?","M","M","M","?","T","$","?","R","?","E","R","BOSS","M","?","M","M","?","R","$","R","T","R","?","M","?","?","R","BOSS","M","?","?","M","$","E","M","?","T","?","M","?","$","M","R","BOSS"],"items_purchased_type":["Relic"],"build_version":"2020-12-22","purchased_purges":2,"victory":true,"max_hp_per_floor":[60,60,60,60,60,60,60,60,65,65,65,65,65,65,65,65,65,65,65,65,65,65,65,65,65,65,65,65,65,65,65,65,65,65,65,65,65,65,65,65,65,65,65,65,65,65,65,65,65,65],"card_choices":[{"not_picked":["Moonworks:BigMagnum","Moonworks:NicePresent"],"picked":"Moonworks:UnpaidWork","floor":1},{"not_picked":["Moonworks:Assault","Moonworks:NicePresent"],"picked":"Moonworks:JonathanRush","floor":5},{"not_picked":["Moonworks:JonathanRush","Moonworks:CloudOfSeagulls"],"picked":"Moonworks:RedAndBlue","floor":6},{"not_picked":["Moonworks:ImOnFire","Moonworks:IndiscriminateFireSupport"],"picked":"Moonworks:EvilSpyWorkPreparation","floor":7},{"not_picked":["Moonworks:IntelligenceOfficer","Moonworks:DeployBits"],"picked":"Moonworks:WeAreWaruda","floor":8},{"not_picked":["Moonworks:LulusLuckyEgg","Moonworks:EvilSpyWorkPreparation"],"picked":"Moonworks:Heat300Percent","floor":13},{"not_picked":["Moonworks:Poppoformation","Moonworks:ForcedRevival"],"picked":"Moonworks:TacticalRetreat","floor":14},{"not_picked":["Moonworks:LeapThroughSpace","Moonworks:MeltingMemories"],"picked":"Moonworks:PlushieMaster","floor":16},{"not_picked":["Moonworks:JonathanRush","Moonworks:SelfDestruct"],"picked":"Moonworks:DeployBits","floor":18},{"not_picked":["Moonworks:BigMagnum+1","Moonworks:EvilSpyWorkPreparation","Moonworks:ImOnFire"],"picked":"SKIP","floor":20},{"not_picked":["Moonworks:ImOnFire","Moonworks:LulusLuckyEgg"],"picked":"Moonworks:AngelHand","floor":21},{"not_picked":["Moonworks:Assault+1","Moonworks:TreasureThief"],"picked":"Moonworks:RagingMadness","floor":28},{"not_picked":["Moonworks:JonathanRush","Moonworks:MixPhenomenon"],"picked":"Moonworks:IndiscriminateFireSupport+1","floor":29},{"not_picked":["Moonworks:OutOfAmmo","Moonworks:MeltingMemories"],"picked":"Moonworks:Accelerator","floor":33},{"not_picked":["Moonworks:CompletionReward","Moonworks:CookingTime"],"picked":"Moonworks:EvilSpyWorkPreparation","floor":35},{"not_picked":["Replay:SS_fish_1","conspire:Banana"],"picked":"Violence","floor":37},{"not_picked":["Moonworks:WindyEnchantment","Moonworks:CastOff"],"picked":"Moonworks:ImOnFire+1","floor":38},{"not_picked":["Moonworks:SealedMemories","Moonworks:BigMagnum+1"],"picked":"Moonworks:JonathanRush","floor":41},{"not_picked":["Moonworks:NicePresent+1","Moonworks:SakisCookie"],"picked":"Moonworks:JonathanRush+1","floor":42},{"not_picked":["Moonworks:BeyondHell+1","Moonworks:LulusLuckyEgg"],"picked":"Moonworks:LuckyCharm+1","floor":42},{"not_picked":["Moonworks:ImOnFire","Moonworks:LulusLuckyEgg"],"picked":"Moonworks:Gamble","floor":45},{"not_picked":["Moonworks:SealedMemories","Moonworks:FullSpeedAlicianrone","Moonworks:DeployBits+1"],"picked":"SKIP","floor":48}],"player_experience":182418,"relics_obtained":[{"floor":9,"key":"Durian"},{"floor":14,"key":"Du-Vu Doll"},{"floor":26,"key":"Bird Faced Urn"},{"floor":30,"key":"Ring of Misfortune"},{"floor":42,"key":"Bronze Scales"},{"floor":43,"key":"ReplayTheSpireMod:TigerMarble"}],"event_choices":[{"damage_healed":0,"gold_gain":75,"player_choice":"Gather Gold","damage_taken":11,"max_hp_gain":0,"max_hp_loss":0,"event_name":"World of Goop","floor":2,"gold_loss":0},{"damage_healed":0,"gold_gain":0,"player_choice":"Rummage","damage_taken":0,"relics_obtained":["WarpedTongs"],"max_hp_gain":0,"max_hp_loss":0,"event_name":"Accursed Blacksmith","floor":4,"gold_loss":0,"cards_obtained":["Pain"]},{"damage_healed":0,"gold_gain":0,"player_choice":"Bought 1 Potion","damage_taken":0,"max_hp_gain":0,"max_hp_loss":0,"event_name":"The Woman in Blue","floor":11,"gold_loss":0},{"damage_healed":0,"gold_gain":0,"player_choice":"Ignored","damage_taken":0,"max_hp_gain":0,"max_hp_loss":0,"event_name":"Vampires","floor":19,"gold_loss":0},{"cards_removed":["Moonworks:Defend"],"damage_healed":0,"gold_gain":0,"player_choice":"Upgrade and Remove","damage_taken":0,"max_hp_gain":0,"max_hp_loss":0,"event_name":"Designer","floor":22,"gold_loss":90,"cards_upgraded":["Moonworks:Strike"]},{"damage_healed":0,"gold_gain":0,"player_choice":"Got Potions","damage_taken":0,"max_hp_gain":0,"max_hp_loss":0,"event_name":"Lab","floor":31,"gold_loss":0},{"damage_healed":0,"gold_gain":0,"player_choice":"Memory 1","damage_taken":0,"max_hp_gain":0,"max_hp_loss":0,"event_name":"SensoryStone","floor":37,"gold_loss":0},{"damage_healed":0,"gold_gain":0,"player_choice":"Leave","damage_taken":0,"max_hp_gain":0,"max_hp_loss":0,"event_name":"conspire:Investor","floor":44,"gold_loss":0},{"damage_healed":0,"gold_gain":0,"player_choice":"Ignored","damage_taken":0,"max_hp_gain":0,"max_hp_loss":0,"event_name":"Mysterious Sphere","floor":46,"gold_loss":0}],"is_beta":false,"boss_relics":[{"not_picked":["vexMod:FluxCapacitor","energizedSpire:RedRose"],"picked":"conspire:SpecialSausage"},{"not_picked":["vexMod:CursedCompass","Black Star"],"picked":"conspire:SlowCooker"}],"items_purged_floors":[10,47],"is_endless":false,"potions_floor_spawned":[1,13,14,21,28,29,35,45,48],"ascension_level":0}}