{"host":"sxnl403xm2xmiyj1","time":1610453854,"event":{"mods":["AchievementEnabler","BaseMod","Colored Map","Keyboard Shortcuts","Minty Spire (QoL Compilation)","Quick Restart","StSLib","SuperFastMode"],"gold_per_floor":[118,118,137,137,158,158,158,158,158,189,189,219,219,242,242,335,335,355,338,338,338,338],"floor_reached":21,"playtime":442,"items_purged":[],"score":292,"play_id":"41d75bfb-386a-4154-936d-8e4e5a71bbe9","local_time":"20210112211734","is_ascension_mode":true,"campfire_choices":[{"data":"Choke","floor":6.0,"key":"SMITH"},{"data":"Neutralize","floor":8.0,"key":"SMITH"},{"data":"Prepared","floor":11.0,"key":"SMITH"},{"floor":13.0,"key":"REST"},{"floor":15.0,"key":"RECALL"}],"circlet_count":0,"master_deck":["AscendersBane","Strike_G","Strike_G","Strike_G","Strike_G","Strike_G","Defend_G","Defend_G","Defend_G","Defend_G","Defend_G","Survivor","Neutralize+1","Choke+1","Finisher+1","Dodge and Roll","Prepared+1","Slice","Slice","Wraith Form v2","Cloak And Dagger","Prepared"],"relics":["Ring of the Snake","NeowsBlessing","Golden Idol","Question Card","Torii","Omamori","Odd Mushroom","HoveringKite"],"acts_visited":["Exordium","TheCity"],"potions_floor_usage":[16,21],"damage_taken":[{"damage":0.0,"enemies":"Cultist","floor":1.0,"turns":1.0},{"damage":0.0,"enemies":"Jaw Worm","floor":3.0,"turns":1.0},{"damage":0.0,"enemies":"2 Louse","floor":5.0,"turns":1.0},{"damage":31.0,"enemies":"3 Sentries","floor":10.0,"turns":12.0},{"damage":10.0,"enemies":"The Mushroom Lair","floor":12.0,"turns":4.0},{"damage":0.0,"enemies":"Large Slime","floor":14.0,"turns":4.0},{"damage":24,"enemies":"The Guardian","floor":16,"turns":14},{"damage":8,"enemies":"Chosen","floor":18,"turns":6},{"damage":2,"enemies":"2 Thieves","floor":19,"turns":4},{"damage":37,"enemies":"Sentry and Sphere","floor":21,"turns":9}],"seed_played":"-6546720503859276250","potions_obtained":[{"floor":1.0,"key":"Dexterity Potion"},{"floor":10.0,"key":"SteroidPotion"},{"floor":14.0,"key":"SteroidPotion"},{"floor":19,"key":"SkillPotion"}],"is_trial":false,"path_per_floor":["M","?","M","?","M","R","?","R","T","E","R","?","R","M","R","B",null,"M","M","?","M"],"character_chosen":"THE_SILENT","items_purchased":[],"campfire_rested":1,"item_purchase_floors":[],"current_hp_per_floor":[63,46,46,46,46,46,46,46,46,15,15,5,26,26,26,2,53,45,43,43,6,6],"gold":338,"neow_bonus":"THREE_ENEMY_KILL","is_daily":false,"chose_seed":false,"campfire_upgraded":3,"win_rate":0.0,"timestamp":1610453854,"path_taken":["M","?","M","?","?","R","?","R","T","E","R","?","R","M","R","BOSS","M","M","?","M"],"items_purchased_type":[],"build_version":"2020-12-22","purchased_purges":0,"victory":false,"max_hp_per_floor":[70,70,70,70,70,70,70,70,70,70,70,70,70,70,70,70,70,70,70,70,70,70],"card_choices":[{"not_picked":["Quick Slash","Underhanded Strike"],"picked":"Choke","floor":1.0},{"not_picked":["Dagger Throw","Slice"],"picked":"Finisher","floor":3.0},{"not_picked":["Riddle With Holes","Backflip","Bane"],"picked":"Dodge and Roll","floor":5.0},{"not_picked":["Underhanded Strike","Acrobatics","Outmaneuver"],"picked":"Prepared","floor":10.0},{"not_picked":["Wraith Form v2","Dodge and Roll","Noxious Fumes"],"picked":"Slice","floor":12.0},{"not_picked":["Dodge and Roll","Backflip","Crippling Poison"],"picked":"Slice","floor":14.0},{"not_picked":["Burst","Venomology","Corpse Explosion"],"picked":"Wraith Form v2","floor":16},{"not_picked":["Prepared","Poisoned Stab","PiercingWail"],"picked":"Cloak And Dagger","floor":18},{"not_picked":["Crippling Poison","PiercingWail","Bane"],"picked":"Prepared","floor":19}],"player_experience":162562,"relics_obtained":[{"floor":9.0,"key":"Torii"},{"floor":10.0,"key":"Omamori"},{"floor":12.0,"key":"Odd Mushroom"}],"event_choices":[{"damage_healed":0.0,"max_hp_gain":0.0,"max_hp_loss":0.0,"gold_gain":0.0,"event_name":"Golden Idol","player_choice":"Take Damage","floor":2.0,"gold_loss":0.0,"damage_taken":17.0,"relics_obtained":["Golden Idol"]},{"damage_healed":0.0,"max_hp_gain":0.0,"max_hp_loss":0.0,"gold_gain":0.0,"event_name":"WeMeetAgain","player_choice":"Gave Potion","floor":4.0,"gold_loss":0.0,"damage_taken":0.0,"relics_obtained":["Question Card"]},{"damage_healed":0.0,"max_hp_gain":0.0,"max_hp_loss":0.0,"gold_gain":0.0,"event_name":"Living Wall","player_choice":"Grow","floor":7.0,"gold_loss":0.0,"damage_taken":0.0,"cards_upgraded":["Finisher"]},{"damage_healed":0.0,"max_hp_gain":0.0,"max_hp_loss":0.0,"gold_gain":0.0,"event_name":"Mushrooms","player_choice":"Fought Mushrooms","floor":12.0,"gold_loss":0.0,"damage_taken":0.0},{"damage_healed":0,"gold_gain":0,"player_choice":"Ignored","damage_taken":0,"max_hp_gain":0,"max_hp_loss":0,"event_name":"Ghosts","floor":20,"gold_loss":0}],"is_beta":false,"boss_relics":[{"not_picked":["SacredBark","Snecko Eye"],"picked":"HoveringKite"}],"items_purged_floors":[],"is_endless":false,"potions_floor_spawned":[1,10,14,19],"killed_by":"Sentry and Sphere","ascension_level":13}}