{"host":"8i4doyxqctgl5qb0","time":1610429233,"event":{"mods":["AchievementEnabler","BaseMod","Block Reminder","Colored Powertips","Downfall","Hermit","Minty Spire (QoL Compilation)","Permanent Neow","Potion Indicator Mod","Rare Cards Sparkle","StSLib","SuperFastMode","The Jungle"],"gold_per_floor":[118,293,293,28,28,28,44,64,64,85,85,85],"floor_reached":11,"playtime":174,"items_purged":["Doubt"],"score":91,"play_id":"4c5c6d74-56f4-49bd-8b69-df6169e378be","local_time":"20210112132713","is_ascension_mode":true,"campfire_choices":[{"data":"Zap","floor":6.0,"key":"SMITH"}],"circlet_count":0,"master_deck":["Strike_B","Strike_B","Strike_B","Strike_B","Defend_B","Defend_B","Defend_B","Defend_B","Zap+1","Dualcast","Cold Snap","Steam","Chaos","Sweeping Beam"],"relics":["Cracked Core","Golden Idol","Membership Card","MealTicket","Bottled Lightning"],"acts_visited":["Exordium"],"potions_floor_usage":[],"damage_taken":[{"damage":1.0,"enemies":"Cultist","floor":1.0,"turns":4.0},{"damage":13,"enemies":"Small Slimes","floor":7,"turns":3},{"damage":0,"enemies":"2 Louse","floor":8,"turns":3},{"damage":12,"enemies":"Lots of Slimes","floor":10,"turns":4},{"damage":59,"enemies":"Gremlin Nob","floor":11,"turns":4}],"seed_played":"-999764747149964916","potions_obtained":[{"floor":1.0,"key":"GamblersBrew"},{"floor":7,"key":"hexamod:EctoCoolerPotion"}],"is_trial":false,"path_per_floor":["M","?","?","$","?","R","M","M","T","M","E"],"character_chosen":"DEFECT","items_purchased":["Membership Card","MealTicket"],"campfire_rested":0,"item_purchase_floors":[4,4],"current_hp_per_floor":[74,74,74,74,74,74,61,61,61,49,0,0],"gold":85,"neow_bonus":"TEN_PERCENT_HP_BONUS","is_daily":false,"chose_seed":false,"campfire_upgraded":1,"win_rate":0.0,"timestamp":1610429233,"path_taken":["M","?","?","$","?","R","M","M","T","M","E"],"items_purchased_type":["Relic","Relic"],"build_version":"2020-12-22","purchased_purges":1,"victory":false,"max_hp_per_floor":[82,82,82,82,82,82,82,82,82,82,82,82],"card_choices":[{"not_picked":["FTL","Barrage"],"picked":"Cold Snap","floor":1.0},{"not_picked":["Rebound","Coolheaded"],"picked":"Steam","floor":7},{"not_picked":["Gash","Skim"],"picked":"Chaos","floor":8},{"not_picked":["Genetic Algorithm","Rebound"],"picked":"Sweeping Beam","floor":10}],"player_experience":162264,"relics_obtained":[{"floor":9,"key":"Bottled Lightning"}],"event_choices":[{"damage_healed":0.0,"max_hp_gain":0.0,"max_hp_loss":0.0,"gold_gain":175.0,"event_name":"Liars Game","player_choice":"AGREE","floor":2.0,"gold_loss":0.0,"damage_taken":0.0,"cards_obtained":["Doubt"]},{"damage_healed":0.0,"max_hp_gain":0.0,"max_hp_loss":0.0,"gold_gain":0.0,"event_name":"Golden Idol","player_choice":"Take Wound","floor":3.0,"gold_loss":0.0,"damage_taken":0.0,"relics_obtained":["Golden Idol"],"cards_obtained":["Injury"]},{"cards_removed":["Injury"],"damage_healed":0.0,"max_hp_gain":0.0,"max_hp_loss":0.0,"gold_gain":0.0,"event_name":"Purifier","player_choice":"Purged","floor":5.0,"gold_loss":0.0,"damage_taken":0.0}],"is_beta":false,"boss_relics":[],"items_purged_floors":[4],"is_endless":false,"potions_floor_spawned":[1,7],"killed_by":"Gremlin Nob","ascension_level":9}}