{"host":"oigynbtg272c19pw","time":1610442070,"event":{"mods":["BaseMod","Colored Map","Minty Spire (QoL Compilation)","Relic Stats","StSLib"],"gold_per_floor":[111,8,26,41,341,376,376,72,72,83,112,127,144,160,160,160,160],"floor_reached":16,"playtime":871,"items_purged":["Regret","Regret"],"score":228,"play_id":"47c9175c-5a92-47bc-8bab-fa17397666fa","local_time":"20210112100110","is_ascension_mode":true,"campfire_choices":[{"data":"Apotheosis","floor":7.0,"key":"SMITH"},{"floor":15.0,"key":"REST"}],"circlet_count":0,"master_deck":["AscendersBane","Strike_R","Strike_R","Strike_R","Strike_R","Strike_R","Defend_R","Defend_R","Defend_R","Defend_R","Bash","Apotheosis+1","True Grit","Clothesline","Dark Embrace","Seeing Red","Shockwave","Feel No Pain","Fiend Fire","Cleave","Pummel","Shrug It Off","Pummel"],"relics":["Burning Blood","Old Coin","InkBottle","PreservedInsect","Pear","Dream Catcher"],"acts_visited":["Exordium"],"potions_floor_usage":[16,16],"damage_taken":[{"damage":11.0,"enemies":"2 Louse","floor":1.0,"turns":5.0},{"damage":3.0,"enemies":"Cultist","floor":3.0,"turns":4.0},{"damage":12.0,"enemies":"Jaw Worm","floor":4.0,"turns":2.0},{"damage":27.0,"enemies":"Lagavulin","floor":6.0,"turns":10.0},{"damage":20.0,"enemies":"3 Louse","floor":10.0,"turns":4.0},{"damage":15.0,"enemies":"3 Sentries","floor":11.0,"turns":8.0},{"damage":5.0,"enemies":"Blue Slaver","floor":12.0,"turns":3.0},{"damage":11.0,"enemies":"Looter","floor":13.0,"turns":3.0},{"damage":21.0,"enemies":"Lots of Slimes","floor":14.0,"turns":4.0},{"damage":32,"enemies":"Hexaghost","floor":16,"turns":12}],"seed_played":"-5118714697718387008","potions_obtained":[{"floor":6.0,"key":"GamblersBrew"},{"floor":10.0,"key":"SmokeBomb"},{"floor":12.0,"key":"GamblersBrew"},{"floor":14.0,"key":"Energy Potion"}],"is_trial":false,"path_per_floor":["M","$","M","M","?","E","R","$","T","M","E","M","M","M","R","B"],"character_chosen":"IRONCLAD","items_purchased":["Clothesline","PreservedInsect","Feel No Pain"],"campfire_rested":1,"item_purchase_floors":[2,8,8],"current_hp_per_floor":[63,63,66,60,60,39,39,39,49,35,26,27,22,7,32,0,0],"gold":160,"neow_bonus":"RANDOM_COLORLESS_2","is_daily":false,"chose_seed":false,"campfire_upgraded":1,"win_rate":0.0,"timestamp":1610442070,"path_taken":["M","$","M","M","?","E","R","$","T","M","E","M","M","M","R","BOSS"],"items_purchased_type":["Card","Relic","Card"],"build_version":"2020-12-13","purchased_purges":2,"victory":false,"max_hp_per_floor":[75,75,75,75,75,75,75,75,85,85,85,85,85,85,85,85,85],"relic_stats":{"Dream Catcher":1,"counters":[10,55],"PreservedInsect":32,"obtain_stats":[{"Dream Catcher":11,"Pear":9,"PreservedInsect":8,"Burning Blood":0,"InkBottle":6,"Old Coin":5},{"Dream Catcher":6,"Pear":4,"PreservedInsect":4,"Burning Blood":0,"InkBottle":4,"Old Coin":3},{"Dream Catcher":33,"Pear":21,"PreservedInsect":21,"Burning Blood":0,"InkBottle":21,"Old Coin":11}],"Burning Blood":54,"InkBottle":[8]},"card_choices":[{"not_picked":["Metamorphosis","Secret Technique"],"picked":"Apotheosis","floor":0.0},{"not_picked":["Dark Embrace","Headbutt"],"picked":"True Grit","floor":1.0},{"not_picked":["Headbutt","Clothesline"],"picked":"Dark Embrace","floor":3.0},{"not_picked":["Thunderclap","Iron Wave"],"picked":"Seeing Red","floor":4.0},{"not_picked":["Clash","Spot Weakness"],"picked":"Shockwave","floor":6.0},{"not_picked":["Fire Breathing","Second Wind"],"picked":"Fiend Fire","floor":10.0},{"not_picked":["Headbutt","Fire Breathing","Sword Boomerang"],"picked":"SKIP","floor":11.0},{"not_picked":["Shrug It Off","Twin Strike"],"picked":"Cleave","floor":12.0},{"not_picked":["Clothesline","Wild Strike"],"picked":"Pummel","floor":13.0},{"not_picked":["Havoc","Flex"],"picked":"Shrug It Off","floor":14.0},{"not_picked":["Twin Strike","Bludgeon"],"picked":"Pummel","floor":15.0}],"player_experience":1366640,"relics_obtained":[{"floor":6.0,"key":"InkBottle"},{"floor":9.0,"key":"Pear"},{"floor":11.0,"key":"Dream Catcher"}],"event_choices":[{"damage_healed":0.0,"max_hp_gain":0.0,"max_hp_loss":0.0,"gold_gain":0.0,"event_name":"Big Fish","player_choice":"Box","floor":5.0,"gold_loss":0.0,"damage_taken":0.0,"relics_obtained":["Old Coin"],"cards_obtained":["Regret"]}],"is_beta":false,"boss_relics":[],"items_purged_floors":[2,8],"is_endless":false,"potions_floor_spawned":[6,10,12,14],"killed_by":"Hexaghost","ascension_level":20}}